3908 6314
127 320 227 376 ‘ll'l

821 313 1179 373 VARIORUM
1217 314 1810 372 EXERCITATIONES
1849 317 1912 370 IN
1953 319 2008 374 S.
2053 321 2422 379 AUGUSTI-NI
2463 330 2711 385 OI‘ERA.

3305 337 3410 393 2I8

139 436 276 488 Rara
296 432 622 498 animaquae,
643 445 759 482 cum
780 430 843 481 de
861 429 955 482 illa
971 429 1212 498 loquitur,
1230 428 1323 480 scit
1341 426 1460 494 quid
1476 426 1721 494 loquitur.
1751 431 1797 486 Α
1829 438 1977 496 atque
2014 434 2106 497 ita,
2153 437 2196 488 si
2245 438 2406 489 modo
2443 440 2640 493 milium
2685 441 2772 494 hic
2803 440 2867 495 sit
2912 445 3179 509 mendum,
3214 448 3410 505 debent

133 525 197 578 Et
219 519 530 577 con'endunt
545 530 596 572 et
620 519 889 582 dimicant,
915 528 964 572 et
983 535 1129 572 nemo
1148 520 1257 571 sine
1277 533 1400 584 pace
1420 517 1550 569 videt
1570 519 1719 568 istam

128 614 419 684 visionem.]
452 612 597 666 Nihil
629 611 812 666 verius
832 610 936 665 dici
967 611 1154 678 potuit.
1185 610 1367 678 Itaque
1397 608 1564 662 multo
1587 623 1719 674 prato

130 716 297 762 staret
342 719 504 774 parce
549 704 697 772 loqui
745 702 813 755 de
853 701 920 754 iis
957 715 1077 769 qua:
1116 701 1421 762 nescimus,
1455 714 1553 753 nec
1580 699 1721 752 scire

131 801 407 861 debemus,
451 811 577 849 cum
623 809 730 849 non
778 794 888 847 sint
931 794 1210 862 perspicue
1239 808 1268 846 a
1299 792 1406 846 Deo
1451 791 1717 854 revelata;

130 895 353 947 mullum
383 906 520 946 vero
546 890 613 944 de
639 888 888 942 omnibus
915 889 1038 942 vita:
1067 886 1280 949 ofﬁciis,
1312 900 1542 954 quorum
1577 900 1714 952 pra:-

125 986 412 1037 stntionem
442 997 472 1034 a
505 981 660 1034 nobis
690 979 859 1048 exigit
893 979 1051 1032 Deus.
1096 978 1153 1033 Si
1182 977 1249 1031 de
1287 976 1352 1030 iis
1381 977 1722 1045 loqueremur

124 1075 408 1138 duntaxat,
441 1080 707 1140 quatenus
735 1069 892 1122 nobis
921 1077 1046 1122 sunt
1077 1067 1334 1133 revelata,
1359 1074 1537 1133 atque,
1572 1063 1719 1116 Iucu-

133 1165 368 1218 tionibus
398 1163 695 1230 Scriptura:
734 1160 996 1222 contenti,
1030 1158 1209 1226 ignota
1241 1156 1351 1210 Deo
1395 1155 1721 1222 relinquere-

126 1276 275 1322 mus,
317 1273 422 1314 non
456 1268 533 1311 tot
564 1263 748 1310 essent
776 1255 1176 1312 contentiones;
1207 1251 1402 1320 quibus
1442 1257 1499 1301 ut
1539 1249 1720 1300 nescio

125 1367 193 1404 an
218 1352 518 1403 illustretur
540 1348 757 1414 veritas,
776 1346 853 1398 sic
876 1342 1029 1398 video
1051 1345 1402 1397 vehementer
1424 1340 1544 1395 laedi
1565 1339 1718 1394 Chri-

123 1445 356 1498 stianam
387 1440 692 1494 caritatem.

195 1536 329 1602 Cap.
359 1534 448 1593 18,
475 1532 566 1584 25.
605 1529 666 1582 In
702 1528 956 1600 principio
979 1527 1128 1597 αἱρῇ]
1161 1524 1467 1593 Legendum
1495 1524 1546 1576 in
1574 1525 1717 1589 prin-

123 1630 281 1695 cipia,
303 1636 360 1679 ut
379 1625 538 1695 paulo
555 1632 675 1694 post
697 1623 890 1690 legitur
912 1622 962 1673 in
987 1633 1116 1673 mss.
1134 1617 1294 1672 codd.
1319 1616 1553 1684 llespicit
1574 1615 1714 1669 enim

121 1719 458 1787 Augustinus
505 1717 570 1769 ad
601 1717 738 1769 Gen.
769 1730 818 1778 ι,
852 1713 941 1779 16,
993 1713 1080 1765 ubi
1123 1710 1258 1764 LXX
1304 1709 1505 1763 habent
1545 1709 1713 1762 Deum

122 1811 318 1864 fecisse
366 1807 631 1862 luminare
675 1819 923 1873 magnum
960 1807 1030 1863 εἰς
1062 1805 1239 1874 ἀρχὰς
1278 1810 1367 1861 τῆς
1408 1803 1619 1874 ἡμέρας,
1661 1801 1711 1851 in

123 1902 380 1968 principia
402 1900 527 1963 diei,
554 1907 611 1950 ut
639 1897 869 1951 habebat
895 1895 1070 1948 versio
1097 1894 1301 1957 Latina,
1329 1908 1448 1959 quae
1475 1901 1714 1956 tempore

121 1990 408 2059 Augustini
444 1990 740 2056 legebatur.
777 1985 908 2040 Vide
939 1995 1112 2038 tamen
1140 1984 1205 2037 ad
1234 1982 1507 2038 Geneseos
1539 1983 1712 2036 locum

122 2084 449 2139 Flaminium
472 2081 762 2136 Nobilium.

194 2176 327 2245 Cap.
354 2175 452 2238 ‘21,
490 2174 517 2243 §
558 2173 648 2227 29.
709 2170 906 2224 Piscem
947 2170 1214 2222 manducet
1251 2168 1468 2221 [militum
1503 2167 1564 2217 de
1595 2181 1714 2233 pro-

121 2266 334 2337 {undo.]
383 2265 622 2334 ReSpicit
666 2262 731 2317 ad
778 2275 962 2315 vocem
1005 2262 1182 2329 ἰχθὺς,
1214 2273 1333 2328 quae
1372 2271 1492 2310 cum
1532 2257 1716 2325 piscem

121 2361 413 2429 signiticet,
438 2357 818 2422 complectitur
841 2353 1071 2407 initiales
1096 2353 1298 2404 litteras
1320 2365 1508 2403 vocum
1530 2355 1718 2407 ἰησοτῖς

120 2455 344 2528 Χριστὸς
361 2459 485 2506 Θεοῦ
509 2451 622 2509 Υἱός
648 2454 843 2522 Σωτήρ,
859 2445 1011 2498 Iesus
1033 2443 1265 2497 Christus
1290 2441 1383 2495 Dei
1407 2440 1572 2494 Filius
1597 2439 1721 2494 Ser-

121 2554 286 2597 rator.
326 2543 450 2597 Ideo
476 2541 836 2596 Tertullianns
865 2539 932 2592 de
959 2537 1230 2603 Baptismo
1255 2549 1373 2603 cap.
1404 2536 1425 2588 1
1451 2553 1464 2588 :
1495 2533 1598 2588 Sed
1629 2549 1720 2585 nos

121 2634 395 2704 pisciculi,
423 2633 698 2684 secundant
730 2632 879 2698 ἰχθῦν
910 2639 1137 2680 nostrum
1157 2623 1336 2678 Iesum
1359 2624 1637 2686 Christum,
1666 2623 1718 2674 in

121 2743 263 2795 aqua
289 2725 572 2777 nascimur.

201 2814 341 2884 Cap.
373 2815 463 2866 24.
506 2814 534 2882 §
573 2812 662 2867 56.
711 2812 820 2863 Tili
850 2811 1098 2878 conﬁteor
1131 2808 1332 2861 credere
1362 2822 1459 2870 me,
1487 2791 1721 2865 Domine,

123 2923 227 2958 non
263 2907 318 2957 in
344 2919 543 2956 cassum
573 2913 618 2956 te
650 2903 663 2954 i
689 2918 718 2953 a
749 2901 979 2953 locutum
1009 2898 1159 2969 esse]
1191 2898 1304 2951 Non
1338 2897 1388 2950 in
1416 2911 1617 2950 ca<sum
1648 2897 1725 2948 itt-

126 2999 377 3050 rluxisset
403 2995 472 3048 ita
503 2997 805 3064 loquentem
835 2995 995 3047 Deum
1021 2993 1264 3057 Scriptor
1287 3004 1460 3052 sacer,
1484 2987 1726 3055 quamvis

123 3103 236 3141 non
275 3087 455 3140 minus
485 3087 655 3154 possit
684 3084 784 3137 diei
812 3084 950 3136 Deus
979 3080 1328 3136 benedixisse
1361 3078 1722 3147 quadrupedi-

126 3134 236 3234 bu;
258 3134 1053 3248 4;;gii'pi’s}}iis'.}.{suis.
1102 3172 1208 3226 Sed
1240 3173 1290 3225 in
1323 3134 1721 3240 simplicissima

1851 3155 1880 3187 n
1913 3153 2024 3199 nos,
2058 3134 2189 3204 (διαὶ

1984 3230 2040 3248 ,γι

128 3273 432 3336 Scriptura:
456 3269 616 3338 stylo,
642 3268 802 3321 multa
835 3266 1106 3318 adduntur
1133 3271 1225 3318 aut
1252 3265 1380 3316 omit
1409 3273 1586 3327 untur,
1618 3278 1721 3314 non

129 3373 186 3416 ut
212 3376 478 3416 arcanum
503 3360 682 3414 nescio
702 3358 827 3427 quid
857 3359 1134 3419 innuatur;
1165 3355 1258 3409 sed
1284 3355 1404 3423 quia
1437 3370 1495 3408 ea
1522 3354 1725 3406 inda-lus

126 3464 210 3507 est
234 3453 364 3519 eius
411 3451 565 3520 styli,
612 3464 732 3518 quae
780 3449 981 3517 patitur
1023 3446 1382 3499 additamenta
1432 3454 1524 3497 aut
1566 3456 1722 3497 ctam

126 3540 480 3601 emissiones,
513 3539 628 3592 sine
657 3539 761 3591 ulla
792 3536 1072 3590 smtentia:
1104 3537 1419 3588 mutatione.
1471 3533 1561 3588 Sit:
1587 3533 1721 3586 Gen.

128 3648 142 3682 t
167 3672 180 3692 ,
211 3632 271 3694 8,
311 3629 365 3682 in
386 3629 658 3681 Hebraicis
683 3627 956 3680 codicibus
983 3624 1158 3677 addita
1188 3640 1290 3676 non
1319 3631 1442 3676 sttat
1468 3623 1723 3675 solemnia

126 3723 348 3774 dierum
370 3719 593 3770 aliorum
622 3717 782 3770 verba
813 3734 824 3768 :
849 3728 895 3770 et
925 3716 1051 3768 vidit
1076 3714 1213 3767 Deus
1237 3731 1343 3766 esse
1371 3715 1588 3776 bonum;
1611 3729 1726 3781 quae

128 3822 323 3864 tamen
368 3823 471 3861 non
523 3809 697 3861 minus
745 3807 1073 3862 conveniunt
1122 3807 1359 3860 secundo
1406 3805 1494 3858 die
1536 3804 1728 3856 credis

127 3917 300 3970 quam
331 3899 538 3953 eteleris
565 3899 836 3952 omnibus.
891 3899 945 3950 In
985 3899 1259 3951 creatione
1290 3911 1416 3949 vero
1451 3897 1590 3948 tertii
1624 3896 1725 3947 iilCl

127 4012 155 4048 a
189 4009 348 4050 vers.
371 3995 404 4048 9
434 3996 497 4045 ad
535 3993 600 4046 15
627 3993 709 4045 bis
738 3992 840 4046 hoc
869 3992 1082 4060 legitur,
1112 3992 1252 4058 quod
1292 3992 1335 4044 si
1370 3992 1556 4054 semel,
1589 4000 1638 4041 ut
1677 3991 1728 4041 in

129 4088 258 4141 aliis
285 4085 511 4148 diebus,
543 4084 780 4137 additum
807 4092 979 4148 esset,
1017 4083 1146 4135 nihil
1176 4084 1363 4137 deesse
1392 4082 1727 4133 animadver-

131 4189 397 4230 teremus.
425 4176 523 4242 Qui
552 4176 601 4228 in
632 4175 823 4229 talibus
853 4175 1260 4243 urgutabautttr,
1295 4174 1584 4241 Scriptura:
1607 4173 1727 4241 styli

132 4267 378 4322 nondum
403 4265 615 4320 fuerunt
635 4267 764 4320 satis
788 4267 966 4335 periti.
997 4266 1128 4319 Nam
1161 4266 1446 4334 allegorica
1481 4267 1726 4333 tigutenta

130 4365 220 4432 qui
266 4361 493 4429 probet,
535 4362 798 4414 neminem
843 4362 1108 4416 eruditum
1155 4377 1297 4414 nunc
1338 4362 1615 4414 inventum
1665 4361 1727 4412 iri

133 4462 296 4520 puto.

199 4547 346 4612 Cap.
374 4545 466 4609 25,
498 4544 524 4615 §
553 4546 640 4600 58.
693 4543 883 4598 Verum
923 4545 1054 4598 enim
1095 4545 1283 4607 dicant,
1325 4552 1372 4596 te
1411 4542 1538 4594 mihi
1570 4544 1685 4607 insp

131 4635 336 4707 rente.)
366 4637 478 4690 l-Ioc
507 4646 588 4690 est
619 4639 1009 4691 conseCtarium
1042 4653 1230 4691 eorum
1258 4653 1374 4706 qua:
1404 4637 1633 4690 diximus
1664 4637 1730 4690 ad

134 4733 227 4781 bb.
269 4743 370 4794 xtl,
401 4743 518 4797 cap.
555 4730 604 4781 I.
637 4729 948 4784 Commen'a
993 4730 1306 4799 allegorica,
1341 4745 1458 4797 qua:
1489 4730 1730 4798 quamvis

131 4835 326 4875 veram
356 4819 652 4873 doctrinam
685 4822 1124 4890 complectantur,
1160 4837 1263 4875 non
1299 4833 1518 4890 possunt
1551 4833 1728 4875 tamen

130 4928 194 4964 ex
226 4913 358 4964 loco
391 4911 550 4964 Musis
593 4913 812 4978 deduci,
863 4915 1012 4981 quasi
1068 4914 1444 4967 revelatiuuem
1495 4915 1636 4966 divin
1677 4929 1726 4966 nt

130 5003 302 5054 tmbis
329 5001 567 5055 obtrudit
599 5002 682 5054 Itic
714 5005 1061 5072 Augustinus.
1116 5005 1246 5056 Iiem
1280 5004 1468 5071 ipsam,
1499 5003 1599 5056 Itoc
1628 5014 1729 5067 est,

129 5093 452 5163 pistoribus
514 5096 816 5148 necessaria
873 5109 993 5149 esse
1044 5110 1074 5150 a
1121 5096 1370 5165 gregibus
1423 5095 1730 5164 praebenda,

127 5187 397 5238 deut-rat
433 5201 554 5239 eum
586 5187 810 5252 Paulus,
853 5196 909 5242 et
938 5189 1048 5255 ipsa
1083 5193 1160 5242 rei
1191 5188 1445 5258 .equitas,
1481 5189 1599 5241 sine
1629 5187 1730 5239 ulla

131 5278 502 5342 revelatiune;
543 5280 636 5332 sed
676 5280 810 5333 hanc
853 5280 1152 5333 doctrinam
1197 5281 1282 5335 hic
1321 5282 1585 5334 contineri
1629 5297 1731 5333 non

134 5370 313 5436 magis
339 5371 388 5422 ei
415 5379 498 5423 est
520 5371 832 5436 revelatum,
857 5385 1015 5439 quam
1043 5370 1248 5424 Ριιὶιιιιιί
1273 5384 1322 5424 et
1346 5374 1560 5441 Urigcni
1590 5373 1730 5441 quod

131 5462 520 5531 allegoriarum
553 5462 780 5516 ﬁdiculis
807 5479 876 5518 ex
905 5463 1200 5530 Scriptura,
1231 5467 1282 5517 in
1309 5465 1510 5518 alienos
1541 5480 1731 5518 sensus

134 5566 410 5618 contorta,
443 5556 797 5609 deduxerunt.

205 5649 347 5716 Cap.
382 5650 472 5714 l9,
507 5649 534 5718 §
565 5647 656 5701 Η.
701 5649 857 5718 Atque
899 5650 972 5701 ita
1011 5663 1125 5700 cum
1158 5663 1242 5700 vos
1282 5647 1630 5717 temporalitcr
1669 5665 1730 5702 ea

139 5742 376 5808 ridentis,
429 5757 530 5794 non
576 5757 666 5810 ego
696 5742 1036 5810 temporaliter
1065 5737 1252 5807 ride-0.]
1306 5738 1727 5808 Coujuttctionus

1824 524 2133 592 signilirare
2163 528 2272 594 sed,
2309 528 2409 582 hoc
2441 541 2523 584 est
2555 533 2796 588 obtinere
2828 538 2932 587 vim
2963 536 3370 592 ilth‘l‘aﬂIlVﬂln.

1892 616 2024 683 Cap.
2059 618 2146 678 55,
2185 618 2210 686 §
2244 620 2332 674 48.
2365 619 2598 691 Speciem
2641 635 2688 677 et
2715 627 3092 698 privationem]
3145 627 3289 690 Εἶδος
3331 639 3410 688 καὶ

1823 709 2080 781 στέρησιν,
2101 710 2239 777 quod
2265 711 2702 768 scholasticorum
2727 729 2974 771 sermone
2999 734 3138 772 nunc
3157 721 3405 789 dicimus,

1823 800 2042 868 formam
2073 810 2118 851 et
2143 801 2496 867 privationem,
2527 821 2644 871 qua?
2674 815 2799 861 sunt
2828 809 3092 877 Opposita.

1892 889 2022 954 Cap.
2057 891 2146 952 36,
2181 892 2206 959 ᾗ
2231 891 2319 946 51.
2351 893 2470 947 Dies
2495 906 2665 948 autem
2694 900 2923 968 septima,
2949 902 3056 953 sine
3083 917 3284 968 respera
3308 913 3401 964 est,

1822 995 1911 1032 nec
1940 979 2086 1032 habet
2115 982 2395 1053 occasutn.]
2444 986 2498 1038 Si
2530 988 2754 1041 velimus
2783 991 3036 1059 argutari,
3068 992 3170 1046 diei
3195 995 3403 1062 septimi

1822 1089 1970 1126 mane
1989 1087 2093 1126 non
2118 1089 2284 1143 magts
2309 1087 2636 1132 memoratur
2653 1096 2808 1148 quam
2829 1097 3069 1148 vespera;
3093 1097 3210 1136 nam
3235 1100 3404 1148 mane,

1822 1167 1973 1233 cujus
2002 1169 2202 1222 mentio
2231 1169 2286 1222 I‘rt
2317 1185 2461 1226 vers.
2487 1173 2544 1226 51
2567 1214 2581 1237 ,
2610 1183 2692 1228 est
2711 1174 2814 1228 diei
2842 1176 3001 1239 sexti,
3024 1192 3143 1230 cum
3169 1178 3403 1242 llebrmi,

1821 1260 1965 1312 Mose
1991 1270 2279 1327 pra-eunte,
2303 1268 2622 1338 νυχθήμερον
2646 1266 2896 1329 incipiant
2922 1284 2949 1320 a
2980 1283 3220 1336 vespera,
3241 1285 3399 1337 quam

1819 1350 2016 1404 deinde
2048 1354 2287 1420 sequitur
2312 1355 2442 1407 dies.
2479 1357 2582 1410 Sed
2616 1359 2825 1425 septimi
2859 1359 2962 1412 diei
2998 1370 3174 1425 partes
3204 1376 3231 1412 a
3259 1363 3402 1415 Mose

1821 1458 1924 1495 non
1957 1445 2307 1512 attingttntur,
2335 1449 2458 1514 quia
2483 1465 2546 1500 eo
2574 1449 2658 1501 die
2688 1450 2818 1503 nihil
2850 1451 2974 1505 fecit
2998 1451 3157 1506 Deus.

2293 1569 2938 1627 ANIMADVEMSIUNES

2162 1675 2207 1710 IN
2251 1675 2431 1712 ιιιςιιυδ
2470 1675 2674 1713 CONTRA
2717 1679 3060 1716 ACADEMICUS.

1749 1791 1802 1845 ut
1891 1770 2052 1819 L!BBO
2080 1783 2116 1820 ι.
2148 1767 2279 1835 Cap.
2310 1769 2356 1832 I,
2383 1768 2482 1837 §2.
2516 1769 2575 1823 Si
2596 1771 2825 1824 edentem
2845 1782 2892 1824 te
2914 1789 3120 1825 munera
3144 1790 3404 1837 ursorum,

1817 1869 1863 1912 et
1905 1877 2168 1926 nunquam
2205 1861 2274 1914 ibi
2313 1872 2462 1914 antea
2500 1863 2606 1916 visa
2648 1865 2940 1932 spectacula
2979 1865 3166 1918 ciuibus
3201 1867 3406 1924 nostris,

1820 1951 2093 2003 theatricus
2115 1952 2326 2021 plausus
2353 1969 2548 2022 semper
2568 1956 2939 2024 prosperrimus
2959 1957 3255 2020 accepisset,
3276 1954 3406 2023 etc.|

1823 2042 1983 2096 llecte
2007 2059 2241 2094 ursorum
2264 2042 2486 2104 editum,
2514 2059 2632 2096 nam
2657 2045 2762 2110 agit
2779 2045 3105 2113 Augustinus
3127 2044 3192 2098 de
3217 2044 3407 2112 ignotis

1821 2136 1872 2186 in
1894 2134 2069 2187 Africa
2093 2136 2433 2203 spectaculis,
2453 2136 2624 2204 qualia
2651 2137 2871 2191 fuissent
2894 2152 3111 2190 munera
3137 2153 3406 2194 ursorum

1823 2241 1966 2288 nam,
1995 2233 2050 2277 ιιι
2072 2225 2228 2279 habet
2249 2226 2448 2279 Plinius
2473 2226 2682 2290 lib.vnt,
2705 2227 2930 2294 cap.'56,
2959 2228 3010 2279 in
3033 2229 3207 2295 Africa
3232 2243 3408 2280 ursum

1823 2332 1922 2367 non
1951 2316 2091 2385 gigni
2118 2326 2330 2391 constat.
2362 2316 2501 2370 Idem
2534 2316 2764 2370 afﬁrmat
2789 2332 2906 2384 cap.
2934 2318 3026 2371 .58.

1897 2406 2027 2460 Ibid.
2062 2406 2543 2472 Fortunatissimus,
2570 2421 2621 2462 ut
2657 2411 2818 2478 fuisti,
2838 2408 3162 2480 juctareris.]
3198 2409 3406 2463 Falsum

1823 2508 1904 2552 est
1920 2499 2308 2554 Romanianum
2338 2505 2656 2570 fortunatum
2683 2502 2918 2569 potuisse
2941 2503 3068 2568 dici,
3095 2511 3152 2554 ut
3178 2503 3410 2555 ostendit

1824 2589 2153 2656 Augustinus
2197 2593 2245 2643 in
2279 2594 2646 2658 sequentibus.
2703 2591 2864 2659 Igitur
2894 2608 2999 2644 non
3033 2592 3203 2660 potuit
3233 2593 3410 2644 dicere

1827 2687 1879 2730 ut
1910 2681 2075 2747 fuisti,
2108 2696 2204 2732 nec
2238 2683 2402 2746 magis
2433 2691 2484 2733 ut
2515 2684 2698 2746 suesti,
2732 2682 3180 2749 quemadmodum
3214 2682 3412 2734 habent

1826 2769 1914 2821 alii
1943 2769 2100 2822 codd.
2134 2785 2264 2822 mss.
2317 2771 2490 2823 Malim
2522 2787 2620 2838 ego
2649 2781 2701 2823 ut
2733 2787 2934 2824 suerere
2961 2772 3075 2834 isti,
3110 2772 3209 2822 hoc
3235 2780 3317 2824 est
3345 2786 3412 2820 Cl

1826 2875 1986 2915 sensu
2018 2875 2124 2927 quo
2151 2861 2405 2923 clientes,
2438 2862 2612 2925 cives,
2644 2862 2820 2929 populi
2851 2861 3062 2915 beatum
3097 2861 3404 2928 praedicant.

1899 2953 2062 3006 Ltuno
2105 2969 2161 3005 tt.
2203 2953 2331 3020 Cap.
2375 2953 2430 3017 2,
2465 2953 2491 3022 §
2524 2955 2576 3008 Ei.
2629 2953 2754 3006 Cum
2786 2969 2898 3006 ecce
2930 2954 3017 3006 tibi
3053 2953 3167 3004 lbri
3205 2952 3414 3018 quidam

1830 3048 1986 3112 pleni,
2006 3056 2060 3098 ut
2084 3047 2155 3098 ait
2179 3047 2426 3107 Celsinus,
2451 3046 2607 3098 bonas
2629 3062 2706 3097 res
2729 3045 2971 3098 Arabicas
2997 3046 3080 3097 ubi
3110 3043 3413 3097 exhalarunt

2213 3136 2327 3189 Non
2361 3136 2600 3205 intelligo
2627 3137 2715 3204 qui
2747 3136 2865 3190 libri
2895 3137 3029 3202 pleni
3054 3136 3157 3190 dici
3187 3137 3410 3205 queant,

1832 3229 1932 3281 nisi
1976 3230 2205 3283 addatur
2245 3244 2344 3296 qua
2393 3244 2451 3282 re
2497 3228 2638 3294 pleni
2684 3228 2812 3282 sint.
2872 3229 3035 3298 Igitur
3087 3230 3170 3281 hic
3214 3228 3412 3296 aliquid

1829 3323 2016 3375 deesse
2045 3321 2306 3388 suspicer.
2341 3330 2396 3375 ut
2425 3322 2697 3388 sapientia,
2725 3328 2817 3374 aut
2845 3321 3020 3375 simile
3047 3321 3340 3389 quidpiam.

1899 3410 2056 3477 Ibid.,
2099 3412 2126 3479 ς
2167 3410 2221 3464 6.
2266 3411 2569 3492 Αάυειςεατῖο
2599 3406 2733 3479 ιιιο.]
2779 3411 2910 3464 Cutn
2943 3425 3068 3479 quo,
3098 3419 3154 3464 ut
3183 3411 3411 3474 Videtur,

1832 3503 1977 3557 litem
2013 3501 2240 3555 habebat
2266 3502 2647 3553 Ilomanianus.

1901 3593 2036 3646 Ibid.
2079 3590 2163 3646 Ne
2192 3591 2282 3644 ille
2318 3602 2364 3643 et
2395 3592 2534 3643 baias
2567 3599 2611 3643 et
2635 3590 2835 3643 amoena
2869 3591 3141 3661 pomeria.]
3189 3592 3286 3645 IIic
3313 3592 3412 3645 tria

1831 3696 1956 3741 sunt
1985 3685 2198 3748 menda,
2225 3700 2449 3752 quorum
2479 3683 2704 3751 primum
2733 3694 2786 3738 et
2819 3693 3144 3750 postremum
3175 3697 3239 3736 ex
3266 3684 3411 3750 prio-

1835 3780 1980 3832 ribus
2008 3777 2332 3832 editionibus
2369 3776 2649 3843 desumpta
2687 3784 2831 3837 sunt,
2874 3775 3105 3829 medrum
3145 3775 3267 3830 huic
3296 3791 3416 3845 pro-

1835 3871 2003 3935 prium
2026 3877 2126 3922 est.
2156 3866 2208 3919 P.
2227 3868 2334 3920 imo
2357 3881 2452 3935 pro
2475 3882 2536 3917 ne
2558 3866 2835 3934 legendum
2860 3876 2940 3919 est
2963 3883 3060 3927 me.
3085 3871 3185 3930 ναὶ,
3213 3867 3311 3919 hoc
3334 3877 3416 3921 est

1836 3961 2100 4027 proiecto;
2148 3960 2245 4012 hoc
2291 3958 2432 4012 enim
2477 3959 2586 4010 vult
2618 3957 2972 4025 Augustinus,
3017 3960 3059 4011 si
3109 3961 3416 4012 a'dversario

1835 4053 2146 4106 liomaniani
2177 4050 2525 4121 Spectandam
2559 4064 2857 4118 proponere
2888 4050 3151 4117 potuisset
3179 4052 3413 4119 speciem

1835 4145 2215 4213 philosophum
2262 4143 2407 4196 illum
2451 4141 2709 4210 profectu,
2753 4143 2912 4194 rebus
2953 4143 3171 4207 relictis,
3205 4143 3267 4195 ad
3299 4159 3416 4197 eam
3449 4185 3452 4190 .

1833 4239 2224 4292 advolaturum.
2269 4237 2424 4304 Szrpe
2461 4235 2562 4288 hoc
2592 4235 2842 4288 mendum
2876 4235 2926 4287 in
2970 4250 3098 4288 mss.
3138 4236 3296 4292 Codd.
3328 4253 3418 4286 or.-

1833 4331 2021 4392 currit,
2049 4329 2188 4394 quod
2222 4338 2444 4395 (ιιι-ηψπ)
2475 4329 2659 4381 vocula
2691 4327 2879 4380 eodem
2910 4327 3069 4380 ntodo
3102 4328 3418 4391 pronuntia-

1835 4431 2004 4474 ra-tur.
2034 4419 2301 4483 Secundo,
2322 4417 2477 4471 Baias
2508 4418 2697 4472 debuit
2725 4419 2909 4481 scribi,
2942 4417 3234 4484 majusculo
3264 4415 3328 4479 Β,
3364 4428 3418 4469 ιιι

1691 4543 1730 4594 ε,
1765 4524 1811 4581 ι)
1836 4522 1917 4567 est
1957 4513 2007 4565 in
2052 4510 2286 4566 editione
2313 4510 2544 4573 Erasmi,
2574 4525 2693 4562 nam
2727 4524 2925 4562 nomen
2956 4519 3036 4561 est
3066 4507 3416 4560 amantissimi

1840 4602 1940 4656 loti
1972 4601 2036 4654 ad
2067 4601 2413 4655 Puteolanum
2444 4601 2643 4664 sinum,
2672 4599 2814 4654 circa
2842 4614 2999 4666 quem
3033 4606 3184 4650 erant
3216 4597 3420 4663 elegan-

1840 4696 2054 4748 tissima:
2085 4694 2445 4747 Romanorum
2474 4692 2639 4760 villae,
2668 4702 2723 4745 et
2751 4691 2819 4745 de
2847 4705 2954 4758 quo
2983 4688 3234 4743 Horatius
3277 4703 3426 4758 saepe

1835 4789 1959 4842 alibi
1989 4796 2043 4843 et
2070 4789 2090 4842 1
2127 4788 2285 4857 epist.
2315 4786 2434 4840 libri
2463 4800 2501 4838 t.

1957 4899 2130 4948 Nullus
2162 4899 2210 4945 in
2231 4898 2353 4946 orbe
2376 4897 2510 4945 locus
2527 4890 2657 4944 Baiis
2679 4891 2915 4953 pra-lucet
2938 4889 3155 4938 antmnis.

1909 5007 2146 5072 Denique
2167 5021 2270 5059 non
2293 5007 2542 5069 pomeria,
2562 5001 2655 5056 sed
2681 4999 2906 5054 uomat-ia
2928 4997 3208 5068 legendum
3233 4997 3422 5064 litptct,

1836 5115 1902 5154 ex
1931 5097 2168 5166 epitheto
2194 5111 2392 5148 amtena

1906 5190 2037 5259 Cap.
2067 5193 2120 5253 '5,
2148 5189 2173 5258 ᾗ
2205 5189 2255 5239 7.
2294 5185 2578 5240 ΡΙιιιοεαΙια
2602 5196 2699 5241 tsta
2723 5186 2872 5257 vulgo
2893 5185 3101 5246 eicitur,
3128 5191 3256 5250 (διελς
3294 5178 3424 5233 Vide

1838 5290 2017 5337 notata
2047 5280 2110 5333 ad
2142 5280 2235 5334 lib.
2267 5327 2276 5332 ,
2312 5277 2786 5343 Retractationum,
2823 5293 2941 5345 cap.
2968 5278 3021 5340 l,
3048 5290 3191 5328 num.
3224 5276 3276 5325 5.

1910 5372 2044 5426 Ibid.
2077 5370 2200 5426 Sine
2224 5368 2447 5441 pennis.]
2477 5371 2568 5425 Cui
2597 5386 2784 5438 penna:
2810 5369 3166 5422 deﬂuxerunt.
3201 5362 3275 5413 Ex
3305 5361 3395 5410 Pla

1840 5465 2138 5519 tonicorum
2181 5461 2458 5530 disciplina
2481 5503 2494 5525 ,
2534 5470 2591 5514 ut
2620 5460 2919 5514 notavimus
2957 5454 3022 5508 ad
3051 5450 3291 5507 Confess.
3325 5447 3401 5503 lib

1837 5569 1950 5616 vut,
1985 5567 2102 5620 cap.
2133 5553 2185 5604 ‘7.
2228 5555 2235 5587 ε

1907 5645 2035 5712 Cap.
2070 5644 2123 5709 ti,
2159 5643 2185 5712 ᾗ
2220 5641 2301 5696 10.
2339 5642 2466 5695 Sittc
2495 5638 2698 5708 metro.]
2751 5636 2861 5689 Hoc
2906 5643 3022 5701 est,
3057 5634 3174 5687 ἄνευ
3204 5634 3416 5705 μέτρον,

1837 5740 1940 5794 sine
1959 5739 2125 5793 modo.
2153 5739 2205 5791 lu
2234 5735 2579 5803 ambiguitate
2605 5731 2734 5786 ludit
2759 5728 3110 5798 Augustinus,
3139 5741 3238 5780 nec
3282 5740 3421 5779 tuer-
