3908 6306
524 312 629 367 249

1296 326 1299 333 ·
1345 254 1351 260 ,
1404 298 1947 358 δυιψιιιιιιωτωι
1992 299 2081 351 AD
2120 298 2347 352 OPERA
2394 300 2449 353 S.
2495 298 2884 355 AUGUSTINI.

3666 309 3750 366 220

527 436 590 471 ea
626 416 976 487 prJ‘tcrmittit
1007 414 1341 469 occasionem
1376 426 1539 481 pauca
1570 410 1730 466 verba
1758 410 1963 473 Gri-ca,
1994 423 2112 479 qua:
2140 412 2190 468 Α
2293 410 2319 481 §
2352 411 2440 466 55.
2475 410 2577 465 Illa
2600 422 2670 465 est
2694 400 2852 484 igitur
2872 412 3024 483 plena
3044 414 3242 469 satietas
3260 416 3561 484 animarum,
3582 421 3673 476 hac
3688 418 3757 497 αξ

528 519 700 573 norat,
728 507 1052 577 proferendi.

593 602 722 669 Cap.
754 600 814 664 6,
847 600 874 667 ᾗ
902 601 981 654 ιι.
1013 595 1349 667 Archesi'as.]
1387 596 1577 669 Turpe
1604 595 1885 658 mendum,
1917 609 2108 650 omnes

523 693 664 746 enim
693 692 871 746 sciunt
899 698 1143 745 vocatum
1173 688 1317 743 hunc
1340 687 1718 756 philosolihum
1748 686 1913 742 fuisse
1938 684 2104 763 Ἀρκε-

521 786 715 849 σίλαον,
744 798 850 837 non
887 783 1242 857 Ἀρκεσίλαον.
1280 781 1459 849 Itaque
1488 779 1590 833 hoc
1614 793 1825 849 quoque
1856 779 2105 834 mendum

523 877 884 944 antiquiorum
911 874 1206 928 editionum
1251 870 1541 926 tollendum
1570 879 1716 935 erat,
1746 881 1802 925 et
1832 870 1918 925 hic
1950 878 2007 925 et
2051 872 2104 926 in

521 965 892 1033 seq-cutibus,
942 964 1033 1017 ubi
1086 964 1277 1017 iterum
1327 960 1626 1028 iterumque
1673 958 1925 1014 occurrit.
1972 959 2104 1014 Nam

521 1070 591 1120 qn
611 1054 765 1109 tmvis
795 1055 981 1109 Grtcce
1013 1053 1244 1109 nesciret
1272 1051 1625 1120 Augustinus,
1660 1050 1888 1104 habebat
1927 1059 2104 1107 tamen

521 1156 730 1199 Veteres
757 1145 1029 1201 Ciceronis
1060 1144 1293 1207 codices,
1328 1143 1379 1196 in
1409 1140 1599 1209 quibus
1630 1139 1730 1194 hoc
1759 1140 2010 1196 mendum
2036 1143 2105 1198 ab

524 1235 902 1292 cruditioribus
928 1234 1292 1305 grammat‘cis
1322 1231 1568 1287 relictum
1596 1245 1701 1285 non
1734 1240 1884 1301 puto.

589 1327 718 1396 Cap.
752 1329 841 1392 15,
867 1326 893 1395 §
922 1327 1009 1381 54.
1056 1324 1160 1378 Ille
1202 1333 1373 1377 autem
1412 1338 1537 1375 casu
1565 1321 1751 1390 planus
1777 1332 1904 1388 erat,
1938 1323 2002 1377 de
2042 1324 2104 1377 iis

516 1435 645 1487 quos
667 1420 1014 1493 Samardacos
1042 1420 1143 1480 iam
1172 1417 1352 1486 vulgus
1380 1413 1572 1485 vocab]
1602 1416 1933 1470 Crediderint
1965 1416 2106 1471 Afri-

517 1524 732 1575 cauam,
764 1519 855 1563 aut
884 1508 1060 1577 potius
1092 1508 1345 1563 Punicam
1377 1522 1498 1562 esse
1526 1522 1742 1572 vocem,
1774 1522 1803 1561 a
1833 1507 2103 1564 radicibus

515 1610 658 1657 “173:?
697 1597 955 1665 schamar,
1004 1598 1321 1665 observare,
1354 1606 1408 1652 et
1434 1605 1531 1684 p71
1574 1597 1767 1663 douck,
1815 1598 2099 1668 inSpicere,

515 1689 835 1754 deductam,
869 1704 1039 1757 eaque
1085 1688 1417 1758 significatos
1464 1688 1677 1742 fallaces
1720 1688 1982 1748 homines.
2010 1691 2099 1759 qui

516 1794 578 1832 ex
603 1781 974 1832 observatione
993 1780 1251 1845 siderum,
1276 1779 1537 1845 ominum,
1565 1779 1950 1848 prodigiorum,
1972 1791 2103 1847 etc.,

519 1869 957 1937 inspectioneque
1012 1869 1350 1924 victimarum
1418 1870 1593 1923 futura
1640 1872 1999 1939 praenuntiare
2046 1887 2103 1926 se

520 1973 683 2026 posse
710 1959 1020 2027 sperabant,
1046 1966 1141 2013 aut
1168 1958 1457 2028 ﬁngebant.
1491 1958 1582 2014 hic
1609 1960 1750 2013 enim
1781 1975 1876 2015 eos
1903 1961 1969 2014 de
2000 1963 2105 2041 cri-

519 2052 530 2100 Ι
555 2053 593 2103 it
612 2051 938 2106 Scholiastes
964 2059 1113 2106 vetus
1138 2050 1339 2105 Horatii
1369 2051 1433 2105 ad
1460 2066 1599 2106 vers.
1633 2051 1737 2107 H3
1764 2061 1865 2106 sat.
1889 2051 1921 2107 6
1944 2053 2035 2107 lib.
2060 2068 2101 2107 ι.

518 2143 785 2198 Fallaeem
828 2144 1031 2198 circum
1077 2144 1210 2198 dixit
1252 2155 1458 2213 propter
1498 2144 1843 2199 Sarmadacos
1892 2146 2103 2215 (Scribe

519 2234 886 2300 Samardacos)
917 2244 966 2287 et
990 2234 1260 2302 sortilegos
1296 2234 1703 2299 mathematicos,
1734 2238 1818 2303 qui
1846 2238 1916 2289 ad
1943 2248 2101 2292 metas

518 2334 829 2386 spectatores
851 2325 1245 2379 circumstabant
1270 2336 1315 2378 et
1347 2326 1611 2391 imperitos
1640 2326 1859 2381 sortibus
1877 2335 1926 2379 et
1956 2328 2103 2396 nugis

519 2411 784 2481 fallebant.
841 2413 1007 2465 Paulo
1039 2422 1156 2481 post
1184 2414 1344 2467 etiam
1379 2413 1725 2468 Samardacos
1753 2423 1802 2467 et
1833 2416 2100 2482 sortilegos

519 2503 826 2572 conjungit,
877 2513 930 2557 et
963 2504 1174 2558 divfnos
1221 2519 1341 2560 esse
1370 2505 1547 2560 docet.
1578 2507 1645 2560 At
1693 2506 1923 2561 Jacobus
1966 2508 2101 2561 Cru-

514 2597 705 2665 quius,
750 2596 840 2666 qui
889 2612 1010 2652 eum
1054 2598 1390 2654 Seholiasten
1444 2600 1862 2656 emendatiorem
1901 2602 2099 2666 edidit,

512 2687 816 2757 suspicatur
846 2704 1031 2743 vocem
1080 2704 1200 2745 esse
1251 2691 1605 2761 compositam
1652 2707 1717 2748 es
1760 2692 2004 2749 Sarmata
2047 2704 2096 2750 et

517 2779 713 2845 Dacus,
740 2782 829 2851 qui
863 2783 1041 2853 populi
1066 2784 1193 2839 olim
1217 2799 1322 2838 non
1345 2798 1532 2854 parum
1568 2784 1934 2852 hujuscemodi
1957 2785 2092 2839 ludi-

513 2872 645 2927 briis
692 2874 916 2930 infames
966 2876 1180 2931 fuerint.
1218 2877 1365 2946 Elige
1394 2889 1570 2931 utrum
1600 2879 1865 2946 volueris,
1911 2890 1963 2931 et
2011 2880 2097 2933 adi

512 2964 670 3017 etiam
699 2964 959 3019 Joannem
991 2966 1299 3029 Meursium,
1333 2966 1385 3020 in
1419 2966 1615 3020 Lexico
1631 2966 2094 3022 Graeco-barbaro.

987 3092 1627 3150 ANIMADVERSIUNES

926 3217 976 3257 IN
1015 3217 1209 3257 LIIRUI
1246 3219 1314 3257 DE
1353 3220 1476 3260 νιτΑ
1512 3222 1706 3262 BEATA.

583 3324 611 3395 §
661 3326 712 3379 ὅ.
764 3324 913 3390 Quod
963 3326 1035 3379 ita
1074 3325 1202 3379 nihil
1228 3327 1375 3399 intus
1413 3328 1623 3398 plenum
1671 3337 1824 3400 atque
1880 3322 2100 3385 solidum

516 3417 683 3481 habet,
725 3422 777 3469 ut
810 3417 1017 3487 inﬂatos
1055 3418 1148 3472 sibi
1188 3435 1343 3489 super
1389 3420 1737 3486 ambulantes,
1770 3433 2102 3491 succrepante

515 3504 687 3579 fragili
718 3509 845 3573 solo,
864 3510 1122 3582 demergat
1145 3526 1209 3563 ac
1233 3508 1477 3582 sorbeat.]
1508 3511 1750 3581 Legeritn
1773 3514 1953 3583 inﬂato
1981 3513 2098 3583 sibi,

513 3616 635 3655 nam
667 3602 751 3656 hic
798 3613 1028 3659 montem
1061 3620 1094 3658 n
1122 3603 1215 3659 ibis
1242 3604 1499 3661 describit
1525 3615 1687 3661 vento
1718 3614 2032 3661 tumentem.
2060 3608 2097 3663 S

514 3694 538 3746 f
566 3693 670 3747 ci'e
698 3696 870 3763 potuit
895 3711 960 3750 ex
993 3707 1250 3764 sequente
1279 3712 1412 3751 voce
1435 3698 1771 3751 antecedenti
1802 3697 2098 3754 adhmrero.

587 3783 615 3852 §
646 3786 698 3838 4.
747 3784 912 3838 Lectis
940 3794 1107 3838 autem
1137 3770 1374 3840 Platonis
1399 3787 1718 3855 paucissimis
1746 3787 1932 3860 libris.|
1972 3790 2102 3845 Cre-

513 3872 701 3926 derem
748 3871 1028 3941 legendum
1061 3872 1377 3938 Platonicis,
1402 3890 1523 3928 nam
1556 3877 1883 3945 Augustinus
1934 3879 2093 3934 habet

516 3961 923 4016 Confessionum
951 3963 1088 4017 libro
1115 3979 1208 4029 vn,
1238 3980 1360 4034 cap.
1383 3966 1436 4033 9,
1471 3965 1497 4035 §
1526 3968 1615 4031 15,
1645 3978 1888 4036 quosdam
1914 3970 2100 4025 Plato-

513 4053 744 4105 nicorum
770 4053 958 4117 libros;
987 4055 1086 4108 nisi
1124 4056 1357 4124 quinque
1401 4074 1532 4115 mss.
1567 4060 1655 4115 hic
1688 4061 1942 4115 haberent
1974 4064 2101 4119 Plo-

494 4142 639 4205 .tiui,
671 4156 830 4211 quam
874 4159 1053 4199 Veram
1104 4145 1386 4202 lectionem
1436 4164 1557 4204 esse
1606 4158 1751 4219 puto.
1802 4156 2098 4221 Antequam

515 4233 656 4289 lmuc
690 4233 865 4289 locum
896 4234 1152 4291 attentius
1182 4237 1452 4308 legissem,
1481 4239 1590 4307 jam
1620 4240 1926 4309 suspicatus
1948 4255 2097 4296 eram

513 4321 816 4380 Platonicos
856 4326 975 4381 illos
1014 4325 1211 4391 libros,
1245 4329 1296 4382 in
1328 4328 1518 4397 quibus
1546 4328 1876 4399 Augustinus
1904 4330 2096 4385 similia

512 4416 828 4472 fibri-uana:
860 4419 1142 4489 theologia:
1172 4420 1441 4475 invenisse
1469 4434 1526 4475 se
1551 4423 1802 4487 credidit,
1836 4422 1998 4478 fuisse
2030 4423 2094 4476 li-

514 4510 638 4562 l~ros
671 4507 897 4573 Plotini;
931 4509 985 4563 in
1018 4526 1118 4578 qua
1149 4510 1455 4577 conjectura
1486 4513 1835 4570 vehementer
1867 4515 2093 4571 lectione

515 4601 547 4654 h
568 4618 614 4652 ~e
643 4616 772 4655 mss.
799 4602 1042 4657 codicum
1068 4604 1378 4658 confirmor.

586 4692 614 4761 ξ
736 4692 1039 4765 Eloquentia
1073 4703 1159 4748 tua
1199 4695 1403 4748 territus
1430 4713 1530 4749 non
1560 4696 1719 4769 sum]
1763 4698 1949 4752 Exstat
1986 4699 2097 4768 ele-

514 4801 645 4855 gans
659 4788 963 4845 di~sertatio
980 4790 1048 4845 de
1062 4789 1179 4844 Vita
1200 4789 1280 4844 Fl.
1300 4789 1455 4843 Mallii
1476 4789 1763 4855 Theodori,
1788 4792 1855 4847 ab
1879 4793 2097 4847 Alberto

518 4878 759 4932 llnbt-nio
796 4884 1095 4952 conscripta
1118 4925 1134 4951 ,
1185 4899 1305 4953 quae
1341 4882 1485 4938 edita
1523 4894 1605 4937 est
1643 4883 1913 4953 Ultrajecti
1958 4902 2097 4942 anno

516 4969 677 5033 1695,
710 4985 772 5023 ex
800 4985 900 5038 qua
929 4989 1047 5040 qua:
1074 4975 1235 5029 fuerit
1261 4975 1775 5047 eruditioﬁheodori
1803 4985 1857 5031 et
1885 4978 1948 5031 ad
1978 4995 2095 5047 quzn

518 5072 737 5114 munera
769 5054 1072 5127 pervenerit
1116 5064 1411 5137 intelligere
1441 5068 1640 5123 licebit.
1672 5066 1951 5138 ltaquead
1978 5085 2095 5125 eam

535 5161 771 5206 ectorem
802 5150 1176 5207 amandamus.

590 5242 619 5312 ς
651 5242 701 5296 7.
735 5240 864 5295 Cum
886 5244 1141 5310 fateantur
1165 5245 1357 5312 cuncti,
1376 5261 1536 5315 neque
1554 5249 1661 5303 sine
1687 5265 1917 5321 corporv,
1943 5267 2099 5320 neque

513 5336 625 5388 sine
660 5334 867 5401 anima,
909 5348 1017 5387 esse
1052 5349 1198 5402 posse
1234 5333 1521 5403 hominem,
1559 5340 1694 5393 cibos
1739 5350 1944 5412 propter
1979 5344 2100 5412 quid

515 5426 697 5479 borum
720 5424 1068 5498 appetamus.]
1098 5423 1210 5480 lmo
1230 5426 1556 5497 appetimus?
1582 5429 1677 5483 Est
1701 5432 1842 5486 enim
1874 5433 2101 5488 interro.

515 5517 658 5585 gatio
686 5519 999 5587 Augustini,
1031 5518 1095 5573 ad
1125 5532 1306 5587 quam,
1341 5528 1548 5587 propter
1574 5537 1781 5589 corpus,
1814 5525 2102 5591 respondet

520 5607 807 5660 Licentius.
857 5610 1104 5667 Mendum
1136 5610 1239 5669 hoc
1270 5611 1367 5667 fuit
1397 5612 1715 5671 Basileensis
1742 5613 2013 5683 editionis,
2047 5617 2097 5671 in

520 5694 655 5750 hanc
685 5695 1030 5751 transfusum.

2215 508 2359 562 beata
2378 510 2499 573 vita,
2522 514 2602 578 pie
2626 512 2940 580 perfectaque
2961 525 3258 580 cognoscere
3284 528 3315 563 a
3333 529 3429 580 quo
3454 514 3689 571 inducatis
3707 521 3748 573 in

2211 600 2491 663 ceritatem,
2514 618 2614 670 qua
2636 604 2845 656 veritate
2864 604 3166 673 perfruaris,
3200 618 3287 673 per
3307 620 3451 665 quem
3477 614 3748 665 connectaris

2210 707 2407 745 summa
2443 691 2641 766 modo.]
2687 693 2799 747 Etsi
2843 708 2947 747 non
2987 694 3205 749 difficile
3238 703 3321 749 est
3357 694 3608 753 intellectu
3645 701 3747 769 quid

2209 784 2336 839 velit
2366 785 2722 855 Augustinus,
2754 795 2988 841 attamen
3023 794 3106 841 est
3135 802 3231 841 cur
3256 802 3537 856 queramur
3570 804 3677 846 eum
3702 793 3744 846 in

2209 873 2310 929 hac
2351 883 2460 930 tota
2502 876 2865 945 disputatione
2894 876 3276 945 metaphoricis
3303 878 3517 933 vocibus
3541 894 3601 936 se
3624 880 3747 935 locu.

2209 964 2463 1032 tionibus,
2495 982 2628 1036 quas
2654 968 2774 1022 aliis
2802 983 2951 1035 teque
2978 967 3244 1022 tralatitiis
3275 968 3480 1034 definit,
3525 979 3747 1037 perpetuo

2210 1054 2374 1109 ferme
2398 1056 2643 1112 abusum.
2663 1056 2779 1124 Quo
2796 1055 2992 1112 factum
3014 1067 3097 1112 est
3117 1066 3174 1111 ut
3198 1057 3329 1112 nihil
3350 1069 3535 1125 prater
3553 1062 3753 1129 argutias

2206 1161 2269 1200 ex
2311 1148 2654 1217 ambiguitate
2684 1157 2955 1219 captatas,
2982 1157 3037 1204 et
3067 1164 3186 1219 quae
3216 1148 3542 1204 dialecticam
3565 1151 3747 1205 nimium

2208 1237 2468 1304 redolent,
2505 1238 2589 1294 hic
2623 1238 2934 1297 habeamus.
2965 1238 3099 1294 Cum
3134 1238 3318 1310 pueris
3349 1240 3529 1305 fateor,
3565 1253 3614 1296 et
3650 1259 3745 1295 mu-

2206 1326 2426 1382 Iirrcula
2456 1328 2799 1399 loquebatur;
2840 1331 2935 1386 sed
2961 1346 3082 1385 cum
3117 1332 3234 1399 hinc
3259 1331 3462 1395 ederet,
3502 1341 3574 1385 tot
3603 1333 3748 1387 verbis

2206 1415 2336 1470 nihil
2367 1416 2548 1473 dicere
2578 1418 2758 1475 nescio
2787 1419 3059 1489 quomodo
3089 1420 3422 1475 sustinuerit.
3448 1418 3603 1486 Quam
3629 1422 3749 1477 facile

2208 1509 2493 1565 ostendere
2517 1512 2778 1579 potuisset
2802 1510 3190 1566 beatitudinem
3213 1513 3428 1581 proprie
3453 1513 3633 1566 dictam
3655 1527 3749 1567 esse

2204 1613 2321 1653 eam
2366 1598 2529 1654 animi
2575 1600 2911 1657 affectionem
2946 1617 3049 1672 qua
3089 1602 3141 1657 in
3182 1614 3332 1657 sorte
3368 1611 3541 1656 nostra
3578 1603 3751 1671 acquie-

2208 1701 2438 1757 scentes,
2466 1708 2565 1747 nec
2585 1694 2874 1763 quidquam
2901 1694 3167 1763 cupimus,
3194 1708 3299 1756 nec
3324 1693 3754 1761 timentus‘lQuam

2140 1773 2188 1833 Β
2212 1784 2445 1850 proclive
2476 1784 2571 1840 fuit
2600 1785 2973 1841 demonstrare
3002 1786 3141 1841 hanc
3178 1785 3343 1841 animi
3374 1784 3683 1839 aﬂ'ectionetn
3712 1786 3749 1839 in

2205 1874 2304 1930 hac
2331 1875 2436 1929 vita
2469 1891 2575 1932 non
2618 1890 2778 1945 posse
2807 1877 3142 1944 comparari,
3174 1878 3225 1932 in
3254 1892 3357 1946 qua
3388 1884 3600 1945 semper
3622 1876 3750 1929 multa

2201 1974 2328 2021 sunt
2365 1982 2482 2036 quae
2528 1968 2845 2031 timeamus,
2888 1974 2979 2024 aut
3007 1968 3333 2038 cupiamus?
3375 1967 3573 2035 Quibus
3606 1966 3751 2027 dictis,

2201 2056 2507 2124 collegisset
2543 2056 2749 2111 beatam
2778 2058 2940 2111 vitam
2980 2058 3176 2112 nullam
3220 2071 3381 2127 posse
3412 2070 3534 2111 esse
3560 2056 3608 2109 in
3636 2054 3761 2108 hisco

2203 2147 2391 2213 terris;
2418 2160 2607 2203 omnes
2628 2145 2873 2204 homines
2901 2161 3020 2204 esse
3047 2147 3304 2213 miseros;
3336 2147 3430 2202 sed
3459 2160 3556 2201 eos
3573 2144 3749 2199 demum

2203 2236 2383 2293 minus
2430 2254 2552 2294 esse
2598 2239 2845 2304 miseros,
2890 2254 3049 2307 quam
3096 2240 3250 2306 alios,
3304 2239 3395 2307 qui
3443 2245 3669 2306 possent,
3702 2249 3754 2288 et

2207 2325 2481 2396 Evangelii
2512 2327 2736 2396 legibus,
2769 2329 2868 2382 sibi
2902 2326 3286 2383 beatitudinem
3320 2336 3443 2396 post
3468 2327 3600 2380 hanc
3622 2325 3748 2377 vitam

2202 2419 2484 2473 mortalem
2518 2418 2779 2488 polliceri.
2812 2417 3021 2473 Verum.
3042 2417 3232 2473 vocutit
3264 2417 3608 2471 definitiones
3631 2428 3751 2468 accu-

2202 2519 2355 2576 ratas,
2384 2524 2562 2565 sermo
2602 2510 2855 2579 simplex,
2886 2518 2940 2564 et
2978 2509 3114 2563 ordo
3150 2508 3471 2564 commodus
3513 2522 3603 2563 res
3635 2516 3750 2561 erant

2202 2601 2510 2657 rhetoribus
2538 2601 2679 2657 illius
2706 2600 2805 2655 :evi
2836 2600 3223 2670 propemodum
3258 2600 3479 2668 ignotas.

2592 2731 3399 2791 ANIMADVERSIONES

2686 2865 2738 2903 IN
2775 2862 2955 2903 LIBROS
2985 2862 3050 2900 DE
3081 2860 3293 2902 ORDINE.

2275 2971 2436 3027 Ltsno
2465 2987 2503 3026 ι.
2536 2970 2665 3037 Cap.
2700 2968 2748 3032 Ι,
2784 2967 2810 3038 ς
2841 2967 2897 3021 2.
2933 2968 3056 3032 Quis
3090 2978 3193 3021 tam
3222 2982 3387 3022 circus
3416 2974 3487 3020 est
3514 2973 3683 3026 inmte,
3708 2969 3746 3012 ut

2203 3063 2479 3133 quidquam
2503 3062 2557 3115 in
2584 3061 2842 3114 movendis
2870 3059 3169 3127 corporibus
3196 3060 3434 3123 rationis,
3456 3056 3585 3126 quod
3602 3063 3748 3125 prater

2126 3122 2172 3183 Ο
2206 3122 2484 3206 buntanam
2526 3151 2921 3219 dispositionem,
2950 3166 3011 3204 ac
3050 3152 3365 3206 voluntatem
3390 3161 3464 3204 est
3490 3149 3655 3202 diuinae
3679 3160 3747 3213 po-

2206 3243 2398 3308 tentiae,
2429 3241 2865 3311 moderationique
2894 3241 3019 3296 dare
3042 3242 3238 3295 dubitet
3261 3240 3307 3314 .7]
3331 3237 3653 3308 Transposita
3680 3234 3746 3285 h'c

2204 3340 2287 3385 est
2317 3346 2414 3386 vos
2442 3330 2676 3392 rationis,
2704 3344 2823 3401 quae
2838 3329 3009 3401 debet
3033 3331 3276 3400 praeponi
3305 3328 3539 3401 proxime
3564 3323 3663 3379 voci
3687 3320 3747 3373 di-

2204 3422 2362 3484 vinas,
2392 3430 2449 3474 ut
2477 3420 2646 3475 series
2675 3420 2743 3475 sit
2776 3433 2790 3474 :
2820 3420 3059 3489 potentia:
3088 3406 3519 3496 moderationique
3556 3412 3744 3473 ιιαιεοπῑε

2211 3512 2435 3577 Divinas,
2488 3511 2707 3577 Graece,
2762 3511 2971 3585 δυνάμει
3007 3515 3091 3567 καὶ
3133 3512 3385 3573 διοικήσει
3429 3509 3577 3583 Λόγου
3608 3506 3742 3560 Θείου-

2205 3602 2425 3671 Ncmpe,
2450 3617 2517 3657 ex
2552 3600 2950 3658 Platonicorum
2981 3617 3233 3658 sermone
3280 3599 3567 3672 desumpsit
3600 3598 3743 3662 Αυευ·

2205 3695 2376 3748 ςιὶιιιιε
2406 3694 2671 3748 Rationem
2695 3692 2966 3759 Divinam;
2991 3695 3057 3749 de
3086 3710 3192 3763 qua
3217 3695 3487 3751 locutione
3514 3689 3623 3744 vide
3649 3696 3740 3749 αυτυ

2208 3786 2423 3854 collegit
2478 3784 2630 3839 Joan.
2676 3784 2914 3839 Clericus
2958 3784 3025 3839 ad
3070 3785 3227 3839 Joan.
3281 3802 3318 3850 ι,
3371 3786 3421 3840 t.
3464 3771 3740 3837 Benedictini

2205 3876 2401 3930 docent
2438 3874 2624 3930 decem
2667 3889 2696 3926 a
2739 3889 2796 3929 se
2835 3888 2965 3930 mss.
3003 3875 3162 3931 codd.
3196 3876 3488 3946 inspectos,
3516 3872 3564 3925 in
3590 3864 3743 3935 quibus

2206 3970 2291 4024 hic
2318 3969 2451 4024 ordo
2487 3979 2603 4023 erat
2633 3968 2984 4031 observatos;
3025 3968 3118 4021 sed
3161 3969 3317 4022 male
3345 3965 3536 4023 habent
3573 3952 3741 4013 rationi,

2202 4064 2245 4118 si
2289 4064 2448 4117 modo
2486 4062 2685 4116 nullum
2717 4061 2790 4115 sit
2830 4060 2881 4115 in
2912 4060 3393 4116 Benedictinorum
3427 4052 3591 4111 notula
3626 4060 3744 4102 mett-

2202 4154 2348 4208 dum.
2392 4154 2591 4208 Eadem
2624 4168 2756 4207 voce
2794 4152 2844 4206 in
2881 4151 3130 4206 eumdem
3172 4167 3400 4209 sensum
3432 4149 3582 4203 utitur
3612 4138 3739 4194 etiam

2203 4260 2237 4313 p
2260 4255 2384 4300 istea
2414 4245 2740 4314 Augustinus
2776 4243 2802 4314 §
2829 4243 2919 4309 26,
2952 4243 3040 4301 ubi
3071 4253 3343 4300 memorat
3364 4230 3740 4327 pulchritudines:

2203 4338 2439 4393 Rationis
2476 4338 2692 4407 (nempe
2717 4334 2933 4405 divinat)
2983 4345 3163 4391 cuncta
3203 4336 3419 4403 scientia
3446 4341 3488 4385 et
3514 4323 3737 4382 uenientia

2203 4428 2545 4498 ntodiﬁcautis
2565 4435 2611 4481 et
2637 4426 2985 4499 gubernantis,
3003 4442 3117 4497 qua:
3138 4427 3397 4481 inhiantes
3412 4421 3500 4478 sibi
3517 4419 3741 4471 sectatores

2200 4536 2321 4574 suos
2346 4518 2523 4584 trahit,
2543 4534 2845 4585 quacunque
2867 4525 3016 4587 atque
3036 4516 3326 4585 ubicunque
3348 4531 3402 4571 se
3419 4500 3705 4583 quten'jttflei-

2270 4611 2400 4679 επρ-
2433 4611 2488 4673 5-
2522 4608 2549 4677 §
2575 4610 2628 4663 θ·
2665 4607 2715 4661 Ν
2720 4624 2802 4659 am
2823 4616 2869 4661 et
2891 4608 2997 4679 ipse
3022 4608 3075 4661 in
3098 4608 3277 4662 eodem
3297 4601 3517 4662 conclavi
3538 4596 3734 4651 lectosuo

2202 4702 2389 4754 cubans
2409 4698 2670 4769 vigilabat,
2690 4699 2832 4753 nobis
2853 4699 3218 4765 nescientibus;
3235 4707 3381 4754 erant
3400 4695 3523 4751 enim
3539 4679 3718 4740 tenebrat

2202 4793 2337 4863 quod
2379 4792 2433 4844 in
2460 4758 2631 4843 "Italia
2672 4790 2823 4843 etiam
2868 4790 3149 4858 pecuniosis
3201 4805 3362 4860 prope
3406 4758 3729 4871 necesse-.889

2206 4884 2296 4936 Sic
2334 4881 2568 4952 loquitur
2608 4881 2661 4935 in
2704 4880 2927 4950 gratiam
2970 4894 3188 4935 suorum
3228 4874 3495 4935 Afrorum.
3560 4863 3728 4955 Ulinf‘"

2205 4975 2364 5028 etiam
2398 4945 2451 5028 in
2478 4945 3076 5043 gratiam'posteritatis,
3106 4970 3396 5026 addidisset
3418 4978 3509 5021 cur
3530 4958 3577 5012 in
3595 4945 3727 5045 “fl?”

2206 5064 2382 5135 Potius
2411 5038 2569 5133 quam
2599 5038 2750 5130 alibi;
2785 5062 2836 5115 in
2868 5062 3102 5119 tenebris
3126 5063 3387 5132 ἱθοθτθηί·
3418 5058 3493 5114 An
3519 5050 3568 5106 in

2206 5124 2357 5225 copia
2387 5124 2502 5210 erat
2528 5152 2882 5222 speeularium
2916 5152 3149 5222 lapidum
3168 5194 3185 5220 ,
3214 5155 3303 5224 qui
3333 5154 3490 5210 Luna?
3516 5147 3565 5195 ⁸⁸

2206 5212 2325 5303 ruin
2366 5246 2535 5299 lucem
2559 5212 2633 5297 'in
2674 5243 2946 5299 conclavia
2969 5212 3363 5309 admitterent,
3406 5235 3492 5307 qui
3532 5231 3578 5284 in
3613 5212 3730 5273 Italia

2208 5336 2479 5399 rariores;
2525 5348 2631 5405 quo
2664 5333 2823 5389 ﬁebat
2851 5342 2929 5399 ut,
2958 5334 3157 5388 clausis
3187 5320 3372 5403 ligneis
3400 5315 3649 5383 feneSIris.
3673 5313 3729 5353 ιε·

2204 5428 2383 5482 nebrte
2414 5436 2594 5481 essent
2622 5427 2673 5478 in
2698 5426 3080 5480 conclavibus?
3114 5426 3350 5481 Viderint
3374 5414 3650 5501 doetiores:
3686 5481 3711 5501 Α

2271 5519 2401 5587 Οπινα
2437 5519 2524 5583 Η.
2555 5518 2582 5588 ς
2612 5520 2702 5575 3i.
2742 5517 2835 5571 Vir
2870 5527 2916 5570 et
2950 5518 3152 5588 ingenio
3190 5528 3238 5572 et
3268 5506 3540 5585 elaqueutia
3570 5502 3609 5549 ει
3635 5495 3729 5586 ἱρσξδ

2203 5615 2483 5686 insignibus
2527 5614 2916 5682 muneribusque
2954 5617 3171 5683 fortuna:
3208 5623 3273 5678 et,
3303 5608 3434 5681 quod
3467 5607 3571 5655 ante
3595 5590 3729 5686 caput

2206 5681 2488 5769 esu—mente
2516 5681 2970 5768 prttstuntissintus
3000 5704 3324 5767 Theodorus.
3355 5710 3491 5764 qua"
3517 5689 3622 5741 ι’θηθ
3646 5681 3731 5737 ip”
