3908 6310
570 295 674 353 Ωὶῦ
1455 287 2007 346 SUPPLEMENTUM
2048 288 2139 344 AD

2175 288 2401 344 OI‘ERA
2444 290 2500 345 S.
2546 290 2935 347 AUCL‘STINI.
3679 297 3761 349 221

569 409 729 469 stino,
762 406 910 473 quasi
934 405 1092 459 Ratio
1122 417 1227 459 non
1256 402 1326 455 sit
1350 403 1524 470 patior
1548 402 1834 471 Augustini
1859 418 2000 470 pars.
2037 403 2142 457 To-
2172 412 2219 465 Λ
2246 412 2358 468 rta;
2383 413 2437 460 et
2470 404 2735 474 thymosa,
2768 406 2880 461 sive
2921 420 2951 459 e
2989 403 3168 475 thymo
3195 404 3429 460 collecta.
3464 406 3553 459 Adi
3579 408 3759 468 l‘liuiutn

570 495 841 550 lerabilius
863 495 1067 549 Seneca
1098 492 1248 561 lingit
1278 492 1515 545 Rationis
1541 501 1595 545 et
1626 493 1829 548 Sensus
1855 492 2143 563 dialogum.

568 589 650 641 Ad
680 587 816 650 haec,
847 586 1000 655 quasi
1044 600 1174 639 vero
1202 584 1309 637 duo
1341 583 1627 654 loquantur
1658 584 1927 651 homines,
1956 585 2007 639 in
2038 586 2147 640 dis-

570 676 873 744 putationes
910 685 966 728 et
996 675 1159 729 libros
1189 673 1486 728 dissecatnr
1516 688 1716 739 sermo,
1746 690 1813 729 ne
1850 676 2146 745 delatigcn-

571 778 657 822 tur
689 784 703 820 :
737 781 1120 835 nonnunquam
1158 773 1213 820 et
1242 766 1293 819 in
1340 766 1652 833 sophistica,
1688 766 2017 835 levicu'aque
2060 783 2147 822 ar-

568 861 842 928 gutatione
892 860 1207 929 imploratur
1252 859 1504 912 auxilium
1554 857 1815 912 divinum.
1865 858 2143 915 Lectorem

579 951 799 1020 requirit
831 952 1123 1019 patientem
1151 959 1207 1005 et
1233 950 1541 1005 candidum.

781 1051 830 1106 J.
873 1048 1255 1107 PHEREPONI
1296 1042 1937 1107 ANIMADVERSIONES

1094 1146 1145 1185 IN
1185 1144 1386 1184 εοεοειί
1427 1143 1626 1184 LIBROS.

644 1222 806 1276 Ltsno
828 1237 867 1275 ι.
894 1221 1022 1290 Cap.
1060 1218 1160 1289 l,§
1191 1220 1239 1273 l.
1271 1222 1355 1271 Ait
1386 1218 1513 1272 mihi
1542 1220 1728 1284 subito,
1760 1222 1861 1274 sive
1884 1238 1981 1292 ego
2016 1222 2068 1289 ip
2096 1239 2143 1283 ρ.

571 1317 673 1369 sive
715 1318 849 1369 alius
898 1316 1013 1385 quis
1057 1317 1381 1382 intrinsecus,
1436 1316 1540 1370 sive
1575 1318 1889 1372 extrinsecus
1929 1315 2146 1385 nescio.]

580 1405 702 1459 llrec
724 1407 966 1460 redolent
996 1404 1402 1471 Platonismunt,
1435 1421 1499 1461 ex
1522 1422 1627 1477 quo
1660 1408 1902 1463 homines
1923 1408 2151 1461 rationa-

593 1516 647 1553 es
682 1509 829 1565 sunt,
861 1510 1125 1569 quatenus
1151 1500 1343 1556 divina:
1373 1502 1589 1557 rationis
1628 1501 1943 1572 participes;
1977 1516 2007 1555 a
2044 1516 2145 1571 qua

572 1606 676 1647 non
692 1599 896 1647 tantum
920 1604 1243 1662 acceperunt
1268 1594 1621 1649 substantiam
1644 1594 1815 1665 ipsam
1846 1604 1902 1651 et
1923 1595 2145 1650 faculta-

572 1691 654 1738 tes
669 1683 890 1749 mentis,
921 1684 1015 1739 sed
1037 1685 1196 1740 etiam
1220 1700 1342 1739 cum
1370 1686 1506 1741 bene
1535 1686 1922 1741 ratiocinantur
1938 1687 2145 1739 occulte

570 1786 878 1841 monentur,
912 1778 1062 1846 quasi
1104 1793 1133 1831 a
1172 1779 1452 1848 magistro.
1488 1779 1624 1834 Vide
1652 1778 1843 1833 librum
1889 1777 1958 1833 de
1982 1778 2145 1847 Magi-

572 1877 707 1922 stro.
748 1868 860 1923 lmo
899 1876 956 1924 et
1001 1870 1286 1933 rationem,
1314 1871 1585 1926 abstracto
1630 1878 1946 1940 spectatam,
1998 1885 2147 1926 more

572 1960 848 2015 Platonico
892 1959 1244 2015 substantiam
1283 1974 1405 2016 esse
1449 1961 1585 2027 vult,
1638 1961 1707 2016 de
1748 1960 2146 2017 lmmortalitatc

568 2050 762 2104 animae
792 2049 820 2120 §
853 2049 941 2105 11.
972 2049 1098 2106 Ideo
1126 2050 1455 2121 Augustinus
1480 2052 1744 2107 rationem
1769 2066 1799 2106 a
1829 2065 2008 2107 mente
2051 2066 2144 2104 sna

570 2140 835 2204 distinxit,
884 2155 1107 2210 eamque
1139 2156 1280 2197 acum
1333 2143 1421 2198 illa
1477 2143 1868 2213 colloquentem
1918 2143 2143 2199 induxit.

574 2231 699 2287 llaec
739 2232 1073 2288 observanda
1107 2234 1274 2299 fuero,
1326 2244 1543 2303 propter
1585 2232 1866 2290 censuram
1903 2236 2144 2298 Erasmi;

571 2337 639 2376 ne
678 2322 908 2391 ineptior
948 2333 1059 2379 tum
1102 2323 1262 2379 fuisse
1306 2324 1552 2379 videatur
1594 2325 1940 2394 Augustinus,
1988 2342 2146 2395 quam

573 2428 757 2468 revera
789 2422 927 2469 erat.
963 2414 1082 2469 Alia
1115 2427 1394 2483 possemus
1422 2414 1620 2471 addere
1656 2415 1724 2470 de
1751 2417 1960 2471 ratione
1988 2432 2052 2471 ex
2084 2417 2149 2472 iis

568 2517 690 2571 qua
726 2518 791 2558 ex
823 2502 1097 2559 Clemente
1128 2505 1328 2571 profert
1361 2505 1582 2560 Photius
1616 2506 1739 2562 cod.
1784 2522 1891 2563 ctx.
1923 2508 2149 2565 Caterv-

568 2592 657 2661 qui
701 2609 860 2663 quem
894 2610 999 2649 non
1032 2597 1229 2666 pigeat,
1274 2596 1575 2664 [sedeatque
1616 2599 1971 2666 argutiarum,
2015 2616 2148 2669 quas

567 2701 676 2740 non
707 2687 805 2741 sibi
833 2688 926 2743 sed
958 2689 1151 2743 rationi
1177 2688 1275 2756 ipsi
1303 2689 1522 2744 tribuit?

638 2776 665 2847 ᾗ
692 2777 748 2831 2.
779 2776 920 2833 Deus
940 2780 1026 2848 qui
1061 2780 1253 2833 malum
1279 2795 1381 2834 non
1414 2781 1565 2851 facis,
1597 2791 1646 2835 et
1669 2782 1799 2851 facis
1819 2799 1926 2838 esse
1951 2800 2015 2838 ne
2035 2803 2146 2852 pes-

565 2867 753 2920 simum
779 2867 916 2939 βαι]
960 2868 1072 2922 Hoc
1101 2876 1186 2923 est
1212 2869 1300 2936 qui
1342 2880 1533 2937 sponte
1562 2871 1780 2938 quidem
1827 2880 1914 2924 tua
1944 2873 2141 2926 malum

565 2969 674 3009 non
704 2956 853 3019 lacis,
882 2956 976 3010 sed
1001 2963 1207 3010 tantum
1236 2970 1303 3009 ne
1330 2956 1459 3024 quid
1487 2956 1727 3012 deterius
1751 2957 1981 3011 eveniat.
2012 2958 2142 3025 Qua:

565 3045 852 3110 sententia,
896 3046 996 3099 nisi
1028 3044 1205 3108 l'sllor,
1243 3044 1402 3113 digna
1435 3055 1551 3100 erat
1579 3061 1703 3116 qua:
1738 3055 2137 3104 retraetaretur.

564 3136 699 3201 Quid
728 3134 870 3188 enim
898 3150 928 3188 a
961 3143 1106 3188 recta
1144 3136 1377 3201 ratione,
1410 3134 1807 3207 Scripturisque
1835 3138 2003 3193 sacris
2029 3156 2141 3195 ma-

563 3224 644 3291 gis
672 3221 927 3287 alienum,
958 3237 1116 3291 quam
1164 3220 1326 3276 Deum
1366 3228 1534 3293 facere
1572 3236 1625 3279 ut
1654 3228 1721 3280 sit
1766 3228 1958 3281 malum
1981 3229 2006 3281 .9
2045 3230 2143 3285 sed

564 3313 685 3367 vide
717 3313 896 3380 operis
925 3313 992 3369 de
1013 3312 1215 3369 Ordine
1245 3315 1339 3371 lib.
1372 3331 1428 3380 ll,
1458 3331 1577 3385 cap.
1604 3318 1661 3384 4,
1692 3318 1720 3389 §
1752 3318 1805 3374 5.
1835 3319 2011 3376 Potuit
2036 3321 2141 3376 ali-

563 3418 669 3472 quo
696 3415 855 3457 sensu
901 3402 1007 3459 dici
1040 3403 1181 3459 Deus
1209 3405 1319 3475 pati
1340 3405 1496 3469 mala,
1531 3422 1601 3463 ne
1626 3407 1893 3464 deteriora
1932 3412 2000 3465 ab
2046 3411 2141 3464 bo-

564 3493 795 3549 minibus
830 3495 984 3563 llant,
1028 3510 1148 3550 cum
1189 3510 1249 3550 se
1280 3497 1569 3553 liberarum
1615 3509 1986 3556 creaturarum
2015 3500 2144 3557 all‘e-

563 3585 729 3642 ctioni
759 3594 1071 3656 attemperat
1096 3602 1113 3652 ;
1145 3594 1203 3642 ut
1219 3601 1340 3643 cum
1369 3588 1425 3644 in
1450 3587 1651 3645 Judaeis
1682 3592 1937 3647 toleraret
1963 3591 2143 3646 divor-

566 3678 696 3732 tium
718 3687 772 3733 et
800 3678 922 3733 alia.
956 3677 1060 3733 Sed
1088 3693 1149 3733 ea
1187 3679 1353 3746 facere
1372 3678 1477 3733 dici
1506 3694 1611 3734 non
1636 3691 1844 3748 potest;
1876 3695 1975 3736 nec
2004 3697 2138 3738 sane

565 3771 757 3825 mirum
788 3771 909 3823 talia
942 3770 1052 3825 Deo
1077 3769 1409 3836 ingerentem
1442 3770 1510 3824 ab
1538 3784 1605 3824 eo
1626 3771 1756 3825 nihil
1790 3772 2137 3842 impetrasse;

568 3874 690 3912 nam
715 3859 799 3909 his
816 3856 1025 3910 duobus
1052 3857 1265 3920 libellis,
1287 3857 1480 3925 quibus
1502 3859 1568 3912 ad
1599 3859 1834 3914 divinam
1857 3878 2013 3932 opem
2035 3880 2139 3919 sm-

568 3948 688 4017 pius
697 3946 958 4017 confugit,
970 3947 1095 4014 quid
1112 3947 1323 4003 tandem
1335 3955 1437 4014 est,
1454 3951 1595 4019 quod
1615 3961 1665 4007 te
1680 3953 1872 4022 legisse
1884 3958 2140 4021 gaudeas?

636 4037 767 4106 Cap.
803 4038 890 4103 12,
920 4037 947 4107 §
974 4038 1066 4092 “ll.
1100 4038 1265 4109 Cogor
1309 4041 1562 4096 interdum
1606 4043 1841 4099 Cornelio
1870 4048 2017 4103 Celso
2057 4068 2141 4106 as-

565 4129 763 4192 sentiri,
791 4130 879 4197 qui
903 4131 977 4182 ait
1010 4146 1266 4186 summum
1290 4132 1477 4187 bonum
1503 4150 1610 4188 esse
1628 4137 1955 4207 sapientiam,
1995 4158 2137 4196 sum-

564 4235 702 4273 mum
725 4231 893 4275 autem
920 4223 1114 4275 malum
1140 4223 1369 4281 dolorem
1393 4226 1667 4299 corporis.]
1702 4228 1923 4285 Videtur
1948 4247 2068 4287 esse
2097 4235 2140 4287 is

562 4310 717 4380 cujus
759 4311 1016 4367 habemus
1046 4312 1213 4369 libros
1247 4315 1317 4369 de
1354 4316 1635 4395 Medicina,
1668 4333 1791 4375 nam
1823 4331 1877 4376 et
1911 4323 1980 4379 de
2021 4325 2138 4380 aliis

563 4400 769 4455 artibus
817 4400 1125 4470 scripserat,
1184 4412 1241 4457 ut
1286 4404 1445 4463 docet
1495 4407 1854 4474 Quintilianus
1902 4411 2135 4470 lnstitut.

562 4500 765 4545 orator.
793 4490 885 4545 lib.
918 4506 1015 4555 xu,
1045 4507 1163 4561 cap.
1199 4494 1407 4549 ultimo.
1954 4548 1957 4551 .

635 4584 796 4640 LIBRO
815 4601 874 4640 tt.
905 4585 1037 4655 Cap.
1068 4588 1123 4651 5,
1158 4586 1185 4657 ᾗ
1213 4590 1270 4643 4.
1309 4590 1592 4646 Αὺειιν.1ἱιω
1617 4596 1806 4650 dicitur
1826 4595 2129 4664 falsitatem,

562 4693 717 4745 quam
747 4679 1003 4734 veritatem
1043 4695 1149 4735 esse
1189 4697 1293 4735 non
1332 4684 1524 4755 posse.]
1572 4685 1710 4742 Vere
1747 4687 2021 4752 Erasmus,
2070 4692 2137 4744 ad

563 4783 716 4822 oram
745 4783 856 4825 sua:
881 4770 1155 4840 editionis,
1204 4772 1290 4828 hic
1323 4776 1610 4843 apposuit:
1640 4777 1938 4845 Saphistica
1979 4782 2136 4837 indu-

565 4857 686 4921 (tio.
713 4856 902 4916 Postea
930 4863 1093 4918 etiam
1119 4863 1188 4920 ad
1223 4864 1433 4922 initium
1465 4868 1658 4935 capitis
1686 4872 1960 4939 sequentis
1992 4890 2004 4926 :
2040 4874 2138 4930 So-

566 4944 865 5014 plu'sticatur
889 4960 934 5003 et
956 4953 1037 5009 hic
1058 4955 1121 5009 de
1144 4970 1260 5010 vero
1293 4965 1341 5011 et
1361 4956 1519 5026 falso.
1550 4958 1796 5015 Profecto
1824 4976 1930 5016 non
1955 4963 2133 5031 snphi-

566 5046 646 5091 sta
678 5044 907 5128 tantum,
933 5043 1026 5095 sed
1057 5050 1441 5117 propemodum
1470 5052 1684 5123 ineptus
1710 5053 2019 5122 haberetur,
2049 5059 2135 5128 qui

567 5127 692 5183 talia
717 5126 874 5182 hodie
898 5131 1178 5188 scriberet.

633 5218 767 5289 Cap.
792 5217 847 5285 6,
872 5219 899 5290 §
926 5221 1014 5278 12.
1049 5222 1155 5277 Mel
1182 5226 1460 5297 thyminum
1486 5250 1519 5287 a
1549 5237 1696 5291 meL'e
1715 5238 1989 5312 thyminm]
2014 5241 2138 5295 Era-

562 5328 712 5367 smus
742 5312 828 5368 hic
859 5312 1016 5369 habet
1042 5314 1095 5370 in
1116 5330 1207 5370 ora
1236 5334 1252 5376 :
1282 5336 1301 5370 ι
1340 5321 1585 5390 Virgilius
1611 5345 1623 5379 :
1649 5328 1997 5398 Redolentqtte
2018 5334 2137 5403 thy-

565 5421 643 5457 ιιιο
668 5405 956 5477 fragrantia
982 5407 1155 5462 mella.
1199 5408 1343 5467 Alias
1381 5412 1713 5483 Hymetinum
1754 5430 1808 5474 et
1844 5422 2133 5493 Hymetino,

564 5494 659 5545 sed
698 5497 866 5551 altera
912 5496 1068 5577 lectio
1096 5500 1267 5569 magis
1304 5502 1583 5571 probatur.
1617 5524 1635 5557 ι
1667 5507 1793 5563 llaec
1824 5510 1935 5566 ille.
1978 5512 2137 5569 Minor

563 5584 834 5641 varietatis
860 5589 1017 5659 hujus
1048 5608 1153 5646 non
1182 5594 1490 5650 meminisse
1514 5596 1749 5652 editores
1784 5599 2132 5658 Parisieusrs.

563 5671 799 5730 Celebris
825 5675 1033 5735 luerunt
1064 5683 1221 5740 mella
1252 5684 1537 5756 Hymettia,
1573 5704 1601 5742 a
1634 5697 1815 5745 monte
1839 5690 2028 5747 Atticae
2051 5693 2133 5749 di-

2254 494 2387 549 llist.
2418 502 2527 548 nat.
2557 494 2650 548 lib.
2682 511 2755 557 st,
2788 510 2909 568 cap.
2942 497 3006 549 15
3027 504 3079 549 et
3106 510 3252 566 seqq.

2727 605 3366 661 ANIMADVERSIONES

2489 701 2537 739 IN
2578 702 2767 741 LIBRUI
2809 702 2875 739 DE
2914 700 3341 739 ιιιιιοιιτΑιιτΑτις
3378 701 3566 743 ANJIll-l.

2314 777 2447 846 Cap.
2483 777 2585 846 ᾗῇ
2616 779 2663 832 1.
2692 777 2751 833 Si
2793 779 2985 832 alicubi
3028 786 3100 832 est
3140 776 3432 846 disciplina,
3472 794 3555 830 nec
3578 793 3669 832 esse
3692 782 3767 833 nisi

2249 869 2300 922 in
2332 885 2390 921 eo
2418 869 2555 936 quod
2586 870 2704 923 vicit
2736 877 2899 939 potest
2929 879 2975 923 et
3016 883 3213 938 semper
3240 875 3336 933 est,
3362 883 3512 935 neque
3533 869 3765 937 quidquam

2248 961 2300 1014 in
2330 976 2428 1029 quo
2458 961 2581 1030 quid
2610 975 2805 1027 semper
2826 968 2899 1013 est
2935 968 3095 1029 potest
3119 973 3229 1013 esse
3253 972 3355 1013 non
3383 973 3591 1024 semper,
3612 974 3766 1023 semper

2251 1051 2366 1103 vivit
2412 1051 2464 1103 in
2494 1066 2592 1117 quo
2624 1034 2699 1104 est
2739 1047 3061 1119 disciplina.]
3099 1046 3265 1115 Quasi
3313 1061 3438 1100 vero
3468 1038 3564 1100 non
3602 1059 3765 1115 possnl

2248 1152 2369 1193 esse
2415 1138 2466 1193 in
2510 1139 2782 1194 intellectu
2824 1138 2913 1193 Dei
2962 1137 3094 1192 idea:
3130 1137 3546 1205 disciplinarum,
3573 1138 3765 1205 quamvis

2250 1230 2410 1284 nullae
2453 1238 2636 1284 essent
2681 1230 2975 1285 erraturtel
3008 1226 3120 1283 lmo
3164 1227 3398 1290 fuerunt,
3442 1235 3561 1281 ante
3583 1225 3768 1279 creatio-

2250 1333 2395 1374 nem.
2451 1319 2734 1382 Prmterea,
2780 1317 2899 1387 quis
2942 1317 3110 1371 nescit
3157 1314 3573 1385 distinguendam
3604 1313 3768 1369 absent.

2250 1417 2392 1463 ctam
2425 1408 2722 1477 cuiuspiam
2752 1409 2829 1464 rei
2870 1407 3065 1474 ideam,
3108 1421 3171 1462 ac
3196 1407 3503 1467 veritatem;
3533 1404 3592 1459 ab
3614 1406 3766 1459 aetuui

2250 1498 2575 1568 cogitatione
2604 1498 2671 1554 de
2697 1497 2961 1566 ejusmodi
2992 1497 3131 1565 idea,
3166 1507 3261 1552 aut
3286 1494 3537 1551 veritate?
3563 1491 3765 1548 ldezet'e-

2251 1588 2540 1657 ritatrsque
2576 1589 2864 1644 absuacta:
2894 1596 3110 1643 aeternae
3136 1585 3401 1649 dicantur,
3429 1581 3561 1655 quod
3588 1582 3679 1638 sint
3699 1599 3768 1637 n.1-

2248 1686 2365 1732 tura
2390 1692 2486 1732 sua
2527 1677 2923 1744 immutabiles;
2951 1678 3044 1732 sed
3069 1676 3189 1747 quis
3222 1676 3347 1732 inde
3371 1675 3578 1746 colligat
3605 1673 3767 1728 animos

2179 1765 2223 1826 Β
2248 1766 2315 1822 de
2341 1768 2405 1822 iis
2431 1770 2730 1838 cogitantes
2761 1781 2883 1824 esse
2927 1776 3184 1835 mternos,
3220 1776 3413 1837 praeter
3452 1778 3616 1820 meros
3648 1779 3768 1831 argu-

2254 1859 2489 1915 tatorcs‘l
2548 1858 2748 1915 Eadem
2789 1873 2977 1929 opera,
3034 1858 3287 1929 colligere
3324 1856 3574 1924 potuisset
3620 1855 3768 1908 animis

2251 1950 2497 2006 humanis
2536 1951 2741 2006 nullum
2776 1950 2941 2006 fuisse
2981 1950 3214 2004 initium.
3251 1948 3354 2007 Sed
3387 1947 3505 2002 talia
3541 1945 3765 2000 rat'ocinzt-

2250 2043 2453 2097 tionum
2484 2043 2713 2098 ludibria
2737 2057 2842 2097 non
2870 2058 3160 2098 moramur.

2321 2132 2452 2203 C8D.
2489 2134 2543 2198 7.
2574 2134 2601 2205 ᾗ
2638 2131 2722 2189 19.
2770 2134 2936 2188 Nulla
2970 2127 3202 2203 prwrisio
3231 2131 3461 2202 perducit
3493 2128 3558 2182 ad
3580 2126 3765 2181 nihilum.

2254 2225 2432 2279 Omnis
2455 2226 2587 2278 cnim
2621 2243 2741 2293 pars
2762 2242 2876 2297 qua:
2902 2235 3123 2279 remanet
3163 2239 3349 2293 corpus
3384 2233 3480 2290 est,
3506 2229 3550 2274 et
3575 2219 3769 2288 qu’dquil

2250 2314 2347 2367 hoc
2386 2323 2460 2369 est
2514 2316 2823 2383 quantolibet
2869 2316 3034 2386 spatio
3076 2315 3243 2367 locum
3299 2310 3556 2382 orcupal.]
3600 2307 3769 2360 Vereri

2251 2414 2429 2460 acute.
2466 2404 2598 2460 llinc
2614 2406 2869 2474 colligere
2898 2405 3069 2475 potuit
3100 2401 3451 2457 substantiam
3482 2398 3696 2467 corporis
3714 2400 3766 2446 n-

2251 2496 2399 2552 ribus
2428 2495 2675 2550 humanis
2726 2496 2942 2551 interire
2970 2508 3189 2564 prorsus
3228 2507 3333 2547 non
3376 2505 3551 2559 posse,
3579 2487 3657 2542 sed
3683 2497 3764 2536 tan-

2251 2596 2361 2641 tum
2392 2588 2609 2642 mutari.
2642 2587 2731 2644 Sic
2750 2596 2929 2655 posset
2961 2585 3075 2641 lieri
3102 2594 3203 2640 uta
3227 2584 3492 2641 creaturis
3530 2588 3764 2635 mutaretur

2250 2662 2491 2731 nonnihil
2521 2678 2572 2732 in
2603 2677 2897 2731 substantia
2930 2675 3123 2729 mentis
3143 2717 3156 2739 ,
3184 2689 3307 2744 qua:
3338 2681 3512 2726 tamen
3545 2676 3765 2740 proptvrea

2248 2771 2415 2828 deleri
2441 2786 2595 2842 posse
2621 2769 2887 2827 censenda
2909 2783 3012 2823 non
3040 2777 3143 2824 est.

2719 2880 3360 2937 ANIMADVERSIONES

2555 2976 2606 3013 IN
2638 2974 2829 3014 ιιιῐιυιι
2862 2975 2927 3013 DE
2956 2974 3296 3022 QUANTITATB
3326 2973 3513 3014 ANIIB.

2321 3049 2451 3119 Cap.
2485 3052 2538 3123 1,
2583 3050 2697 3121 52.
2730 3048 2876 3103 Unde
2914 3051 2979 3104 sit
3028 3048 3253 3121 animm]
3304 3050 3467 3119 llujus
3510 3042 3760 3117 quastiouis

2171 3113 2217 3175 Ο
2248 3156 2440 3197 sensus
2485 3122 2620 3206 erat,
2662 3156 2731 3196 an
2762 3156 2790 3195 a
2824 3142 2933 3197 Deo
2963 3154 3142 3198 creata
3172 3146 3251 3199 sil.
3283 3144 3474 3206 anima,
3500 3155 3561 3192 an
3590 3146 3764 3192 acterna.

2246 3248 2312 3290 an
2346 3247 2450 3286 una
2479 3247 2601 3286 cum
2631 3247 2855 3302 corpore
2897 3248 2963 3288 ex
3011 3234 3237 3290 traduce
3286 3239 3546 3289 nascatur.
3578 3226 3665 3282 Sed
3691 3227 3766 3275 Αν·

2243 3323 2486 3391 gustinus
2515 3324 2784 3378 rhetorice
2812 3336 2929 3379 eam
2961 3324 3123 3380 solvit
3160 3335 3263 3380 aut
3286 3324 3471 3391 eludit,
3501 3318 3635 3391 quasi
3655 3328 3764 3383 qum-

2247 3423 2476 3478 reretur,
2504 3428 2623 3483 qua:
2670 3416 2839 3482 patria
2879 3413 2951 3470 sit
2987 3417 3213 3482 animae;
3272 3414 3409 3487 quod
3447 3412 3557 3483 quis
3584 3418 3764 3475 unquam

2244 3505 2568 3560 somniavit?

2318 3595 2451 3650 Ibid.
2488 3595 2548 3652 Si
2576 3611 2808 3666 pergeres
2833 3612 3058 3667 quazrere
3087 3598 3221 3651 unde
3263 3601 3370 3669 ipsa
3393 3606 3539 3659 terra,
3560 3590 3626 3645 rel
3643 3600 3763 3651 σφισι

2244 3690 2320 3743 rel
2346 3705 2453 3752 aer,
2481 3689 2559 3741 vel
2584 3689 2714 3758 ignis
2731 3697 2977 3753 constent,
3003 3676 3133 3743 nihil
3136 3693 3261 3762 jam
3281 3690 3413 3760 quod
3435 3689 3631 3741 dicerem
3652 3690 3757 3744 γερα-

2243 3776 2445 3850 rirem.]
2475 3778 2732 3834 Omnibus
2762 3788 2941 3834 tamen
2975 3788 3158 3835 notum
3187 3790 3314 3838 erat
3340 3787 3574 3836 constare
3598 3784 3651 3825 ea
3671 3766 3761 3820 ﬁcta

2242 3871 2505 3927 elementa
2531 3871 2771 3925 omnium
2796 3885 2976 3927 rerum
3008 3872 3312 3928 innumeris
3332 3868 3575 3942 partibus,
3598 3864 3641 3915 in
3660 3868 3757 3927 (11⁸³⁵

2243 3962 2435 4019 resolvi
2467 3971 2709 4032 possunt.
2733 3961 2885 4028 Quod
2908 3968 2951 4017 si
2975 3964 3079 4019 dici
3109 3976 3296 4034 posset
3322 3966 3387 4018 de
3412 3966 3595 4024 mente,
3620 3959 3756 4006 actum

2241 4063 2385 4109 e-set
2416 4054 2483 4109 de
2516 4054 2631 4122 ejus
2661 4053 3080 4110 immortalitate.
3120 4055 3225 4110 Sed
3277 4067 3481 4116 eorum,
3523 4045 3602 4116 qui
3624 4039 3755 4095 minus

2242 4157 2489 4202 accurate
2531 4146 2999 4218 pltilosOpbantur,
3042 4150 3472 4218 comparationes
3515 4140 3573 4195 ad
3618 4134 3752 4187 vivum

2242 4238 2547 4292 resecandae
2578 4253 2685 4292 non
2727 4247 2873 4292 sunt.
2909 4239 3061 4305 Quod
3108 4240 3194 4295 hic
3230 4238 3525 4297 faciendum
3557 4241 3645 4285 non
3667 4232 3756 4278 esse

2242 4327 2428 4396 “illm.
2470 4343 2536 4382 ex
2581 4344 2649 4383 eo
2689 4330 2830 4400 quod
2868 4331 3216 4401 Augusunus,
3259 4342 3486 4388 mentem
3535 4322 3756 4377 extensam

2242 4433 2363 4475 esse
2388 4431 2566 4491 neget,
2592 4421 2644 4475 in
2674 4423 3041 4491 sequentibus.

2169 4475 2214 4532 υ
2314 4475 2523 4580 Cap-3,
2612 4511 2664 4565 4.
2704 4475 3115 4568 silicernium:
3157 4518 3283 4570 sat’s
3312 4512 3425 4583 est.]
3457 4504 3629 4563 Facilis
3657 4505 3755 4549 sane

2244 4600 2340 4654 fuit
2359 4598 2614 4663 Evodius,
2645 4602 2732 4670 qui
2764 4609 2868 4655 tam
2894 4603 3075 4672 paucis
3095 4603 3195 4658 sibi
3222 4599 3467 4658 satisﬁeri
3494 4599 3657 4665 p.tssus
3677 4586 3752 4681 ea.

2242 4690 2309 4744 de
2339 4692 2632 4758 quaastione
2652 4695 2817 4763 qualis
2844 4696 2910 4748 sit
2938 4697 3131 4749 anima.
3163 4696 3269 4752 Sed
3299 4692 3531 4753 eamdem
3564 4680 3753 4737 inventos

2244 4790 2520 4835 tractatam
2549 4783 2601 4836 in
2640 4785 2805 4849 altera
2844 4789 3160 4854 quzeStione,
3193 4787 3263 4843 de
3288 4782 3569 4857 quantitate
3586 4767 3751 4857 anima.

2314 4873 2447 4930 Ibid.
2482 4872 2707 4945 Ideoque
2726 4877 2847 4930 bene
2868 4878 3189 4949 prwcipitur,
3210 4853 3362 4933 etiam
3390 4876 3442 4928 in
3466 4856 3695 4937 mysteriis,
3714 4853 3750 4949 tu

2244 4968 2412 5019 omnia
2444 4983 2685 5037 carparea
2725 4976 3042 5031 contemnat,
3085 4971 3416 5038 universaque
3456 4958 3564 5015 huic
3605 4937 3749 5048 ηξαιῖάθ

2241 5056 2539 5129 renuntiet.]
2570 5058 2782 5113 Benein
2804 5060 3043 5129 margine
3073 5060 3324 5116 Erasmus
3353 5042 3603 5110 adnotavit
3626 5030 3749 5135 ἱξιιθξ·

2242 5151 2425 5217 ptismo
2449 5164 2468 5201 :
2492 5158 2673 5202 notum
2714 5149 2854 5202 enim
2884 5158 2965 5203 est
3003 5152 3314 5206 renuntiare
3341 5144 3538 5206 solitos,
3576 5126 3661 5217 qui
3675 5120 3748 5217 ως

2246 5200 2495 5305 tam...
2524 5200 2878 5307 accipiebant,
2894 5200 3383 5297 naggazg‘arua
3407 5200 3611 5305 pomois-
3633 5200 3748 5313 Qui“

2246 5328 2676 5385 fetciebantetiam
2692 5331 2967 5386 infantium
2983 5341 3345 5403 susceptores,
3362 5334 3535 5383 eorum
3556 5309 3743 5403 Ito-Illi"?

2245 5431 2297 5473 ut
2327 5429 2549 5475 testatur
2575 5422 2899 5490 Augustinus
2934 5424 3025 5478 lib.
3065 5390 3285 5479 de'Pec.
3319 5390 3527 5485 origin"
3559 5394 3682 5473 “5’
3709 5390 3747 5436 ⁸³

2246 5513 2377 5613 liblt
2409 5513 2798 5613 delNup‘t’iis'e-t
2820 5513 3132 5613 Concupis.,
3158 5500 3620 5613 cap.20,.§‘93;m
3653 5560 3748 5613 nam

2313 5601 2443 5671 Cap.
2476 5602 2530 5668 t,
2564 5576 2673 5673 §'5.
2712 5602 2955 5661 Placetne
2994 5576 3083 5658 ia.-
3114 5576 3169 5657 ὲιι
3199 5576 3370 5673 ipsum
3397 5585 3621 5660 iustitiam
3653 5576 3750 5673 mill:

2246 5711 2351 5751 esse
2385 5695 2650 5750 credamus
2673 5693 2717 5765 ?]
2748 5695 2839 5752 Est
2868 5686 3021 5767 plant.
3073 5695 3228 5765 nihil,
3265 5693 3309 5752 si
3350 5682 3629 5745 conteratur
3662 5664 3754 5714 ευιῖλ
