3908 6320
60 348 234 412 Ξξε

825 338 1178 395 VARIORUM
1219 332 1811 391 EXERCITA'I‘ION'ES
1852 333 1915 386 IN
1955 333 2010 390 S.
2057 333 2424 391 AUGUSTINI
2463 335 2712 391 OPERA.
3297 341 3400 399 £26

51 462 466 531 aubstantia;
514 471 637 513 nam
668 455 876 525 ju5lilia
928 454 981 507 in
1011 455 1276 506 abstracto
1321 458 1576 516 misrpiain
1610 456 1713 511 est,
1748 450 1787 505 Α
1820 465 2006 502 munes
2036 451 2461 519 pronuntiemus,
2492 458 2544 504 et
2568 466 2724 519 quam
2753 467 2912 520 prave
2955 469 3140 510 versus
3173 473 3400 525 praeser-

58 557 244 618 —’ll5i
273 555 324 608 in
380 552 562 604 animo
611 561 731 601 eam
779 543 1144 612 intelligentis.
1195 542 1300 595 Sed
1346 541 1604 593 Platonici
1649 544 1715 592 de
1819 540 1910 592 tim
1945 539 2212 607 legamus:
2241 543 2360 608 quis
2390 540 2532 594 enim
2562 540 2702 595 inter
2728 542 3050 611 loquendum
3083 547 3236 600 aliter
3267 549 3396 615 pom!

63 649 275 707 ﬁdeis
303 641 678 711 loquebamur,
703 635 854 705 quasi
882 635 948 688 de
977 633 1307 688 substantiis.
1817 638 1908 683 aut
1929 647 2055 696 pone
2082 631 2428 698 pronuntiare
2456 631 2638 686 solet?

217 739 339 803 Cap.
368 735 421 796 7,
447 729 476 799 §
507 730 596 782 1'2.
633 724 936 779 Auctoritati
977 722 1178 776 credere
1205 736 1446 791 niagnum
1477 734 1717 785 compen—

147 831 282 881 dium
295 832 388 888 est,
407 830 452 874 et
471 819 643 873 nullus
665 817 830 881 labor,
853 813 980 869 elc.|
1000 814 1104 869 Sed
1123 818 1269 883 prius
1290 814 1402 881 ipsa
1421 812 1508 865 illa
1534 820 1717 863 aucto-

167 923 276 975 ritas
302 911 656 984 expendenda
695 917 799 972 est,
823 922 981 975 quam
1022 907 1072 960 ei
1107 905 1265 959 ﬁdem
1287 902 1606 964 habeamus;
1647 900 1715 953 ita

170 1020 214 1064 ut
248 1010 289 1064 ei
327 1021 418 1076 per
454 1001 633 1058 omnia
678 1000 982 1065 credamus,
1024 996 1148 1067 quia
1198 997 1352 1050 nobis
1392 991 1716 1047 indubitatis

169 1096 471 1170 argumentis
503 1101 718 1147 constat
745 1106 865 1146 eam
899 1104 998 1144 nec
1025 1088 1157 1155 falli,
1188 1103 1288 1142 nec
1318 1087 1526 1142 fallere.
1568 1085 1714 1138 Aliu-

172 1195 243 1264 qui
277 1191 491 1246 stultum
540 1194 685 1241 esset
713 1184 761 1239 ei
800 1182 1167 1238 credulitatem
1197 1197 1346 1234 suam
1378 1179 1648 1244 addicere,
1688 1191 1718 1231 a

171 1298 252 1353 qua
279 1294 459 1334 verum
495 1277 598 1331 dici
630 1274 777 1328 nulla
815 1274 1024 1327 ratione
1052 1277 1344 1326 constaret.
1378 1269 1473 1326 Sin
1519 1270 1716 1333 minus,

176 1372 352 1428 barbari
387 1385 579 1424 omnes
605 1367 806 1438 populi,
853 1367 942 1436 qui
973 1365 1338 1421 sacerdotibus
1372 1375 1462 1417 aut
1499 1363 1718 1432 majori-

175 1472 255 1526 bus
276 1468 380 1523 suis
421 1477 528 1520 tam
562 1464 728 1518 multa
759 1471 959 1518 temere
987 1462 1233 1525 credunt,
1264 1467 1410 1514 recte
1440 1459 1612 1512 facere
1639 1458 1720 1509 di-

173 1559 301 1614 cendi
329 1567 526 1613 essent.
556 1551 967 1622 Compendiaria
988 1551 1068 1604 via
1097 1552 1254 1605 etiam
1285 1550 1713 1619 progrediuntur,

173 1657 247 1709 sed
276 1664 326 1706 ut
352 1652 415 1705 ad
444 1650 621 1703 omnis
647 1649 858 1718 generis
895 1659 1106 1700 errores
1138 1647 1469 1713 perveniant,
1502 1657 1565 1696 ex
1599 1643 1716 1709 qui-

173 1747 252 1799 bus
277 1756 537 1811 nunquam
584 1754 702 1793 sese
730 1736 1038 1805 expediunt.
1083 1735 1264 1802 itaque
1303 1747 1492 1786 cavere
1525 1745 1713 1784 omnes

1889 722 2016 790 Cap.
2045 724 2129 782 lt).
2164 722 2189 792 ᾗ
2219 723 2303 775 l7.
2334 722 2526 788 Sesque
2555 723 2913 790 appellantur,
2955 726 3040 778 ubi
3066 727 3168 778 duo
3197 731 3396 780 numeri

1817 812 1884 864 ad
1909 826 1964 864 se
1981 828 2038 865 ea
2064 814 2262 866 ratione
2282 813 2452 880 aﬂ'ecti
2470 824 2605 880 sunt,
2632 823 2687 866 ut
2720 825 2792 867 tot
2809 824 2980 885 partes
3009 818 3186 871 habeat
3214 819 3282 870 ad
3303 821 3400 870 mi-

1818 915 1989 955 norem
2020 902 2205 971 major,
2235 911 2386 970 quota
2415 913 2559 972 parte
2597 905 2678 956 sui
2709 920 2820 956 eum
2849 907 3182 972 praecedit....
3211 907 3398 962 Nomi-

1821 994 1898 1047 nis
1928 1004 2090 1048 autem
2120 995 2274 1064 hujus
2296 993 2540 1064 originem
2567 1013 2666 1049 non
2690 998 2842 1064 facile
2865 998 3102 1067 dixerim,
3129 1000 3229 1052 nisi
3269 1005 3400 1069 forte

1819 1099 2010 1154 sesque
2027 1087 2171 1154 quasi
2186 1101 2245 1140 se
2265 1087 2465 1154 absque
2495 1089 2706 1152 dictum,
2736 1089 2790 1140 id
2811 1100 2905 1154 est,
2937 1090 3136 1160 absque
3165 1107 3246 1158 se,
3273 1095 3396 1162 quia

1819 1181 2037 1247 qunque
2063 1178 2129 1230 ad
2161 1188 2398 1245 quatuor,
2425 1180 2612 1246 absque
2627 1179 2808 1247 quinta
2829 1191 2974 1250 parte
2994 1199 3087 1234 sua
3117 1188 3280 1254 major
3301 1184 3396 1236 hoc

1819 1270 2041 1340 estquod
2064 1268 2271 1342 minor.]
2302 1270 2406 1326 Sed
2435 1288 2538 1324 non
2567 1273 2810 1341 quinque,
2840 1288 3022 1327 verum
3052 1291 3160 1338 sex.
3196 1284 3278 1329 est
3302 1293 3401 1330 nu-

1821 1376 1998 1415 merus
2023 1371 2308 1429 sesquatus,
2332 1361 2377 1414 si
2406 1376 2526 1414 cum
2572 1370 2793 1431 quatuor
2839 1363 3167 1417 conferatur.
3217 1365 3399 1433 itaque

1822 1453 2012 1507 merito
2035 1454 2172 1507 hanc
2197 1454 2475 1521 Augustini
2509 1453 2887 1523 etymologiam
2911 1454 3257 1522 reprehendit
3286 1454 3395 1510 Jul.

1817 1543 1954 1597 Caes.
1987 1543 2223 1611 Scaliger
2254 1545 2343 1598 lib.
2378 1560 2412 1598 ll
2445 1545 2511 1597 de
2554 1547 2627 1598 lle
2651 1547 2881 1614 poetica,
2907 1561 3026 1614 cap.
3059 1545 3153 1614 26,
3185 1546 3274 1616 qui
3299 1562 3398 1615 pu-

1821 1645 1893 1688 tat
1923 1637 2088 1704 sesqui
2113 1635 2215 1690 dici
2249 1652 2342 1704 pro
2397 1639 2548 1689 semis
2599 1653 2825 1705 aequum,
2860 1638 3001 1706 quod
3057 1638 3198 1692 idem
3240 1640 3306 1692 sit
3337 1653 3400 1693 ac

1819 1728 2057 1796 ἡμιιλιον.
2091 1726 2196 1781 Sed
2228 1727 2351 1781 Ger.
2378 1727 2531 1780 Joan.
2557 1727 2779 1781 Vossius
2811 1727 3016 1781 felicius
3038 1729 3265 1798 conjecit
3295 1747 3401 1782 ses-

170 1843 372 1904 oportet,
395 1806 587 1900 quibus
617 1827 766 1882 cordi
796 1835 876 1880 est
903 1825 1203 1879 Christiana
1242 1823 1447 1891 religio,
1480 1837 1545 1874 ne
1575 1823 1713 1875 idem
1749 1806 1792 1865 Β
1823 1818 1908 1882 qui
1939 1819 2054 1883 (aut
2079 1833 2272 1884 sesque,
2324 1827 2380 1869 ut
2426 1817 2679 1870 srribitur
2711 1817 2798 1871 hic
2841 1816 2978 1884 apud
3020 1819 3400 1886 Augustinum)

169 1926 612 1981 cilundamentum
652 1929 869 1990 ponant,
923 1931 1029 1986 quo
1078 1915 1300 1968 maximi
1345 1925 1398 1967 et
1429 1913 1720 1982 turpissimi

167 2019 337 2088 quique
369 2027 583 2070 errores
618 2012 878 2066 nituntur.
919 2007 1233 2062 Accuratius
1263 2005 1496 2074 loquitur
1540 2006 1722 2071 Augu-

165 2109 315 2163 stinus
344 2106 395 2160 in
432 2104 572 2158 libro
612 2103 679 2155 de
711 2101 847 2156 Vera
881 2099 1177 2168 lleligione,
1211 2096 1237 2166 §
1269 2095 1339 2149 45
1369 2114 1378 2146 :
1410 2093 1717 2157 Auctoritas,

165 2198 331 2267 inquit,
365 2196 514 2265 ﬁdem
537 2193 736 2262 ﬂagitat
762 2200 809 2245 et
830 2191 1015 2242 rationi
1038 2201 1289 2259 prwparat
1313 2185 1590 2238 hominem.
1619 2183 1721 2236 Ra-

165 2291 230 2341 tio
268 2286 328 2340 ad
375 2284 706 2338 intellectum
750 2280 1215 2349 cognitionemque
1248 2275 1507 2344 perducit.
1544 2273 1722 2340 Quan-

160 2376 299 2450 quam
342 2393 501 2443 neque
541 2375 896 2428 auctoritatem
940 2371 1074 2424 ratio
1105 2370 1304 2439 penitus
1352 2366 1557 2430 deserit,
1607 2381 1719 2417 cum

157 2473 488 2524 consideratur
527 2467 610 2519 cui
654 2468 719 2519 sit
756 2464 1098 2527 credendum;
1140 2472 1185 2516 et
1231 2469 1365 2514 certe
1403 2475 1603 2513 summa
1649 2467 1721 2511 est

156 2565 302 2630 ipsius
316 2565 427 2633 jam
449 2560 663 2630 cognitio
688 2568 838 2624 atque
864 2556 1142 2627 perspicua:
1167 2554 1392 2607 veritatis
1414 2551 1717 2605 auctoritas.

216 2656 342 2722 Cap.
385 2653 475 2718 30,
513 2651 540 2720 §
581 2652 646 2703 59
674 2666 686 2700 :
711 2647 903 2703 Sensus
948 2656 1019 2699 est
1061 2644 1287 2714 corporis
1325 2644 1493 2710 passio
1547 2658 1634 2710 per
1668 2656 1723 2694 se

153 2747 308 2813 ipsam
349 2760 447 2796 non
475 2740 642 2793 latens
679 2735 953 2806 animum”l
994 2734 1124 2789 Post
1168 2743 1246 2787 tot
1277 2734 1436 2788 verba
1467 2732 1626 2797 facta,
1655 2731 1723 2786 de

151 2832 454 2888 deﬁnitione
473 2845 686 2896 sensus,
709 2828 904 2882 mirum
927 2836 1009 2882 est
1032 2825 1306 2880 meliorem
1330 2837 1435 2878 non
1462 2837 1582 2877 esse
1604 2836 1727 2891 pro-

151 2925 327 2990 latam,
361 2938 482 2977 cum
513 2922 815 2991 praesertim
852 2918 1178 2988 Augustinus
1211 2916 1379 2985 probe
1400 2916 1564 2970 sciret
1603 2914 1720 2966 ani-

151 3035 288 3071 mum
320 3017 541 3080 sentire,
573 3030 679 3069 non
721 3029 936 3083 corpus.
977 3011 1171 3066 Sensus
1203 3009 1403 3078 duplici
1444 3007 1718 3077 signiﬁca-

153 3112 292 3162 tione
318 3108 507 3162 dicitur
541 3122 558 3161 :
584 3116 666 3162 est
693 3106 833 3161 enim
877 3102 1164 3172 aliquando
1198 3101 1311 3171 ipsa
1340 3098 1609 3156 sentiendi
1641 3099 1722 3152 fa-

1827 1907 1965 1960 ideni
1997 1907 2155 1959 luisse
2177 1921 2238 1959 ac
2261 1907 2511 1974 semisque
2537 1923 2628 1959 seu
2661 1917 2705 1958 et
2728 1908 2895 1969 semis,
2924 1909 2990 1959 ita
3019 1919 3073 1959 ut
3099 1925 3194 1972 que
3222 1922 3404 1975 reSpc-

1825 2005 1968 2049 ctum
2000 1996 2191 2050 habeat
2219 1997 2283 2050 ad
2315 2005 2503 2060 toturn,
2538 1998 2622 2055 cui
2649 2001 2797 2051 semis
2827 2000 3224 2068 superadditur,
3259 2001 3402 2055 unde

1826 2088 2027 2143 Crtecis
2055 2090 2298 2160 ἡμιόλιον,
2329 2096 2492 2141 totum
2523 2099 2569 2142 et
2591 2089 2763 2142 semis.

1895 2178 2057 2233 Ltnno
2081 2195 2138 2233 ll.
2157 2179 2286 2247 Cap.
2311 2180 2360 2242 Ι,
2389 2177 2415 2248 §
2451 2180 2501 2234 l.
2551 2178 2701 2233 Scias
2723 2179 2867 2232 velim
2894 2189 3050 2234 totam
3074 2181 3218 2234 illam
3240 2182 3402 2235 scien-

1827 2271 1970 2335 tiam,
2004 2284 2117 2338 qua:
2158 2271 2503 2337 grammatica
2531 2267 2727 2336 Greece,
2759 2268 2943 2323 Latine
2990 2282 3159 2324 autem
3201 2271 3404 2326 littera-

1827 2373 1940 2415 tura
1987 2364 2300 2430 nominatur,
2352 2363 2581 2416 historia:
2627 2365 2912 2417 custodiam
2967 2365 3217 2432 proﬁteri,
3267 2365 3397 2436 etc.j

1829 2451 2059 2505 Historia
2087 2451 2172 2506 hic
2200 2451 2401 2505 dicitur
2428 2452 2663 2521 cognitio
2691 2454 2771 2506 rei
2804 2454 3121 2521 cuiuspiam,
3145 2470 3265 2524 quae
3297 2471 3403 2512 non

1827 2542 2023 2608 pendet
2065 2557 2094 2596 a
2125 2543 2553 2609 ratiocinatione,
2596 2543 2690 2597 sed
2735 2543 2802 2596 ab
2835 2545 3108 2598 hominum
3158 2546 3401 2600 arbitrio.

1827 2632 1990 2686 Paulo
2015 2642 2134 2702 post
2163 2633 2564 2701 grammaticus,
2598 2634 2798 2687 docens
2841 2636 3099 2703 syllabam
3139 2651 3258 2690 esse
3289 2636 3404 2690 lon-

1826 2740 1944 2793 gam
1973 2735 2064 2777 aut
2095 2726 2332 2789 brevem,
2364 2724 2562 2777 dicitur
2589 2739 2711 2778 esse
2753 2736 2922 2779 custos
2963 2727 3211 2789 historias,
3248 2728 3406 2780 ninni-

1828 2831 1945 2869 rum
1977 2829 2106 2867 usus
2162 2813 2358 2883 lingua:
2398 2813 2600 2868 Latiare
2629 2823 2720 2868 aut
2762 2814 2963 2868 Grzecze
3001 2815 3083 2869 de‘
3113 2816 3407 2884 quantitate

1795 2939 1802 2946 -
1828 2908 2175 2977 syllabarum.

1900 2998 2062 3051 [anno
2090 3013 2166 3051 tn.
2193 2994 2323 3065 Cap.
2359 2997 2408 3062 l,
2441 2995 2467 3064 §
2496 2994 2550 3050 2.
2585 2996 2894 3066 Rhgthmus,
2922 2997 2976 3049 id
3003 3007 3077 3051 est
3116 2997 3406 3070 numerus.]

1827 3091 1951 3145 Scio
1973 3089 2186 3159 quidem
2219 3088 2268 3142 id
2298 3088 2436 3158 quod
2466 3088 2650 3142 Griece
2675 3090 2860 3164 ρυθμ“ς
2899 3088 3108 3150 dicitur.
3141 3105 3168 3141 a
3202 3089 3408 3143 Latinis

152 3202 320 3256 cultas
347 3216 465 3271 qua
510 3202 650 3253 inest
693 3198 890 3261 menti;
923 3194 1211 3265 aliquando
1253 3192 1430 3261 passio
1470 3193 1583 3260 ipsa
1621 3205 1725 3260 qua
1754 3167 1800 3231 C
1831 3180 1861 3233 (Ι
1886 3193 2027 3235 ctum
2055 3196 2342 3242 numerum,
2371 3179 2464 3232 sed
2490 3194 2675 3233 vereor
2703 3195 2769 3232 ne
2799 3181 3119 3247 AUgtlSllllllS
3137 3180 3412 3235 miscuerit

155 3310 210 3348 ea
241 3293 459 3348 facultas
482 3291 732 3357 aflicitur,
766 3299 818 3343 et
841 3303 998 3358 quam
1023 3286 1252 3341 barbare
1275 3284 1612 3339 sensationem
1635 3299 1728 3336 vo-

156 3397 353 3438 emus.
386 3382 612 3447 Sensus,
639 3379 920 3450 posteriori
958 3375 1280 3446 significatu,
1307 3374 1437 3429 nihil
1467 3384 1550 3428 est
1587 3387 1726 3443 prae-

160 3486 234 3527 ter
258 3473 744 3526 animadversionem
775 3469 952 3523 mentis
978 3475 1152 3521 natam
1186 3482 1246 3520 ea:
1275 3465 1538 3519 occasione
1564 3470 1730 3516 motus

159 3565 380 3632 corporis
430 3564 508 3617 sui
524 3578 543 3627 ;
589 3560 754 3630 priori
796 3567 880 3616 est
917 3559 1139 3612 facultas
1187 3570 1291 3626 qua
1347 3569 1500 3610 mens
1544 3553 1728 3608 talium

162 3655 678 3710 animadversionum
719 3667 887 3722 capax
929 3658 1032 3707 est.
1089 3649 1278 3704 Paucis
1325 3648 1503 3703 verbis
1562 3646 1734 3715 potuit

163 3760 323 3805 totum
354 3747 456 3803 hoc
477 3747 748 3816 negotium
780 3743 1009 3808 absolvi,
1035 3741 1176 3810 quod
1204 3739 1290 3795 hic
1318 3749 1422 3794 tam
1454 3737 1632 3792 multis
1655 3738 1734 3791 in-

163 3842 400 3894 tricatum
436 3849 538 3893 est.
569 3838 724 3891 Plura
775 3850 880 3889 non
925 3833 1138 3898 addam,
1179 3846 1298 3901 qua:
1336 3838 1461 3885 sunt
1488 3827 1735 3884 omnibus

166 3942 302 3992 nota,
343 3946 402 3983 ex
433 3945 540 3997 quo
573 3926 932 3997 philosophia.
969 3932 1150 3977 nostra
1178 3932 1232 3976 et
1262 3921 1477 3974 Patrum
1525 3927 1736 3974 nostro-

167 4040 278 4076 tum
326 4023 605 4084 memoria,
640 4019 867 4073 feliciter
906 4017 1198 4070 instaurata
1228 4023 1332 4076 est,
1367 4022 1421 4065 et
1451 4012 1516 4064 de
1546 4011 1738 4078 quibus

168 4115 320 4167 etiam
347 4116 399 4168 in
429 4112 703 4182 opusculis
728 4107 1113 4181 pltllOSOplllClS
1141 4115 1224 4160 sat
1249 4106 1467 4173 c0piose
1496 4103 1602 4173 egi.
1631 4101 1740 4156 Nec

170 4209 254 4276 phi
277 4210 559 4278 osOpthas
588 4218 742 4260 notas
769 4205 822 4258 in
857 4204 1212 4272 Augustinum
1254 4199 1490 4253 scribere
1520 4209 1738 4266 aggres-

168 4315 252 4354 sus
281 4317 396 4354 sum
432 4317 444 4353 :
474 4298 672 4367 alioqui
702 4296 864 4351 multa
896 4295 999 4348 dici
1026 4301 1264 4362 possent,
1283 4291 1482 4360 quibus
1515 4303 1740 4358 sequen-

170 4400 242 4445 tes
268 4395 381 4460 ejus
403 4390 835 4445 ratiocinationes
863 4387 1295 4446 confutarentur;
1334 4383 1385 4436 in
1408 4382 1598 4450 quibus
1621 4396 1740 4434 ver-

171 4483 349 4539 borum
378 4496 483 4538 tam
509 4493 590 4535 est
621 4479 893 4549 prodigus,
919 4492 1073 4545 quam
1107 4489 1294 4543 parcus
1325 4487 1524 4527 rerum.

1831 3273 2022 3344 ῥυθμὸν
2061 3286 2180 3325 cum
2209 3273 2424 3345 ἀριθμῷ.
2471 3269 2699 3323 Fel'cior
2740 3269 2825 3322 hic
2868 3279 2950 3323 est
2997 3272 3173 3339 lingua
3227 3271 3412 3325 Graeca

1833 3380 1988 3432 qvam
2018 3363 2224 3426 Latina,
2250 3377 2373 3414 nam
2402 3362 2582 3436 ῥυθμὸς
2605 3361 2799 3413 dicitur
2821 3362 3026 3415 ἀπὸτοῦ
3058 3364 3210 3435 ῥέειν,
3234 3363 3411 3429 ﬂuere,

1832 3465 2020 3522 estque
2060 3453 2108 3506 id
2148 3452 2288 3521 quod
2331 3453 2389 3505 lit
2433 3461 2488 3503 ut
2518 3466 2703 3505 versus
2735 3451 2886 3504 facile
2919 3453 3311 3520 pronuntietur,
3360 3465 3414 3507 et

1835 3547 2037 3614 gratius
2067 3542 2132 3595 ad
2163 3556 2320 3594 aures
2349 3540 2576 3593 accidat.
2611 3540 2746 3592 Galli
2787 3549 2982 3592 vocant
3009 3542 3057 3591 la
3088 3541 3332 3606 cadence,
3360 3555 3414 3595 et

1836 3635 2047 3701 fluentes
2067 3629 2344 3701 (coulants)
2363 3629 2522 3680 etiam
2547 3642 2720 3680 versus
2741 3643 2771 3679 v
2799 3637 2952 3692 eant,
2982 3629 3031 3680 in
3061 3629 3253 3696 quibus
3281 3630 3414 3682 nihil

1836 3734 1919 3778 est
1947 3737 2193 3790 asperum
2224 3729 2313 3772 aut
2339 3719 2551 3774 durum.
2604 3719 2679 3772 Ex
2731 3733 2866 3772 voce
2896 3718 3109 3782 quidem
3145 3719 3417 3789 rhythmus

1837 3817 1988 3871 venit
2018 3829 2116 3868 vox
2149 3813 2444 3881 linguarum
2480 3809 2858 3864 hodiernarum
2891 3812 3022 3862 rima
3050 3851 3064 3873 ,
3093 3811 3185 3864 sed
3218 3811 3316 3864 hac
3343 3811 3415 3864 si-

1839 3907 2122 3977 gnilicatur
2153 3903 2271 3957 linis
2321 3917 2569 3957 versuum
2611 3901 3014 3972 ὁμοιοτελεύτων,
3069 3916 3189 3968 qua:
3216 3901 3418 3969 signiti-

1841 4000 1982 4055 catio
2011 4015 2040 4052 a
2071 3999 2252 4052 Crteca
2283 4010 2412 4050 voce
2437 3995 2595 4063 plane
2626 3995 2796 4048 aliena
2821 4001 2922 4047 est.
2951 3992 3065 4047 Non
3102 3993 3286 4048 fuisset
3313 3994 3416 4048 hoc

1841 4090 2252 4152 observandum,
2284 4088 2383 4141 nisi
2415 4096 2556 4141 esset
2584 4085 2827 4139 eruditus
2857 4084 3061 4148 Gallus,
3094 4085 3180 4153 qui
3227 4085 3325 4140 hac
3364 4085 3417 4139 in

1842 4195 1902 4235 re
1935 4178 2192 4249 peccavit,
2219 4192 2379 4247 quem
2409 4176 2624 4230 nomine
2657 4191 2760 4228 non
2787 4176 3093 4242 appellabo.

1915 4275 2078 4327 Lieno
2108 4289 2157 4325 v.
2191 4272 2320 4338 Cap.
2354 4272 2409 4338 5,
2442 4271 2468 4340 §
2502 4271 2556 4323 4.
2605 4269 2723 4321 Non
2771 4269 2899 4321 mihi
2929 4283 3112 4322 versus
3150 4284 3213 4320 ea:
3240 4283 3298 4321 eo
3325 4284 3422 4335 ap-

1844 4363 2059 4434 pellatus
2080 4362 2295 4422 videtur,
2328 4369 2381 4413 ut
2403 4356 2638 4412 nonnulli
2667 4367 2864 4427 putant,
2909 4358 3047 4427 quad
3082 4373 3113 4409 a
3153 4366 3287 4410 certo
3318 4358 3422 4423 ﬁne

1843 4456 1910 4506 ad
1938 4454 2165 4522 ejusdem
2187 4451 2382 4503 numeri
2403 4459 2555 4517 caput
2583 4450 2796 4511 reditur,
2829 4458 2882 4501 ut
2910 4465 3088 4501 nomen
3121 4449 3327 4500 ductum
3358 4448 3422 4498 sit

233 4572 361 4643 cap,
393 4574 484 4635 55,
522 4572 548 4640 ᾗ
593 4530 950 4625 ’ῖέζνῦ-ἷιὲίιξιδ.
977 4530 1357 4632 pauit-anuuan
1403 4562 1643 4629 oportet,
1687 4557 1737 4611 in
1767 4530 1819 4590 Ῑ)
1846 4550 1905 4600 ab
1927 4547 1987 4598 iis
2012 4545 2098 4614 qui
2123 4559 2174 4596 se
2198 4551 2427 4604 vertunt,
2451 4541 2569 4593 dum
2593 4542 2672 4594 via
2692 4543 2925 4605 redeunt,
2952 4558 3065 4594 nam
3088 4540 3185 4591 hoc
3207 4539 3285 4591 illi
3303 4553 3424 4590 eum

171 4665 477 4730 quibusdam
507 4660 902 4730 exemplaribus
939 4657 1162 4720 Graecis,
1201 4657 1395 4709 lectum
1424 4653 1550 4706 olim
1580 4651 1742 4705 fuisse

172 4760 439 4814 autetiam;
499 4753 878 4822 μκταιούντων;
930 4763 1086 4817 quam
1151 4747 1395 4798 vitiosam
1449 4744 1730 4798 lectionem

175 4847 384 4899 Latinus
413 4845 696 4912 interpres,
728 4857 833 4910 quo
865 4843 1108 4894 utebatur
1141 4837 1487 4906 Augutinns,
1516 4850 1741 4904 expres-

174 4939 310 4990 serit.
343 4937 397 4990 In
423 4934 690 4988 veteribus
719 4931 911 5002 glossis
933 4940 1015 4985 est
1045 4934 1360 5000 ματαιοῦμαι
1388 4941 1563 4988 ιιαηον,
1596 4924 1744 4992 e-jus

176 5025 612 5097 frequentativum
645 5024 743 5077 l'uit
770 5025 987 5076 vanitor.

562 5111 1359 5192 ANIMADVERSIONES

650 5213 698 5249 IN
741 5210 919 5249 LIBROS
956 5211 1022 5248 DE
1061 5208 1267 5247 MUSICA.

239 5293 396 5346 Linno
429 5306 465 5343 ι.
493 5289 624 5357 Cap.
667 5289 718 5352 l,
752 5287 779 5356 ᾗ
821 5287 874 5340 1.
917 5284 994 5336 Εο
1042 5285 1217 5348 distat,
1266 5282 1401 5351 quod
1448 5281 1501 5334 in
1533 5278 1747 5332 diversis

173 5383 287 5437 locis
328 5383 515 5436 habent
546 5374 803 5446 acumen.]
839 5376 911 5429 Ita
943 5374 1175 5443 loquitur
1199 5373 1266 5427 de
1310 5389 1440 5443 pone
1466 5371 1653 5433 verbo,
1688 5380 1742 5424 et

171 5491 293 5541 pone
318 5472 600 5533 adverbio,
637 5478 690 5522 et
718 5480 944 5521 acumen
987 5463 1104 5518 sine
1160 5462 1322 5516 dubio
1359 5471 1512 5516 vocat
1549 5473 1742 5514 accen-

173 5578 297 5621 tum.
319 5563 589 5620 Credibile
609 5570 694 5616 est
718 5560 942 5615 verbum
970 5557 1221 5611 habuisse
1247 5563 1527 5610 accentum
1553 5552 1605 5606 in
1635 5552 1743 5619 pri-

171 5676 272 5722 ma,
298 5657 611 5713 adverbium
651 5655 704 5708 in
731 5651 986 5716 secunda,
1014 5648 1341 5703 discriminis
1387 5658 1569 5700 causa.
1607 5643 1740 5696 llinc

172 5749 462 5818 intelligere
488 5746 609 5800 licet
636 5758 794 5812 quam
827 5743 965 5796 male
1010 5739 1166 5795 hodie
1219 5737 1453 5806 linguam
1500 5733 1741 5788 Latinam

1846 4642 1923 4692 his
1955 4638 2102 4691 etiam
2143 4637 2312 4689 metris
2343 4650 2455 4701 qua:
2500 4648 2690 4687 versus
2732 4651 2832 4686 non
2885 4642 3026 4694 sunt,
3067 4639 3280 4696 apparet
3319 4643 3428 4682 esse

1848 4728 2154 4800 commune]
2192 4729 2314 4783 Ideo
2344 4729 2505 4782 etiam
2552 4741 2656 4780 non
2713 4725 2871 4779 modo
2928 4732 3202 4792 pot-tarum
3255 4730 3427 4774 metra

1847 4841 2017 4877 versus
2038 4823 2303 4885 dicuntur,
2327 4820 2418 4874 sed
2441 4829 2492 4873 et
2515 4817 2715 4886 quaevis
2736 4815 3014 4881 sci-ipturte
3041 4812 3208 4877 linea,
3239 4827 3428 4882 quem-

1850 4914 2132 4968 almodmn
2158 4925 2299 4965 nunc
2329 4912 2614 4977 loquimur,
2666 4916 2720 4957 ut
2769 4913 2913 4956 recte
2939 4902 3243 4957 observavit
3267 4904 3420 4958 Jom.

1851 5004 1977 5058 Ger.
2031 5001 2249 5053 Vossius
2300 5001 2350 5050 in
2411 4992 2802 5063 Etymologieo,
2855 4991 2920 5044 ad
2975 5004 3156 5045 vocem
3195 4991 3424 5045 Vsnsms.

1852 5096 1994 5149 Idem
2017 5092 2215 5159 Optime
2242 5086 2476 5142 ostendit
2504 5083 2735 5138 dubitari
2767 5098 2870 5136 non
2906 5084 3104 5138 debere
3143 5085 3269 5152 quin
3315 5083 3428 5136 sin-

1850 5186 1959 5255 guli
1976 5182 2251 5249 scriptura:
2271 5175 2405 5230 sulci
2435 5191 2499 5229 ex
2523 5189 2590 5228 eo
2610 5189 2840 5228 versuum
2865 5189 3059 5230 nomen
3091 5174 3422 5243 acceperint,

1853 5275 1992 5347 quod
2015 5283 2073 5329 ut
2097 5268 2330 5341 agricola
2358 5266 2590 5322 Vomere
2632 5266 2804 5320 solum
2842 5283 2854 5318 :
2897 5267 2975 5321 sic
3025 5266 3256 5333 scriptor
3285 5263 3429 5331 stylo

1854 5378 2030 5418 ceram
2067 5370 2226 5415 vertat
2248 5375 2269 5426 ;
2291 5375 2352 5414 ac
2378 5368 2434 5414 ut
2465 5357 2574 5420 ille,
2607 5354 2664 5408 in
2716 5367 2879 5421 terra,
2933 5357 3081 5410 sulco
3129 5367 3236 5407 uno
3268 5351 3430 5404 abso-

1852 5458 1985 5519 luto,
2010 5456 2167 5509 vertit
2187 5467 2443 5520 aratrum,
2467 5454 2735 5521 aliumque
2755 5451 2960 5504 sulcum
2991 5445 3154 5500 efﬁcit
3180 5460 3194 5496 :
3227 5444 3309 5497 sic
3337 5443 3429 5511 qui

1851 5548 2056 5611 scribit,
2081 5547 2221 5615 stylo
2261 5548 2626 5600 sinistrorsum
2659 5556 2820 5606 verso,
2855 5537 3190 5605 prolatoque,
3229 5548 3428 5588 novum

1852 5642 1904 5694 in
1935 5655 2057 5694 c-‘ra
2083 5639 2287 5692 sulcum
2319 5638 2495 5692 ducat.
2522 5635 2786 5699 Cumque,
2821 5640 2876 5683 nt
2906 5628 3082 5694 docet,
3116 5625 3167 5680 id
3199 5641 3304 5681 non
3327 5629 3428 5680 mi-

1853 5747 1951 5786 nus
1975 5732 2028 5800 in
2053 5745 2206 5800 prosa
2232 5731 2324 5784 liat
2367 5740 2523 5797 quam
2552 5726 2605 5779 in
2650 5722 2912 5786 carmine,
2949 5728 3092 5791 patet
3117 5734 3289 5773 tersus
3321 5733 3425 5771 no-
