3908 6306
552 294 651 348 227

553 426 672 467 men
706 417 892 464 natura
921 421 1039 469 sua.
1072 419 1176 459 non
1205 404 1380 458 minus
1395 404 1584 457 soluta:
1609 417 1766 470 quam
1798 401 1972 469 ligata:
2000 415 2124 454 ora-
2154 407 2206 465 Α

555 500 685 553 tioni
718 498 1026 553 convenire.
1072 496 1177 551 Sed
1216 497 1338 564 quia
1379 504 1550 562 poeta:
1591 508 1777 548 versus
1816 508 1942 546 suos
1978 501 2130 547 certo

554 586 832 640 absolvunt
885 586 1077 655 pedum
1128 599 1374 651 numero,
1425 593 1479 638 et
1528 585 1725 652 stylttm
1767 583 1988 650 proinde
2019 581 2130 636 fre-

553 678 802 740 quentius
831 685 1050 740 vertunt,
1077 677 1200 729 hinc
1223 675 1419 729 factum
1453 683 1510 728 ut
1533 674 1585 726 bi
1609 674 1709 728 sibi
1733 690 1900 725 uersata
1933 687 2128 727 nomen

555 786 718 838 prope
749 771 972 825 fecerint
1001 771 1290 839 peculiare.
1336 769 1486 823 Adde
1517 768 1666 823 hisce
1695 783 1894 819 versum
1946 781 2132 820 revera

561 864 612 914 in
635 861 959 927 agricultura
989 859 1196 914 sulcum
1223 859 1513 922 dictum,et
1540 857 1678 924 apud
1704 856 1918 910 Graecos
1948 869 2131 909 vocem

557 955 776 1020 στίχος,
817 965 920 1019 qua
957 966 1159 1002 versum
1205 953 1480 1018 scripturae
1528 950 1767 1016 signant,
1811 960 1931 1000 esse
1969 946 2131 999 etiam

564 1059 630 1097 cx
683 1044 1009 1110 agricultura
1053 1042 1427 1108 desumptam;
1458 1040 1614 1108 'quod
1647 1037 1856 1093 erudite
1900 1037 2136 1091 ostendit

557 1135 713 1187 .Ioau.
740 1131 932 1186 Croius
949 1141 1085 1201 part.
1126 1136 1145 1184 l
1198 1130 1639 1185 Observationum
1664 1128 1714 1182 in
1740 1127 1804 1180 N.
1827 1126 1916 1193 'l‘.,
1936 1141 2056 1195 cap.
2079 1129 2134 1182 9.

631 1223 761 1276 Ibid.
788 1223 891 1276 Sed
919 1223 1082 1291 magis
1121 1222 1336 1290 fortasse
1366 1237 1394 1273 e
1423 1220 1676 1272 contrario
1707 1233 1888 1271 nomen
1920 1219 2134 1284 invenit,

559 1325 615 1365 ut
643 1313 1073 1381 quemadmodum
1105 1309 1425 1382 grammatici
1447 1309 1721 1376 deponens
1747 1309 1971 1374 verbum,
1997 1309 2135 1377 quod

562 1420 586 1454 r
615 1406 834 1455 litteram
864 1419 964 1456 non
987 1403 1213 1469 deponit,
1241 1400 1390 1455 sicuti
1415 1410 1486 1454 est
1521 1401 1698 1454 lucror
1729 1409 1776 1453 et
1813 1414 2133 1468 conqueror,

558 1495 937 1565 appellaverunt
962 1510 980 1548 :
1006 1495 1077 1546 ita
1103 1496 1238 1562 quod
1253 1495 1448 1548 duobus
1475 1493 1710 1547 membris
1737 1492 1890 1559 conﬁt
1921 1507 2137 1562 quorum

559 1596 814 1650 neutrum,
845 1586 899 1638 in
926 1585 1136 1638 alterius
1165 1586 1298 1648 loco,
1320 1585 1460 1637 salva
1489 1585 1596 1652 lege
1626 1597 1978 1648 numerorum,
2008 1597 2134 1635 con-

558 1679 806 1737 stituitur.
837 1678 956 1744 quia
979 1677 1113 1731 verti
1155 1693 1256 1729 non
1289 1685 1449 1744 potest
1480 1690 1665 1730 versus
1705 1673 1950 1743 vocetur.]
1983 1674 2134 1728 Prior

1433 285 1987 344 δυιιιιιιςιιελτυδι
2029 285 2118 340 AD

2239 289 2382 344 ἘΒΑ
2425 293 2482 346 S.
2529 291 2920 348 AUCUSTINI.
3671 297 3753 352 ιιι

2598 405 3407 462 -ΑΝιΜΑυνειιειοΝεε

2689 515 2736 552 IN
2769 515 2958 553 ιιιιιιυιι
2990 515 3056 552 ΒΕ
3085 514 3359 553 ιιΑθιετιιο.

2307 597 2435 664 Cap.
2469 598 2521 662 5,
2551 598 2577 666 §
2605 597 2690 650 I6.
2724 596 2789 650 In
2827 598 2934 650 suis
2964 596 3289 648 nobilissimis
3318 596 3633 662 orationibus,
3657 617 3755 666 quat

2249 687 2484 741 Verrines
2512 698 2708 754 vocant,
2737 703 2916 741 coram
2966 687 3388 756 prapositionem,
3442 687 3539 739 sive
3565 689 3647 741 illo
3672 692 3756 742 Iot‘o

2235 779 2527 832 adverbium
2572 780 2662 844 sit,
2714 792 2908 831 nomen
2957 774 3278 846 appellavit.]
3321 775 3433 829 Non
3483 786 3637 841 vacat,
3665 780 3758 832 data

2235 883 2420 938 opera,
2459 869 2641 938 legere
2673 868 2946 932 Verrines,
2981 878 3038 920 ut
3082 867 3261 921 locum
3307 881 3552 934 quaeram.
3591 867 3757 922 Fuisset

2238 959 2340 1014 hoc
2385 959 2673 1028 diligentia:
2720 957 3205 1020 Benedictinorum,
3249 955 3340 1024 qui
3382 958 3488 1010 otio
3516 957 3758 1022 abundant,

2237 1061 2290 1106 et
2333 1067 2365 1106 a
2403 1051 2598 1120 quibus
2641 1048 2869 1118 margini
2901 1049 3101 1114 locum,
3130 1057 3189 1102 ut
3215 1046 3345 1101 alibi
3375 1045 3581 1113 faetum,
3631 1047 3760 1104 adlini

2237 1144 2589 1213 oportuisset.

2307 1233 2440 1305 Cap.
2469 1236 2524 1301 9,
2557 1237 2586 1307 ᾗ
2619 1237 2710 1292 28.
2741 1233 2890 1288 Idem
2920 1231 3133 1288 Persius
3170 1230 3406 1284 omnibus
3455 1231 3622 1297 panis,
3665 1247 3762 1298 qm

2237 1337 2571 1396 tyrannorum
2591 1327 2668 1382 vel
2689 1327 2965 1381 crudelitas
2985 1324 3307 1395 excogitavit,
3335 1323 3411 1379 uel
3424 1323 3655 1392 cupiditas
3671 1343 3764 1394 pen-

2237 1419 2330 1483 dit,
2355 1417 2486 1472 hanc
2510 1435 2668 1472 unam
2695 1419 2975 1487 anteponit,
3007 1431 3106 1485 qua
3136 1416 3428 1469 cruciantur
3455 1414 3679 1476 homines,
3699 1416 3765 1483 qui

2237 1510 2378 1573 vitia,
2431 1527 2548 1580 qua:
2595 1513 2756 1564 vitare
2788 1525 2894 1564 nou
2945 1517 3178 1576 possunt,
3225 1515 3474 1576 coguntur
3501 1503 3764 1575 agnoscere]

2239 1599 2413 1656 Locus
2443 1611 2526 1656 est
2546 1602 2707 1656 satira
2739 1603 2795 1666 5,
2821 1601 2911 1665 35,
2935 1601 3088 1664 cujus
3113 1599 3274 1652 verba
3303 1597 3652 1664 subjiciemus,
3672 1595 3764 1662 quia

2237 1700 2293 1744 et
2313 1691 2461 1758 alibi,
2488 1692 2555 1744 ad
2577 1691 2826 1747 Confess.
2860 1690 2956 1742 lib.
2983 1705 3078 1752 ιιι,
3105 1705 3224 1757 cap.
3255 1689 3310 1756 8,
3329 1686 3700 1743 observiivimus
3718 1685 3766 1738 ad

560 1766 879 1839 etymologia
912 1769 1067 1836 plane
1096 1767 1226 1820 falsa
1254 1777 1357 1830 est,
1411 1775 1467 1820 ut
1497 1777 1621 1820 sunt
1653 1766 1920 1835 plerasque
1948 1778 2134 1819 omnes
2167 1776 2210 1836 Β
2240 1781 2382 1835 ιιυηε
2411 1791 2619 1850 poem“,
2651 1783 3005 1850 Augustinum
3045 1780 3354 1846 respexisse
3381 1795 3394 1831 ε

561 1877 676 1928 qua:
703 1861 813 1914 κατ’
841 1861 1136 1933 ἀντίφρασιν
1160 1859 1427 1927 finguntur
1452 1875 1466 1922 ;
1495 1873 1614 1912 natu
1637 1857 1800 1911 multa
1834 1855 2136 1922 deponentia

570 1954 695 2005 olim
729 1953 780 2005 in
811 1968 842 2004 ο
871 1961 926 2006 et
964 1968 1021 2004 or
1046 1951 1291 2014 exibant,
1340 1965 1634 2017 eorumque
1672 1949 1968 2017 catalogum
2009 1961 2136 2001 con-

564 2043 733 2094 texuit
757 2042 909 2094 Joan.
943 2042 1070 2096 Ger.
1103 2039 1323 2094 Vossius
1365 2039 1659 2094 Aristarchi
1695 2039 1786 2092 lib.
1829 2053 1884 2101 ν,
1928 2052 2047 2106 cap.
2077 2037 2130 2088 7.

563 2133 886 2185 thdibiltus
916 2141 999 2185 est
1045 2147 1106 2184 ea
1139 2132 1447 2198 deponentia
1480 2130 1641 2194 dicta,
1687 2139 1744 2183 ut
1771 2128 1912 2184 idem
1963 2127 2136 2183 innuit

563 2224 754 2291 capitis
782 2224 814 2276 6
841 2223 1012 2287 initio,
1041 2221 1165 2290 quia
1195 2223 1455 2290 passivam
1490 2221 1931 2289 significationem
1979 2221 2137 2288 depo-

561 2316 787 2377 suerint,
823 2331 944 2383 qua:
993 2315 1154 2368 etiam
1226 2314 1495 2368 sententia
1540 2312 1641 2369 fuit
1690 2312 1881 2368 Franc.
1933 2309 2135 2367 Sanctii

561 2406 758 2458 summi
797 2408 1146 2474 grammatici.
1189 2404 1294 2460 Sed
1339 2413 1395 2459 et
1422 2404 1652 2472 scriptor
1685 2403 1805 2457 libri
1841 2403 1908 2457 de
1948 2403 2138 2456 Cram-

563 2496 780 2558 ntatica,
808 2496 897 2563 qui
949 2495 1154 2550 solebat
1201 2495 1497 2566 Augustino
1543 2494 1726 2560 tribui,
1783 2493 1927 2547 aliud
1977 2491 2133 2547 nobis

558 2585 864 2652 suppeditat
895 2599 1132 2655 ctymon.
1163 2588 1340 2654 Agens
1369 2584 1438 2639 de
1465 2584 1660 2647 verbis,
1694 2583 1892 2649 Restat,
1941 2583 2135 2652 inquit,

561 2677 760 2728 verbum
785 2676 1235 2746 deponens,~quia
1268 2677 1489 2745 deponit
1517 2676 1710 2745 aliquid
1753 2675 1816 2726 de
1853 2677 2140 2743 quantitate

563 2768 845 2820 communis
891 2769 1046 2821 verbi.
1084 2767 1222 2821 Nam
1257 2784 1371 2820 cum
1401 2768 1672 2835 participia
1711 2776 1932 2832 quatuor
1958 2764 2140 2820 habeat

561 2859 765 2912 verbum
783 2876 1075 2915 commune:
1098 2877 1319 2930 pra’sens
1350 2870 1402 2912 ut
1432 2860 1750 2921 criminans,
1782 2859 2015 2926 futurum
2041 2855 2142 2910 cri-

558 2949 875 3015 ntinaturus,
901 2951 1213 3018 praeteritum
1235 2949 1570 3012 criminatus,
1596 2949 1826 3016 futurum
1847 2945 2140 2998 criminan-

559 3042 678 3107 dus,
711 3060 741 3094 a
768 3045 970 3111 passiva
1011 3042 1409 3112 signiﬁcatione,
1456 3041 1552 3093 hoc
1599 3057 1702 3092 non
1749 3041 1897 3092 habet
1935 3039 2139 3095 verbum

2362 1879 2540 1939 Magne
2563 1888 2702 1938 pater
2725 1879 3088 1939 divum,s:evos
3111 1879 3287 1939 punire
3310 1883 3531 1939 tyrannos

2363 1937 2503 1988 Haud
2529 1937 2618 1988 alia
2641 1941 2834 1988 ratione
2857 1937 2996 1995 velis,
3017 1937 3126 1987 cuni
3147 1941 3247 1987 dira
3275 1937 3426 1986 libido

2365 2000 2572 2049 Moverit
2595 2002 2847 2060 ingenium
2873 2000 3080 2049 ferventi
3109 2002 3254 2048 tincta
3281 2011 3488 2060 veneno,

2360 2060 2604 2110 Virtutem
2625 2058 2816 2110 videant
2843 2063 3241 2122 intabescantque
3263 2058 3455 2122 relicta,

2365 2122 2509 2172 Anne
2528 2125 2683 2185 magis
2699 2121 2846 2172 Siculi
2868 2116 3173 2183 gemuerunt
3187 2134 3269 2169 ora
3285 2116 3512 2181 iuvenci?

2308 2222 2441 2294 Cap.
2475 2225 2562 2292 10,
2597 2224 2624 2295 §
2657 2225 2746 2281 33.
2795 2223 3086 2279 Saraballa:
3131 2219 3350 2292 eorum.]
3398 2219 3530 2295 Cum
3573 2219 3620 2272 in
3661 2227 3766 2272 testu

2237 2293 2529 2371 Cbaldaico
2568 2293 2704 2370 Dan.
2748 2329 2827 2379 tn,
2881 2313 2973 2382 27,
3022 2315 3278 2382 scriptum
3310 2313 3382 2368 sit
3409 2293 3650 2397 pm‘n'o
3673 2309 3766 2364 Sar-

2240 2403 2502 2469 batlehon,
2534 2404 2619 2460 vix
2656 2403 2874 2459 dubium
2913 2404 3158 2469 videtur,
3189 2401 3319 2471 quin
3363 2400 3685 2458 scribendum
3721 2399 3766 2452 sit

2247 2495 2552 2562 Saraballa,
2583 2506 2674 2551 aut
2703 2493 3010 2560 Saraballw,
3045 2509 3149 2548 non
3191 2493 3537 2562 Sararabara,
3561 2504 3613 2546 ut
3651 2491 3766 2545 habet

2239 2587 2415 2641 versio
2441 2587 2645 2652 Graeca,
2682 2586 2733 2639 in
2759 2601 2860 2652 qua
2885 2584 3137 2639 facillime
3170 2583 3423 2637 mendum
3450 2582 3669 2650 irrepere
3696 2596 3764 2648 po-

2241 2677 2339 2732 tuit
2363 2677 2416 2730 in
2440 2691 2629 2732 vocem
2645 2675 2947 2741 barbaram,
2977 2687 3100 2727 cum
3134 2672 3431 2740 praesertim
3468 2670 3680 2739 liquidas
3698 2685 3765 2721 au-

2241 2767 2316 2824 ris
2347 2768 2501 2823 facile
2528 2767 2844 2824 confundat.
2869 2769 2957 2822 Sic
2980 2769 3176 2836 scripta
3207 2783 3328 2833 vos,
3357 2749 3498 2834 pert)
3520 2782 3616 2819 non
3639 2775 3764 2834 per“.

2183 2913 2186 2917 λ
2242 2861 2436 2915 usitata
2459 2862 2700 2930 estapud
2733 2860 3108 2915 Tlnlmudicos
3142 2869 3196 2915 et
3246 2859 3472 2922 Arabas,
3500 2873 3589 2927 pro
3615 2856 3764 2913 tunica.

2240 2957 2296 3002 et
2316 2949 2536 3003 verbum
2568 2933 2716 3005 I731:
2739 2949 2930 3014 sarbel,
2955 2949 3220 3016 significat
3245 2952 3392 3004 texit.
3427 2948 3598 3016 Itaque
3617 2959 3766 3000 nomen

2243 3042 2409 3095 vestis
2437 3039 2596 3094 fuisse
2617 3042 2847 3103 videtur,
2880 3052 2936 3095 ut
2966 3051 3050 3095 est
3079 3043 3374 3098 etiamnum
3397 3041 3531 3110 apud
3552 3039 3741 3094 Arabas.

559 3133 834 3198 deponens.
880 3131 948 3183 Et
990 3133 1103 3184 ideo
1155 3131 1342 3184 dicitur
1390 3132 1702 3198 deponens,
1751 3133 1869 3201 quia
1913 3131 2134 3200 deponit
2162 3137 2209 3199 C
2308 3131 2438 3201 Cap.
2472 3131 2555 3186 H.
2594 3131 2735 3202 §46.
2794 3131 2969 3186 Dinici
3007 3135 3361 3188 admonitione
3400 3134 3648 3187 verborum
3687 3140 3766 3180 nio-

559 3236 711 3272 unum
738 3221 1065 3289 participium
1095 3221 1254 3291 futuri
1276 3223 1538 3288 temporis,
1558 3239 1589 3275 a
1613 3222 1758 3276 verba
1775 3223 1975 3293 passivo
1998 3225 2136 3292 quod

559 3309 658 3360 exit
691 3309 742 3361 in
772 3307 871 3360 dus
902 3309 1186 3378 syllabam;
1217 3319 1268 3363 ut
1300 3320 1422 3379 puta
1445 3312 1637 3376 opinor
1680 3315 1754 3366 vel
1797 3312 1962 3364 miror
1988 3312 2138 3365 verba

559 3409 673 3450 sunt
703 3399 1030 3469 deponentia.
1058 3399 1165 3454 Sed
1191 3401 1320 3454 mihi
1343 3403 1512 3470 magis
1535 3401 1795 3456 Vossiana
1816 3401 2137 3472 etymologia

558 3491 774 3544 arridet.
808 3490 960 3556 Quod
990 3491 1154 3545 habet
1178 3492 1506 3561 Augustinus
1535 3494 1604 3548 de
1626 3509 1771 3545 versu
1807 3491 1975 3545 multo
2014 3506 2140 3546 coa-

557 3581 693 3635 ctius
723 3589 824 3646 est,
849 3592 901 3636 ct
926 3582 1080 3651 plane
1112 3583 1272 3636 etiam
1296 3580 1508 3645 falsum,
1526 3597 1648 3637 nam
1674 3580 1926 3650 permulti
1950 3593 2140 3634 versus

557 3672 795 3727 converti
822 3682 1022 3740 queunt
1079 3687 1144 3726 eo
1194 3672 1354 3726 modo
1383 3674 1508 3741 ‘quo
1547 3687 1642 3726 eos
1691 3671 1930 3726 converti
1982 3683 2140 3739 posse

557 3773 734 3832 negat.
776 3761 1126 3825 Pentametri,
1167 3761 1404 3830 exempli
1455 3775 1651 3824 causa,
1712 3775 1818 3814 non
1861 3760 2015 3829 pauci
2061 3760 2139 3815 sic

558 3858 781 3920 possunt
805 3853 1076 3914 converti;
1108 3865 1296 3904 omnes
1316 3849 1569 3904 nimirum
1592 3863 1824 3918 quorum
1851 3853 1997 3918 prior
2018 3864 2140 3920 pars

559 3950 680 3994 ante
719 3954 979 3993 cessuram
1025 3938 1235 3993 duobus
1279 3937 1508 4006 dactylis
1565 3945 1799 3994 constat.
1845 3937 2140 3995 Possumus

563 4029 702 4082 tnim
732 4041 885 4094 atque
911 4027 1124 4082 dicere:

682 4155 1072 4218 Semivirumque
1095 4157 1288 4217 bovem,
1315 4155 1720 4218 semibovemque
1745 4155 1922 4216 virum,

633 4240 767 4294 Aut:

680 4327 1089 4392 Scmibovemque
1111 4331 1282 4391 virum,
1301 4331 1681 4390 semivirumqne
1701 4329 1894 4378 bovem.

631 4413 844 4468 Dixeris
874 4413 1092 4480 perinde
1118 4429 1131 4465 :

677 4505 822 4567 Saepe
847 4505 932 4554 tibi
956 4511 1092 4566 pater
1118 4510 1212 4564 est,
1240 4515 1373 4562 sepe
1393 4501 1636 4563 legendus
1653 4516 1792 4562 avus,

632 4609 726 4663 Vt‘l
754 4626 767 4663 :

679 4722 822 4784 Saepe
845 4719 1089 4784 legendus
1113 4731 1248 4782 avus,
1275 4730 1409 4782 szepe
1434 4719 1518 4767 tibi
1541 4725 1680 4779 pater
1707 4728 1798 4766 est.

637 4866 916 4923 lnnumera
960 4868 1083 4922 talia
1112 4875 1399 4923 occurrent
1427 4865 1722 4935 clegiacum
1756 4872 1962 4932 poetam
1993 4865 2139 4919 evol-

564 4958 729 5011 venti.
768 4958 950 5028 Itaque
1000 4962 1054 5015 in
1099 4961 1300 5016 fumum
1333 4959 1446 5014 abit
1477 4956 1734 5027 quidquid
1775 4965 1880 5009 tam
1911 4956 2140 5012 verbose

557 5048 628 5102 de
649 5049 891 5102 versibus
910 5065 1015 5103 non
1031 5050 1767 5120 vertendisdisputavitantea
1789 5047 2135 5116 Augustinus.

558 5137 665 5194 Sed
680 5137 817 5193 bene
843 5150 924 5194 est
942 5140 1084 5208 quod
1116 5141 1312 5196 fatetur
1334 5143 1725 5206 virmodestus,
1761 5141 1910 5195 initio
1941 5141 2133 5194 lib.vt:

557 5228 629 5283 Se
655 5227 782 5281 satis
806 5229 896 5281 diu
923 5244 1071 5296 pene,
1101 5243 1251 5297 atque
1275 5229 1403 5282 adeo
1424 5231 1684 5297 pueriliter
1709 5231 1761 5282 in
1789 5229 2005 5298 vestigiis
2036 5246 2133 5282 nu-

555 5335 815 5373 merorum
843 5321 909 5372 ad
937 5334 1104 5372 moras
1127 5328 1408 5385 tmporum
1455 5321 1834 5388 pertinentium,
1879 5332 2132 5374 moratum

555 5426 682 5464 esse.
730 5409 894 5479 Igitur
940 5409 1054 5463 haec
1084 5417 1136 5462 et
1179 5408 1283 5462 alia
1312 5409 1362 5462 ei
1416 5410 1774 5476 ignoscamus,
1805 5412 1896 5463 sed
1925 5420 2132 5479 tempus

555 5499 746 5554 melius
780 5500 1148 5557 collocandum
1186 5500 1236 5553 itt
1277 5499 1340 5552 iis
1369 5497 1626 5566 legendis,
1662 5499 1712 5553 in
1740 5501 1929 5568 quibus
1963 5501 2131 5556 ferme

555 5588 685 5643 nihil
717 5602 909 5657 printer
941 5593 1211 5647 trediosam
1262 5599 1314 5644 cl
1369 5588 1632 5644 infelicem
1667 5591 1860 5659 ingenii
1891 5602 2126 5646 ostenta-

559 5680 754 5734 tionem
784 5680 980 5746 videas,
1023 5683 1240 5737 minime
1269 5689 1522 5736 teramus.

2240 3239 2377 3287 rum,
2409 3221 2537 3275 nihil
2593 3223 2737 3275 aliud
2790 3223 2950 3276 verbis
2983 3241 3135 3292 quam
3179 3224 3450 3276 admoneri
3480 3221 3701 3274 hominem
3731 3224 3767 3266 at

2239 3311 2403 3366 discat
2432 3321 2480 3365 et
2505 3328 2781 3382 perparum
2811 3329 2917 3366 esse
2953 3315 3088 3377 quod
3113 3331 3202 3383 per
3231 3313 3534 3366 locutionem
3553 3311 3768 3377 aliquanta

2239 3401 2477 3472 cogitatio
2506 3401 2759 3469 loquentis
2788 3401 3047 3473 apparet.]
3079 3403 3189 3456 lloc
3215 3412 3306 3458 est
3343 3404 3501 3457 totius
3528 3397 3635 3453 libri
3653 3409 3765 3450 com-

2241 3486 2517 3559 pendium.
2548 3492 2742 3547 Mirum
2767 3503 2851 3548 est
2878 3509 3041 3563 quam
3088 3495 3420 3564 Augustinus
3449 3490 3669 3548 ealluerit
3699 3499 3762 3539 ar-

2242 3590 2349 3637 tem
2372 3596 2536 3652 pauca
2581 3592 2634 3638 et
2691 3583 2970 3652 perspicua
3001 3584 3253 3655 dogmata
3314 3581 3658 3654 pliilosOpbica
3699 3584 3766 3628 aut

2243 3669 2543 3742 theologica
2599 3672 2779 3726 multis
2826 3672 3005 3727 verbis
3045 3683 3099 3727 et
3134 3673 3382 3729 obscuris
3426 3668 3620 3727 dicendi
3647 3676 3768 3733 atque

2244 3761 2590 3830 impediendi.
2623 3763 2728 3818 Sed
2757 3762 2859 3817 hoc
2890 3763 2989 3818 fuit
3012 3764 3198 3818 vitium
3226 3764 3508 3819 rhetorica:
3528 3759 3651 3814 illius
3675 3754 3765 3807 aevi.

2307 3851 2439 3908 Ibid.
2477 3853 2661 3906 Utrum
2687 3852 2861 3908 autem
2890 3870 3006 3908 vera
3029 3854 3269 3907 dicantur
3301 3870 3412 3908 eum
3437 3853 3603 3906 docere
3620 3845 3766 3904 solum,

2243 3943 2332 4013 qui
2358 3959 2412 3996 se
2440 3943 2577 3996 intus
2597 3942 2849 4010 halitare,
2881 3960 2994 3997 cum
3019 3946 3143 4015 foris
3173 3944 3482 4012 loqueretur,
3520 3934 3767 3994 admonuit;

2245 4051 2393 4105 quem
2410 4038 2525 4107 jam
2551 4036 2745 4103 favente
2776 4036 2908 4104 ipso,
2941 4045 3078 4088 tanto
3098 4036 3367 4090 ardentius
3393 4033 3768 4104 diligam,qunﬂl°

2245 4140 2332 4178 ero
2357 4125 2409 4177 in
2437 4125 2676 4178 discendo
2692 4123 3015 4195 provectior.]
3045 4123 3383 4179 Platonicum
3402 4125 3498 4178 hoc
3513 4128 3582 4174 est
3603 4119 3770 4182 dogma.

2245 4230 2315 4269 ex
2342 4229 2447 4283 quo
2479 4215 2621 4286 λόγος
2645 4216 2773 4284 (quo
2797 4215 3013 4269 nomine
3030 4215 3301 4269 Christum
3345 4212 3540 4269 vocavit
3563 4200 3770 4263 Joannes)

2248 4304 2575 4357 statuebatur
2605 4304 2754 4372 quasi
2807 4305 2944 4357 ratio
2990 4304 3312 4357 universalis
3368 4301 3591 4357 omnium
3638 4288 3769 4346 homi-

2249 4408 2395 4446 num.
2413 4392 2502 4447 Sic
2525 4392 2763 4447 Justinus
2786 4394 2895 4446 vult
2915 4393 3184 4448 Christum
3212 4394 3405 4462 partim
3422 4392 3568 4444 fuisse
3596 4377 3761 4440 Socrati

2171 4496 2220 4556 [δ
2250 4495 2454 4547 ηοιιιιη,
2486 4485 2644 4556 Λόγος
2672 4485 2769 4557 γὰρ
2800 4482 2877 4548 ἦν,
2912 4483 3098 4553 inquit,
3143 4484 3223 4537 καί
3265 4483 3404 4539 ἐστιν
3427 4481 3451 4535 ὁ
3473 4482 3520 4535 ἐν
3546 4475 3678 4532 παντὶ
3700 4467 3764 4526 ὧν.

2251 4576 2402 4629 Ratio
2424 4575 2554 4628 enim
2581 4585 2685 4626 erat
2716 4583 2761 4626 et
2799 4585 2867 4626 est
2901 4591 3015 4644 qua:
3041 4583 3112 4627 est
3161 4574 3214 4627 in
3267 4588 3444 4626 rerum
3473 4562 3762 4623 universitate-

2249 4667 2364 4720 Alia
2392 4665 2552 4720 habet
2578 4666 2772 4719 similia
2796 4665 2847 4719 in
2874 4665 3239 4734 sequentibus,
3283 4665 3340 4720 in
3369 4677 3432 4719 ea
3459 4673 3570 4730 qua:
3607 4651 3762 4706 dicitur

2247 4756 2551 4826 Apologial
2586 4773 2702 4826 qua:
2727 4771 2829 4811 non
2861 4757 3183 4811 exscribam.
3233 4755 3336 4810 sed
3382 4756 3491 4808 IKBC
3535 4747 3766 4812 diligenter

2248 4847 2479 4901 notanda
2510 4857 2636 4901 sunt
2657 4847 2720 4902 iis
2748 4847 2836 4916 qui
2863 4846 3048 4899 Patres
3080 4845 3378 4915 intelligere
3405 4841 3639 4910 cupiuul;
3664 4835 3764 4920 ηυίξί

2249 4952 2515 5007 nunquam
2547 4945 2921 5006 assequentur,
2954 4936 3054 4990 nisi
3086 4937 3261 4990 norint
3291 4950 3408 5004 qua:
3447 4941 3617 4988 eorum
3641 4920 3763 4974 fuerit

2247 5031 2607 5102 philosophis.

2719 5119 2927 5174 ANIMA
2940 5117 3362 5176 DVERSIONES

2599 5226 2648 5262 ΙΝ
2688 5224 2869 5263 LIBROS
2910 5226 2974 5262 DE
3013 5225 3196 5262 LIBEBJ
3235 5218 3498 5261 ΑΒΒΙἸἪΙΟ.

2318 5321 2476 5373 Ltnno
2504 5335 2536 5371 I.
2567 5321 2695 5388 Cap.
2723 5320 2778 5384 2,
2813 5321 2838 5388 §
2870 5322 2922 5374 b.
2956 5320 3072 5373 Nisi
3098 5318 3436 5381 credideritis,
3488 5326 3580 5364 non
3613 5296 3762 5358 intelli-

2243 5413 2387 5478 getis.
2415 5410 2426 5478 J
2453 5411 2622 5466 biens
2650 5422 2730 5466 est
2753 5411 2871 5465 lsai.
2908 5427 3001 5477 vn,
3029 5413 3082 5466 9.
3102 5410 3206 5466 Sed
3241 5412 3291 5465 in
3323 5405 3460 5464 LXX
3485 5405 3572 5458 ίηι,
3601 5389 3761 5448 versio-

2242 5517 2461 5569 tn-,qua:
2488 5518 2605 5554 cutn
2633 5503 2890 5556 licbraico
2905 5511 3052 5556 textu
3079 5517 3182 5555 non
3208 5499 3487 5560 consentit,
3512 5490 3592 5561 qui
3615 5480 3764 5576 habe}:

2241 5602 2297 5646 ut
2343 5567 2486 5646 recte
2511 5594 2667 5647 vertit
2716 5593 3070 5662 Hieronymus
3119 5604 3239 5662 post
3289 5584 3676 5662 Symmachum:
3721 5567 3764 5618 Si

2242 5700 2340 5736 non
2367 5685 2708 5750 credideritis,
2727 5701 2826 5737 non
2856 5683 3226 5752 permanrbitis.
3261 5685 3376 5748 Quo
3424 5679 3473 5732 in
3503 5677 3637 5729 lucc,
3676 5674 3765 5728 ΡΜ·
