3908 6322
206 308 305 366 829

888 316 1241 376 VARIORUM
1282 316 1879 379 EXERCITATIONES
1916 324 1980 379 IN
2019 324 2078 381 S.
2121 326 2490 387 AUGUSTINI
2527 328 2782 389 OPEilA.

3376 342 3482 402 230

206 433 365 503 pheta
397 430 693 501 alloquitur
737 431 972 501 Judteos,
1006 448 1205 506 eosque
1266 434 1513 511 hortatur
1551 434 1617 489 ad
1652 435 1790 489 liJu-
1817 438 1867 495 Α
1897 434 2109 506 dignos,
2140 442 2281 511 quod
2313 458 2418 497 non
2449 442 2667 500 brevius
2698 445 2811 502 ﬁeri
2839 459 3035 517 potest,
3058 468 3215 521 quam
3251 460 3479 514 naturali

205 526 337 579 ciam
366 525 418 577 in
456 525 659 579 auxilio
699 524 906 593 divino,
950 538 1136 582 contra
1174 527 1477 582 molitiones
1524 528 1788 583 lsraelita-

200 629 316 668 Tllttl
344 624 397 670 et
418 614 704 685 Syrorum,
736 616 1070 686 ponendam:
1102 619 1243 688 quod
1272 619 1317 673 si
1357 619 1601 684 fecerint,
1633 620 1783 687 pulli-

209 716 351 758 cetur
380 704 498 759 fore
528 715 589 760 ut
627 720 716 761 res
761 722 945 761 eorum
997 708 1166 761 ﬁrma:
1206 719 1577 776 permaneant.
1624 710 1788 777 Igitur

207 798 335 848 nihil
367 794 495 849 facit
536 795 624 849 hic
672 796 825 851 locus
859 796 927 850 ad
973 813 1085 851 rem
1118 813 1275 866 quam
1302 796 1388 850 hic
1418 798 1579 852 habet
1609 801 1789 868 Augu-

212 890 390 952 srinus,
425 896 482 942 et
507 903 605 957 pro
634 890 900 945 sententia
952 890 1225 959 prophetae
1267 887 1445 944 laﬁlat
1489 891 1661 945 bonus
1706 891 1788 944 vir

212 977 515 1046 ﬁgrrrentum
545 979 859 1034 Gratcorum
892 982 1269 1050 interpretum,
1302 985 1344 1036 si
1376 982 1535 1037 modo
1564 982 1635 1037 ita
1666 997 1787 1036 ver-

214 1069 380 1121 terint.
417 1067 572 1122 Unde
600 1083 729 1123 vero
751 1068 851 1123 hoc
872 1069 1108 1126 factum?
1133 1070 1269 1137 Quia
1300 1071 1549 1126 nimirum
1578 1075 1787 1127 credtre

216 1156 366 1208 Voluit
384 1166 677 1225 antequam
707 1157 1032 1230 intelligeret.
1054 1160 1296 1215 Credidit
1323 1161 1465 1215 enim
1500 1163 1639 1221 hunc
1661 1178 1785 1218 esse

219 1260 415 1300 sensum
446 1246 763 1318 Scriptura,
796 1260 1085 1319 antequam
1127 1253 1291 1306 sciret
1318 1266 1384 1306 an
1432 1251 1575 1307 LXX
1612 1254 1781 1307 inter-

221 1335 442 1403 pretibus
477 1352 577 1405 per
613 1338 794 1392 omnia
836 1339 1005 1395 ﬁdere
1053 1339 1262 1406 liceret,
1304 1351 1397 1397 aut
1441 1342 1780 1398 liunclucum

219 1428 343 1482 bene
368 1442 490 1483 esse
514 1429 673 1485 abiis
701 1446 912 1485 versum
955 1443 1246 1488 constaret.
1292 1435 1396 1489 Sed
1436 1445 1489 1490 et
1529 1436 1651 1492 alibi
1681 1436 1782 1490 huc

222 1517 327 1573 loco
356 1520 613 1576 similiter
640 1522 900 1589 abutitur,
928 1533 985 1579 ut
1009 1525 1147 1580 infra
1178 1527 1269 1582 lib.
1299 1543 1358 1594 tr,
1388 1527 1415 1599 ς
1445 1531 1497 1584 6.

277 1613 397 1681 Cap.
422 1615 478 1679 3,
513 1613 542 1685 ς
570 1616 623 1669 8.
647 1614 831 1670 Libido
851 1619 901 1671 in
923 1618 1179 1672 adulterio
1200 1620 1389 1674 malum
1410 1620 1527 1693 εει]
1555 1623 1777 1677 Dubium

220 1719 312 1755 non
338 1714 415 1757 est
442 1707 571 1773 quin
593 1708 730 1760 mala
763 1709 834 1762 sit
869 1708 920 1762 in
959 1710 1226 1766 adulterio
1265 1712 1464 1779 libido;
1490 1715 1584 1770 sed
1615 1732 1779 1781 quare

1895 529 2102 586 ratione
2121 534 2477 590 demonstrari
2507 536 2671 591 Deum
2696 553 2839 594 esse.

1964 621 2120 687 lbid.,
2157 624 2183 695 ᾗ
2215 626 2267 680 6.
2298 624 2520 682 Frustra
2552 632 2801 700 prapheta
2849 634 3065 689 dixisset
3098 653 3118 692 :
3167 637 3274 693 Nisi
3302 642 3479 696 credi-

1891 709 2096 778 deritis,
2124 730 2226 768 non
2252 716 2608 790 intelligeti~.]
2630 720 2746 775 iam
2769 731 2924 777 antea
2951 728 3283 785 ostendimus
3306 746 3333 782 a
3356 747 3476 799 pro-
3500 783 3518 797 ι,

1891 801 2048 870 pheta
2083 806 2185 860 tale
2217 808 2348 862 nihil
2376 810 2599 877 dictum,
2632 813 2697 867 ad
2732 816 2825 871 lib.
2858 832 2896 881 r,
2929 833 3048 887 cap.
3095 822 3151 874 2.
3498 822 3502 853 ε

1961 895 2092 949 Ibid.
2119 895 2141 948 1
2151 914 2239 964 pse
2264 915 2461 970 quoque
2500 900 2750 959 Dominus
2802 919 2970 961 noster
2998 921 3046 963 et
3071 912 3222 967 dictis
3250 925 3295 968 et
3324 918 3477 987 factis

1887 986 2190 1039 credendum
2213 989 2379 1058 primo
2392 990 2624 1045 hortatus
2645 1005 2741 1061 est,
2766 1013 2890 1064 quos
2911 1001 2980 1051 ad
3000 1001 3218 1056 salutem
3239 1009 3473 1082 vocavit.]

1890 1076 2050 1131 llecte
2073 1077 2203 1132 dicit
2230 1081 2403 1149 factis,
2432 1098 2553 1136 nam
2576 1085 2851 1143 miraculis
2880 1093 3114 1147 ostendit
3138 1110 3195 1149 se
3221 1112 3340 1152 esse
3370 1076 3473 1153 fide

1886 1167 2128 1239 dignum,
2159 1175 2632 1259 antequamﬁdem
2666 1179 2765 1235 sibi
2811 1181 2997 1239 haberi
3045 1188 3314 1257 exigeret.
3362 1192 3471 1248 Sed

1887 1274 2073 1317 verum
2115 1272 2197 1317 est
2233 1263 2530 1334 pleniorem
2559 1272 2923 1339 cognitionem
2967 1276 3087 1331 lidei
3130 1295 3251 1334 esse
3277 1295 3473 1351 seque-

1888 1351 2024 1420 l.rm,
2066 1353 2138 1408 ira
2168 1364 2223 1410 ut
2252 1359 2557 1426 geueralior
2587 1362 2820 1431 cognitio
2846 1365 3004 1420 ﬁdem
3033 1367 3219 1435 pariat,
3253 1379 3308 1424 et
3339 1373 3472 1427 ﬁdes

1885 1444 2002 1499 vive
2030 1461 2181 1501 versa
2212 1450 2598 1506 accuratiorem
2627 1455 2985 1523 cognitionem
3016 1450 3257 1526 generet.

1955 1536 2118 1593 Ltnuo
2149 1555 2227 1593 ιιι.
2268 1540 2397 1609 Cap.
2430 1543 2549 1614 δίς
2582 1544 2633 1596 7.
2667 1545 2786 1600 Non
2823 1548 3085 1602 voluntate
3111 1544 3281 1603 autem
3327 1550 3472 1605 volu-

1884 1644 2030 1691 mus;
2058 1632 2171 1698 quis
2202 1632 2278 1685 vel
2307 1633 2499 1689 delirus
2524 1637 2710 1691 audeat
2743 1640 2968 1712 dicere?]
3002 1642 3121 1696 Vult
3143 1643 3471 1712 Augustinus

1884 1721 2171 1776 ostendere
2200 1726 2288 1793 qui
2325 1725 2462 1780 Deus
2508 1726 2675 1782 libera
2709 1730 2876 1799 possit
2915 1733 3191 1799 prazseire;
3220 1736 3314 1789 sed
3346 1746 3471 1790 ante

215 1797 338 1849 mala
363 1797 486 1852 est?
516 1798 653 1865 Quia
701 1798 1025 1856 adulterium
1070 1801 1243 1870 ipsunr
1268 1812 1353 1883 est
1379 1806 1603 1871 malum,
1631 1810 1772 1874 quod
1812 1800 1854 1857 Β
1884 1814 2061 1864 omnia
2094 1817 2421 1883 oportuisset
2469 1797 3037 1888 deﬁnirevlibertatem,
3064 1839 3162 1878 nec
3189 1841 3306 1879 eam
3337 1843 3468 1881 cun-

214 1889 296 1943 illo
330 1890 557 1944 soeietas
604 1882 837 1947 humana
887 1896 1045 1962 plane
1096 1882 1461 1965 perturbetur.
1515 1899 1775 1954 llumaure

212 1980 339 2034 enim
359 1981 634 2039 societatis
656 1984 1056 2042 fundamentum
1082 1995 1164 2042 est
1192 1989 1421 2044 societas
1451 1991 1549 2045 viri
1580 2000 1775 2047 etcurr-

209 2070 355 2137 jugis,
393 2087 514 2141 qua:
545 2082 628 2127 est
656 2076 893 2130 ornniutn
945 2079 1151 2146 prima,
1195 2094 1294 2134 nec
1337 2080 1618 2136 incolumis
1656 2099 1776 2138 esse

209 2171 391 2229 potest,
423 2162 541 2218 sine
572 2174 757 2220 mutuo
788 2168 1063 2238 utriusque
1089 2185 1297 2236 amore,
1332 2180 1386 2227 et
1413 2177 1685 2230 communi
1713 2176 1774 2230 ti-

206 2249 444 2305 berorum
494 2269 559 2307 ac
587 2256 665 2310 rei
695 2255 971 2312 familiaris
1018 2274 1168 2329 cura,
1201 2276 1320 2331 qua:
1354 2277 1476 2317 cum
1508 2264 1774 2321 adulterio

204 2352 336 2397 stare
357 2357 651 2415 nequeunt.
704 2347 971 2405 Praeterea
1016 2350 1275 2409 adulteria
1331 2364 1613 2424 parentum
1649 2367 1775 2414 sunt

206 2434 379 2489 liberis
419 2436 857 2494 efﬁcacissirnum
889 2444 1159 2497 scortarrdi
1186 2447 1523 2516 exemplum;
1556 2451 1695 2520 quod
1727 2454 1772 2507 si

204 2526 501 2591 promiscue
527 2527 725 2594 ﬁeret,
759 2539 935 2585 aetum
973 2547 1185 2604 quoque
1224 2546 1370 2591 esset
1420 2537 1487 2593 de
1515 2540 1774 2597 societate

202 2616 451 2672 humana.
501 2618 649 2673 Talia
684 2636 813 2691 ergo
858 2632 984 2677 sunt
1035 2626 1220 2691 vetita,
1274 2626 1550 2684 hominum
1576 2646 1770 2697 causa;

199 2709 387 2777 quibus
400 2708 762 2767 vehementer
800 2724 1079 2771 nocerent.
1108 2717 1320 2787 Alioqui
1353 2721 1530 2786 libido,
1562 2739 1655 2776 seu
1682 2740 1776 2778 cn-

194 2801 394 2869 piditas
412 2802 636 2861 alterius
663 2818 843 2872 sexus,
872 2808 1003 2861 nihil
1020 2807 1177 2863 habet
1205 2825 1299 2878 per
1318 2823 1378 2866 se
1400 2812 1544 2879 mali,
1568 2815 1611 2867 si
1637 2815 1774 2869 intra

198 2894 392 2949 limites
420 2908 452 2949 a
487 2896 615 2961 Deo,
651 2897 757 2952 imo
785 2886 839 2953 et
866 2898 933 2954 ab
973 2900 1086 2970 ipsa
1120 2900 1386 2972 Ratione,
1436 2906 1776 2975 praescriptus

192 2994 434 3040 maneat.
514 2986 874 3055 Quamobrem
942 2993 1013 3047 ita
1069 2995 1356 3049 constituta
1422 3007 1548 3051 sunt
1593 3014 1622 3052 a
1668 2998 1777 3054 Deo

196 3076 435 3131 omnium
464 3078 777 3134 animalium
800 3096 1049 3149 corpora,
1082 3095 1143 3139 ut
1161 3100 1283 3140 eum
1311 3086 1677 3157 adoleverunt,
1712 3106 1774 3145 ea

196 3167 460 3236 cupiditas
496 3170 550 3224 in
590 3171 678 3237 iis,
726 3172 1041 3230 mechanico
1072 3176 1292 3245 impetu,
1334 3179 1619 3248 excitetur,
1668 3197 1777 3237 non

199 3263 355 3320 aliter
380 3280 443 3320 ac
468 3266 736 3336 cupiditas
763 3267 956 3324 edendi
983 3280 1076 3325 aut
1104 3272 1339 3327 bibendi.
1371 3272 1775 3332 Consectarium

199 3364 280 3410 est
306 3366 514 3413 natura:
541 3360 805 3429 corporis,
833 3361 992 3430 quale
1022 3375 1052 3415 a
1080 3362 1187 3417 Deo
1220 3372 1459 3420 creatum
1490 3376 1596 3432 est,
1629 3378 1684 3422 ut
1709 3382 1776 3424 ex

199 3447 366 3503 brutis
392 3456 451 3504 et
471 3464 543 3504 ex
576 3450 693 3518 ipso
735 3452 962 3507 consilio
990 3454 1385 3524 propagationis
1416 3470 1671 3524 generum
1696 3459 1778 3513 in-

198 3537 441 3607 telligere
470 3549 574 3594 est.
607 3540 773 3610 Igitur
800 3555 926 3596 vere
953 3541 1092 3597 dixit
1118 3543 1351 3599 Evodius
1381 3544 1451 3600 de
1472 3546 1772 3603 adulterio:

201 3626 321 3680 Non
344 3645 467 3683 sane
488 3630 607 3684 ideo
633 3630 823 3684 malum
858 3641 954 3699 est,
985 3635 1105 3702 quia
1126 3645 1324 3689 vetetur
1350 3634 1497 3706 lege;
1547 3641 1634 3693 sed
1663 3641 1776 3695 ideo

197 3728 390 3772 velatur
421 3718 550 3792 lege,
578 3722 697 3791 quia
722 3722 915 3776 malum
943 3733 1050 3789 est;
1105 3726 1199 3779 sed
1230 3727 1558 3795 Augustinus
1601 3730 1778 3784 minus

198 3813 481 3868 commode
512 3813 765 3869 indicavit
801 3830 897 3870 cur
925 3816 996 3869 sit
1022 3822 1243 3870 malum.
1270 3817 1529 3874 Similiter
1559 3830 1640 3875 est
1693 3836 1777 3874 ra-

200 3904 558 3960 tiocinandum
584 3907 652 3961 de
676 3906 1003 3974 homicidiis,
1027 3918 1080 3963 et
1101 3908 1277 3977 furtis,
1298 3910 1568 3980 dequibus
1592 3923 1775 3980 postea

198 4004 397 4061 noster,
430 4005 484 4050 et
522 4011 641 4066 quae
671 3998 809 4050 mala
837 4006 982 4067 sunt,
1012 4000 1134 4068 quia
1167 4009 1293 4054 sunt
1330 4016 1551 4070 prorsus
1590 4001 1775 4056 huma-

200 4094 280 4137 na:
310 4086 550 4142 societati
576 4088 843 4143 contraria
868 4104 883 4154 ;
912 4104 975 4143 ac
1006 4089 1230 4157 proinde
1276 4090 1441 4158 ipsius
1473 4092 1565 4146 Dei
1600 4092 1777 4147 consi-

200 4172 292 4241 lio,
318 4180 402 4246 qui
433 4177 678 4232 homines
706 4178 758 4231 in
791 4177 946 4233 terris
965 4179 1243 4239 collocavit
1268 4190 1323 4233 ut
1344 4180 1515 4235 amice
1544 4181 1683 4236 inter
1712 4197 1773 4237 se

199 4276 432 4336 agerent,
460 4283 660 4338 eosque
703 4270 792 4339 qui
822 4269 939 4324 aliis
969 4280 1165 4326 nocent
1216 4272 1417 4340 plec'it,
1449 4272 1646 4343 quippe
1686 4273 1774 4343 qui

200 4369 276 4411 cst
299 4359 412 4426 ejus
434 4358 704 4413 societatis
723 4368 909 4414 auctor
937 4375 1000 4415 ac
1024 4361 1237 4416 vindex.

263 4450 393 4519 Cap.
425 4450 514 4515 12,
547 4449 689 4520 §25.
721 4451 786 4504 A.
819 4451 1004 4517 Quaero
1025 4454 1114 4505 abs
1144 4461 1209 4517 te,
1241 4453 1371 4506 sitne
1389 4452 1562 4522 aliqua
1601 4453 1653 4505 in
1682 4471 1775 4507 no-

200 4537 271 4591 bis
297 4510 573 4593 voluntas;
606 4540 670 4594 E.
700 4510 938 4612 Nesida]
983 4510 1208 4596 Mirum.
1230 4552 1312 4597 est
1361 4510 1644 4607 Evodium,
1682 4546 1771 4613 qui
1808 4510 1853 4570 θ

198 4631 392 4698 passim
423 4639 509 4686 sat
542 4640 697 4688 acute
746 4634 1115 4699 ratiocinator,
1158 4645 1209 4688 et
1240 4634 1589 4704 interroganti
1648 4651 1772 4703 pru-

200 4720 382 4777 denter
412 4723 725 4791 respondet,
752 4722 838 4777 hic
860 4732 966 4777 tam
989 4723 1257 4790 atupidum
1287 4724 1411 4791 ﬁngi
1444 4736 1501 4778 ut
1544 4724 1687 4780 scire
1713 4741 1773 4781 se

200 4823 370 4882 neget,
391 4829 458 4869 an
481 4814 609 4869 insit
630 4814 936 4870 hominibus
956 4814 1218 4869 voluntas.
1237 4815 1337 4880 Qui
1366 4825 1545 4884 postea
1574 4816 1664 4871 lib.
1691 4832 1770 4884 ιιι,

203 4901 309 4971 £3,
333 4905 516 4959 dicere
565 4912 737 4972 petest
786 4903 927 4959 idem
972 4904 1231 4968 Evodius;
1279 4904 1405 4974 quid
1449 4922 1598 4959 suum
1638 4908 1773 4960 dicat

199 5008 405 5059 prorsus
432 5011 537 5048 non
574 4995 816 5060 invenire,
847 4994 888 5048 si
916 4996 1145 5049 voluntas
1166 5011 1270 5064 qua
1296 4994 1401 5048 vult
1444 5004 1490 5048 et
1525 5012 1625 5049 non
1667 4998 1773 5050 vult

201 5098 293 5136 non
312 5093 387 5138 est
417 5084 621 5154 ipsius?
668 5084 772 5140 Sed
806 5084 1197 5140 Platonicorum
1234 5085 1568 5154 dialogorum
1595 5080 1775 5140 amba-

200 5187 286 5240 ges
304 5174 428 5226 talia
452 5175 617 5227 multa
654 5175 871 5240 trahent,
904 5189 1022 5245 qua:
1052 5175 1232 5231 nescio
1255 5177 1337 5230 cui
1384 5174 1458 5230 rei
1489 5185 1611 5245 apta
1644 5177 1772 5245 sint,

201 5262 294 5318 nisi
320 5264 387 5317 ad
413 5262 706 5319 creandum
740 5264 928 5319 lectori
971 5265 1211 5320 tmtlium.

264 5355 431 5409 Ltsao
466 5369 526 5409 ιι.
573 5354 703 5424 Cap.
757 5355 812 5421 2,
876 5355 903 5427 §
954 5356 1007 5410 5.
1062 5355 1169 5427 Ego
1212 5356 1610 5412 demonstrarem
1638 5360 1774 5427 quod

201 5446 353 5499 cuivis
380 5447 711 5516 facillimum,
735 5456 925 5516 quanto
958 5460 1083 5501 esset
1110 5449 1370 5517 sequius...
1404 5458 1459 5502 ut
1489 5452 1640 5503 etiam
1667 5451 1773 5522 ipse

200 5547 450 5592 tantorum
471 5539 698 5593 virorum
735 5540 901 5607 libris,
943 5542 1029 5609 qui
1072 5556 1125 5594 se
1167 5546 1278 5593 c‘urn
1315 5540 1452 5595 Filio
1477 5542 1570 5597 Dei
1591 5545 1773 5597 vixisse

201 5641 432 5686 testatum
454 5632 639 5684 litteris
658 5631 993 5700 reliquerunt,
1035 5648 1139 5687 esse
1161 5630 1323 5685 Deum
1366 5638 1609 5701 crederet,
1643 5635 1770 5707 etc.]

200 5723 349 5779 l'rius
369 5732 550 5776 tamen
580 5720 965 5776 ostendendum
996 5733 1138 5778 esset
1171 5724 1329 5778 libros
1373 5725 1493 5781 illos
1517 5741 1637 5783 esse
1670 5729 1769 5784 ﬁde

1884 1904 2102 1959 inridere
2126 1922 2244 1959 cum
2278 1910 2565 1965 voluntate:
2594 1911 2710 1966 lucc
2737 1914 2877 1967 enim
2912 1916 3026 1969 'non
3078 1926 3205 1970 sunt
3248 1932 3465 1987 semper

1882 1994 2185 2062 conjuncta,
2218 2005 2277 2051 ut
2304 2008 2487 2066 postea
2518 2000 2840 2059 videbimus.
3460 2078 3463 2085 ι

1952 2082 2287 2149 Quamobrem
2306 2094 2529 2157 quamvis
2548 2091 2783 2159 pra’sciat
2810 2091 2944 2146 Deus
2964 2104 3168 2149 nostras
3188 2082 3467 2154 voluntates

1880 2174 2113 2243 futuras,
2160 2192 2258 2230 non
2294 2193 2355 2231 ex
2390 2195 2451 2235 eo
2482 2191 2651 2234 tamen
2695 2183 2963 2250 conﬁcitur
2992 2193 3174 2240 utnon
3214 2188 3470 2244 voluntate

1879 2266 2074 2336 aliquid
2100 2266 2355 2339 velimus.]
2387 2271 2455 2325 Δι
2480 2272 2851 2341 distinguenda
2877 2286 3000 2330 sunt
3024 2277 3130 2331 duo
3156 2294 3353 2347 genera
3388 2298 3471 2335 re-

1880 2372 1996 2412 rum
2019 2374 2136 2426 qua:
2165 2362 2453 2415 voluntaria
2479 2362 2585 2417 dici
2625 2374 2866 2432 p08sunt.
2901 2367 3034 2422 Sunt
3062 2370 3202 2423 enim
3234 2387 3353 2439 qua:
3381 2389 3471 2425 vo-

1878 2450 2033 2505 lentes
2060 2452 2276 2520 quidem
2322 2453 2585 2522 facimus,
2635 2456 2729 2511 sed
2764 2458 2984 2514 minime
3027 2468 3205 2516 tamen
3259 2462 3467 2530 libere;

1878 2555 2000 2595 nam
2031 2540 2237 2598 libertas
2265 2555 2347 2599 est
2380 2560 2443 2600 ea
2474 2547 2635 2601 animi
2667 2547 2889 2604 facultas
2913 2544 3033 2620 qua
3059 2568 3343 2623 possumus
3372 2558 3472 2609 ali-

1876 2631 2003 2701 quid
2034 2633 2208 2689 facere
2230 2646 2319 2690 aut
2349 2651 2455 2691 non
2486 2638 2693 2706 facere;
2722 2652 2847 2695 sunt
2874 2653 3049 2699 autem
3080 2645 3319 2714 qumdam
3352 2664 3470 2717 quas

1879 2723 1951 2777 ita
1983 2724 2229 2778 volumus
2255 2765 2270 2791 ,
2305 2737 2359 2779 ut
2401 2742 2464 2781 ea
2508 2743 2613 2782 non
2664 2732 2931 2797 possimus
2979 2734 3141 2788 nolie.
3185 2735 3240 2788 ln
3265 2736 3469 2803 judicio

1848 2862 1851 2871 η
1880 2813 2100 2867 ferendo
2129 2814 2195 2869 de
2220 2814 2469 2885 dogmate
2494 2820 2742 2887 quopiam
2767 2860 2781 2883 ,
2814 2821 2941 2875 dum
2972 2823 3216 2878 obscuris
3248 2828 3471 2883 rationi-

1878 2905 1977 2960 bus
2004 2905 2215 2973 nititur,
2244 2922 2364 2976 quxe
2395 2924 2566 2977 neque
2593 2910 2876 2966 manifesto
2903 2912 3051 2970 falsa:
3080 2913 3344 2981 v.dentur,
3368 2934 3468 2975 nec

1878 2997 2161 3052 manifesto
2184 3012 2345 3064 verae,
2376 3014 2657 3068 possumus
2686 3002 2736 3056 id
2764 3002 2953 3071 dogma
2971 2996 3204 3074 ‘rejicere
3233 2998 3325 3061 aut
3347 3023 3467 3062 arn-

1876 3087 2059 3156 plecti,
2091 3088 2440 3161 libertateque
2466 3091 2600 3145 adeo
2627 3102 2808 3148 nostra
2840 3094 3057 3150 utimur.
3103 3097 3209 3152 Sed
3238 3099 3280 3152 si
3312 3100 3468 3154 nobis

1882 3188 2208 3249 proponatur
2227 3182 2439 3237 axioma
2461 3184 2726 3251 quoddam
2752 3186 3207 3256 mathematicum,
3230 3200 3318 3244 aut
3345 3207 3468 3259 pro-

1878 3270 2070 3339 posit‘o
2099 3287 2163 3328 ex
2191 3288 2258 3327 eo
2297 3277 2601 3332 necessaria
2646 3282 3024 3349 consequentia
3057 3274 3281 3337 deducta
3306 3326 3322 3351 ,
3358 3300 3463 3339 non

1878 3372 1959 3416 est
1986 3363 2214 3432 amplius
2255 3364 2306 3418 in
2347 3374 2613 3434 potestate
2644 3377 2827 3423 nostra
2859 3385 3138 3427 assensum
3172 3389 3385 3443 negare,
3418 3377 3465 3431 si

1878 3451 2037 3505 modo
2057 3453 2218 3507 verba
2246 3454 2440 3523 quibus
2469 3466 2725 3527 concepta
2769 3470 2892 3513 sunt
2940 3461 3316 3531 inteLigarnus.
3369 3466 3465 3520 llic

1876 3543 2090 3611 quidem
2116 3544 2338 3598 volentes
2369 3547 2690 3601 assentimur
2713 3592 2727 3614 ,
2772 3563 2947 3619 neque
2985 3553 3125 3604 enim
3160 3552 3321 3607 alter
3350 3554 3462 3608 ﬁeri

1876 3641 2093 3701 potest;
2136 3632 2230 3687 sed
2258 3649 2362 3687 non
2392 3633 2558 3689 libere
2584 3679 2599 3703 ,
2633 3652 2752 3689 nam
2798 3652 3075 3692 assensum
3114 3655 3309 3709 negare
3353 3657 3460 3697 non

1877 3736 2178 3792 possumus.
2232 3722 2307 3779 De
2337 3722 2483 3780 hisce
2513 3726 2811 3782 actionibus
2840 3741 2943 3781 non
2982 3728 3240 3798 quaeritur
3267 3745 3333 3783 an
3365 3746 3460 3786 eas

1880 3814 2125 3882 prmsciat
2152 3815 2316 3879 D.-.us,
2348 3824 2471 3869 sunt
2500 3817 2641 3870 enim
2676 3818 2830 3886 plane
2864 3820 3209 3883 necessariae;
3235 3821 3327 3875 sed
3361 3837 3460 3877 nec

1877 3916 2000 3959 sunt
2030 3906 2134 3959 ulla
2158 3905 2312 3960 laude
2338 3919 2427 3960 aut
2457 3907 2717 3975 vituperio
2742 3908 2935 3978 dignm.
2964 3909 3059 3964 Est
3082 3918 3136 3964 et
3158 3911 3323 3965 altera
3346 3926 3454 3978 res,

1876 4010 2070 4064 praeter
2084 4012 2344 4050 summam
2363 3997 2710 4064 evidentiam,
2725 3999 2777 4052 in
2796 4013 2951 4068 quam
2966 4002 3203 4055 volentes
3218 4001 3455 4069 quidem,

1877 4086 1973 4141 sed
2006 4102 2108 4140 non
2141 4087 2307 4141 libere
2338 4086 2580 4153 ferinrrrr,
2608 4104 2767 4159 quam
2794 4091 3042 4159 exprimit
3073 4091 3185 4160 ipse
3212 4094 3460 4162 Augusti-

1878 4191 1978 4231 nus
2007 4177 2352 4247 Sequcntibus
2381 4178 2575 4233 verbis.

1952 4267 2090 4321 Nam
2119 4280 2163 4321 et
2204 4268 2267 4322 de
2295 4268 2600 4323 beatitudine
2626 4271 2761 4338 quod
2788 4270 2962 4324 dixisti
2980 4312 2995 4337 ,
3028 4287 3127 4324 non
3156 4272 3243 4324 abs
3272 4282 3318 4324 te
3346 4272 3461 4338 ipso

1880 4359 2076 4411 beatum
2107 4359 2252 4429 fieri,
2282 4360 2352 4413 ita
2380 4361 2556 4415 dixiin
2576 4361 2721 4430 quasi
2748 4359 2844 4414 Iroc
2884 4376 2975 4431 ego
3012 4362 3331 4429 negaverim;
3373 4367 3461 4415 sed

1879 4449 1992 4503 dco
2020 4466 2134 4502 cum
2164 4455 2365 4519 futurus
2396 4467 2445 4503 es
2476 4453 2644 4504 beatus
2663 4490 2680 4517 ,
2711 4466 2810 4505 non
2844 4462 2888 4505 te
2915 4453 3148 4516 invitum,
3178 4451 3266 4504 sed
3291 4452 3463 4503 valeria

1879 4548 1972 4592 tem
1999 4538 2273 4611 futurum]
2299 4541 2369 4593 At
2397 4540 2482 4595 hic
2507 4555 2717 4610 quoque
2748 4541 2890 4595 nulla
2912 4552 2993 4596 est
3021 4536 3242 4603 libertas,
3270 4556 3461 4596 omnes

1878 4632 2019 4686 enim
2052 4634 2356 4687 necessario
2384 4642 2566 4701 nptant
2596 4647 2858 4686 summam
2887 4632 3288 4697 beatitudinem,
3317 4645 3465 4684 earn-

1878 4712 1983 4789 que
2011 4723 2285 4778 consecuti
2317 4738 2421 4777 non
2471 4735 2693 4792 possunt
2736 4712 2813 4794 in,~
2839 4738 2900 4777 ea
2947 4738 3050 4775 non
3097 4724 3461 4789 acquiescere.

1878 4811 2111 4883 ldeoque
2134 4815 2235 4869 hoc
2259 4815 2561 4884 exemplum
2589 4813 2654 4868 ad
2680 4830 2792 4868 rem
2817 4812 2947 4865 nihil
2971 4809 3116 4875 facit,
3141 4806 3262 4865 curn
3285 4828 3465 4869 sermo

1881 4905 1968 4961 hic
1996 4908 2068 4961 sit
2092 4906 2159 4960 de
2186 4906 2512 4960 volitionibus
2538 4946 2552 4971 ,
2586 4915 2645 4957 ut
2670 4904 2958 4971 loquuntur
2983 4900 3289 4958 scholastici
3312 4944 3326 4969 ,
3358 4920 3463 4959 non

1882 4994 2218 5061 necessariis,
2252 4995 2344 5049 sed
2376 5006 2595 5062 prorsus
2621 4986 2826 5057 liberis,
2857 4999 2915 5045 ut
2942 5002 3066 5048 sunt
3095 5007 3173 5048 ea:
3199 5008 3317 5064 quae
3346 5011 3468 5050 ver-

1880 5095 2063 5141 santur
2084 5086 2227 5139 circa
2255 5084 2392 5139 bona
2414 5081 2722 5152 singularia,
2747 5099 3077 5151 quaecunque
3100 5086 3313 5141 tandem
3335 5087 3463 5142 sint.

1952 5176 2079 5231 Cum
2101 5175 2254 5245 igitur
2275 5173 2516 5243 prtescius
2540 5172 2675 5227 Deus
2698 5174 2760 5227 sit
2783 5176 2970 5245 futurte
2991 5176 3316 5230 beatitudinis
3343 5185 3463 5240 tuae,

1879 5287 1970 5324 nec
2005 5270 2154 5323 aliter
2179 5265 2375 5335 aliquid
2412 5266 2525 5334 ﬁeri
2557 5267 2715 5341 possit
2748 5284 2900 5337 quant
2945 5267 3195 5335 pratscivit
3221 5309 3235 5333 ,
3277 5265 3467 5329 aliaqui

1883 5361 2027 5415 nulla
2052 5359 2367 5431 pra'scientia
2391 5369 2502 5423 est;
2532 5374 2630 5412 non
2662 5370 2831 5412 tamen
2857 5375 2920 5412 ex
2945 5374 3005 5413 eo
3031 5359 3258 5427 cogimur
3283 5358 3466 5407 sentire

1882 5458 2017 5520 quod
2050 5451 2469 5505 absurdissimum
2510 5460 2583 5503 est
2614 5459 2658 5504 et
2696 5450 2844 5518 longe
2880 5468 2911 5503 a
2946 5449 3153 5502 veritate
3191 5446 3466 5511 seclusum,

1883 5558 1986 5596 non
2014 5555 2061 5596 te
2085 5544 2277 5597 volente
2297 5542 2495 5596 beatum
2518 5540 2790 5611 futurum]
2822 5542 2944 5593 lltcc
2969 5552 2997 5590 a
3030 5536 3298 5606 proposita
3323 5551 3467 5604 qua:-

1884 5638 2056 5691 stiune
2101 5644 2226 5690 sunt
2262 5634 2471 5697 aliena;
2523 5631 2783 5703 quaeritur
2823 5631 2966 5685 enim
3010 5621 3276 5696 quomodo
3329 5628 3467 5681 Deus

1882 5728 2127 5790 prmsciat
2159 5740 2222 5781 an
2256 5722 2509 5786 Evodius,
2543 5720 2686 5775 verbi
2719 5717 2907 5787 gratia,
2932 5731 3206 5772 assensum
3240 5717 3308 5771 sit
3338 5733 3467 5785 prs:-
