3908 6370
467 312 569 370 251

1375 292 1937 355 δυΡΓιΕΜΕΝῐυΜ
1981 287 2071 344 AD
2110 286 2339 345 OPERA
2376 290 2434 345 S.
2475 288 2862 346 AUGUSTINI.

3652 286 3744 344 επ

470 430 675 484 biturus
704 420 1013 490 Evangelia,
1045 421 1089 474 si
1135 419 1368 473 Evodius
1398 433 1519 472 eum
1551 430 1833 471 assensum
1865 423 2059 481 negare
2094 405 2138 464 Δ
2166 407 2269 461 dici
2294 408 2392 463 hac
2416 408 2484 462 de
2512 422 2569 462 re
2597 407 2834 469 soleant;
2869 402 2963 458 sed
2995 402 3239 472 profecto
3269 399 3475 472 regulas
3500 401 3738 473 Augusti-

472 519 667 588 possit;
709 529 811 567 non
844 527 967 566 vero
994 526 1112 580 qua:
1138 509 1207 563 sit
1235 509 1409 564 futura
1452 506 1698 561 voluntas
1729 504 1887 573 ejus,
1933 516 2055 558 cum

474 609 775 665 beatitatem
806 611 1183 670 consequetur.
1866 666 1869 669 _

544 696 689 751 Sicut
715 702 887 746 autem
916 690 1227 744 voluntatem
1256 686 1605 749 beatitudinis,
1633 700 1746 737 cum
1772 698 1877 736 esse
1902 696 2063 747 caepe-

474 787 542 839 ris
564 786 762 848 beatus,
784 798 885 835 non
907 781 995 834 tibi
1015 780 1187 850 aufert
1208 776 1523 849 prtescientia
1547 774 1659 840 Dei,
1686 788 1799 842 qua:
1819 771 2065 837 hodieque

477 878 537 931 de
565 886 650 929 tua
690 878 865 945 futura
892 870 1201 924 beatitudine
1234 877 1369 923 certa
1397 876 1470 921 est
1500 881 1517 918 :
1544 866 1615 918 sic
1646 866 1797 916 etiam
1832 860 2067 913 uoluntas

479 966 765 1038 culpabilis,
797 966 840 1018 si
863 979 967 1033 qua
998 963 1049 1015 in
1080 971 1127 1015 te
1153 960 1328 1030 futura
1353 967 1447 1020 est,
1475 972 1578 1009 non
1607 962 1870 1023 propterea
1889 950 2068 1004 volun-

480 1071 556 1111 tas
582 1074 681 1111 non
704 1054 822 1121 erit,
840 1054 1081 1125 quoniam
1107 1051 1243 1106 Deus
1264 1066 1373 1105 eam
1398 1051 1623 1119 futuram
1647 1060 1752 1098 esse
1773 1037 2068 1114 prcescivit.]

485 1150 625 1203 Deus
674 1146 920 1218 praevidit
968 1144 1227 1198 Evodiutn
1277 1141 1544 1194 volentem
1592 1136 1703 1190 l'ore
1733 1134 1943 1189 beatum
1971 1172 1985 1196 ,
2026 1131 2071 1185 si

487 1241 795 1293 beatitatem
819 1242 1257 1303 consequeretur,
1277 1230 1398 1299 quia
1419 1228 1536 1283 hrcc
1553 1227 1799 1280 voluntas
1816 1232 1896 1277 est
1918 1221 2073 1291 plane

492 1328 791 1384 necessaria
817 1367 833 1392 ,
864 1325 1105 1393 adeoque
1145 1336 1243 1374 nec
1290 1316 1550 1373 laudanda
1575 1356 1593 1383 ,
1633 1328 1733 1369 nec
1774 1310 2070 1381 culpaliitis.

489 1418 686 1473 Verum
716 1416 818 1468 hoc
844 1428 947 1466 non
979 1410 1259 1481 quaeritur,
1287 1408 1381 1463 sed
1408 1403 1678 1477 quomodo
1709 1402 1875 1457 libere
1904 1400 2076 1453 Evan-

489 1509 628 1577 gelio
655 1505 940 1560 crediderit
969 1513 1023 1557 et
1050 1502 1342 1557 adhreserit
1368 1498 1620 1561 Evodius,
1652 1496 1723 1550 ita
1756 1506 1809 1549 ut
1836 1492 1888 1548 ei
1917 1493 2073 1545 llilcm

490 1597 796 1661 detrahere,
828 1602 882 1648 et
911 1592 980 1647 ab
1009 1608 1074 1647 eo
1100 1591 1330 1648 deiicere
1362 1588 1590 1660 potuerit
1619 1603 1632 1653 ;
1675 1595 1728 1641 et
1756 1595 1932 1637 tamen
1964 1581 2079 1636 haec

492 1690 633 1743 Dens
673 1684 924 1756 prtescire
967 1695 1115 1738 certo
1158 1681 1411 1753 potuerit.
1459 1679 1564 1733 Fac
1603 1689 1787 1732 contra
1815 1673 2077 1729 Evodium

494 1779 781 1849 Evangelia
808 1794 914 1832 non
942 1775 1237 1832 credidisse
1266 1784 1355 1829 aut
1390 1771 1633 1827 nuntium
1662 1768 1963 1830 remisisse,
2000 1765 2078 1819 id-

493 1886 597 1939 que
619 1870 807 1935 libere,
834 1870 934 1923 hoc
953 1876 1054 1932 est,
1080 1867 1153 1921 ita
1179 1877 1234 1920 ut
1255 1864 1580 1920 contrarium
1609 1860 1784 1916 facere
1809 1859 2072 1929 potuerit;

495 1966 681 2017 volens
705 1962 865 2018 etiam
896 1959 1101 2026 fecerit,
1126 1958 1176 2012 id
1204 1956 1342 2025 quod
1366 1955 1510 2010 fecit.
1536 1951 1803 2021 Quaeritur
1824 1949 1913 2020 qui
1937 1948 2078 2002 Deus

495 2062 742 2109 eventum
775 2052 1068 2122 prazvidere
1099 2049 1333 2119 potuerit
1361 2047 1449 2117 qui
1482 2060 1575 2100 sua
1611 2050 1800 2098 natura
1833 2041 1886 2095 in
1916 2040 2080 2095 alter-

498 2156 671 2202 utram
703 2156 905 2215 partem
932 2141 1320 2199 determinatus
1349 2154 1455 2194 non
1503 2136 1679 2192 fuerit.
1729 2133 1862 2188 Rem
1912 2134 2079 2202 ipsam

501 2248 730 2293 tractare
756 2252 861 2292 non
892 2234 1192 2305 aggrediar,
1223 2248 1340 2303 qum
1369 2245 1497 2285 sane
1520 2227 1831 2285 difﬁcillima
1862 2232 1964 2288 est,
1990 2220 2081 2277 sed

500 2328 674 2382 dicam
703 2327 1057 2396 Augusdnum
1086 2340 1192 2380 non
1238 2323 1569 2379 crediturum
1611 2318 1772 2373 fuisse
1812 2330 1929 2371 eam
1976 2323 2083 2367 tam

501 2414 604 2471 levi
637 2417 856 2470 brachio
886 2431 914 2467 a
957 2430 1016 2469 se
1044 2414 1179 2469 solvi
1233 2427 1392 2484 posse
1416 2451 1432 2478 ,
1477 2410 1521 2465 si
1567 2424 1679 2464 rem
1711 2404 2081 2462 intellexisset.

500 2510 650 2562 Nunc
678 2519 856 2562 autem
889 2506 1121 2561 vidimus
1145 2521 1263 2562 eam
1288 2519 1511 2560 acumen
1542 2502 1657 2574 ejus
1684 2501 1840 2570 plane
1869 2496 2085 2568 fugisse,

501 2600 605 2654 nisi
646 2597 921 2653 rhetorica
968 2596 1393 2652 dissimulatione
1439 2595 1524 2649 hic
1574 2608 1701 2648 usus
1742 2591 1938 2658 fuerit;
1987 2602 2090 2659 qua

502 2699 638 2764 [orte
665 2691 825 2745 etiam
857 2688 1054 2744 factum
1084 2698 1168 2745 est
1196 2700 1255 2744 ut
1292 2687 1459 2742 multa
1485 2686 1660 2741 aliena
1687 2684 1754 2739 ab
1784 2685 1847 2738 iis
1878 2684 1947 2738 de
1974 2681 2093 2751 qui-

502 2782 601 2837 bus
628 2796 788 2851 agere
813 2794 1095 2851 aggressus
1137 2788 1221 2835 est
1248 2778 1491 2844 misceat,
1522 2791 1589 2833 ne
1620 2777 1779 2833 nimis
1800 2775 1984 2846 jejune
2014 2771 2095 2829 eis

505 2872 578 2927 de
610 2872 768 2926 rebus
796 2884 955 2939 agere
988 2869 1253 2923 videatur.

573 2962 705 3028 Cap.
736 2961 830 3028 10,
864 2959 891 3029 §
913 2960 1003 3014 29.
1056 2959 1195 3012 Nam
1218 2969 1265 3011 et
1288 2958 1423 3012 illud
1448 2973 1722 3026 appensum
1749 2962 1822 3007 est
1848 2952 2096 3020 atquitatis

503 3054 759 3115 exanime,
783 3061 838 3104 ut
867 3066 957 3103 nec
984 3051 1143 3119 ipsius
1172 3049 1360 3102 diaboli
1382 3047 1612 3115 potestati
1639 3054 1904 3115 negaretur
1924 3045 2094 3109 homo,

2160 497 2365 561 nianre,
2391 511 2548 567 quam
2592 497 2692 550 hoc
2740 494 2794 548 in
2823 508 2985 560 apere
3012 492 3076 545 de
3106 491 3307 546 Libero
3333 491 3572 545 Arbitrio
3597 494 3743 561 ponit,

2163 588 2475 642 immutabili
2524 588 2718 658 quippe
2740 587 2944 656 justitia
2986 585 3160 650 nisui,
3193 583 3453 639 tenebras
3497 582 3747 643 ollundere

2163 695 2267 735 non
2295 689 2537 750 possunt.

2235 772 2365 843 Cap.
2401 771 2487 841 19,
2516 772 2543 841 §
2574 772 2663 827 55.
2705 770 2857 825 Nulli
2888 770 3022 823 enim
3049 768 3257 823 homini
3290 766 3519 821 oblatum
3544 776 3613 821 est
3640 771 3748 824 scire

2166 864 2360 918 utiliter
2396 864 2553 933 qiuari
2596 860 2733 930 quod
2773 860 3021 913 inutiliter
3049 856 3376 931 ignoratur.]
3425 857 3568 912 llauc
3597 860 3747 927 plero-

2171 972 2394 1025 tutnque
2450 954 2695 1009 codicum
2759 952 3042 1007 teetionem
3099 965 3231 1007 esse
3291 956 3557 1004 testantur
3603 949 3747 1004 Bene-

2170 1046 2375 1101 dictini.
2427 1043 2533 1099 Sed
2582 1042 2800 1097 omnino
2854 1040 3140 1111 legendum
3200 1049 3289 1094 est
3343 1039 3610 1104 ablatum,
3659 1055 3745 1094 non

2175 1136 2423 1191 oblatum.
2476 1134 2601 1188 llaec
2628 1134 2768 1187 enim
2797 1142 2879 1187 est
2904 1132 3189 1202 Augustini
3220 1131 3493 1187 sententia
3518 1171 3534 1196 ,
3573 1130 3747 1185 nemini

2142 1230 2145 1233 ’
2174 1242 2295 1281 esse
2342 1225 2481 1279 hanc
2509 1224 2740 1279 ablatam
2786 1222 3148 1292 cognitionem
3180 1261 3197 1287 ,
3245 1236 3313 1276 ea
3346 1221 3549 1275 utiliter
3582 1223 3746 1290 quaeri,

2176 1331 2402 1383 quorum
2443 1330 2547 1371 non
2590 1323 2804 1370 constat
2834 1314 3193 1384 ignorantiam
3234 1326 3361 1366 esse
3393 1311 3597 1365 utilem.
3633 1310 3750 1366 Sane

2179 1408 2248 1462 ita
2276 1408 2391 1464 haec
2420 1422 2521 1463 vox
2546 1408 2740 1477 legitur
2766 1408 2819 1462 in
2848 1406 3084 1462 editione
3114 1403 3444 1470 Basileensi,
3465 1414 3518 1459 et
3542 1403 3665 1458 forte
3683 1413 3749 1474 ty-

2180 1501 2501 1571 pographico
2524 1498 2720 1555 mendo
2749 1498 2957 1553 laborat
2981 1497 3067 1551 hic
3088 1495 3445 1551 Parisiensis.
3476 1494 3603 1549 Vide
3625 1493 3650 1564 §
3674 1494 3744 1548 57.

2252 1594 2381 1663 Cap.
2408 1594 2500 1662 20,
2527 1592 2555 1665 §
2579 1593 2669 1648 55.
2703 1591 2770 1647 Ut
2797 1591 3028 1645 meliores
3056 1590 3291 1660 gigneret
3319 1603 3476 1655 quam
3501 1587 3601 1656 ipse
3626 1595 3746 1650 esset,

2182 1700 2282 1737 non
2312 1691 2419 1737 erat
2448 1694 2495 1736 et
2523 1680 2828 1752 wguitatisﬂ
2866 1680 2977 1735 Nec
3016 1680 3264 1748 iniquum
3303 1676 3413 1731 hoc
3453 1685 3601 1741 erat,
3628 1676 3667 1729 si
3693 1677 3747 1730 ita

2108 1765 2156 1826 Β
2186 1778 2292 1831 ι)ρο
2322 1779 2492 1833 visum
2520 1776 2742 1840 fuisset;
2790 1789 2890 1829 nec
2930 1774 3091 1829 etiam
3130 1788 3386 1841 aequum,
3429 1770 3499 1825 ita
3534 1779 3588 1824 ut
3612 1769 3747 1830 Deus,

2182 1872 2283 1926 nisi
2314 1871 2683 1939 contingi-ret,
2718 1867 3014 1937 iniquitatis
3053 1864 3363 1920 insimulari
3402 1870 3599 1932 posset.
3634 1860 3749 1915 Ordo

2180 1962 2437 2015 duntaxat
2464 1975 2493 2013 a
2523 1960 2634 2015 Deo
2673 1960 2727 2012 in
2765 1958 3002 2013 omnium
3042 1955 3365 2010 animalium
3399 1952 3748 2023 prepagatiooe

2182 2054 2459 2108 institutus
2484 2065 2591 2104 non
2631 2049 2930 2119 patiebatur
2968 2047 3266 2103 liberorum
3309 2058 3511 2114 corpus
3543 2041 3749 2096 melioris

2187 2157 2308 2197 esse
2338 2140 2663 2197 conditionis
2690 2132 2850 2209 qt'tam
2873 2140 3279 2209 progenitorum
3307 2148 3561 2202 corpora.
3586 2130 3678 2187 Sed
3699 2146 3747 2183 an

2186 2248 2396 2303 :equum
2429 2241 2544 2288 erat
2575 2231 2778 2286 animm
2809 2239 3143 2303 posterorum
3180 2227 3379 2282 Adami
3425 2239 3607 2294 poenas
3633 2224 3751 2278 luere

2186 2325 2388 2395 peccati
2414 2323 2482 2378 ab
2512 2323 2639 2392 ipsis
2667 2338 2772 2377 non
2809 2321 3120 2389 admissi,et
3146 2320 3295 2391 quod
3328 2334 3401 2375 ne
3428 2317 3748 2375 committere-

2190 2426 2278 2470 tur
2308 2417 2447 2470 nulla
2480 2416 2686 2468 ratione
2717 2412 2977 2481 impedire
3013 2410 3345 2482 potuerunt?

2261 2510 2289 2579 §
2314 2509 2404 2566 56.
2439 2508 2498 2564 Si
2526 2525 2625 2561 una
2650 2508 2825 2561 animo
2853 2509 2989 2575 facta
3015 2513 3110 2570 est,
3141 2518 3208 2556 ea:
3236 2518 3342 2571 qua
3363 2501 3597 2555 omnium
3621 2496 3746 2551 horni-

2194 2616 2316 2652 num
2356 2600 2539 2651 animaz
2577 2598 2847 2651 trahuntur
2876 2593 3189 2649 nascentium
3213 2633 3229 2658 ,
3259 2594 3378 2661 quis
3421 2598 3582 2659 potest
3620 2585 3745 2640 ddrre

2195 2706 2297 2743 non
2325 2705 2376 2744 se
2405 2703 2635 2759 peccasse
2659 2727 2675 2751 ,
2710 2703 2823 2739 cum
2864 2686 3057 2755 primus
3098 2683 3184 2737 ille
3227 2678 3519 2752 peccavitﬂ
3565 2678 3656 2736 Sed
3680 2676 3743 2745 qui

2196 2782 2431 2835 animam
2461 2794 2527 2834 ex
2560 2777 2779 2832 traduce
2810 2789 2930 2831 esse
2960 2774 3267 2838 voluerunt,
3309 2786 3417 2827 non
3458 2786 3618 2840 usque
3642 2767 3743 2822 adeo

2198 2873 2517 2939 delirarunt,
2543 2878 2600 2922 ut
2622 2868 2855 2938 putarint
2884 2866 3183 2920 universam
3213 2865 3456 2919 omnium
3485 2862 3740 2916 animarum

2198 2962 2428 3022 molem,
2462 2968 2516 3012 ut
2547 2958 2617 3011 ita
2650 2960 2864 3026 laquar,
2896 2957 2947 3010 in
2982 2956 3188 3010 Adamo
3217 2954 3419 3018 fuisse,
3450 2967 3564 3023 quae
3596 2957 3743 3018 postea

2202 3049 2558 3123 particulatim
2604 3048 2872 3117 discerpta
2928 3048 2979 3101 in
3029 3054 3280 3115 posteros
3332 3043 3626 3104 dividatur;
3670 3035 3739 3091 sed

509 3160 657 3212 quem
686 3142 779 3194 sibi
804 3140 935 3192 male
954 3139 1216 3191 suadendo
1238 3137 1536 3206 subjecerat.
1574 3135 1807 3203 Iniquum
1831 3134 1963 3187 enim
1989 3143 2097 3187 erat
2122 3124 2171 3188 Ο
2203 3142 2348 3196 nasci
2398 3151 2452 3196 υι
2489 3155 2683 3209 corpus
2707 3180 2723 3203 ,
2765 3154 2864 3194 nec
2910 3139 3147 3194 existere
3187 3147 3472 3207 antequam
3514 3144 3740 3189 nascatur.

508 3243 563 3285 ut
588 3233 632 3284 ei
660 3245 806 3300 quem
836 3237 1053 3292 mperat
1081 3242 1179 3279 non
1209 3224 1597 3297 dominaretur.]
1643 3224 1699 3281 Si
1730 3224 1851 3293 quis
1893 3224 2096 3279 diceret

509 3335 719 3388 acquum
742 3333 862 3372 esse
891 3327 946 3371 ut
969 3317 1255 3370 monarclia
1282 3316 1508 3385 patiatur
1530 3331 1623 3370 eos
1645 3313 2111 3384 perduellionihus

508 3412 712 3464 servire
733 3423 867 3478 quos
896 3409 1050 3461 malis
1074 3408 1278 3461 artibus
1302 3407 1417 3476 ejus
1440 3407 1662 3477 imperio
1690 3406 2094 3475 snbtraxeruut,

510 3499 750 3569 proiecto
779 3515 883 3555 non
911 3498 1081 3569 magis
1112 3498 1340 3553 ferretur
1365 3514 1525 3568 quam
1555 3498 1598 3553 si
1624 3501 1743 3569 quis
1762 3498 1964 3552 diceret
1992 3497 2095 3551 ini-

509 3608 669 3661 qmnn
702 3608 821 3648 esse
866 3601 923 3646 ut
955 3591 1041 3646 fur
1081 3592 1144 3645 iis
1185 3592 1442 3661 spolietur
1485 3606 1604 3661 qua:
1651 3589 1791 3646 furto
1842 3589 2099 3657 surripuit

509 3681 664 3750 juStis
684 3682 939 3737 dominis.
965 3683 1092 3749 Quis
1120 3680 1280 3749 igitur
1307 3681 1537 3749 patiatur
1562 3678 1666 3735 dici
1698 3680 1933 3750 iniquum
1959 3678 2097 3732 futu-

510 3787 629 3827 rum
656 3771 815 3826 fuisse
837 3773 879 3826 si
903 3772 1146 3834 Creator,
1172 3771 1262 3838 qui
1293 3772 1448 3838 longe
1472 3770 1675 3837 optimo
1695 3769 1817 3838 jure
1838 3772 2098 3824 creaturis

510 3863 623 3914 suis
654 3863 900 3927 imperat,
933 3870 1167 3928 eriperet
1193 3859 1578 3922 cacoda-tnoni,
1602 3868 1861 3912 creatura:
1890 3861 2093 3926 rebelli,

512 3965 646 4020 quos
670 3953 840 4003 malus
875 3950 963 4003 ille
991 3949 1211 4016 Spiritus
1249 3950 1435 4003 fraude
1462 3965 1491 4002 a
1522 3950 1628 4004 Deo
1667 3950 1953 4006 alieniores
1980 3952 2099 4006 red-

512 4038 683 4093 didit?
729 4036 806 4092 Ad
837 4052 922 4093 me
950 4036 1164 4107 quidem
1193 4039 1336 4105 quod
1364 4039 1588 4106 attinet,
1618 4040 1814 4093 diaboli
1847 4051 2099 4109 patronos

515 4128 835 4184 Manichmos
884 4138 939 4184 et
986 4144 1173 4184 omnes
1211 4131 1342 4185 alios
1388 4132 1582 4185 similia
1629 4130 1960 4196 delirantes,
1994 4148 2099 4188 nou

515 4232 746 4287 possem,
772 4219 875 4273 nisi
898 4219 1286 4276 infelicissimos
1312 4220 1577 4289 rhetores,
1608 4231 1665 4276 ut
1689 4222 2002 4286 mollissime
2025 4223 2101 4277 lo-

515 4323 669 4380 quar,
698 4308 916 4365 habere.

585 4400 713 4469 Cap.
752 4402 838 4465 l7,
867 4401 894 4470 §
923 4400 1013 4455 50.
1049 4400 1373 4472 Quwcunque
1410 4404 1507 4457 ista
1538 4419 1695 4458 causa
1726 4414 1797 4458 est
1827 4405 2101 4459 voluntatis

2198 3230 2488 3302 Sequentia
2523 3232 2681 3285 verba
2721 3229 3104 3284 obscurissima
3135 3240 3306 3295 sunt,
3347 3242 3446 3282 nec
3475 3240 3503 3279 a
3527 3224 3743 3293 scriptore

2199 3323 2315 3391 ipso
2345 3322 2611 3377 intellecta
2642 3336 2671 3374 a
2701 3336 2784 3374 me
2815 3320 3041 3388 impetro
3073 3331 3132 3375 ut
3173 3320 3416 3376 credam.
3460 3317 3623 3383 Quare
3660 3324 3741 3365 non

2200 3416 2454 3472 laborabo
2484 3415 2534 3469 in
2560 3416 2623 3470 iis
2649 3414 3000 3483 explicandis.

2270 3507 2403 3573 Cap.
2422 3505 2513 3572 εἰ,
2539 3503 2673 3575 διεδ.
2705 3503 2941 3569 Peccata,
2967 3514 3020 3557 ut
3032 3506 3151 3576 jam
3175 3506 3270 3558 diu
3292 3504 3627 3567 disseruimus,
3647 3511 3742 3549 non-

2198 3596 2297 3649 nisi
2338 3596 2556 3663 propria:
2586 3594 2834 3648 uoluntati
2873 3609 3054 3646 earum
3098 3595 3426 3663 (nimirum,
3455 3582 3741 3651 animarum)

2201 3686 2470 3739 tribuenda
2489 3694 2629 3751 sunt,
2654 3701 2745 3737 uec
2767 3684 2872 3738 ulla
2896 3685 3108 3739 ulterior
3129 3696 3327 3753 peccat:
3346 3700 3455 3739 rum
3478 3698 3617 3737 causa
3634 3692 3741 3746 qutt-

2199 3776 2408 3847 rcnda.]
2458 3777 2595 3844 Qun
2638 3776 2751 3830 luec
2777 3776 3077 3832 rectissima
3124 3780 3238 3833 sint
3284 3794 3384 3849 ego
3428 3777 3622 3847 quidem
3659 3787 3739 3825 ιιυιι

2200 3870 2413 3933 dubito,
2446 3870 2537 3925 sed
2566 3868 2835 3937 quomodo
2859 3870 3202 3926 consentiant
3230 3887 3350 3926 cum
3374 3871 3437 3925 iis
3461 3883 3568 3939 qua:
3595 3872 3738 3935 postea

2204 3962 2535 4030 Augustinus
2569 3960 2751 4014 docuit
2779 3959 2845 4013 de
2874 3961 3046 4028 pmnis
3073 3976 3212 4031 quas
3251 3959 3446 4028 posteri
3477 3954 3670 4016 Adami,
3701 3960 3739 4002 ul

2202 4053 2466 4121 putabat,
2511 4052 2659 4103 luunt
2702 4052 2771 4104 ob
2802 4060 3075 4118 peccatum
3114 4050 3185 4106 ab
3228 4052 3431 4107 Adamo
3475 4044 3735 4102 admissum.

2211 4159 2316 4195 non
2347 4142 2603 4210 intelligo.
2632 4143 2808 4208 Quare
2835 4143 2999 4197 miror
3029 4142 3144 4197 haec
3174 4146 3244 4200 ab
3273 4159 3337 4199 eo
3367 4147 3627 4198 retractata
3656 4144 3736 4185 non

2204 4232 2371 4286 fuisse
2397 4271 2413 4296 ,
2444 4232 2549 4285 nisi
2582 4234 2804 4286 fortasse
2842 4232 3183 4288 dissimulare
3223 4233 3510 4300 maluerit,
3538 4242 3597 4282 ne
3621 4224 3736 4278 Pelzr

2207 4321 2380 4392 gianis
2421 4323 2849 4390 gratificaretur,
2893 4324 2938 4378 si
2966 4324 3139 4379 fassus
3190 4335 3335 4381 esset
3376 4341 3434 4380 se
3463 4325 3509 4376 in
3544 4320 3734 4387 ipsorum

2210 4412 2472 4465 sententia
2501 4410 2694 4474 fuisse,
2726 4420 3010 4482 antequam
3038 4430 3131 4469 eos
3159 4420 3503 4485 oppugnaret.
3528 4407 3641 4465 Nam
3666 4414 3734 4468 ³9·

517 4489 766 4559 (scilicet,
800 4489 1002 4561 malae),
1030 4491 1074 4543 si
1102 4491 1144 4542 ei
1167 4507 1265 4544 non
1296 4502 1458 4560 potest
1481 4494 1667 4557 resisti,
1693 4493 1802 4547 sine
1828 4504 2030 4564 peccato
2060 4494 2102 4547 ei
2132 4490 2182 4549 D
2210 4512 2361 4571 paret
2388 4518 2453 4556 ex
2487 4502 2801 4557 recensione
2834 4504 2990 4571 hujus
3021 4504 3162 4567 libri.
3199 4508 3251 4560 in
3288 4492 3731 4560 Retracratic-nibw,

517 4583 746 4648 ceditur;
785 4581 829 4635 si
856 4591 1022 4637 autem
1049 4591 1238 4651 potest,
1266 4599 1365 4635 non
1392 4584 1433 4636 ei
1465 4585 1692 4649 cedatur,
1726 4594 1771 4635 et
1800 4601 1900 4637 non
1931 4601 2104 4652 pecca-

518 4671 695 4746 bitur.]
723 4671 855 4729 Cum
886 4672 1132 4742 Pelagius
1162 4671 1261 4727 hoc
1294 4673 1408 4727 loco
1436 4683 1676 4728 uteretur
1709 4684 1892 4728 contra
1926 4675 2105 4743 Augu-

520 4768 719 4820 stinum
746 4807 762 4833 ,
796 4775 851 4820 ut
881 4764 1190 4821 ostenderet
1237 4780 1342 4818 non
1393 4780 1548 4834 posse
1584 4766 1828 4819 damnari
1874 4780 1967 4820 eos
2014 4762 2103 4834 qui

520 4866 792 4923 nequeunt
830 4859 1080 4914 resistere
1109 4858 1303 4911 nativa:
1334 4855 1664 4925 corruptioni
1685 4896 1698 4918 ,
1735 4858 1966 4924 reposuit
1998 4858 2104 4911 Au-

521 4945 763 5012 gustinus
790 4961 907 5014 cap.
940 4950 1004 5002 67
1034 4990 1047 5014 ,
1088 4948 1154 5002 de
1184 4950 1298 5002 Nat.
1332 4960 1385 5002 et
1421 4947 1636 5012 Gratia,
1671 4956 1726 5000 ut
1752 4948 2104 5003 observarunt

524 5034 855 5089 Benedictini
878 5076 891 5097 ,
926 5053 1081 5103 posse
1110 5042 1155 5091 ei
1186 5055 1360 5093 causa:
1408 5041 1582 5095 resisti
1614 5040 1896 5105 apitulaute
1929 5057 1988 5094 eo
2016 5043 2103 5111 qui

523 5142 625 5179 non
654 5134 813 5195 potest
844 5126 977 5193 falli.
1008 5134 1075 5179 At
1114 5129 1156 5179 si
1187 5131 1275 5195 qui
1309 5147 1413 5184 non
1458 5141 1629 5200 potest
1657 5132 1761 5183 [alii
1795 5147 1899 5184 non
1931 5145 2106 5200 optu-

522 5232 701 5282 retur,
732 5216 832 5270 nisi
866 5216 1175 5285 perpaucis,
1210 5229 1368 5285 atque
1409 5224 1526 5287 ejus
1563 5224 1812 5277 auxiinm
1851 5224 1917 5278 sit
1949 5225 2106 5295 plane

525 5306 889 5362 necessarium
917 5305 981 5359 ad
1013 5304 1387 5370 resistendum,
1417 5314 1859 5377 quemadmodum
1890 5316 2108 5383 putabat

526 5398 884 5469 Augustinus;
929 5397 1172 5465 sequitur
1199 5410 1226 5449 a
1257 5400 1466 5452 cmteris
1504 5404 1756 5467 peccandi
1791 5421 1965 5460 causa:
2000 5424 2103 5461 non

528 5503 684 5557 pose
714 5487 929 5553 resisti,
958 5502 1020 5541 ac
1047 5486 1271 5556 proinde
1310 5487 1426 5542 sine
1465 5502 1682 5558 peccato
1714 5495 1761 5547 ei
1791 5496 1927 5550 cedi.
1972 5497 2102 5551 Nam

529 5583 768 5649 quisquis
792 5584 842 5637 id
874 5598 977 5637 non
1006 5582 1129 5636 facit
1153 5582 1290 5651 quod
1318 5582 1490 5637 facere
1520 5601 1622 5637 non
1662 5598 1856 5653 potest,
1884 5605 2104 5657 peccare

530 5670 634 5724 dici
664 5673 865 5737 nequit,
897 5684 985 5726 aut
1020 5684 1166 5729 certe
1196 5687 1377 5733 omnes
1408 5675 1580 5731 nullas
1609 5675 1787 5734 debet.
1832 5680 1956 5734 Scio
1985 5698 2104 5751 qua:

2208 4594 2558 4661 Augustinum
2606 4593 2839 4648 voluisse
2886 4595 3052 4649 videri
3099 4596 3408 4666 Pelagianos
3454 4592 3730 4659 opposui-Se

2208 4691 2489 4750 antequam
2518 4683 2687 4736 exorti
2710 4693 2919 4750 essent;
2953 4686 3146 4740 nedum
3179 4698 3236 4741 ut
3260 4702 3318 4741 se
3339 4684 3373 4739 ii
3421 4681 3545 4738 fatis
3570 4676 3731 4739 cinge;

2211 4786 2313 4824 nne
2342 4771 2703 4839 proﬁteretur.

2280 4860 2307 4930 §
2346 4860 2433 4915 64.
2476 4859 2775 4929 Ignorantit
2812 4879 2925 4915 vero
2964 4874 3014 4916 et
3044 4864 3311 4931 di/ﬁcultus
3340 4864 3383 4916 si
3407 4854 3633 4913 naturalis
3656 4854 3725 4905 εει.

2207 4952 2327 5006 inde
2352 4953 2524 5023 incipit
2560 4956 2729 5007 anima
2763 4955 3034 5021 proﬁcere,
3080 4966 3126 5009 et
3158 4957 3227 5008 ad
3265 4952 3577 5023 cognitionem
3600 4950 3641 4995 et
3663 4953 3723 4988 rr-

2209 5045 2402 5111 quiem,
2445 5046 2605 5099 donec
2644 5046 2697 5098 in
2734 5063 2791 5098 ra
2823 5047 3117 5114 perﬁciJur
3146 5050 3246 5100 vita
3275 5047 3442 5117 beata,
3475 5028 3723 5109 promam".

2210 5133 2338 5209 etc.]
2370 5136 2492 5189 llzec
2513 5150 2721 5203 quoque
2743 5134 2795 5187 di
2827 5137 3064 5189 sentiunt
3081 5138 3147 5191 ab
3168 5137 3231 5190 iis
3255 5148 3371 5205 qua:
3394 5147 3457 5202 ιο
3486 5140 3557 5182 tea
3577 5126 3722 5209 contra

2215 5199 2542 5294 l‘elagianos
2577 5199 2760 5289 adn;
2820 5240 2942 5279 nam
3006 5227 3124 5283 illas
3171 5199 3347 5281 habuit
3395 5199 3562 5291 poenas
3604 5199 3721 5277 primi

2214 5325 2396 5385 recc-it
2428 5333 2443 5381 ;
2483 5316 2683 5386 absque
2716 5332 2823 5387 quo
2864 5316 3079 5386 fuisset,
3111 5318 3265 5374 aliter
3299 5318 3445 5387 plane
3471 5310 3625 5365 essent
3652 5298 3722 5349 to-

2213 5413 2382 5463 Ittines
2411 5410 2541 5462 Itali.

2281 5502 2408 5567 Cap.
2432 5499 2577 5570 23,'§
2605 5500 2694 5556 66.
2728 5500 2847 5555 Non
2876 5502 3005 5555 enim
3031 5505 3347 5557 metuendum
3375 5505 3442 5551 est
3462 5508 3520 5546 ne
3544 5486 3720 5540 visaet“

2208 5596 2424 5665 potuerit
2452 5593 2618 5646 media
2644 5595 2877 5663 quaedam
2904 5595 3034 5647 inter
3061 5605 3191 5648 recte
3220 5594 3402 5663 factum
3427 5594 3557 5651 atque
3580 5578 3717 5643 Ρε⁶⁶⁶’

2211 5696 2315 5737 tum
2340 5694 2426 5736 ets
2458 5684 2646 5737 utentia
2666 5686 2859 5755 judicis
2884 5685 3051 5738 media
3074 5701 3180 5740 esse
3205 5699 3301 5751 non
3324 5676 3467 5752 possit
3486 5675 3597 5725 inter
3614 5669 3716 5726 Pm"
