  <div class='ocr_page' id='page_1' title='image "/cluster/home/n/w/nwhite01/storage/ocr_20150623/47/uva.x000827107/124.png"; bbox 0 0 3908 6338; ppageno 0'>
   <div class='ocr_carea' id='block_1_1' title="bbox 178 303 264 362">
    <p class='ocr_par' dir='ltr' id='par_1_1' title="bbox 178 303 264 362">
     <span class='ocr_line' id='line_1_1' title="bbox 178 303 264 362; baseline 0 -2"><span class='ocrx_word' id='word_1_1' title='bbox 178 303 264 362; x_wconf 76' lang='lat'><strong>233</strong></span> 
     </span>
    </p>
   </div>
   <div class='ocr_carea' id='block_1_2' title="bbox 841 303 2715 362">
    <p class='ocr_par' dir='ltr' id='par_1_2' title="bbox 841 303 2715 362">
     <span class='ocr_line' id='line_1_2' title="bbox 841 303 2715 362; baseline -0.002 -2"><span class='ocrx_word' id='word_1_2' title='bbox 841 305 1192 362; x_wconf 67' lang='lat' dir='ltr'><strong>VARIORUM</strong></span> <span class='ocrx_word' id='word_1_3' title='bbox 1233 303 1820 360; x_wconf 73' lang='lat' dir='ltr'><strong>EXERCITATIONES</strong></span> <span class='ocrx_word' id='word_1_4' title='bbox 1861 305 1924 357; x_wconf 81' lang='lat' dir='ltr'><strong>IN</strong></span> <span class='ocrx_word' id='word_1_5' title='bbox 1964 303 2020 357; x_wconf 90' lang='lat' dir='ltr'><strong>S.</strong></span> <span class='ocrx_word' id='word_1_6' title='bbox 2062 303 2433 359; x_wconf 75' lang='lat' dir='ltr'><strong>AUGUSTINI</strong></span> <span class='ocrx_word' id='word_1_7' title='bbox 2473 304 2715 359; x_wconf 71' lang='lat' dir='ltr'><strong>OPEIlA.</strong></span> 
     </span>
    </p>
   </div>
   <div class='ocr_carea' id='block_1_3' title="bbox 179 419 3395 499">
    <p class='ocr_par' dir='ltr' id='par_1_3' title="bbox 179 419 3395 499">
     <span class='ocr_line' id='line_1_3' title="bbox 179 419 3395 499; baseline 0.003 -25"><span class='ocrx_word' id='word_1_8' title='bbox 179 422 316 474; x_wconf 81' lang='lat' dir='ltr'><strong>mium</strong></span> <span class='ocrx_word' id='word_1_9' title='bbox 339 427 489 488; x_wconf 89' lang='lat' dir='ltr'><strong>atque</strong></span> <span class='ocrx_word' id='word_1_10' title='bbox 508 420 862 489; x_wconf 71' lang='lat' dir='ltr'><strong>suppliciu:n.]</strong></span> <span class='ocrx_word' id='word_1_11' title='bbox 897 421 1037 485; x_wconf 61' lang='lat' dir='ltr'><strong>llatc,</strong></span> <span class='ocrx_word' id='word_1_12' title='bbox 1065 434 1182 489; x_wconf 66' lang='lat' dir='ltr'><strong>quae</strong></span> <span class='ocrx_word' id='word_1_13' title='bbox 1210 419 1277 475; x_wconf 91' lang='lat' dir='ltr'><strong>de</strong></span> <span class='ocrx_word' id='word_1_14' title='bbox 1304 419 1577 473; x_wconf 90' lang='lat' dir='ltr'><strong>infantium</strong></span> <span class='ocrx_word' id='word_1_15' title='bbox 1601 435 1727 474; x_wconf 84' lang='lat' dir='ltr'><strong>Con-</strong></span> <span class='ocrx_word' id='word_1_16' title='bbox 1756 424 1803 481; x_wconf 80' lang='grc' dir='ltr'>Α</span> <span class='ocrx_word' id='word_1_17' title='bbox 1832 420 2102 484; x_wconf 86' lang='lat' dir='ltr'><strong>nedictini,</strong></span> <span class='ocrx_word' id='word_1_18' title='bbox 2126 436 2188 474; x_wconf 84' lang='lat' dir='ltr'><strong>ex</strong></span> <span class='ocrx_word' id='word_1_19' title='bbox 2213 424 2524 478; x_wconf 86' lang='lat' dir='ltr'><strong>auctoritate</strong></span> <span class='ocrx_word' id='word_1_20' title='bbox 2545 423 2782 477; x_wconf 85' lang='lat' dir='ltr'><strong>codicum</strong></span> <span class='ocrx_word' id='word_1_21' title='bbox 2808 438 2964 477; x_wconf 86' lang='lat' dir='ltr'><strong>manu</strong></span> <span class='ocrx_word' id='word_1_22' title='bbox 2988 425 3395 499; x_wconf 77' lang='lat' dir='ltr'><strong>descriptorum,</strong></span> 
     </span>
    </p>
   </div>
   <div class='ocr_carea' id='block_1_4' title="bbox 178 511 1729 580">
    <p class='ocr_par' dir='ltr' id='par_1_4' title="bbox 178 511 1729 580">
     <span class='ocr_line' id='line_1_4' title="bbox 178 511 1729 580; baseline -0.001 -14"><span class='ocrx_word' id='word_1_23' title='bbox 178 514 360 567; x_wconf 89' lang='lat' dir='ltr'><strong>ditione</strong></span> <span class='ocrx_word' id='word_1_24' title='bbox 391 512 581 575; x_wconf 84' lang='lat' dir='ltr'><strong>habet,</strong></span> <span class='ocrx_word' id='word_1_25' title='bbox 611 520 666 564; x_wconf 92' lang='lat' dir='ltr'><strong>ut</strong></span> <span class='ocrx_word' id='word_1_26' title='bbox 694 520 748 565; x_wconf 90' lang='lat' dir='ltr'><strong>et</strong></span> <span class='ocrx_word' id='word_1_27' title='bbox 785 513 1054 580; x_wconf 80' lang='lat' dir='ltr'><strong>sequentia</strong></span> <span class='ocrx_word' id='word_1_28' title='bbox 1077 552 1090 574; x_wconf 91' lang='lat'><strong>,</strong></span> <span class='ocrx_word' id='word_1_29' title='bbox 1127 521 1479 564; x_wconf 82' lang='lat' dir='ltr'><strong>consentanea</strong></span> <span class='ocrx_word' id='word_1_30' title='bbox 1514 511 1729 565; x_wconf 86' lang='lat' dir='ltr'><strong>minime</strong></span> 
     </span>
    </p>
   </div>
   <div class='ocr_carea' id='block_1_5' title="bbox 179 601 1726 671">
    <p class='ocr_par' dir='ltr' id='par_1_5' title="bbox 179 601 1726 671">
     <span class='ocr_line' id='line_1_5' title="bbox 179 601 1726 671; baseline -0.003 -13"><span class='ocrx_word' id='word_1_31' title='bbox 179 614 287 658; x_wconf 86' lang='lat' dir='ltr'><strong>sunt</strong></span> <span class='ocrx_word' id='word_1_32' title='bbox 313 605 378 657; x_wconf 92' lang='lat' dir='ltr'><strong>iis</strong></span> <span class='ocrx_word' id='word_1_33' title='bbox 399 618 516 671; x_wconf 78' lang='lat' dir='ltr'><strong>qua:</strong></span> <span class='ocrx_word' id='word_1_34' title='bbox 552 602 621 656; x_wconf 92' lang='lat' dir='ltr'><strong>de</strong></span> <span class='ocrx_word' id='word_1_35' title='bbox 651 603 822 669; x_wconf 78' lang='lat' dir='ltr'><strong>pretiis</strong></span> <span class='ocrx_word' id='word_1_36' title='bbox 850 603 1045 670; x_wconf 87' lang='lat' dir='ltr'><strong>peccati</strong></span> <span class='ocrx_word' id='word_1_37' title='bbox 1074 602 1294 669; x_wconf 81' lang='lat' dir='ltr'><strong>originis</strong></span> <span class='ocrx_word' id='word_1_38' title='bbox 1325 611 1504 669; x_wconf 88' lang='lat' dir='ltr'><strong>postea</strong></span> <span class='ocrx_word' id='word_1_39' title='bbox 1529 601 1726 654; x_wconf 90' lang='lat' dir='ltr'><strong>docuit.</strong></span> 
     </span>
    </p>
   </div>
   <div class='ocr_carea' id='block_1_6' title="bbox 183 691 1728 759">
    <p class='ocr_par' dir='ltr' id='par_1_6' title="bbox 183 691 1728 759">
     <span class='ocr_line' id='line_1_6' title="bbox 183 691 1728 759; baseline -0.004 -10"><span class='ocrx_word' id='word_1_40' title='bbox 183 697 419 750; x_wconf 76' lang='lat' dir='ltr'><strong>\‘olumen</strong></span> <span class='ocrx_word' id='word_1_41' title='bbox 451 695 717 748; x_wconf 88' lang='lat' dir='ltr'><strong>decimum</strong></span> <span class='ocrx_word' id='word_1_42' title='bbox 758 693 922 747; x_wconf 80' lang='lat' dir='ltr'><strong>ferme</strong></span> <span class='ocrx_word' id='word_1_43' title='bbox 957 701 1154 755; x_wconf 89' lang='lat' dir='ltr'><strong>totum,</strong></span> <span class='ocrx_word' id='word_1_44' title='bbox 1194 700 1248 746; x_wconf 87' lang='lat' dir='ltr'><strong>et</strong></span> <span class='ocrx_word' id='word_1_45' title='bbox 1287 691 1580 759; x_wconf 80' lang='lat' dir='ltr'><strong>praesertim</strong></span> <span class='ocrx_word' id='word_1_46' title='bbox 1615 691 1728 743; x_wconf 88' lang='lat' dir='ltr'><strong>libri</strong></span> 
     </span>
    </p>
   </div>
   <div class='ocr_carea' id='block_1_7' title="bbox 182 779 1730 850">
    <p class='ocr_par' dir='ltr' id='par_1_7' title="bbox 182 779 1730 850">
     <span class='ocr_line' id='line_1_7' title="bbox 182 779 1730 850; baseline -0.003 -11"><span class='ocrx_word' id='word_1_47' title='bbox 182 794 340 840; x_wconf 80' lang='lat' dir='ltr'><strong>contra</strong></span> <span class='ocrx_word' id='word_1_48' title='bbox 375 785 648 838; x_wconf 73' lang='lat' dir='ltr'><strong>lulianum</strong></span> <span class='ocrx_word' id='word_1_49' title='bbox 684 783 947 836; x_wconf 84' lang='lat' dir='ltr'><strong>contraria</strong></span> <span class='ocrx_word' id='word_1_50' title='bbox 989 783 1162 836; x_wconf 84' lang='lat' dir='ltr'><strong>omnia</strong></span> <span class='ocrx_word' id='word_1_51' title='bbox 1194 782 1408 836; x_wconf 86' lang='lat' dir='ltr'><strong>docent.</strong></span> <span class='ocrx_word' id='word_1_52' title='bbox 1440 779 1616 850; x_wconf 90' lang='lat' dir='ltr'><strong>Itaque</strong></span> <span class='ocrx_word' id='word_1_53' title='bbox 1648 795 1730 834; x_wconf 89' lang='lat' dir='ltr'><strong>re-</strong></span> 
     </span>
    </p>
   </div>
   <div class='ocr_carea' id='block_1_8' title="bbox 184 873 1657 929">
    <p class='ocr_par' dir='ltr' id='par_1_8' title="bbox 184 873 1657 929">
     <span class='ocr_line' id='line_1_8' title="bbox 184 873 1657 929; baseline -0.002 0"><span class='ocrx_word' id='word_1_54' title='bbox 184 875 433 929; x_wconf 86' lang='lat' dir='ltr'><strong>tractanda</strong></span> <span class='ocrx_word' id='word_1_55' title='bbox 464 875 579 929; x_wconf 63' lang='lat' dir='ltr'><strong>haec</strong></span> <span class='ocrx_word' id='word_1_56' title='bbox 605 874 845 928; x_wconf 87' lang='lat' dir='ltr'><strong>fuissent.</strong></span> <span class='ocrx_word' id='word_1_57' title='bbox 877 873 982 927; x_wconf 90' lang='lat' dir='ltr'><strong>Sed</strong></span> <span class='ocrx_word' id='word_1_58' title='bbox 1013 874 1130 928; x_wconf 90' lang='lat' dir='ltr'><strong>vide</strong></span> <span class='ocrx_word' id='word_1_59' title='bbox 1151 874 1286 928; x_wconf 87' lang='lat' dir='ltr'><strong>dicta</strong></span> <span class='ocrx_word' id='word_1_60' title='bbox 1308 875 1373 928; x_wconf 89' lang='lat' dir='ltr'><strong>ad</strong></span> <span class='ocrx_word' id='word_1_61' title='bbox 1395 890 1542 928; x_wconf 90' lang='lat' dir='ltr'><strong>num.</strong></span> <span class='ocrx_word' id='word_1_62' title='bbox 1569 874 1657 927; x_wconf 76' lang='lat'><strong>65.</strong></span> 
     </span>
    </p>
   </div>
   <div class='ocr_carea' id='block_1_9' title="bbox 241 965 1731 1036">
    <p class='ocr_par' dir='ltr' id='par_1_9' title="bbox 241 965 1731 1036">
     <span class='ocr_line' id='line_1_9' title="bbox 241 965 1731 1036; baseline -0.004 -14"><span class='ocrx_word' id='word_1_63' title='bbox 241 969 354 1036; x_wconf 90' lang='lat' dir='ltr'><strong>Cap.</strong></span> <span class='ocrx_word' id='word_1_64' title='bbox 384 967 477 1031; x_wconf 62' lang='lat'><strong>9.4,</strong></span> <span class='ocrx_word' id='word_1_65' title='bbox 510 966 538 1036; x_wconf 89' lang='lat'><strong>§</strong></span> <span class='ocrx_word' id='word_1_66' title='bbox 570 968 656 1020; x_wconf 82' lang='lat'><strong>7|.</strong></span> <span class='ocrx_word' id='word_1_67' title='bbox 707 965 774 1018; x_wconf 88' lang='lat' dir='ltr'><strong>Ut</strong></span> <span class='ocrx_word' id='word_1_68' title='bbox 810 981 927 1033; x_wconf 88' lang='lat' dir='ltr'><strong>ergo</strong></span> <span class='ocrx_word' id='word_1_69' title='bbox 956 965 1128 1033; x_wconf 78' lang='lat' dir='ltr'><strong>infans</strong></span> <span class='ocrx_word' id='word_1_70' title='bbox 1166 981 1254 1017; x_wconf 89' lang='lat' dir='ltr'><strong>nec</strong></span> <span class='ocrx_word' id='word_1_71' title='bbox 1280 965 1463 1018; x_wconf 87' lang='lat' dir='ltr'><strong>stultus</strong></span> <span class='ocrx_word' id='word_1_72' title='bbox 1484 1004 1498 1028; x_wconf 94' lang='lat'><strong>,</strong></span> <span class='ocrx_word' id='word_1_73' title='bbox 1534 980 1622 1016; x_wconf 89' lang='lat' dir='ltr'><strong>nec</strong></span> <span class='ocrx_word' id='word_1_74' title='bbox 1650 979 1731 1016; x_wconf 90' lang='lat' dir='ltr'><strong>sa-</strong></span> 
     </span>
    </p>
   </div>
   <div class='ocr_carea' id='block_1_10' title="bbox 189 1056 1731 1127">
    <p class='ocr_par' dir='ltr' id='par_1_10' title="bbox 189 1056 1731 1127">
     <span class='ocr_line' id='line_1_10' title="bbox 189 1056 1731 1127; baseline -0.006 -12"><span class='ocrx_word' id='word_1_75' title='bbox 189 1063 303 1116; x_wconf 79' lang='lat' dir='ltr'><strong>niens</strong></span> <span class='ocrx_word' id='word_1_76' title='bbox 320 1060 423 1112; x_wconf 85' lang='lat' dir='ltr'><strong>diei</strong></span> <span class='ocrx_word' id='word_1_77' title='bbox 452 1070 636 1127; x_wconf 85' lang='lat' dir='ltr'><strong>potest,</strong></span> <span class='ocrx_word' id='word_1_78' title='bbox 659 1059 882 1127; x_wconf 82' lang='lat' dir='ltr'><strong>quamvis</strong></span> <span class='ocrx_word' id='word_1_79' title='bbox 899 1058 1013 1126; x_wconf 84' lang='lat' dir='ltr'><strong>jam</strong></span> <span class='ocrx_word' id='word_1_80' title='bbox 1037 1056 1181 1110; x_wconf 82' lang='lat' dir='ltr'><strong>homo</strong></span> <span class='ocrx_word' id='word_1_81' title='bbox 1201 1058 1295 1120; x_wconf 81' lang='lat' dir='ltr'><strong>sit;</strong></span> <span class='ocrx_word' id='word_1_82' title='bbox 1320 1072 1381 1109; x_wconf 74' lang='lat' dir='ltr'><strong>ex</strong></span> <span class='ocrx_word' id='word_1_83' title='bbox 1405 1072 1502 1125; x_wconf 88' lang='lat' dir='ltr'><strong>quo</strong></span> <span class='ocrx_word' id='word_1_84' title='bbox 1524 1063 1731 1123; x_wconf 77' lang='lat' dir='ltr'><strong>apparet</strong></span> 
     </span>
    </p>
   </div>
   <div class='ocr_carea' id='block_1_11' title="bbox 188 1145 1732 1216">
    <p class='ocr_par' dir='ltr' id='par_1_11' title="bbox 188 1145 1732 1216">
     <span class='ocr_line' id='line_1_11' title="bbox 188 1145 1732 1216; baseline -0.004 -12"><span class='ocrx_word' id='word_1_85' title='bbox 188 1164 390 1205; x_wconf 84' lang='lat' dir='ltr'><strong>naturam</strong></span> <span class='ocrx_word' id='word_1_86' title='bbox 419 1150 640 1202; x_wconf 76' lang='lat' dir='ltr'><strong>hominis</strong></span> <span class='ocrx_word' id='word_1_87' title='bbox 670 1149 892 1216; x_wconf 83' lang='lat' dir='ltr'><strong>recipere</strong></span> <span class='ocrx_word' id='word_1_88' title='bbox 917 1147 1111 1216; x_wconf 87' lang='lat' dir='ltr'><strong>aliquid</strong></span> <span class='ocrx_word' id='word_1_89' title='bbox 1141 1148 1381 1208; x_wconf 87' lang='lat' dir='ltr'><strong>medium,</strong></span> <span class='ocrx_word' id='word_1_90' title='bbox 1414 1145 1546 1214; x_wconf 88' lang='lat' dir='ltr'><strong>quod</strong></span> <span class='ocrx_word' id='word_1_91' title='bbox 1577 1161 1732 1214; x_wconf 87' lang='lat' dir='ltr'><strong>neque</strong></span> 
     </span>
    </p>
   </div>
   <div class='ocr_carea' id='block_1_12' title="bbox 188 1236 1726 1307">
    <p class='ocr_par' dir='ltr' id='par_1_12' title="bbox 188 1236 1726 1307">
     <span class='ocr_line' id='line_1_12' title="bbox 188 1236 1726 1307; baseline -0.007 -12"><span class='ocrx_word' id='word_1_92' title='bbox 188 1242 446 1303; x_wconf 70' lang='lat' dir='ltr'><strong>stultitiam,</strong></span> <span class='ocrx_word' id='word_1_93' title='bbox 477 1255 636 1307; x_wconf 88' lang='lat' dir='ltr'><strong>neque</strong></span> <span class='ocrx_word' id='word_1_94' title='bbox 659 1238 960 1304; x_wconf 71' lang='lat' dir='ltr'><strong>sapientiam</strong></span> <span class='ocrx_word' id='word_1_95' title='bbox 994 1246 1121 1290; x_wconf 89' lang='lat' dir='ltr'><strong>recte</strong></span> <span class='ocrx_word' id='word_1_96' title='bbox 1143 1237 1393 1289; x_wconf 85' lang='lat' dir='ltr'><strong>vocaveris</strong></span> <span class='ocrx_word' id='word_1_97' title='bbox 1424 1252 1442 1288; x_wconf 87' lang='lat'><strong><em>:</em></strong></span> <span class='ocrx_word' id='word_1_98' title='bbox 1462 1236 1532 1287; x_wconf 91' lang='lat' dir='ltr'><strong>ita</strong></span> <span class='ocrx_word' id='word_1_99' title='bbox 1557 1236 1726 1299; x_wconf 90' lang='lat' dir='ltr'><strong>etiam,</strong></span> 
     </span>
    </p>
   </div>
   <div class='ocr_carea' id='block_1_13' title="bbox 188 1323 1732 1398">
    <p class='ocr_par' dir='ltr' id='par_1_13' title="bbox 188 1323 1732 1398">
     <span class='ocr_line' id='line_1_13' title="bbox 188 1323 1732 1398; baseline -0.006 -15"><span class='ocrx_word' id='word_1_100' title='bbox 188 1334 219 1384; x_wconf 85' lang='lat' dir='ltr'><strong>si</strong></span> <span class='ocrx_word' id='word_1_101' title='bbox 235 1334 482 1398; x_wconf 79' lang='lat' dir='ltr'><strong>quisquam</strong></span> <span class='ocrx_word' id='word_1_102' title='bbox 507 1328 598 1381; x_wconf 88' lang='lat' dir='ltr'><strong>tali</strong></span> <span class='ocrx_word' id='word_1_103' title='bbox 621 1327 882 1394; x_wconf 77' lang='lat' dir='ltr'><strong>a/fectione</strong></span> <span class='ocrx_word' id='word_1_104' title='bbox 899 1327 1149 1380; x_wconf 87' lang='lat' dir='ltr'><strong>animatus</strong></span> <span class='ocrx_word' id='word_1_105' title='bbox 1171 1335 1314 1388; x_wconf 81' lang='lat' dir='ltr'><strong>esset,</strong></span> <span class='ocrx_word' id='word_1_106' title='bbox 1333 1323 1530 1390; x_wconf 88' lang='lat' dir='ltr'><strong>qualem</strong></span> <span class='ocrx_word' id='word_1_107' title='bbox 1554 1325 1732 1394; x_wconf 82' lang='lat' dir='ltr'><strong>habent</strong></span> 
     </span>
    </p>
   </div>
   <div class='ocr_carea' id='block_1_14' title="bbox 188 1418 1730 1490">
    <p class='ocr_par' dir='ltr' id='par_1_14' title="bbox 188 1418 1730 1490">
     <span class='ocr_line' id='line_1_14' title="bbox 188 1418 1730 1490; baseline -0.005 -17"><span class='ocrx_word' id='word_1_108' title='bbox 188 1423 246 1477; x_wconf 86' lang='lat' dir='ltr'><strong>illi</strong></span> <span class='ocrx_word' id='word_1_109' title='bbox 267 1425 339 1490; x_wconf 87' lang='lat' dir='ltr'><strong>qui</strong></span> <span class='ocrx_word' id='word_1_110' title='bbox 383 1436 473 1490; x_wconf 85' lang='lat' dir='ltr'><strong>per</strong></span> <span class='ocrx_word' id='word_1_111' title='bbox 512 1419 869 1490; x_wconf 82' lang='lat' dir='ltr'><strong>negligentiam</strong></span> <span class='ocrx_word' id='word_1_112' title='bbox 911 1418 1160 1486; x_wconf 86' lang='lat' dir='ltr'><strong>sapientia</strong></span> <span class='ocrx_word' id='word_1_113' title='bbox 1201 1425 1406 1478; x_wconf 83' lang='lat' dir='ltr'><strong>carent,</strong></span> <span class='ocrx_word' id='word_1_114' title='bbox 1445 1431 1589 1468; x_wconf 86' lang='lat' dir='ltr'><strong>nemo</strong></span> <span class='ocrx_word' id='word_1_115' title='bbox 1617 1430 1730 1467; x_wconf 88' lang='lat' dir='ltr'><strong>eum</strong></span> 
     </span>
    </p>
   </div>
   <div class='ocr_carea' id='block_1_15' title="bbox 187 1506 1730 1577">
    <p class='ocr_par' dir='ltr' id='par_1_15' title="bbox 187 1506 1730 1577">
     <span class='ocr_line' id='line_1_15' title="bbox 187 1506 1730 1577; baseline -0.005 -11"><span class='ocrx_word' id='word_1_116' title='bbox 187 1513 361 1566; x_wconf 78' lang='lat' dir='ltr'><strong>stultum</strong></span> <span class='ocrx_word' id='word_1_117' title='bbox 397 1519 529 1564; x_wconf 85' lang='lat' dir='ltr'><strong>recte</strong></span> <span class='ocrx_word' id='word_1_118' title='bbox 554 1511 761 1572; x_wconf 84' lang='lat' dir='ltr'><strong>diceret,</strong></span> <span class='ocrx_word' id='word_1_119' title='bbox 789 1524 935 1577; x_wconf 88' lang='lat' dir='ltr'><strong>quem</strong></span> <span class='ocrx_word' id='word_1_120' title='bbox 962 1524 1062 1560; x_wconf 88' lang='lat' dir='ltr'><strong>non</strong></span> <span class='ocrx_word' id='word_1_121' title='bbox 1090 1508 1229 1570; x_wconf 88' lang='lat' dir='ltr'><strong>vitio,</strong></span> <span class='ocrx_word' id='word_1_122' title='bbox 1260 1507 1346 1559; x_wconf 89' lang='lat' dir='ltr'><strong>sed</strong></span> <span class='ocrx_word' id='word_1_123' title='bbox 1375 1517 1556 1559; x_wconf 87' lang='lat' dir='ltr'><strong>natura</strong></span> <span class='ocrx_word' id='word_1_124' title='bbox 1579 1506 1730 1559; x_wconf 88' lang='lat' dir='ltr'><strong>talem</strong></span> 
     </span>
    </p>
   </div>
   <div class='ocr_carea' id='block_1_16' title="bbox 187 1599 1732 1675">
    <p class='ocr_par' dir='ltr' id='par_1_16' title="bbox 187 1599 1732 1675">
     <span class='ocr_line' id='line_1_16' title="bbox 187 1599 1732 1675; baseline -0.003 -21"><span class='ocrx_word' id='word_1_125' title='bbox 187 1601 389 1672; x_wconf 71' lang='lat' dir='ltr'><strong>rideret.]</strong></span> <span class='ocrx_word' id='word_1_126' title='bbox 433 1601 522 1656; x_wconf 89' lang='lat' dir='ltr'><strong>Sic</strong></span> <span class='ocrx_word' id='word_1_127' title='bbox 557 1600 810 1675; x_wconf 79' lang='lat' dir='ltr'><strong>describit</strong></span> <span class='ocrx_word' id='word_1_128' title='bbox 843 1600 1106 1654; x_wconf 87' lang='lat' dir='ltr'><strong>Adamum</strong></span> <span class='ocrx_word' id='word_1_129' title='bbox 1149 1599 1373 1666; x_wconf 83' lang='lat' dir='ltr'><strong>primum</strong></span> <span class='ocrx_word' id='word_1_130' title='bbox 1413 1608 1646 1653; x_wconf 90' lang='lat' dir='ltr'><strong>creatum</strong></span> <span class='ocrx_word' id='word_1_131' title='bbox 1674 1605 1732 1651; x_wconf 90' lang='lat' dir='ltr'><strong>ut</strong></span> 
     </span>
    </p>
   </div>
   <div class='ocr_carea' id='block_1_17' title="bbox 187 1688 1728 1761">
    <p class='ocr_par' dir='ltr' id='par_1_17' title="bbox 187 1688 1728 1761">
     <span class='ocr_line' id='line_1_17' title="bbox 187 1688 1728 1761; baseline 0 -17"><span class='ocrx_word' id='word_1_132' title='bbox 187 1706 329 1761; x_wconf 85' lang='lat' dir='ltr'><strong>neque</strong></span> <span class='ocrx_word' id='word_1_133' title='bbox 355 1691 590 1758; x_wconf 77' lang='lat' dir='ltr'><strong>sapiens,</strong></span> <span class='ocrx_word' id='word_1_134' title='bbox 623 1704 793 1758; x_wconf 87' lang='lat' dir='ltr'><strong>neque</strong></span> <span class='ocrx_word' id='word_1_135' title='bbox 816 1689 1007 1743; x_wconf 90' lang='lat' dir='ltr'><strong>stultus</strong></span> <span class='ocrx_word' id='word_1_136' title='bbox 1037 1689 1138 1743; x_wconf 89' lang='lat' dir='ltr'><strong>dici</strong></span> <span class='ocrx_word' id='word_1_137' title='bbox 1167 1697 1364 1757; x_wconf 84' lang='lat' dir='ltr'><strong>posset,</strong></span> <span class='ocrx_word' id='word_1_138' title='bbox 1391 1688 1484 1744; x_wconf 91' lang='lat' dir='ltr'><strong>sed</strong></span> <span class='ocrx_word' id='word_1_139' title='bbox 1515 1690 1728 1757; x_wconf 89' lang='lat' dir='ltr'><strong>sapien-</strong></span> 
     </span>
    </p>
   </div>
   <div class='ocr_carea' id='block_1_18' title="bbox 186 1770 2494 1849">
    <p class='ocr_par' dir='ltr' id='par_1_18' title="bbox 186 1770 2494 1849">
     <span class='ocr_line' id='line_1_18' title="bbox 186 1770 2494 1849; baseline -0.003 -15"><span class='ocrx_word' id='word_1_140' title='bbox 186 1782 254 1836; x_wconf 70' lang='lat' dir='ltr'><strong>tia:</strong></span> <span class='ocrx_word' id='word_1_141' title='bbox 277 1797 430 1849; x_wconf 87' lang='lat' dir='ltr'><strong>capax</strong></span> <span class='ocrx_word' id='word_1_142' title='bbox 454 1798 468 1845; x_wconf 90' lang='lat'><strong>;</strong></span> <span class='ocrx_word' id='word_1_143' title='bbox 501 1795 568 1834; x_wconf 83' lang='lat' dir='ltr'><strong>ex</strong></span> <span class='ocrx_word' id='word_1_144' title='bbox 595 1795 697 1847; x_wconf 92' lang='lat' dir='ltr'><strong>qua</strong></span> <span class='ocrx_word' id='word_1_145' title='bbox 725 1779 1079 1848; x_wconf 82' lang='lat' dir='ltr'><strong>descriptione</strong></span> <span class='ocrx_word' id='word_1_146' title='bbox 1110 1778 1260 1832; x_wconf 86' lang='lat' dir='ltr'><strong>facile</strong></span> <span class='ocrx_word' id='word_1_147' title='bbox 1288 1787 1469 1848; x_wconf 89' lang='lat' dir='ltr'><strong>postea</strong></span> <span class='ocrx_word' id='word_1_148' title='bbox 1498 1779 1730 1833; x_wconf 85' lang='lat' dir='ltr'><strong>ostendit</strong></span> <span class='ocrx_word' id='word_1_149' title='bbox 1759 1777 1804 1836; x_wconf 85' lang='lat' dir='ltr'><strong>B</strong></span> <span class='ocrx_word' id='word_1_150' title='bbox 1833 1770 2042 1824; x_wconf 75' lang='lat' dir='ltr'><strong>Chrile</strong></span> <span class='ocrx_word' id='word_1_151' title='bbox 2089 1772 2157 1824; x_wconf 83' lang='lat' dir='ltr'><strong>ita</strong></span> <span class='ocrx_word' id='word_1_152' title='bbox 2195 1772 2437 1840; x_wconf 83' lang='lat' dir='ltr'><strong>loquitur</strong></span> <span class='ocrx_word' id='word_1_153' title='bbox 2481 1793 2494 1828; x_wconf 88' lang='lat'><strong>:</strong></span> 
     </span>
    </p>
   </div>
   <div class='ocr_carea' id='block_1_19' title="bbox 183 1867 1730 1940">
    <p class='ocr_par' dir='ltr' id='par_1_19' title="bbox 183 1867 1730 1940">
     <span class='ocr_line' id='line_1_19' title="bbox 183 1867 1730 1940; baseline 0.003 -20"><span class='ocrx_word' id='word_1_154' title='bbox 183 1874 255 1939; x_wconf 87' lang='lat' dir='ltr'><strong>qui</strong></span> <span class='ocrx_word' id='word_1_155' title='bbox 279 1873 429 1924; x_wconf 87' lang='lat' dir='ltr'><strong>homo</strong></span> <span class='ocrx_word' id='word_1_156' title='bbox 456 1870 693 1940; x_wconf 86' lang='lat' dir='ltr'><strong>potuerit</strong></span> <span class='ocrx_word' id='word_1_157' title='bbox 717 1869 844 1930; x_wconf 87' lang='lat' dir='ltr'><strong>labi,</strong></span> <span class='ocrx_word' id='word_1_158' title='bbox 873 1867 996 1922; x_wconf 93' lang='lat' dir='ltr'><strong>dum</strong></span> <span class='ocrx_word' id='word_1_159' title='bbox 1023 1885 1086 1922; x_wconf 85' lang='lat' dir='ltr'><strong>ex</strong></span> <span class='ocrx_word' id='word_1_160' title='bbox 1110 1869 1280 1923; x_wconf 90' lang='lat' dir='ltr'><strong>media</strong></span> <span class='ocrx_word' id='word_1_161' title='bbox 1312 1869 1398 1923; x_wconf 91' lang='lat' dir='ltr'><strong>illa</strong></span> <span class='ocrx_word' id='word_1_162' title='bbox 1426 1869 1730 1924; x_wconf 90' lang='lat' dir='ltr'><strong>conditione</strong></span> 
     </span>
    </p>
   </div>
   <div class='ocr_carea' id='block_1_20' title="bbox 183 1958 1730 2029">
    <p class='ocr_par' dir='ltr' id='par_1_20' title="bbox 183 1958 1730 2029">
     <span class='ocr_line' id='line_1_20' title="bbox 183 1958 1730 2029; baseline 0 -15"><span class='ocrx_word' id='word_1_163' title='bbox 183 1962 237 2014; x_wconf 87' lang='lat' dir='ltr'><strong>ad</strong></span> <span class='ocrx_word' id='word_1_164' title='bbox 271 1961 540 2014; x_wconf 86' lang='lat' dir='ltr'><strong>stultitiam</strong></span> <span class='ocrx_word' id='word_1_165' title='bbox 581 1959 808 2013; x_wconf 80' lang='lat' dir='ltr'><strong>transiit.</strong></span> <span class='ocrx_word' id='word_1_166' title='bbox 847 1958 915 2012; x_wconf 88' lang='lat' dir='ltr'><strong>At</strong></span> <span class='ocrx_word' id='word_1_167' title='bbox 942 1964 1158 2027; x_wconf 87' lang='lat' dir='ltr'><strong>propter</strong></span> <span class='ocrx_word' id='word_1_168' title='bbox 1189 1958 1290 2013; x_wconf 90' lang='lat' dir='ltr'><strong>hoc</strong></span> <span class='ocrx_word' id='word_1_169' title='bbox 1326 1959 1546 2027; x_wconf 80' lang='lat' dir='ltr'><strong>dogma,</strong></span> <span class='ocrx_word' id='word_1_170' title='bbox 1588 1960 1730 2029; x_wconf 90' lang='lat' dir='ltr'><strong>quod</strong></span> 
     </span>
    </p>
   </div>
   <div class='ocr_carea' id='block_1_21' title="bbox 181 2050 1727 2119">
    <p class='ocr_par' dir='ltr' id='par_1_21' title="bbox 181 2050 1727 2119">
     <span class='ocr_line' id='line_1_21' title="bbox 181 2050 1727 2119; baseline 0 -15"><span class='ocrx_word' id='word_1_171' title='bbox 181 2061 446 2106; x_wconf 84' lang='lat' dir='ltr'><strong>retractare</strong></span> <span class='ocrx_word' id='word_1_172' title='bbox 473 2051 643 2106; x_wconf 85' lang='lat' dir='ltr'><strong>noluit</strong></span> <span class='ocrx_word' id='word_1_173' title='bbox 668 2050 1008 2118; x_wconf 83' lang='lat' dir='ltr'><strong>Augustinus,</strong></span> <span class='ocrx_word' id='word_1_174' title='bbox 1034 2059 1087 2104; x_wconf 90' lang='lat' dir='ltr'><strong>et</strong></span> <span class='ocrx_word' id='word_1_175' title='bbox 1109 2050 1259 2119; x_wconf 90' lang='lat' dir='ltr'><strong>cujus</strong></span> <span class='ocrx_word' id='word_1_176' title='bbox 1280 2064 1440 2104; x_wconf 89' lang='lat' dir='ltr'><strong>causa</strong></span> <span class='ocrx_word' id='word_1_177' title='bbox 1461 2066 1727 2119; x_wconf 89' lang='lat' dir='ltr'><strong>nunquam</strong></span> 
     </span>
    </p>
   </div>
   <div class='ocr_carea' id='block_1_22' title="bbox 177 2139 1730 2208">
    <p class='ocr_par' dir='ltr' id='par_1_22' title="bbox 177 2139 1730 2208">
     <span class='ocr_line' id='line_1_22' title="bbox 177 2139 1730 2208; baseline -0.001 -12"><span class='ocrx_word' id='word_1_178' title='bbox 177 2153 247 2196; x_wconf 88' lang='lat' dir='ltr'><strong>est</strong></span> <span class='ocrx_word' id='word_1_179' title='bbox 272 2143 568 2206; x_wconf 87' lang='lat' dir='ltr'><strong>damnatus,</strong></span> <span class='ocrx_word' id='word_1_180' title='bbox 599 2140 746 2194; x_wconf 89' lang='lat' dir='ltr'><strong>miris</strong></span> <span class='ocrx_word' id='word_1_181' title='bbox 775 2139 1024 2195; x_wconf 88' lang='lat' dir='ltr'><strong>conviciis</strong></span> <span class='ocrx_word' id='word_1_182' title='bbox 1054 2140 1300 2208; x_wconf 80' lang='lat' dir='ltr'><strong>exagitati</strong></span> <span class='ocrx_word' id='word_1_183' title='bbox 1331 2149 1453 2192; x_wconf 90' lang='lat' dir='ltr'><strong>sunt</strong></span> <span class='ocrx_word' id='word_1_184' title='bbox 1477 2141 1672 2194; x_wconf 66' lang='lat' dir='ltr'><strong>saecqu</strong></span> <span class='ocrx_word' id='word_1_185' title='bbox 1700 2154 1730 2193; x_wconf 88' lang='lat' dir='ltr'><strong>a</strong></span> 
     </span>
    </p>
   </div>
   <div class='ocr_carea' id='block_1_23' title="bbox 176 2231 1730 2301">
    <p class='ocr_par' dir='ltr' id='par_1_23' title="bbox 176 2231 1730 2301">
     <span class='ocr_line' id='line_1_23' title="bbox 176 2231 1730 2301; baseline 0 -14"><span class='ocrx_word' id='word_1_186' title='bbox 176 2232 366 2287; x_wconf 82' lang='lat' dir='ltr'><strong>Christo</strong></span> <span class='ocrx_word' id='word_1_187' title='bbox 396 2242 522 2286; x_wconf 87' lang='lat' dir='ltr'><strong>nato</strong></span> <span class='ocrx_word' id='word_1_188' title='bbox 551 2246 655 2284; x_wconf 87' lang='lat' dir='ltr'><strong>xvu</strong></span> <span class='ocrx_word' id='word_1_189' title='bbox 695 2231 1015 2286; x_wconf 89' lang='lat' dir='ltr'><strong>recentiores</strong></span> <span class='ocrx_word' id='word_1_190' title='bbox 1057 2231 1293 2284; x_wconf 85' lang='lat' dir='ltr'><strong>nonnulli</strong></span> <span class='ocrx_word' id='word_1_191' title='bbox 1343 2231 1594 2301; x_wconf 78' lang='lat' dir='ltr'><strong>theologi.</strong></span> <span class='ocrx_word' id='word_1_192' title='bbox 1641 2232 1730 2287; x_wconf 87' lang='lat' dir='ltr'><strong>Sic</strong></span> 
     </span>
    </p>
   </div>
   <div class='ocr_carea' id='block_1_24' title="bbox 175 2319 1730 2389">
    <p class='ocr_par' dir='ltr' id='par_1_24' title="bbox 175 2319 1730 2389">
     <span class='ocr_line' id='line_1_24' title="bbox 175 2319 1730 2389; baseline -0.001 -13"><span class='ocrx_word' id='word_1_193' title='bbox 175 2337 300 2388; x_wconf 65' lang='lat' dir='ltr'><strong>sape</strong></span> <span class='ocrx_word' id='word_1_194' title='bbox 340 2321 810 2375; x_wconf 82' lang='lat' dir='ltr'><strong>animadvertimus</strong></span> <span class='ocrx_word' id='word_1_195' title='bbox 854 2335 947 2388; x_wconf 91' lang='lat' dir='ltr'><strong>per</strong></span> <span class='ocrx_word' id='word_1_196' title='bbox 993 2321 1128 2375; x_wconf 89' lang='lat' dir='ltr'><strong>latus</strong></span> <span class='ocrx_word' id='word_1_197' title='bbox 1170 2319 1523 2375; x_wconf 89' lang='lat' dir='ltr'><strong>recentiorum</strong></span> <span class='ocrx_word' id='word_1_198' title='bbox 1553 2359 1567 2382; x_wconf 92' lang='lat'><strong>,</strong></span> <span class='ocrx_word' id='word_1_199' title='bbox 1597 2333 1730 2389; x_wconf 91' lang='lat' dir='ltr'><strong>quos</strong></span> 
     </span>
    </p>
   </div>
   <div class='ocr_carea' id='block_1_25' title="bbox 173 2408 1728 2480">
    <p class='ocr_par' dir='ltr' id='par_1_25' title="bbox 173 2408 1728 2480">
     <span class='ocr_line' id='line_1_25' title="bbox 173 2408 1728 2480; baseline -0.001 -17"><span class='ocrx_word' id='word_1_200' title='bbox 173 2412 399 2478; x_wconf 87' lang='lat' dir='ltr'><strong>oderant,</strong></span> <span class='ocrx_word' id='word_1_201' title='bbox 437 2410 752 2480; x_wconf 78' lang='lat' dir='ltr'><strong>gravissime</strong></span> <span class='ocrx_word' id='word_1_202' title='bbox 780 2410 1104 2464; x_wconf 85' lang='lat' dir='ltr'><strong>vulneratam</strong></span> <span class='ocrx_word' id='word_1_203' title='bbox 1136 2424 1254 2464; x_wconf 90' lang='lat' dir='ltr'><strong>esse</strong></span> <span class='ocrx_word' id='word_1_204' title='bbox 1280 2408 1728 2464; x_wconf 80' lang='lat' dir='ltr'><strong>existimationem</strong></span> 
     </span>
    </p>
   </div>
   <div class='ocr_carea' id='block_1_26' title="bbox 173 2499 1730 2568">
    <p class='ocr_par' dir='ltr' id='par_1_26' title="bbox 173 2499 1730 2568">
     <span class='ocr_line' id='line_1_26' title="bbox 173 2499 1730 2568; baseline 0.001 -17"><span class='ocrx_word' id='word_1_205' title='bbox 173 2511 394 2555; x_wconf 81' lang='lat' dir='ltr'><strong>veterum</strong></span> <span class='ocrx_word' id='word_1_206' title='bbox 427 2501 493 2552; x_wconf 92' lang='lat' dir='ltr'><strong>ab</strong></span> <span class='ocrx_word' id='word_1_207' title='bbox 523 2500 823 2553; x_wconf 86' lang='lat' dir='ltr'><strong>hominibus</strong></span> <span class='ocrx_word' id='word_1_208' title='bbox 855 2500 1142 2567; x_wconf 87' lang='lat' dir='ltr'><strong>imperitis;</strong></span> <span class='ocrx_word' id='word_1_209' title='bbox 1176 2499 1261 2568; x_wconf 88' lang='lat' dir='ltr'><strong>qui</strong></span> <span class='ocrx_word' id='word_1_210' title='bbox 1292 2514 1386 2553; x_wconf 92' lang='lat' dir='ltr'><strong>eos</strong></span> <span class='ocrx_word' id='word_1_211' title='bbox 1415 2513 1471 2554; x_wconf 92' lang='lat' dir='ltr'><strong>se</strong></span> <span class='ocrx_word' id='word_1_212' title='bbox 1499 2500 1730 2553; x_wconf 88' lang='lat' dir='ltr'><strong>revereri</strong></span> 
     </span>
    </p>
   </div>
   <div class='ocr_carea' id='block_1_27' title="bbox 171 2590 1733 2662">
    <p class='ocr_par' dir='ltr' id='par_1_27' title="bbox 171 2590 1733 2662">
     <span class='ocr_line' id='line_1_27' title="bbox 171 2590 1733 2662; baseline 0.001 -18"><span class='ocrx_word' id='word_1_213' title='bbox 171 2593 561 2659; x_wconf 82' lang='lat' dir='ltr'><strong>proﬁtebantur,</strong></span> <span class='ocrx_word' id='word_1_214' title='bbox 591 2606 813 2660; x_wconf 85' lang='lat' dir='ltr'><strong>quorum</strong></span> <span class='ocrx_word' id='word_1_215' title='bbox 843 2590 1034 2658; x_wconf 90' lang='lat' dir='ltr'><strong>scripta</strong></span> <span class='ocrx_word' id='word_1_216' title='bbox 1067 2605 1168 2645; x_wconf 91' lang='lat' dir='ltr'><strong>non</strong></span> <span class='ocrx_word' id='word_1_217' title='bbox 1201 2591 1456 2662; x_wconf 76' lang='lat' dir='ltr'><strong>legerant,</strong></span> <span class='ocrx_word' id='word_1_218' title='bbox 1480 2600 1570 2645; x_wconf 89' lang='lat' dir='ltr'><strong>aut</strong></span> <span class='ocrx_word' id='word_1_219' title='bbox 1596 2592 1733 2646; x_wconf 66' lang='grc' dir='ltr'><strong>θεοί-ε</strong></span> 
     </span>
    </p>
   </div>
   <div class='ocr_carea' id='block_1_28' title="bbox 171 2692 722 2737">
    <p class='ocr_par' dir='ltr' id='par_1_28' title="bbox 171 2692 722 2737">
     <span class='ocr_line' id='line_1_28' title="bbox 171 2692 722 2737; baseline -0.007 -1"><span class='ocrx_word' id='word_1_220' title='bbox 171 2692 334 2737; x_wconf 88' lang='lat' dir='ltr'><strong>tanter</strong></span> <span class='ocrx_word' id='word_1_221' title='bbox 362 2696 674 2736; x_wconf 88' lang='lat' dir='ltr'><strong>versaveran</strong></span> <span class='ocrx_word' id='word_1_222' title='bbox 686 2692 722 2734; x_wconf 87' lang='grc' dir='ltr'>ι.</span> 
     </span>
    </p>
   </div>
   <div class='ocr_carea' id='block_1_29' title="bbox 626 2771 1267 2828">
    <p class='ocr_par' dir='ltr' id='par_1_29' title="bbox 626 2771 1267 2828">
     <span class='ocr_line' id='line_1_29' title="bbox 626 2771 1267 2828; baseline 0.003 -2"><span class='ocrx_word' id='word_1_223' title='bbox 626 2771 1267 2828; x_wconf 70' lang='lat' dir='ltr'><strong>ANIMADVERSIONES</strong></span> 
     </span>
    </p>
   </div>
   <div class='ocr_carea' id='block_1_30' title="bbox 639 2877 1257 2918">
    <p class='ocr_par' dir='ltr' id='par_1_30' title="bbox 639 2877 1257 2918">
     <span class='ocr_line' id='line_1_30' title="bbox 639 2877 1257 2918; baseline 0 -3"><span class='ocrx_word' id='word_1_224' title='bbox 639 2877 690 2915; x_wconf 73' lang='lat' dir='ltr'><strong>IN</strong></span> <span class='ocrx_word' id='word_1_225' title='bbox 731 2878 908 2916; x_wconf 75' lang='lat' dir='ltr'><strong>LIBROS</strong></span> <span class='ocrx_word' id='word_1_226' title='bbox 945 2879 1011 2915; x_wconf 84' lang='lat' dir='ltr'><strong>DE</strong></span> <span class='ocrx_word' id='word_1_227' title='bbox 1052 2877 1257 2918; x_wconf 74' lang='lat' dir='ltr'><strong>GENESI.</strong></span> 
     </span>
    </p>
   </div>
   <div class='ocr_carea' id='block_1_31' title="bbox 233 2947 1730 3022">
    <p class='ocr_par' dir='ltr' id='par_1_31' title="bbox 233 2947 1730 3022">
     <span class='ocr_line' id='line_1_31' title="bbox 233 2947 1730 3022; baseline -0.004 -14"><span class='ocrx_word' id='word_1_228' title='bbox 233 2954 391 3008; x_wconf 87' lang='lat' dir='ltr'><strong>Libro</strong></span> <span class='ocrx_word' id='word_1_229' title='bbox 422 2969 468 3014; x_wconf 85' lang='grc' dir='ltr'>ι.</span> <span class='ocrx_word' id='word_1_230' title='bbox 499 2965 619 3017; x_wconf 88' lang='lat' dir='ltr'><strong>cap.</strong></span> <span class='ocrx_word' id='word_1_231' title='bbox 656 2952 724 3014; x_wconf 63' lang='grc' dir='ltr'><strong>ἓ,</strong></span> <span class='ocrx_word' id='word_1_232' title='bbox 761 2951 788 3022; x_wconf 85' lang='lat'>§</span> <span class='ocrx_word' id='word_1_233' title='bbox 820 2954 873 3006; x_wconf 80' lang='grc'><strong>5.</strong></span> <span class='ocrx_word' id='word_1_234' title='bbox 925 2951 1023 3004; x_wconf 84' lang='lat' dir='ltr'><strong>His</strong></span> <span class='ocrx_word' id='word_1_235' title='bbox 1065 2948 1423 3019; x_wconf 81' lang='lat' dir='ltr'><strong>respondemus</strong></span> <span class='ocrx_word' id='word_1_236' title='bbox 1468 2948 1632 3003; x_wconf 90' lang='lat' dir='ltr'><strong>Deum</strong></span> <span class='ocrx_word' id='word_1_237' title='bbox 1678 2947 1730 3002; x_wconf 90' lang='lat' dir='ltr'><strong>in</strong></span> 
     </span>
    </p>
   </div>
   <div class='ocr_carea' id='block_1_32' title="bbox 167 3041 1733 3116">
    <p class='ocr_par' dir='ltr' id='par_1_32' title="bbox 167 3041 1733 3116">
     <span class='ocr_line' id='line_1_32' title="bbox 167 3041 1733 3116; baseline -0.005 -15"><span class='ocrx_word' id='word_1_238' title='bbox 167 3049 420 3116; x_wconf 85' lang='lat' dir='ltr'><strong>principio</strong></span> <span class='ocrx_word' id='word_1_239' title='bbox 450 3046 642 3101; x_wconf 84' lang='lat' dir='ltr'><strong>fecisse</strong></span> <span class='ocrx_word' id='word_1_240' title='bbox 683 3045 875 3098; x_wconf 74' lang='lat' dir='ltr'><strong>cmlum</strong></span> <span class='ocrx_word' id='word_1_241' title='bbox 910 3053 964 3098; x_wconf 90' lang='lat' dir='ltr'><strong>et</strong></span> <span class='ocrx_word' id='word_1_242' title='bbox 992 3052 1186 3098; x_wconf 89' lang='lat' dir='ltr'><strong>terram</strong></span> <span class='ocrx_word' id='word_1_243' title='bbox 1213 3085 1228 3107; x_wconf 93' lang='lat'><strong>,</strong></span> <span class='ocrx_word' id='word_1_244' title='bbox 1259 3058 1357 3094; x_wconf 92' lang='lat' dir='ltr'><strong>non</strong></span> <span class='ocrx_word' id='word_1_245' title='bbox 1397 3041 1449 3094; x_wconf 88' lang='lat' dir='ltr'><strong>in</strong></span> <span class='ocrx_word' id='word_1_246' title='bbox 1481 3041 1733 3109; x_wconf 89' lang='lat' dir='ltr'><strong>principio</strong></span> 
     </span>
    </p>
   </div>
   <div class='ocr_carea' id='block_1_33' title="bbox 1832 513 3399 587">
    <p class='ocr_par' dir='ltr' id='par_1_33' title="bbox 1832 513 3399 587">
     <span class='ocr_line' id='line_1_33' title="bbox 1832 513 3399 587; baseline 0.007 -24"><span class='ocrx_word' id='word_1_247' title='bbox 1832 519 2139 580; x_wconf 85' lang='lat' dir='ltr'><strong>expungunt</strong></span> <span class='ocrx_word' id='word_1_248' title='bbox 2165 526 2346 564; x_wconf 89' lang='lat' dir='ltr'><strong>vocem</strong></span> <span class='ocrx_word' id='word_1_249' title='bbox 2375 522 2567 565; x_wconf 73' lang='lat' dir='ltr'><strong>ttfllut&#39;te</strong></span> <span class='ocrx_word' id='word_1_250' title='bbox 2596 513 2799 567; x_wconf 79' lang='lat' dir='ltr'><strong>uncinis</strong></span> <span class='ocrx_word' id='word_1_251' title='bbox 2827 514 3072 568; x_wconf 88' lang='lat' dir='ltr'><strong>cinctam.</strong></span> <span class='ocrx_word' id='word_1_252' title='bbox 3108 515 3288 587; x_wconf 79' lang='lat' dir='ltr'><strong>Neque</strong></span> <span class='ocrx_word' id='word_1_253' title='bbox 3320 523 3399 574; x_wconf 85' lang='lat' dir='ltr'><strong>vi-</strong></span> 
     </span>
    </p>
   </div>
   <div class='ocr_carea' id='block_1_34' title="bbox 1831 600 3400 677">
    <p class='ocr_par' dir='ltr' id='par_1_34' title="bbox 1831 600 3400 677">
     <span class='ocr_line' id='line_1_34' title="bbox 1831 600 3400 677; baseline 0.006 -24"><span class='ocrx_word' id='word_1_254' title='bbox 1831 600 1984 653; x_wconf 79' lang='lat' dir='ltr'><strong>detur</strong></span> <span class='ocrx_word' id='word_1_255' title='bbox 2016 602 2117 654; x_wconf 92' lang='lat' dir='ltr'><strong>ulla</strong></span> <span class='ocrx_word' id='word_1_256' title='bbox 2145 601 2245 654; x_wconf 91' lang='lat' dir='ltr'><strong>alia</strong></span> <span class='ocrx_word' id='word_1_257' title='bbox 2289 602 2356 654; x_wconf 92' lang='lat' dir='ltr'><strong>de</strong></span> <span class='ocrx_word' id='word_1_258' title='bbox 2385 616 2542 662; x_wconf 89' lang='lat' dir='ltr'><strong>causa</strong></span> <span class='ocrx_word' id='word_1_259' title='bbox 2567 602 2743 656; x_wconf 90' lang='lat' dir='ltr'><strong>addita</strong></span> <span class='ocrx_word' id='word_1_260' title='bbox 2768 643 2782 666; x_wconf 90' lang='lat'><strong>,</strong></span> <span class='ocrx_word' id='word_1_261' title='bbox 2815 605 2912 657; x_wconf 87' lang='lat' dir='ltr'><strong>nisi</strong></span> <span class='ocrx_word' id='word_1_262' title='bbox 2956 607 3077 673; x_wconf 87' lang='lat' dir='ltr'><strong>quia</strong></span> <span class='ocrx_word' id='word_1_263' title='bbox 3124 606 3400 677; x_wconf 85' lang='lat' dir='ltr'><strong>theologiae</strong></span> 
     </span>
    </p>
   </div>
   <div class='ocr_carea' id='block_1_35' title="bbox 1831 679 3399 768">
    <p class='ocr_par' dir='ltr' id='par_1_35' title="bbox 1831 679 3399 768">
     <span class='ocr_line' id='line_1_35' title="bbox 1831 679 3399 768; baseline 0.008 -24"><span class='ocrx_word' id='word_1_264' title='bbox 1831 701 2247 745; x_wconf 87' lang='lat' dir='ltr'><strong>consentaneum</strong></span> <span class='ocrx_word' id='word_1_265' title='bbox 2279 679 2382 745; x_wconf 88' lang='lat' dir='ltr'><strong>non</strong></span> <span class='ocrx_word' id='word_1_266' title='bbox 2412 694 2687 749; x_wconf 88' lang='lat' dir='ltr'><strong>videbatur</strong></span> <span class='ocrx_word' id='word_1_267' title='bbox 2710 695 2814 749; x_wconf 91' lang='lat' dir='ltr'><strong>dici</strong></span> <span class='ocrx_word' id='word_1_268' title='bbox 2845 696 3070 751; x_wconf 78' lang='lat' dir='ltr'><strong>Verbum</strong></span> <span class='ocrx_word' id='word_1_269' title='bbox 3103 702 3399 768; x_wconf 81' lang='lat' dir='ltr'><strong>suscepisse</strong></span> 
     </span>
    </p>
   </div>
   <div class='ocr_carea' id='block_1_36' title="bbox 1831 779 3401 855">
    <p class='ocr_par' dir='ltr' id='par_1_36' title="bbox 1831 779 3401 855">
     <span class='ocr_line' id='line_1_36' title="bbox 1831 779 3401 855; baseline 0.006 -23"><span class='ocrx_word' id='word_1_270' title='bbox 1831 792 2108 847; x_wconf 87' lang='lat' dir='ltr'><strong>personam</strong></span> <span class='ocrx_word' id='word_1_271' title='bbox 2140 779 2422 834; x_wconf 84' lang='lat' dir='ltr'><strong>humanam</strong></span> <span class='ocrx_word' id='word_1_272' title='bbox 2457 799 2469 834; x_wconf 92' lang='lat'><strong>:</strong></span> <span class='ocrx_word' id='word_1_273' title='bbox 2500 795 2642 851; x_wconf 91' lang='lat' dir='ltr'><strong>cum,</strong></span> <span class='ocrx_word' id='word_1_274' title='bbox 2671 797 2733 838; x_wconf 83' lang='lat' dir='ltr'><strong>ex</strong></span> <span class='ocrx_word' id='word_1_275' title='bbox 2763 799 2909 839; x_wconf 90' lang='lat' dir='ltr'><strong>more</strong></span> <span class='ocrx_word' id='word_1_276' title='bbox 2937 796 3167 855; x_wconf 84' lang='lat' dir='ltr'><strong>recepto,</strong></span> <span class='ocrx_word' id='word_1_277' title='bbox 3192 788 3401 844; x_wconf 85' lang='lat' dir='ltr'><strong>dicatur</strong></span> 
     </span>
    </p>
   </div>
   <div class='ocr_carea' id='block_1_37' title="bbox 1833 869 3400 948">
    <p class='ocr_par' dir='ltr' id='par_1_37' title="bbox 1833 869 3400 948">
     <span class='ocr_line' id='line_1_37' title="bbox 1833 869 3400 948; baseline 0.01 -26"><span class='ocrx_word' id='word_1_278' title='bbox 1833 869 2059 924; x_wconf 91' lang='lat' dir='ltr'><strong>humana</strong></span> <span class='ocrx_word' id='word_1_279' title='bbox 2090 880 2277 926; x_wconf 88' lang='lat' dir='ltr'><strong>natura</strong></span> <span class='ocrx_word' id='word_1_280' title='bbox 2309 888 2334 925; x_wconf 93' lang='lat' dir='ltr'><strong>a</strong></span> <span class='ocrx_word' id='word_1_281' title='bbox 2364 874 2539 928; x_wconf 90' lang='lat' dir='ltr'><strong>divina</strong></span> <span class='ocrx_word' id='word_1_282' title='bbox 2570 876 2621 929; x_wconf 91' lang='lat' dir='ltr'><strong>in</strong></span> <span class='ocrx_word' id='word_1_283' title='bbox 2644 877 2895 932; x_wconf 91' lang='lat' dir='ltr'><strong>unitatem</strong></span> <span class='ocrx_word' id='word_1_284' title='bbox 2925 895 3166 948; x_wconf 65' lang='lat' dir='ltr'><strong>personae</strong></span> <span class='ocrx_word' id='word_1_285' title='bbox 3194 897 3400 937; x_wconf 89' lang='lat' dir='ltr'><strong>assum-</strong></span> 
     </span>
    </p>
   </div>
   <div class='ocr_carea' id='block_1_38' title="bbox 1834 962 3396 1042">
    <p class='ocr_par' dir='ltr' id='par_1_38' title="bbox 1834 962 3396 1042">
     <span class='ocr_line' id='line_1_38' title="bbox 1834 962 3396 1042; baseline 0.008 -29"><span class='ocrx_word' id='word_1_286' title='bbox 1834 969 1941 1029; x_wconf 92' lang='lat' dir='ltr'><strong>pta.</strong></span> <span class='ocrx_word' id='word_1_287' title='bbox 1969 962 2162 1015; x_wconf 87' lang='lat' dir='ltr'><strong>Verum</strong></span> <span class='ocrx_word' id='word_1_288' title='bbox 2187 962 2270 1015; x_wconf 89' lang='lat' dir='ltr'><strong>hic</strong></span> <span class='ocrx_word' id='word_1_289' title='bbox 2292 964 2633 1032; x_wconf 82' lang='lat' dir='ltr'><strong>Augustinus,</strong></span> <span class='ocrx_word' id='word_1_290' title='bbox 2658 982 2761 1021; x_wconf 90' lang='lat' dir='ltr'><strong>non</strong></span> <span class='ocrx_word' id='word_1_291' title='bbox 2785 982 2942 1022; x_wconf 87' lang='lat' dir='ltr'><strong>sensu</strong></span> <span class='ocrx_word' id='word_1_292' title='bbox 2966 970 3054 1023; x_wconf 92' lang='lat' dir='ltr'><strong>illo</strong></span> <span class='ocrx_word' id='word_1_293' title='bbox 3078 970 3396 1042; x_wconf 71' lang='lat' dir='ltr'><strong>theologica,</strong></span> 
     </span>
    </p>
   </div>
   <div class='ocr_carea' id='block_1_39' title="bbox 1833 1051 3400 1130">
    <p class='ocr_par' dir='ltr' id='par_1_39' title="bbox 1833 1051 3400 1130">
     <span class='ocr_line' id='line_1_39' title="bbox 1833 1051 3400 1130; baseline 0.01 -28"><span class='ocrx_word' id='word_1_294' title='bbox 1833 1051 1924 1103; x_wconf 86' lang='lat' dir='ltr'><strong>sed</strong></span> <span class='ocrx_word' id='word_1_295' title='bbox 1956 1051 2156 1119; x_wconf 87' lang='lat' dir='ltr'><strong>vulgari</strong></span> <span class='ocrx_word' id='word_1_296' title='bbox 2188 1061 2240 1105; x_wconf 92' lang='lat' dir='ltr'><strong>et</strong></span> <span class='ocrx_word' id='word_1_297' title='bbox 2265 1053 2450 1106; x_wconf 89' lang='lat' dir='ltr'><strong>Latino</strong></span> <span class='ocrx_word' id='word_1_298' title='bbox 2481 1069 2609 1109; x_wconf 91' lang='lat' dir='ltr'><strong>usus</strong></span> <span class='ocrx_word' id='word_1_299' title='bbox 2635 1065 2716 1110; x_wconf 89' lang='lat' dir='ltr'><strong>est</strong></span> <span class='ocrx_word' id='word_1_300' title='bbox 2743 1071 2871 1112; x_wconf 83' lang='lat' dir='ltr'><strong>voce</strong></span> <span class='ocrx_word' id='word_1_301' title='bbox 2901 1075 3153 1126; x_wconf 78' lang='lat' dir='ltr'><strong>persona;</strong></span> <span class='ocrx_word' id='word_1_302' title='bbox 3197 1077 3300 1130; x_wconf 90' lang='lat' dir='ltr'><strong>quo</strong></span> <span class='ocrx_word' id='word_1_303' title='bbox 3329 1064 3400 1117; x_wconf 84' lang='lat' dir='ltr'><strong>si-</strong></span> 
     </span>
    </p>
   </div>
   <div class='ocr_carea' id='block_1_40' title="bbox 1831 1139 3401 1220">
    <p class='ocr_par' dir='ltr' id='par_1_40' title="bbox 1831 1139 3401 1220">
     <span class='ocr_line' id='line_1_40' title="bbox 1831 1139 3401 1220; baseline 0.008 -28"><span class='ocrx_word' id='word_1_304' title='bbox 1831 1139 2060 1207; x_wconf 83' lang='lat' dir='ltr'><strong>gniﬁcat,</strong></span> <span class='ocrx_word' id='word_1_305' title='bbox 2098 1154 2200 1194; x_wconf 91' lang='lat' dir='ltr'><strong>non</strong></span> <span class='ocrx_word' id='word_1_306' title='bbox 2228 1143 2559 1212; x_wconf 72' lang='grc' dir='ltr'><strong>ὑφιστάμενον</strong></span> <span class='ocrx_word' id='word_1_307' title='bbox 2586 1185 2600 1209; x_wconf 90' lang='grc'><em>,</em></span> <span class='ocrx_word' id='word_1_308' title='bbox 2633 1156 2687 1198; x_wconf 90' lang='lat' dir='ltr'><strong>ut</strong></span> <span class='ocrx_word' id='word_1_309' title='bbox 2715 1145 2943 1216; x_wconf 89' lang='lat' dir='ltr'><strong>theologi</strong></span> <span class='ocrx_word' id='word_1_310' title='bbox 2975 1149 3144 1203; x_wconf 74' lang='lat' dir='ltr'><strong>Grzeci</strong></span> <span class='ocrx_word' id='word_1_311' title='bbox 3176 1150 3401 1220; x_wconf 88' lang='lat' dir='ltr'><strong>loquun-</strong></span> 
     </span>
    </p>
   </div>
   <div class='ocr_carea' id='block_1_41' title="bbox 1833 1231 3396 1310">
    <p class='ocr_par' dir='ltr' id='par_1_41' title="bbox 1833 1231 3396 1310">
     <span class='ocr_line' id='line_1_41' title="bbox 1833 1231 3396 1310; baseline 0.01 -27"><span class='ocrx_word' id='word_1_312' title='bbox 1833 1239 1942 1296; x_wconf 90' lang='lat' dir='ltr'><strong>tur,</strong></span> <span class='ocrx_word' id='word_1_313' title='bbox 1974 1231 2066 1284; x_wconf 88' lang='lat' dir='ltr'><strong>sed</strong></span> <span class='ocrx_word' id='word_1_314' title='bbox 2093 1241 2294 1285; x_wconf 91' lang='lat' dir='ltr'><strong>certam</strong></span> <span class='ocrx_word' id='word_1_315' title='bbox 2343 1235 2624 1302; x_wconf 86' lang='lat' dir='ltr'><strong>quamdam</strong></span> <span class='ocrx_word' id='word_1_316' title='bbox 2655 1239 3011 1294; x_wconf 91' lang='lat' dir='ltr'><strong>conditionem</strong></span> <span class='ocrx_word' id='word_1_317' title='bbox 3041 1257 3199 1310; x_wconf 90' lang='lat' dir='ltr'><strong>quam</strong></span> <span class='ocrx_word' id='word_1_318' title='bbox 3229 1244 3396 1298; x_wconf 91' lang='lat' dir='ltr'><strong>actio-</strong></span> 
     </span>
    </p>
   </div>
   <div class='ocr_carea' id='block_1_42' title="bbox 1833 1319 3397 1396">
    <p class='ocr_par' dir='ltr' id='par_1_42' title="bbox 1833 1319 3397 1396">
     <span class='ocr_line' id='line_1_42' title="bbox 1833 1319 3397 1396; baseline 0.009 -25"><span class='ocrx_word' id='word_1_319' title='bbox 1833 1319 1987 1373; x_wconf 88' lang='lat' dir='ltr'><strong>nibus</strong></span> <span class='ocrx_word' id='word_1_320' title='bbox 2024 1319 2342 1388; x_wconf 76' lang='lat' dir='ltr'><strong>effingimus.</strong></span> <span class='ocrx_word' id='word_1_321' title='bbox 2397 1323 2623 1380; x_wconf 87' lang='lat' dir='ltr'><strong>Perinde</strong></span> <span class='ocrx_word' id='word_1_322' title='bbox 2669 1342 2792 1396; x_wconf 86' lang='lat' dir='ltr'><strong>crgo</strong></span> <span class='ocrx_word' id='word_1_323' title='bbox 2836 1337 2916 1381; x_wconf 88' lang='lat' dir='ltr'><strong>est</strong></span> <span class='ocrx_word' id='word_1_324' title='bbox 2960 1344 3021 1382; x_wconf 89' lang='lat' dir='ltr'><strong>ac</strong></span> <span class='ocrx_word' id='word_1_325' title='bbox 3063 1333 3108 1384; x_wconf 91' lang='lat' dir='ltr'><strong>si</strong></span> <span class='ocrx_word' id='word_1_326' title='bbox 3154 1332 3397 1396; x_wconf 84' lang='lat' dir='ltr'><strong>dixisset,</strong></span> 
     </span>
    </p>
   </div>
   <div class='ocr_carea' id='block_1_43' title="bbox 1833 1410 3397 1490">
    <p class='ocr_par' dir='ltr' id='par_1_43' title="bbox 1833 1410 3397 1490">
     <span class='ocr_line' id='line_1_43' title="bbox 1833 1410 3397 1490; baseline 0.009 -27"><span class='ocrx_word' id='word_1_327' title='bbox 1833 1410 2108 1476; x_wconf 83' lang='lat' dir='ltr'><strong>Verbum,</strong></span> <span class='ocrx_word' id='word_1_328' title='bbox 2157 1422 2278 1468; x_wconf 89' lang='lat' dir='ltr'><strong>ante</strong></span> <span class='ocrx_word' id='word_1_329' title='bbox 2326 1415 2741 1471; x_wconf 86' lang='lat' dir='ltr'><strong>incarnationem</strong></span> <span class='ocrx_word' id='word_1_330' title='bbox 2789 1419 3069 1474; x_wconf 87' lang='lat' dir='ltr'><strong>sublimem</strong></span> <span class='ocrx_word' id='word_1_331' title='bbox 3117 1437 3397 1490; x_wconf 88' lang='lat' dir='ltr'><strong>personam</strong></span> 
     </span>
    </p>
   </div>
   <div class='ocr_carea' id='block_1_44' title="bbox 1833 1495 3401 1572">
    <p class='ocr_par' dir='ltr' id='par_1_44' title="bbox 1833 1495 3401 1572">
     <span class='ocr_line' id='line_1_44' title="bbox 1833 1495 3401 1572; baseline 0.01 -22"><span class='ocrx_word' id='word_1_332' title='bbox 1833 1495 1928 1552; x_wconf 87' lang='lat' dir='ltr'><strong>Dei</strong></span> <span class='ocrx_word' id='word_1_333' title='bbox 1952 1501 2211 1566; x_wconf 88' lang='lat' dir='ltr'><strong>gessisse;</strong></span> <span class='ocrx_word' id='word_1_334' title='bbox 2234 1499 2343 1569; x_wconf 86' lang='lat' dir='ltr'><strong>sed,</strong></span> <span class='ocrx_word' id='word_1_335' title='bbox 2371 1513 2635 1572; x_wconf 89' lang='lat' dir='ltr'><strong>assumpta</strong></span> <span class='ocrx_word' id='word_1_336' title='bbox 2660 1505 2885 1560; x_wconf 88' lang='lat' dir='ltr'><strong>humana</strong></span> <span class='ocrx_word' id='word_1_337' title='bbox 2908 1517 3114 1572; x_wconf 89' lang='lat' dir='ltr'><strong>natura,</strong></span> <span class='ocrx_word' id='word_1_338' title='bbox 3137 1508 3401 1565; x_wconf 90' lang='lat' dir='ltr'><strong>inferioris</strong></span> 
     </span>
    </p>
   </div>
   <div class='ocr_carea' id='block_1_45' title="bbox 1832 1592 3402 1669">
    <p class='ocr_par' dir='ltr' id='par_1_45' title="bbox 1832 1592 3402 1669">
     <span class='ocr_line' id='line_1_45' title="bbox 1832 1592 3402 1669; baseline 0.009 -27"><span class='ocrx_word' id='word_1_339' title='bbox 1832 1603 2074 1658; x_wconf 76' lang='lat' dir='ltr'><strong>personze</strong></span> <span class='ocrx_word' id='word_1_340' title='bbox 2103 1599 2286 1659; x_wconf 90' lang='lat' dir='ltr'><strong>partes</strong></span> <span class='ocrx_word' id='word_1_341' title='bbox 2323 1592 2657 1648; x_wconf 86' lang='lat' dir='ltr'><strong>sustinuisse.</strong></span> <span class='ocrx_word' id='word_1_342' title='bbox 2703 1593 2871 1651; x_wconf 86' lang='lat' dir='ltr'><strong>Nemo</strong></span> <span class='ocrx_word' id='word_1_343' title='bbox 2916 1599 3084 1651; x_wconf 86' lang='lat' dir='ltr'><strong>nescit</strong></span> <span class='ocrx_word' id='word_1_344' title='bbox 3129 1595 3284 1669; x_wconf 86' lang='lat' dir='ltr'><strong>vulgo</strong></span> <span class='ocrx_word' id='word_1_345' title='bbox 3328 1603 3402 1656; x_wconf 88' lang='lat' dir='ltr'><strong>ita</strong></span> 
     </span>
    </p>
   </div>
   <div class='ocr_carea' id='block_1_46' title="bbox 1831 1681 3402 1759">
    <p class='ocr_par' dir='ltr' id='par_1_46' title="bbox 1831 1681 3402 1759">
     <span class='ocr_line' id='line_1_46' title="bbox 1831 1681 3402 1759; baseline 0.008 -26"><span class='ocrx_word' id='word_1_346' title='bbox 1831 1681 2038 1734; x_wconf 87' lang='lat' dir='ltr'><strong>locutos</strong></span> <span class='ocrx_word' id='word_1_347' title='bbox 2065 1681 2299 1735; x_wconf 86' lang='lat' dir='ltr'><strong>Latinos.</strong></span> <span class='ocrx_word' id='word_1_348' title='bbox 2332 1685 2650 1752; x_wconf 86' lang='lat' dir='ltr'><strong>Augustinus</strong></span> <span class='ocrx_word' id='word_1_349' title='bbox 2675 1685 2787 1752; x_wconf 86' lang='lat' dir='ltr'><strong>ipse</strong></span> <span class='ocrx_word' id='word_1_350' title='bbox 2811 1686 2964 1754; x_wconf 90' lang='lat' dir='ltr'><strong>epist.</strong></span> <span class='ocrx_word' id='word_1_351' title='bbox 3002 1687 3123 1752; x_wconf 75' lang='lat' dir='ltr'><strong>MO,</strong></span> <span class='ocrx_word' id='word_1_352' title='bbox 3157 1688 3183 1759; x_wconf 85' lang='lat'>§</span> <span class='ocrx_word' id='word_1_353' title='bbox 3218 1691 3303 1757; x_wconf 86' lang='lat' dir='ltr'><strong>I8,</strong></span> <span class='ocrx_word' id='word_1_354' title='bbox 3335 1693 3402 1746; x_wconf 90' lang='lat' dir='ltr'><strong>de</strong></span> 
     </span>
    </p>
   </div>
   <div class='ocr_carea' id='block_1_47' title="bbox 2547 1774 3402 1847">
    <p class='ocr_par' dir='ltr' id='par_1_47' title="bbox 2547 1774 3402 1847">
     <span class='ocr_line' id='line_1_47' title="bbox 2547 1774 3402 1847; baseline 0.009 -22"><span class='ocrx_word' id='word_1_355' title='bbox 2547 1774 2666 1827; x_wconf 78' lang='grc' dir='ltr'><strong>Ηωσ</strong></span> <span class='ocrx_word' id='word_1_356' title='bbox 2715 1791 2776 1828; x_wconf 77' lang='lat' dir='ltr'><strong>ea;</strong></span> <span class='ocrx_word' id='word_1_357' title='bbox 2805 1792 3020 1843; x_wconf 78' lang='lat' dir='ltr'><strong>persona</strong></span> <span class='ocrx_word' id='word_1_358' title='bbox 3061 1779 3140 1831; x_wconf 88' lang='lat' dir='ltr'><strong>sui</strong></span> <span class='ocrx_word' id='word_1_359' title='bbox 3179 1782 3402 1847; x_wconf 86' lang='lat' dir='ltr'><strong>corporis</strong></span> 
     </span>
    </p>
   </div>
   <div class='ocr_carea' id='block_1_48' title="bbox 1835 1857 3403 1936">
    <p class='ocr_par' dir='ltr' id='par_1_48' title="bbox 1835 1857 3403 1936">
     <span class='ocr_line' id='line_1_48' title="bbox 1835 1857 3403 1936; baseline 0.006 -24"><span class='ocrx_word' id='word_1_360' title='bbox 1835 1857 2064 1912; x_wconf 76' lang='lat' dir='ltr'><strong>Christus</strong></span> <span class='ocrx_word' id='word_1_361' title='bbox 2091 1862 2211 1913; x_wconf 87' lang='lat' dir='ltr'><strong>dicit</strong></span> <span class='ocrx_word' id='word_1_362' title='bbox 2237 1862 2374 1930; x_wconf 88' lang='lat' dir='ltr'><strong>quod</strong></span> <span class='ocrx_word' id='word_1_363' title='bbox 2399 1872 2468 1915; x_wconf 90' lang='lat' dir='ltr'><strong>est</strong></span> <span class='ocrx_word' id='word_1_364' title='bbox 2498 1861 2746 1917; x_wconf 85' lang='lat' dir='ltr'><strong>Ecclesia.</strong></span> <span class='ocrx_word' id='word_1_365' title='bbox 2787 1864 2915 1919; x_wconf 78' lang='lat' dir='ltr'><strong>Htec</strong></span> <span class='ocrx_word' id='word_1_366' title='bbox 2943 1883 3004 1919; x_wconf 76' lang='lat' dir='ltr'><strong>ex</strong></span> <span class='ocrx_word' id='word_1_367' title='bbox 3036 1883 3247 1936; x_wconf 89' lang='lat' dir='ltr'><strong>persona</strong></span> <span class='ocrx_word' id='word_1_368' title='bbox 3282 1871 3403 1923; x_wconf 84' lang='lat' dir='ltr'><strong>dicit</strong></span> 
     </span>
    </p>
   </div>
   <div class='ocr_carea' id='block_1_49' title="bbox 1831 1951 3401 2029">
    <p class='ocr_par' dir='ltr' id='par_1_49' title="bbox 1831 1951 3401 2029">
     <span class='ocr_line' id='line_1_49' title="bbox 1831 1951 3401 2029; baseline 0.006 -26"><span class='ocrx_word' id='word_1_369' title='bbox 1831 1951 2140 2018; x_wconf 80' lang='lat' dir='ltr'><strong>inﬁrmitatis</strong></span> <span class='ocrx_word' id='word_1_370' title='bbox 2169 1954 2337 2006; x_wconf 88' lang='lat' dir='ltr'><strong>carnis</strong></span> <span class='ocrx_word' id='word_1_371' title='bbox 2365 1957 2575 2022; x_wconf 88' lang='lat' dir='ltr'><strong>peccati,</strong></span> <span class='ocrx_word' id='word_1_372' title='bbox 2616 1973 2765 2023; x_wconf 84' lang='lat' dir='ltr'><strong>quam</strong></span> <span class='ocrx_word' id='word_1_373' title='bbox 2792 1958 3164 2029; x_wconf 83' lang='lat' dir='ltr'><strong>trans/iguravit</strong></span> <span class='ocrx_word' id='word_1_374' title='bbox 3192 1960 3243 2011; x_wconf 87' lang='lat' dir='ltr'><strong>in</strong></span> <span class='ocrx_word' id='word_1_375' title='bbox 3270 1976 3401 2025; x_wconf 86' lang='lat' dir='ltr'><strong>eam,</strong></span> 
     </span>
    </p>
   </div>
   <div class='ocr_carea' id='block_1_50' title="bbox 1831 2042 3402 2118">
    <p class='ocr_par' dir='ltr' id='par_1_50' title="bbox 1831 2042 3402 2118">
     <span class='ocr_line' id='line_1_50' title="bbox 1831 2042 3402 2118; baseline 0.008 -26"><span class='ocrx_word' id='word_1_376' title='bbox 1831 2057 1980 2108; x_wconf 84' lang='lat' dir='ltr'><strong>quant</strong></span> <span class='ocrx_word' id='word_1_377' title='bbox 2007 2043 2220 2112; x_wconf 85' lang='lat' dir='ltr'><strong>sumpsit</strong></span> <span class='ocrx_word' id='word_1_378' title='bbox 2245 2057 2307 2096; x_wconf 78' lang='lat' dir='ltr'><strong>ea:</strong></span> <span class='ocrx_word' id='word_1_379' title='bbox 2340 2042 2569 2113; x_wconf 84' lang='lat' dir='ltr'><strong>Virgine,</strong></span> <span class='ocrx_word' id='word_1_380' title='bbox 2592 2045 2971 2100; x_wconf 85' lang='lat' dir='ltr'><strong>similitudinem</strong></span> <span class='ocrx_word' id='word_1_381' title='bbox 2997 2050 3162 2101; x_wconf 88' lang='lat' dir='ltr'><strong>carnis</strong></span> <span class='ocrx_word' id='word_1_382' title='bbox 3190 2053 3402 2118; x_wconf 84' lang='lat' dir='ltr'><strong>peccati.</strong></span> 
     </span>
    </p>
   </div>
   <div class='ocr_carea' id='block_1_51' title="bbox 1834 2130 3404 2207">
    <p class='ocr_par' dir='ltr' id='par_1_51' title="bbox 1834 2130 3404 2207">
     <span class='ocr_line' id='line_1_51' title="bbox 1834 2130 3404 2207; baseline 0.006 -23"><span class='ocrx_word' id='word_1_383' title='bbox 1834 2130 1961 2184; x_wconf 83' lang='lat' dir='ltr'><strong>Htcc</strong></span> <span class='ocrx_word' id='word_1_384' title='bbox 1997 2148 2207 2203; x_wconf 84' lang='lat' dir='ltr'><strong>sponsus</strong></span> <span class='ocrx_word' id='word_1_385' title='bbox 2241 2148 2303 2186; x_wconf 78' lang='lat' dir='ltr'><strong>ea:</strong></span> <span class='ocrx_word' id='word_1_386' title='bbox 2334 2149 2550 2200; x_wconf 85' lang='lat' dir='ltr'><strong>persona</strong></span> <span class='ocrx_word' id='word_1_387' title='bbox 2585 2150 2782 2203; x_wconf 78' lang='lat' dir='ltr'><strong>sponsa:</strong></span> <span class='ocrx_word' id='word_1_388' title='bbox 2818 2137 3067 2205; x_wconf 85' lang='lat' dir='ltr'><strong>loquitur,</strong></span> <span class='ocrx_word' id='word_1_389' title='bbox 3096 2139 3216 2207; x_wconf 88' lang='lat' dir='ltr'><strong>quia</strong></span> <span class='ocrx_word' id='word_1_390' title='bbox 3248 2142 3404 2194; x_wconf 82' lang='lat' dir='ltr'><strong>ttnivit</strong></span> 
     </span>
    </p>
   </div>
   <div class='ocr_carea' id='block_1_52' title="bbox 1831 2222 3405 2300">
    <p class='ocr_par' dir='ltr' id='par_1_52' title="bbox 1831 2222 3405 2300">
     <span class='ocr_line' id='line_1_52' title="bbox 1831 2222 3405 2300; baseline 0.006 -26"><span class='ocrx_word' id='word_1_391' title='bbox 1831 2237 1942 2274; x_wconf 90' lang='lat' dir='ltr'><strong>eam</strong></span> <span class='ocrx_word' id='word_1_392' title='bbox 1976 2222 2073 2275; x_wconf 88' lang='lat' dir='ltr'><strong>sibi</strong></span> <span class='ocrx_word' id='word_1_393' title='bbox 2105 2222 2326 2291; x_wconf 88' lang='lat' dir='ltr'><strong>quodam</strong></span> <span class='ocrx_word' id='word_1_394' title='bbox 2356 2223 2525 2276; x_wconf 87' lang='lat' dir='ltr'><strong>modo.</strong></span> <span class='ocrx_word' id='word_1_395' title='bbox 2575 2223 2734 2292; x_wconf 84' lang='lat' dir='ltr'><strong>Igitur</strong></span> <span class='ocrx_word' id='word_1_396' title='bbox 2765 2225 2816 2279; x_wconf 90' lang='lat' dir='ltr'><strong>in</strong></span> <span class='ocrx_word' id='word_1_397' title='bbox 2848 2226 2994 2282; x_wconf 90' lang='lat' dir='ltr'><strong>hisce</strong></span> <span class='ocrx_word' id='word_1_398' title='bbox 3022 2230 3198 2284; x_wconf 86' lang='lat' dir='ltr'><strong>verbis</strong></span> <span class='ocrx_word' id='word_1_399' title='bbox 3229 2231 3405 2300; x_wconf 87' lang='lat' dir='ltr'><strong>Augu-</strong></span> 
     </span>
    </p>
   </div>
   <div class='ocr_carea' id='block_1_53' title="bbox 1833 2313 3404 2390">
    <p class='ocr_par' dir='ltr' id='par_1_53' title="bbox 1833 2313 3404 2390">
     <span class='ocr_line' id='line_1_53' title="bbox 1833 2313 3404 2390; baseline 0.005 -23"><span class='ocrx_word' id='word_1_400' title='bbox 1833 2313 1957 2368; x_wconf 90' lang='lat' dir='ltr'><strong>stini</strong></span> <span class='ocrx_word' id='word_1_401' title='bbox 1993 2313 2176 2368; x_wconf 89' lang='lat' dir='ltr'><strong>eadem</strong></span> <span class='ocrx_word' id='word_1_402' title='bbox 2215 2323 2298 2369; x_wconf 88' lang='lat' dir='ltr'><strong>est</strong></span> <span class='ocrx_word' id='word_1_403' title='bbox 2333 2316 2596 2370; x_wconf 86' lang='lat' dir='ltr'><strong>sententia</strong></span> <span class='ocrx_word' id='word_1_404' title='bbox 2636 2331 2753 2384; x_wconf 68' lang='lat' dir='ltr'><strong>quae</strong></span> <span class='ocrx_word' id='word_1_405' title='bbox 2783 2321 2919 2372; x_wconf 87' lang='lat' dir='ltr'><strong>inest</strong></span> <span class='ocrx_word' id='word_1_406' title='bbox 2959 2320 3134 2374; x_wconf 86' lang='lat' dir='ltr'><strong>verbis</strong></span> <span class='ocrx_word' id='word_1_407' title='bbox 3176 2325 3404 2390; x_wconf 87' lang='lat' dir='ltr'><strong>apostoli</strong></span> 
     </span>
    </p>
   </div>
   <div class='ocr_carea' id='block_1_54' title="bbox 1833 2403 2362 2474">
    <p class='ocr_par' dir='ltr' id='par_1_54' title="bbox 1833 2403 2362 2474">
     <span class='ocr_line' id='line_1_54' title="bbox 1833 2403 2362 2474; baseline 0 -16"><span class='ocrx_word' id='word_1_408' title='bbox 1833 2403 2024 2474; x_wconf 82' lang='lat' dir='ltr'><strong>Philip.</strong></span> <span class='ocrx_word' id='word_1_409' title='bbox 2057 2420 2113 2469; x_wconf 91' lang='lat' dir='ltr'><strong>tt,</strong></span> <span class='ocrx_word' id='word_1_410' title='bbox 2142 2403 2196 2470; x_wconf 88' lang='lat'><strong>6,</strong></span> <span class='ocrx_word' id='word_1_411' title='bbox 2222 2406 2275 2470; x_wconf 88' lang='lat'><strong>7,</strong></span> <span class='ocrx_word' id='word_1_412' title='bbox 2307 2405 2362 2460; x_wconf 89' lang='lat'><strong>8.</strong></span> 
     </span>
    </p>
   </div>
   <div class='ocr_carea' id='block_1_55' title="bbox 1900 2498 3405 2568">
    <p class='ocr_par' dir='ltr' id='par_1_55' title="bbox 1900 2498 3405 2568">
     <span class='ocr_line' id='line_1_55' title="bbox 1900 2498 3405 2568; baseline 0.005 -18"><span class='ocrx_word' id='word_1_413' title='bbox 1900 2499 2030 2566; x_wconf 85' lang='lat' dir='ltr'><strong>Cap.</strong></span> <span class='ocrx_word' id='word_1_414' title='bbox 2062 2498 2150 2562; x_wconf 70' lang='lat'><strong>29,</strong></span> <span class='ocrx_word' id='word_1_415' title='bbox 2183 2498 2210 2568; x_wconf 63' lang='grc' dir='ltr'>ᾗ</span> <span class='ocrx_word' id='word_1_416' title='bbox 2239 2499 2328 2553; x_wconf 76' lang='grc'><strong>45.</strong></span> <span class='ocrx_word' id='word_1_417' title='bbox 2371 2499 2462 2552; x_wconf 83' lang='lat' dir='ltr'><strong>Illi</strong></span> <span class='ocrx_word' id='word_1_418' title='bbox 2495 2499 2666 2553; x_wconf 88' lang='lat' dir='ltr'><strong>dicunt</strong></span> <span class='ocrx_word' id='word_1_419' title='bbox 2689 2511 2886 2553; x_wconf 77' lang='lat' dir='ltr'><strong>naturte</strong></span> <span class='ocrx_word' id='word_1_420' title='bbox 2915 2500 3009 2554; x_wconf 89' lang='lat' dir='ltr'><strong>Dei</strong></span> <span class='ocrx_word' id='word_1_421' title='bbox 3036 2518 3210 2557; x_wconf 85' lang='lat' dir='ltr'><strong>nocere</strong></span> <span class='ocrx_word' id='word_1_422' title='bbox 3236 2504 3405 2558; x_wconf 85' lang='lat' dir='ltr'><strong>aliena</strong></span> 
     </span>
    </p>
   </div>
   <div class='ocr_carea' id='block_1_56' title="bbox 1832 2590 3407 2658">
    <p class='ocr_par' dir='ltr' id='par_1_56' title="bbox 1832 2590 3407 2658">
     <span class='ocr_line' id='line_1_56' title="bbox 1832 2590 3407 2658; baseline 0.007 -21"><span class='ocrx_word' id='word_1_423' title='bbox 1832 2595 2070 2653; x_wconf 83' lang='lat' dir='ltr'><strong>peccata;</strong></span> <span class='ocrx_word' id='word_1_424' title='bbox 2105 2594 2193 2640; x_wconf 74' lang='lat' dir='ltr'><strong>nos</strong></span> <span class='ocrx_word' id='word_1_425' title='bbox 2228 2604 2488 2658; x_wconf 88' lang='lat' dir='ltr'><strong>negamus,</strong></span> <span class='ocrx_word' id='word_1_426' title='bbox 2514 2590 2600 2642; x_wconf 90' lang='lat' dir='ltr'><strong>sed</strong></span> <span class='ocrx_word' id='word_1_427' title='bbox 2621 2590 2834 2641; x_wconf 88' lang='lat' dir='ltr'><strong>dicimus</strong></span> <span class='ocrx_word' id='word_1_428' title='bbox 2860 2591 2986 2643; x_wconf 86' lang='lat' dir='ltr'><strong>nulli</strong></span> <span class='ocrx_word' id='word_1_429' title='bbox 3013 2603 3204 2645; x_wconf 76' lang='lat' dir='ltr'><strong>natura:</strong></span> <span class='ocrx_word' id='word_1_430' title='bbox 3230 2610 3407 2648; x_wconf 76' lang='lat' dir='ltr'><strong>nccare</strong></span> 
     </span>
    </p>
   </div>
   <div class='ocr_carea' id='block_1_57' title="bbox 1833 2669 3407 2749">
    <p class='ocr_par' dir='ltr' id='par_1_57' title="bbox 1833 2669 3407 2749">
     <span class='ocr_line' id='line_1_57' title="bbox 1833 2669 3407 2749; baseline 0.006 -22"><span class='ocrx_word' id='word_1_431' title='bbox 1833 2687 2055 2745; x_wconf 75' lang='lat' dir='ltr'><strong>peccata,</strong></span> <span class='ocrx_word' id='word_1_432' title='bbox 2089 2678 2186 2730; x_wconf 87' lang='lat' dir='ltr'><strong>nisi</strong></span> <span class='ocrx_word' id='word_1_433' title='bbox 2210 2678 2346 2748; x_wconf 63' lang='lat' dir='ltr'><strong>sum]</strong></span> <span class='ocrx_word' id='word_1_434' title='bbox 2379 2679 2446 2732; x_wconf 89' lang='lat' dir='ltr'><strong>Ut</strong></span> <span class='ocrx_word' id='word_1_435' title='bbox 2475 2679 2575 2732; x_wconf 89' lang='lat' dir='ltr'><strong>hoc</strong></span> <span class='ocrx_word' id='word_1_436' title='bbox 2612 2669 2932 2748; x_wconf 31' lang='lat' dir='ltr'><strong>i&#39;n&#39;lelliga&#39;tur</strong></span> <span class='ocrx_word' id='word_1_437' title='bbox 2976 2682 3193 2749; x_wconf 83' lang='lat' dir='ltr'><strong>legenda</strong></span> <span class='ocrx_word' id='word_1_438' title='bbox 3237 2698 3407 2749; x_wconf 88' lang='lat' dir='ltr'><strong>expo-</strong></span> 
     </span>
    </p>
   </div>
   <div class='ocr_carea' id='block_1_58' title="bbox 1833 2765 3408 2835">
    <p class='ocr_par' dir='ltr' id='par_1_58' title="bbox 1833 2765 3408 2835">
     <span class='ocr_line' id='line_1_58' title="bbox 1833 2765 3408 2835; baseline 0.004 -17"><span class='ocrx_word' id='word_1_439' title='bbox 1833 2765 1957 2818; x_wconf 83' lang='lat' dir='ltr'><strong>sitio</strong></span> <span class='ocrx_word' id='word_1_440' title='bbox 1987 2765 2242 2819; x_wconf 76' lang='lat' dir='ltr'><strong>doctrinae</strong></span> <span class='ocrx_word' id='word_1_441' title='bbox 2277 2765 2687 2820; x_wconf 71' lang='lat' dir='ltr'><strong>Manichaeorum</strong></span> <span class='ocrx_word' id='word_1_442' title='bbox 2712 2807 2725 2831; x_wconf 92' lang='lat'><strong>,</strong></span> <span class='ocrx_word' id='word_1_443' title='bbox 2779 2781 2898 2835; x_wconf 85' lang='lat' dir='ltr'><strong>quae</strong></span> <span class='ocrx_word' id='word_1_444' title='bbox 2948 2769 3166 2822; x_wconf 86' lang='lat' dir='ltr'><strong>habetur</strong></span> <span class='ocrx_word' id='word_1_445' title='bbox 3194 2770 3244 2823; x_wconf 92' lang='lat' dir='ltr'><strong>in</strong></span> <span class='ocrx_word' id='word_1_446' title='bbox 3273 2769 3408 2825; x_wconf 89' lang='lat' dir='ltr'><strong>libro</strong></span> 
     </span>
    </p>
   </div>
   <div class='ocr_carea' id='block_1_59' title="bbox 1835 2845 3409 2928">
    <p class='ocr_par' dir='ltr' id='par_1_59' title="bbox 1835 2845 3409 2928">
     <span class='ocr_line' id='line_1_59' title="bbox 1835 2845 3409 2928; baseline 0.004 -18"><span class='ocrx_word' id='word_1_447' title='bbox 1835 2859 1900 2911; x_wconf 91' lang='lat' dir='ltr'><strong>de</strong></span> <span class='ocrx_word' id='word_1_448' title='bbox 1932 2858 2232 2912; x_wconf 71' lang='lat' dir='ltr'><strong>IIaarcsibus</strong></span> <span class='ocrx_word' id='word_1_449' title='bbox 2255 2899 2270 2922; x_wconf 95' lang='lat'><strong>,</strong></span> <span class='ocrx_word' id='word_1_450' title='bbox 2301 2856 2388 2910; x_wconf 88' lang='lat' dir='ltr'><strong>ubi</strong></span> <span class='ocrx_word' id='word_1_451' title='bbox 2417 2857 2484 2911; x_wconf 89' lang='lat' dir='ltr'><strong>de</strong></span> <span class='ocrx_word' id='word_1_452' title='bbox 2509 2858 2714 2928; x_wconf 84' lang='lat' dir='ltr'><strong>origine</strong></span> <span class='ocrx_word' id='word_1_453' title='bbox 2743 2858 2866 2911; x_wconf 90' lang='lat' dir='ltr'><strong>mali</strong></span> <span class='ocrx_word' id='word_1_454' title='bbox 2898 2868 2951 2913; x_wconf 91' lang='lat' dir='ltr'><strong>et</strong></span> <span class='ocrx_word' id='word_1_455' title='bbox 2972 2858 3175 2915; x_wconf 90' lang='lat' dir='ltr'><strong>duabus</strong></span> <span class='ocrx_word' id='word_1_456' title='bbox 3201 2845 3409 2915; x_wconf 85' lang='lat' dir='ltr'><strong>anima-</strong></span> 
     </span>
    </p>
   </div>
   <div class='ocr_carea' id='block_1_60' title="bbox 1835 2939 3410 3017">
    <p class='ocr_par' dir='ltr' id='par_1_60' title="bbox 1835 2939 3410 3017">
     <span class='ocr_line' id='line_1_60' title="bbox 1835 2939 3410 3017; baseline 0.003 -15"><span class='ocrx_word' id='word_1_457' title='bbox 1835 2950 1952 3002; x_wconf 88' lang='lat' dir='ltr'><strong>bus.</strong></span> <span class='ocrx_word' id='word_1_458' title='bbox 1982 2947 2119 3002; x_wconf 87' lang='lat' dir='ltr'><strong>Sane</strong></span> <span class='ocrx_word' id='word_1_459' title='bbox 2149 2948 2299 3002; x_wconf 89' lang='lat' dir='ltr'><strong>abusi</strong></span> <span class='ocrx_word' id='word_1_460' title='bbox 2325 2939 2506 3001; x_wconf 73' lang='lat' dir='ltr'><strong>essent</strong></span> <span class='ocrx_word' id='word_1_461' title='bbox 2533 2946 2633 3002; x_wconf 89' lang='lat' dir='ltr'><strong>hoc</strong></span> <span class='ocrx_word' id='word_1_462' title='bbox 2659 2947 2774 3002; x_wconf 88' lang='lat' dir='ltr'><strong>loco</strong></span> <span class='ocrx_word' id='word_1_463' title='bbox 2805 2947 3092 3017; x_wconf 84' lang='lat' dir='ltr'><strong>Pelagiani,</strong></span> <span class='ocrx_word' id='word_1_464' title='bbox 3121 2949 3164 3003; x_wconf 87' lang='lat' dir='ltr'><strong>si</strong></span> <span class='ocrx_word' id='word_1_465' title='bbox 3194 2963 3314 3004; x_wconf 91' lang='lat' dir='ltr'><strong>eum</strong></span> <span class='ocrx_word' id='word_1_466' title='bbox 3342 2953 3410 3006; x_wconf 89' lang='lat' dir='ltr'><strong>ad</strong></span> 
     </span>
    </p>
   </div>
   <div class='ocr_carea' id='block_1_61' title="bbox 1836 3041 3410 3106">
    <p class='ocr_par' dir='ltr' id='par_1_61' title="bbox 1836 3041 3410 3106">
     <span class='ocr_line' id='line_1_61' title="bbox 1836 3041 3410 3106; baseline 0.003 -11"><span class='ocrx_word' id='word_1_467' title='bbox 1836 3042 2153 3097; x_wconf 87' lang='lat' dir='ltr'><strong>sententiam</strong></span> <span class='ocrx_word' id='word_1_468' title='bbox 2183 3057 2331 3094; x_wconf 91' lang='lat' dir='ltr'><strong>suam</strong></span> <span class='ocrx_word' id='word_1_469' title='bbox 2361 3041 2666 3106; x_wconf 85' lang='lat' dir='ltr'><strong>traxissent,</strong></span> <span class='ocrx_word' id='word_1_470' title='bbox 2690 3041 2782 3095; x_wconf 89' lang='lat' dir='ltr'><strong>sed</strong></span> <span class='ocrx_word' id='word_1_471' title='bbox 2813 3058 2918 3094; x_wconf 86' lang='lat' dir='ltr'><strong>non</strong></span> <span class='ocrx_word' id='word_1_472' title='bbox 2947 3044 3132 3098; x_wconf 90' lang='lat' dir='ltr'><strong>eadem</strong></span> <span class='ocrx_word' id='word_1_473' title='bbox 3164 3052 3246 3098; x_wconf 90' lang='lat' dir='ltr'><strong>est</strong></span> <span class='ocrx_word' id='word_1_474' title='bbox 3276 3047 3410 3100; x_wconf 84' lang='lat' dir='ltr'><strong>ratio</strong></span> 
     </span>
    </p>
   </div>
   <div class='ocr_carea' id='block_1_62' title="bbox 169 3123 3410 3206">
    <p class='ocr_par' dir='ltr' id='par_1_62' title="bbox 169 3123 3410 3206">
     <span class='ocr_line' id='line_1_62' title="bbox 169 3123 3410 3206; baseline 0.002 -20"><span class='ocrx_word' id='word_1_475' title='bbox 169 3138 401 3206; x_wconf 85' lang='lat' dir='ltr'><strong>temporis</strong></span> <span class='ocrx_word' id='word_1_476' title='bbox 425 3177 441 3202; x_wconf 91' lang='lat'><strong>,</strong></span> <span class='ocrx_word' id='word_1_477' title='bbox 490 3134 580 3189; x_wconf 90' lang='lat' dir='ltr'><strong>sed</strong></span> <span class='ocrx_word' id='word_1_478' title='bbox 621 3135 674 3188; x_wconf 84' lang='lat' dir='ltr'><strong>in</strong></span> <span class='ocrx_word' id='word_1_479' title='bbox 717 3132 1031 3188; x_wconf 82' lang='lat' dir='ltr'><strong>Christo.....</strong></span> <span class='ocrx_word' id='word_1_480' title='bbox 1092 3133 1337 3186; x_wconf 85' lang='lat' dir='ltr'><strong>Dominus</strong></span> <span class='ocrx_word' id='word_1_481' title='bbox 1390 3134 1520 3185; x_wconf 88' lang='lat' dir='ltr'><strong>enim</strong></span> <span class='ocrx_word' id='word_1_482' title='bbox 1567 3140 1739 3184; x_wconf 86' lang='lat' dir='ltr'><strong>noster</strong></span> <span class='ocrx_word' id='word_1_483' title='bbox 1764 3123 1810 3185; x_wconf 90' lang='lat' dir='ltr'><strong>C</strong></span> <span class='ocrx_word' id='word_1_484' title='bbox 1844 3135 2078 3189; x_wconf 90' lang='lat' dir='ltr'><strong>locorum</strong></span> <span class='ocrx_word' id='word_1_485' title='bbox 2129 3134 2221 3188; x_wconf 92' lang='lat' dir='ltr'><strong>lib.</strong></span> <span class='ocrx_word' id='word_1_486' title='bbox 2256 3148 2309 3187; x_wconf 90' lang='lat' dir='ltr'><strong>ttt</strong></span> <span class='ocrx_word' id='word_1_487' title='bbox 2341 3133 2406 3187; x_wconf 89' lang='lat' dir='ltr'><strong>de</strong></span> <span class='ocrx_word' id='word_1_488' title='bbox 2435 3133 2626 3187; x_wconf 86' lang='lat' dir='ltr'><strong>Libero</strong></span> <span class='ocrx_word' id='word_1_489' title='bbox 2672 3135 2934 3198; x_wconf 73' lang='lat' dir='ltr'><strong>Arbitrio,</strong></span> <span class='ocrx_word' id='word_1_490' title='bbox 2967 3151 3100 3202; x_wconf 86' lang='lat' dir='ltr'><strong>quos</strong></span> <span class='ocrx_word' id='word_1_491' title='bbox 3126 3144 3298 3192; x_wconf 78' lang='lat' dir='ltr'><strong>tamen</strong></span> <span class='ocrx_word' id='word_1_492' title='bbox 3332 3139 3410 3194; x_wconf 94' lang='lat' dir='ltr'><strong>in-</strong></span> 
     </span>
    </p>
   </div>
   <div class='ocr_carea' id='block_1_63' title="bbox 172 3222 1737 3291">
    <p class='ocr_par' dir='ltr' id='par_1_63' title="bbox 172 3222 1737 3291">
     <span class='ocr_line' id='line_1_63' title="bbox 172 3222 1737 3291; baseline -0.001 -15"><span class='ocrx_word' id='word_1_493' title='bbox 172 3223 436 3289; x_wconf 87' lang='lat' dir='ltr'><strong>Cltristus,</strong></span> <span class='ocrx_word' id='word_1_494' title='bbox 485 3241 598 3277; x_wconf 89' lang='lat' dir='ltr'><strong>cum</strong></span> <span class='ocrx_word' id='word_1_495' title='bbox 648 3240 761 3276; x_wconf 88' lang='lat' dir='ltr'><strong>eum</strong></span> <span class='ocrx_word' id='word_1_496' title='bbox 789 3222 956 3277; x_wconf 71' lang='lat' dir='ltr'><strong>Iudici</strong></span> <span class='ocrx_word' id='word_1_497' title='bbox 1004 3225 1390 3291; x_wconf 88' lang='lat' dir='ltr'><strong>interrogassent</strong></span> <span class='ocrx_word' id='word_1_498' title='bbox 1441 3225 1554 3291; x_wconf 87' lang='lat' dir='ltr'><strong>quis</strong></span> <span class='ocrx_word' id='word_1_499' title='bbox 1594 3233 1737 3287; x_wconf 85' lang='lat' dir='ltr'><strong>esset,</strong></span> 
     </span>
    </p>
   </div>
   <div class='ocr_carea' id='block_1_64' title="bbox 171 3311 1741 3384">
    <p class='ocr_par' dir='ltr' id='par_1_64' title="bbox 171 3311 1741 3384">
     <span class='ocr_line' id='line_1_64' title="bbox 171 3311 1741 3384; baseline 0 -18"><span class='ocrx_word' id='word_1_500' title='bbox 171 3316 424 3384; x_wconf 86' lang='lat' dir='ltr'><strong>respondit</strong></span> <span class='ocrx_word' id='word_1_501' title='bbox 457 3317 491 3368; x_wconf 60' lang='lat'><strong>:&#39;</strong></span> <span class='ocrx_word' id='word_1_502' title='bbox 518 3315 837 3383; x_wconf 83' lang='lat' dir='ltr'><strong>Principium</strong></span> <span class='ocrx_word' id='word_1_503' title='bbox 858 3354 875 3379; x_wconf 91' lang='lat'><strong>,</strong></span> <span class='ocrx_word' id='word_1_504' title='bbox 918 3314 1006 3383; x_wconf 88' lang='lat' dir='ltr'><strong>qui</strong></span> <span class='ocrx_word' id='word_1_505' title='bbox 1035 3322 1088 3369; x_wconf 90' lang='lat' dir='ltr'><strong>et</strong></span> <span class='ocrx_word' id='word_1_506' title='bbox 1115 3314 1304 3382; x_wconf 92' lang='lat' dir='ltr'><strong>loquor</strong></span> <span class='ocrx_word' id='word_1_507' title='bbox 1343 3311 1536 3382; x_wconf 67' lang='lat' dir='ltr'><strong>vobis]</strong></span> <span class='ocrx_word' id='word_1_508' title='bbox 1571 3313 1741 3366; x_wconf 88' lang='lat' dir='ltr'><strong>Locus</strong></span> 
     </span>
    </p>
   </div>
   <div class='ocr_carea' id='block_1_65' title="bbox 173 3405 1741 3473">
    <p class='ocr_par' dir='ltr' id='par_1_65' title="bbox 173 3405 1741 3473">
     <span class='ocr_line' id='line_1_65' title="bbox 173 3405 1741 3473; baseline 0 -15"><span class='ocrx_word' id='word_1_509' title='bbox 173 3415 250 3458; x_wconf 86' lang='lat' dir='ltr'><strong>est</strong></span> <span class='ocrx_word' id='word_1_510' title='bbox 281 3407 434 3463; x_wconf 82' lang='lat' dir='ltr'><strong>Joan.</strong></span> <span class='ocrx_word' id='word_1_511' title='bbox 465 3421 556 3459; x_wconf 86' lang='lat' dir='ltr'><strong>vut</strong></span> <span class='ocrx_word' id='word_1_512' title='bbox 582 3443 597 3470; x_wconf 90' lang='lat'><strong>,</strong></span> <span class='ocrx_word' id='word_1_513' title='bbox 626 3405 718 3460; x_wconf 75' lang='lat'><strong>25.</strong></span> <span class='ocrx_word' id='word_1_514' title='bbox 773 3405 876 3459; x_wconf 90' lang='lat' dir='ltr'><strong>Sed</strong></span> <span class='ocrx_word' id='word_1_515' title='bbox 905 3406 1100 3460; x_wconf 85' lang='lat' dir='ltr'><strong>erravit</strong></span> <span class='ocrx_word' id='word_1_516' title='bbox 1139 3405 1461 3473; x_wconf 85' lang='lat' dir='ltr'><strong>Augustinus</strong></span> <span class='ocrx_word' id='word_1_517' title='bbox 1491 3406 1741 3471; x_wconf 83' lang='lat' dir='ltr'><strong>deceptus</strong></span> 
     </span>
    </p>
   </div>
   <div class='ocr_carea' id='block_1_66' title="bbox 173 3493 1743 3563">
    <p class='ocr_par' dir='ltr' id='par_1_66' title="bbox 173 3493 1743 3563">
     <span class='ocr_line' id='line_1_66' title="bbox 173 3493 1743 3563; baseline 0.003 -19"><span class='ocrx_word' id='word_1_518' title='bbox 173 3496 414 3550; x_wconf 83' lang='lat' dir='ltr'><strong>versione</strong></span> <span class='ocrx_word' id='word_1_519' title='bbox 436 3495 649 3560; x_wconf 84' lang='lat' dir='ltr'><strong>Latina;</strong></span> <span class='ocrx_word' id='word_1_520' title='bbox 682 3494 724 3548; x_wconf 91' lang='lat' dir='ltr'><strong>si</strong></span> <span class='ocrx_word' id='word_1_521' title='bbox 753 3497 893 3550; x_wconf 90' lang='lat' dir='ltr'><strong>enim</strong></span> <span class='ocrx_word' id='word_1_522' title='bbox 917 3493 1100 3549; x_wconf 73' lang='lat' dir='ltr'><strong>Grazca</strong></span> <span class='ocrx_word' id='word_1_523' title='bbox 1124 3503 1247 3549; x_wconf 90' lang='lat' dir='ltr'><strong>tunc</strong></span> <span class='ocrx_word' id='word_1_524' title='bbox 1270 3494 1502 3563; x_wconf 87' lang='lat' dir='ltr'><strong>legisset,</strong></span> <span class='ocrx_word' id='word_1_525' title='bbox 1527 3494 1743 3549; x_wconf 89' lang='lat' dir='ltr'><strong>vidisset</strong></span> 
     </span>
    </p>
   </div>
   <div class='ocr_carea' id='block_1_67' title="bbox 174 3585 1745 3659">
    <p class='ocr_par' dir='ltr' id='par_1_67' title="bbox 174 3585 1745 3659">
     <span class='ocr_line' id='line_1_67' title="bbox 174 3585 1745 3659; baseline 0.001 -22"><span class='ocrx_word' id='word_1_526' title='bbox 174 3585 436 3640; x_wconf 87' lang='lat' dir='ltr'><strong>Christum</strong></span> <span class='ocrx_word' id='word_1_527' title='bbox 465 3586 644 3641; x_wconf 89' lang='lat' dir='ltr'><strong>dicere</strong></span> <span class='ocrx_word' id='word_1_528' title='bbox 666 3585 966 3640; x_wconf 89' lang='lat' dir='ltr'><strong>accusativo</strong></span> <span class='ocrx_word' id='word_1_529' title='bbox 994 3600 1119 3639; x_wconf 91' lang='lat' dir='ltr'><strong>casu</strong></span> <span class='ocrx_word' id='word_1_530' title='bbox 1145 3595 1234 3643; x_wconf 77' lang='grc' dir='ltr'>τήν</span> <span class='ocrx_word' id='word_1_531' title='bbox 1258 3587 1449 3659; x_wconf 77' lang='grc' dir='ltr'>ἀρχὴν,</span> <span class='ocrx_word' id='word_1_532' title='bbox 1479 3600 1538 3639; x_wconf 91' lang='lat' dir='ltr'><strong>ac</strong></span> <span class='ocrx_word' id='word_1_533' title='bbox 1568 3586 1745 3653; x_wconf 86' lang='lat' dir='ltr'><strong>proin-</strong></span> 
     </span>
    </p>
   </div>
   <div class='ocr_carea' id='block_1_68' title="bbox 176 3673 1745 3746">
    <p class='ocr_par' dir='ltr' id='par_1_68' title="bbox 176 3673 1745 3746">
     <span class='ocr_line' id='line_1_68' title="bbox 176 3673 1745 3746; baseline 0.001 -19"><span class='ocrx_word' id='word_1_534' title='bbox 176 3673 241 3729; x_wconf 89' lang='lat' dir='ltr'><strong>de</strong></span> <span class='ocrx_word' id='word_1_535' title='bbox 271 3693 374 3730; x_wconf 89' lang='lat' dir='ltr'><strong>non</strong></span> <span class='ocrx_word' id='word_1_536' title='bbox 407 3691 564 3746; x_wconf 89' lang='lat' dir='ltr'><strong>posse</strong></span> <span class='ocrx_word' id='word_1_537' title='bbox 611 3675 714 3729; x_wconf 89' lang='lat' dir='ltr'><strong>hoc</strong></span> <span class='ocrx_word' id='word_1_538' title='bbox 742 3677 922 3730; x_wconf 90' lang='lat' dir='ltr'><strong>haberi</strong></span> <span class='ocrx_word' id='word_1_539' title='bbox 972 3691 1068 3744; x_wconf 91' lang='lat' dir='ltr'><strong>pro</strong></span> <span class='ocrx_word' id='word_1_540' title='bbox 1095 3673 1290 3729; x_wconf 90' lang='lat' dir='ltr'><strong>Christi</strong></span> <span class='ocrx_word' id='word_1_541' title='bbox 1325 3676 1554 3728; x_wconf 89' lang='lat' dir='ltr'><strong>nomine.</strong></span> <span class='ocrx_word' id='word_1_542' title='bbox 1602 3676 1745 3728; x_wconf 87' lang='lat' dir='ltr'><strong>llauc</strong></span> 
     </span>
    </p>
   </div>
   <div class='ocr_carea' id='block_1_69' title="bbox 179 3765 1744 3835">
    <p class='ocr_par' dir='ltr' id='par_1_69' title="bbox 179 3765 1744 3835">
     <span class='ocr_line' id='line_1_69' title="bbox 179 3765 1744 3835; baseline 0.001 -18"><span class='ocrx_word' id='word_1_543' title='bbox 179 3775 347 3820; x_wconf 89' lang='lat' dir='ltr'><strong>tamen</strong></span> <span class='ocrx_word' id='word_1_544' title='bbox 379 3782 530 3821; x_wconf 90' lang='lat' dir='ltr'><strong>suam</strong></span> <span class='ocrx_word' id='word_1_545' title='bbox 561 3767 1045 3835; x_wconf 88' lang='lat' dir='ltr'><strong>interpretationem</strong></span> <span class='ocrx_word' id='word_1_546' title='bbox 1077 3765 1210 3819; x_wconf 89' lang='lat' dir='ltr'><strong>tueri</strong></span> <span class='ocrx_word' id='word_1_547' title='bbox 1239 3776 1459 3820; x_wconf 82' lang='lat' dir='ltr'><strong>Conatttr</strong></span> <span class='ocrx_word' id='word_1_548' title='bbox 1489 3773 1644 3818; x_wconf 89' lang='lat' dir='ltr'><strong>tract.</strong></span> <span class='ocrx_word' id='word_1_549' title='bbox 1678 3766 1744 3820; x_wconf 76' lang='grc'><strong>58</strong></span> 
     </span>
    </p>
   </div>
   <div class='ocr_carea' id='block_1_70' title="bbox 181 3856 1748 3921">
    <p class='ocr_par' dir='ltr' id='par_1_70' title="bbox 181 3856 1748 3921">
     <span class='ocr_line' id='line_1_70' title="bbox 181 3856 1748 3921; baseline 0.001 -15"><span class='ocrx_word' id='word_1_550' title='bbox 181 3857 228 3908; x_wconf 92' lang='lat' dir='ltr'><strong>in</strong></span> <span class='ocrx_word' id='word_1_551' title='bbox 251 3857 507 3910; x_wconf 83' lang='lat' dir='ltr'><strong>Joannem</strong></span> <span class='ocrx_word' id='word_1_552' title='bbox 530 3897 545 3921; x_wconf 95' lang='lat'><strong>,</strong></span> <span class='ocrx_word' id='word_1_553' title='bbox 588 3856 719 3909; x_wconf 85' lang='lat' dir='ltr'><strong>forte</strong></span> <span class='ocrx_word' id='word_1_554' title='bbox 747 3871 811 3910; x_wconf 90' lang='lat' dir='ltr'><strong>ne</strong></span> <span class='ocrx_word' id='word_1_555' title='bbox 841 3856 977 3909; x_wconf 84' lang='lat' dir='ltr'><strong>male</strong></span> <span class='ocrx_word' id='word_1_556' title='bbox 1004 3870 1033 3908; x_wconf 93' lang='lat' dir='ltr'><strong>a</strong></span> <span class='ocrx_word' id='word_1_557' title='bbox 1059 3870 1117 3910; x_wconf 91' lang='lat' dir='ltr'><strong>se</strong></span> <span class='ocrx_word' id='word_1_558' title='bbox 1147 3856 1468 3910; x_wconf 90' lang='lat' dir='ltr'><strong>intellectum</strong></span> <span class='ocrx_word' id='word_1_559' title='bbox 1501 3856 1639 3909; x_wconf 89' lang='lat' dir='ltr'><strong>hunc</strong></span> <span class='ocrx_word' id='word_1_560' title='bbox 1671 3856 1748 3908; x_wconf 80' lang='lat' dir='ltr'><strong>lo-</strong></span> 
     </span>
    </p>
   </div>
   <div class='ocr_carea' id='block_1_71' title="bbox 180 3943 1743 4015">
    <p class='ocr_par' dir='ltr' id='par_1_71' title="bbox 180 3943 1743 4015">
     <span class='ocr_line' id='line_1_71' title="bbox 180 3943 1743 4015; baseline 0.001 -19"><span class='ocrx_word' id='word_1_561' title='bbox 180 3960 292 3997; x_wconf 88' lang='lat' dir='ltr'><strong>cum</strong></span> <span class='ocrx_word' id='word_1_562' title='bbox 341 3945 633 4015; x_wconf 78' lang='lat' dir='ltr'><strong>ignorantia</strong></span> <span class='ocrx_word' id='word_1_563' title='bbox 679 3943 878 3998; x_wconf 70' lang='lat' dir='ltr'><strong>Graacze</strong></span> <span class='ocrx_word' id='word_1_564' title='bbox 923 3944 1114 4012; x_wconf 74' lang='lat' dir='ltr'><strong>lingua:</strong></span> <span class='ocrx_word' id='word_1_565' title='bbox 1154 3944 1396 4013; x_wconf 84' lang='lat' dir='ltr'><strong>liqueret.</strong></span> <span class='ocrx_word' id='word_1_566' title='bbox 1434 3944 1564 3998; x_wconf 87' lang='lat' dir='ltr'><strong>Vide</strong></span> <span class='ocrx_word' id='word_1_567' title='bbox 1588 3943 1743 4000; x_wconf 79' lang='lat' dir='ltr'><strong>Joan.</strong></span> 
     </span>
    </p>
   </div>
   <div class='ocr_carea' id='block_1_72' title="bbox 183 4033 1009 4088">
    <p class='ocr_par' dir='ltr' id='par_1_72' title="bbox 183 4033 1009 4088">
     <span class='ocr_line' id='line_1_72' title="bbox 183 4033 1009 4088; baseline 0.004 -4"><span class='ocrx_word' id='word_1_568' title='bbox 183 4033 536 4088; x_wconf 80' lang='lat' dir='ltr'><strong>Maldonatum</strong></span> <span class='ocrx_word' id='word_1_569' title='bbox 558 4034 622 4088; x_wconf 91' lang='lat' dir='ltr'><strong>ad</strong></span> <span class='ocrx_word' id='word_1_570' title='bbox 648 4033 786 4088; x_wconf 89' lang='lat' dir='ltr'><strong>hunc</strong></span> <span class='ocrx_word' id='word_1_571' title='bbox 815 4035 1009 4087; x_wconf 89' lang='lat' dir='ltr'><strong>locum.</strong></span> 
     </span>
    </p>
   </div>
   <div class='ocr_carea' id='block_1_73' title="bbox 249 4123 1748 4194">
    <p class='ocr_par' dir='ltr' id='par_1_73' title="bbox 249 4123 1748 4194">
     <span class='ocr_line' id='line_1_73' title="bbox 249 4123 1748 4194; baseline 0.002 -19"><span class='ocrx_word' id='word_1_572' title='bbox 249 4123 376 4192; x_wconf 86' lang='lat' dir='ltr'><strong>Cap.</strong></span> <span class='ocrx_word' id='word_1_573' title='bbox 411 4125 496 4187; x_wconf 83' lang='grc'><strong>10,</strong></span> <span class='ocrx_word' id='word_1_574' title='bbox 531 4123 557 4193; x_wconf 83' lang='lat'>§</span> <span class='ocrx_word' id='word_1_575' title='bbox 591 4125 676 4178; x_wconf 85' lang='grc'><strong>16.</strong></span> <span class='ocrx_word' id='word_1_576' title='bbox 712 4123 798 4179; x_wconf 88' lang='lat' dir='ltr'><strong>Sic</strong></span> <span class='ocrx_word' id='word_1_577' title='bbox 828 4123 1060 4191; x_wconf 86' lang='lat' dir='ltr'><strong>deinceps</strong></span> <span class='ocrx_word' id='word_1_578' title='bbox 1089 4123 1268 4194; x_wconf 88' lang='lat' dir='ltr'><strong>reliqui</strong></span> <span class='ocrx_word' id='word_1_579' title='bbox 1306 4125 1412 4176; x_wconf 78' lang='lat' dir='ltr'><strong>dies</strong></span> <span class='ocrx_word' id='word_1_580' title='bbox 1451 4134 1748 4190; x_wconf 80' lang='lat' dir='ltr'><strong>computan-</strong></span> 
     </span>
    </p>
   </div>
   <div class='ocr_carea' id='block_1_74' title="bbox 184 4211 1749 4290">
    <p class='ocr_par' dir='ltr' id='par_1_74' title="bbox 184 4211 1749 4290">
     <span class='ocr_line' id='line_1_74' title="bbox 184 4211 1749 4290; baseline 0.005 -28"><span class='ocrx_word' id='word_1_581' title='bbox 184 4221 262 4264; x_wconf 90' lang='lat' dir='ltr'><strong>tur</strong></span> <span class='ocrx_word' id='word_1_582' title='bbox 288 4229 318 4264; x_wconf 82' lang='grc' dir='ltr'><em>α</em></span> <span class='ocrx_word' id='word_1_583' title='bbox 345 4229 491 4265; x_wconf 88' lang='lat' dir='ltr'><strong>mane</strong></span> <span class='ocrx_word' id='word_1_584' title='bbox 516 4229 671 4282; x_wconf 84' lang='lat' dir='ltr'><strong>usque</strong></span> <span class='ocrx_word' id='word_1_585' title='bbox 693 4213 743 4265; x_wconf 89' lang='lat' dir='ltr'><strong>in</strong></span> <span class='ocrx_word' id='word_1_586' title='bbox 773 4211 964 4284; x_wconf 87' lang='lat' dir='ltr'><strong>mane.]</strong></span> <span class='ocrx_word' id='word_1_587' title='bbox 1005 4213 1246 4279; x_wconf 82' lang='lat' dir='ltr'><strong>Fallitur,</strong></span> <span class='ocrx_word' id='word_1_588' title='bbox 1284 4229 1402 4267; x_wconf 86' lang='lat' dir='ltr'><strong>nam</strong></span> <span class='ocrx_word' id='word_1_589' title='bbox 1429 4217 1749 4290; x_wconf 78' lang='grc' dir='ltr'><strong>νυχθήμερα,</strong></span> 
     </span>
    </p>
   </div>
   <div class='ocr_carea' id='block_1_75' title="bbox 187 4305 1751 4375">
    <p class='ocr_par' dir='ltr' id='par_1_75' title="bbox 187 4305 1751 4375">
     <span class='ocr_line' id='line_1_75' title="bbox 187 4305 1751 4375; baseline 0.003 -20"><span class='ocrx_word' id='word_1_590' title='bbox 187 4317 332 4358; x_wconf 90' lang='lat' dir='ltr'><strong>more</strong></span> <span class='ocrx_word' id='word_1_591' title='bbox 383 4305 640 4360; x_wconf 84' lang='lat' dir='ltr'><strong>Hebraico</strong></span> <span class='ocrx_word' id='word_1_592' title='bbox 664 4346 678 4369; x_wconf 93' lang='lat'><strong>,</strong></span> <span class='ocrx_word' id='word_1_593' title='bbox 710 4313 1013 4359; x_wconf 90' lang='lat' dir='ltr'><strong>constanter</strong></span> <span class='ocrx_word' id='word_1_594' title='bbox 1059 4315 1433 4375; x_wconf 89' lang='lat' dir='ltr'><strong>computantur</strong></span> <span class='ocrx_word' id='word_1_595' title='bbox 1469 4320 1498 4358; x_wconf 91' lang='lat' dir='ltr'><strong>a</strong></span> <span class='ocrx_word' id='word_1_596' title='bbox 1531 4322 1751 4373; x_wconf 64' lang='lat' dir='ltr'><strong>vestiera</strong></span> 
     </span>
    </p>
   </div>
   <div class='ocr_carea' id='block_1_76' title="bbox 183 4392 1749 4466">
    <p class='ocr_par' dir='ltr' id='par_1_76' title="bbox 183 4392 1749 4466">
     <span class='ocr_line' id='line_1_76' title="bbox 183 4392 1749 4466; baseline 0.006 -23"><span class='ocrx_word' id='word_1_597' title='bbox 183 4392 246 4445; x_wconf 91' lang='lat' dir='ltr'><strong>ad</strong></span> <span class='ocrx_word' id='word_1_598' title='bbox 279 4408 552 4461; x_wconf 86' lang='lat' dir='ltr'><strong>vesperam</strong></span> <span class='ocrx_word' id='word_1_599' title='bbox 580 4435 593 4458; x_wconf 93' lang='lat'><strong>,</strong></span> <span class='ocrx_word' id='word_1_600' title='bbox 629 4393 697 4446; x_wconf 93' lang='lat' dir='ltr'><strong>ita</strong></span> <span class='ocrx_word' id='word_1_601' title='bbox 729 4404 786 4447; x_wconf 91' lang='lat' dir='ltr'><strong>ut</strong></span> <span class='ocrx_word' id='word_1_602' title='bbox 810 4409 1020 4462; x_wconf 87' lang='lat' dir='ltr'><strong>semper</strong></span> <span class='ocrx_word' id='word_1_603' title='bbox 1045 4396 1182 4449; x_wconf 88' lang='lat' dir='ltr'><strong>diem</strong></span> <span class='ocrx_word' id='word_1_604' title='bbox 1214 4397 1478 4463; x_wconf 69' lang='lat' dir='ltr'><strong>praecedat</strong></span> <span class='ocrx_word' id='word_1_605' title='bbox 1508 4412 1749 4466; x_wconf 86' lang='lat' dir='ltr'><strong>vespera.</strong></span> 
     </span>
    </p>
   </div>
   <div class='ocr_carea' id='block_1_77' title="bbox 1843 3223 3412 3294">
    <p class='ocr_par' dir='ltr' id='par_1_77' title="bbox 1843 3223 3412 3294">
     <span class='ocr_line' id='line_1_77' title="bbox 1843 3223 3412 3294; baseline -0.001 -15"><span class='ocrx_word' id='word_1_606' title='bbox 1843 3226 2013 3280; x_wconf 78' lang='lat' dir='ltr'><strong>dictos</strong></span> <span class='ocrx_word' id='word_1_607' title='bbox 2045 3224 2378 3292; x_wconf 69' lang='lat' dir='ltr'><strong>ptmtermisit</strong></span> <span class='ocrx_word' id='word_1_608' title='bbox 2404 3224 2756 3292; x_wconf 87' lang='lat' dir='ltr'><strong>Augustinus,</strong></span> <span class='ocrx_word' id='word_1_609' title='bbox 2802 3223 2925 3279; x_wconf 91' lang='lat' dir='ltr'><strong>dum</strong></span> <span class='ocrx_word' id='word_1_610' title='bbox 2969 3227 3099 3280; x_wconf 87' lang='lat' dir='ltr'><strong>alios</strong></span> <span class='ocrx_word' id='word_1_611' title='bbox 3130 3227 3216 3294; x_wconf 92' lang='lat' dir='ltr'><strong>qui</strong></span> <span class='ocrx_word' id='word_1_612' title='bbox 3247 3229 3412 3283; x_wconf 81' lang='lat' dir='ltr'><strong>multa</strong></span> 
     </span>
    </p>
   </div>
   <div class='ocr_carea' id='block_1_78' title="bbox 1846 3312 3414 3381">
    <p class='ocr_par' dir='ltr' id='par_1_78' title="bbox 1846 3312 3414 3381">
     <span class='ocr_line' id='line_1_78' title="bbox 1846 3312 3414 3381; baseline 0.004 -15"><span class='ocrx_word' id='word_1_613' title='bbox 1846 3315 2019 3366; x_wconf 84' lang='lat' dir='ltr'><strong>minus</strong></span> <span class='ocrx_word' id='word_1_614' title='bbox 2066 3312 2299 3381; x_wconf 91' lang='lat' dir='ltr'><strong>torqueri</strong></span> <span class='ocrx_word' id='word_1_615' title='bbox 2334 3321 2581 3380; x_wconf 89' lang='lat' dir='ltr'><strong>poterant</strong></span> <span class='ocrx_word' id='word_1_616' title='bbox 2627 3312 2876 3380; x_wconf 79' lang='lat' dir='ltr'><strong>explicat.</strong></span> <span class='ocrx_word' id='word_1_617' title='bbox 2922 3316 3034 3379; x_wconf 87' lang='lat' dir='ltr'><strong>Qua</strong></span> <span class='ocrx_word' id='word_1_618' title='bbox 3063 3317 3114 3370; x_wconf 91' lang='lat' dir='ltr'><strong>in</strong></span> <span class='ocrx_word' id='word_1_619' title='bbox 3142 3332 3203 3372; x_wconf 88' lang='lat' dir='ltr'><strong>re</strong></span> <span class='ocrx_word' id='word_1_620' title='bbox 3230 3332 3296 3371; x_wconf 90' lang='lat' dir='ltr'><strong>an</strong></span> <span class='ocrx_word' id='word_1_621' title='bbox 3328 3334 3414 3372; x_wconf 85' lang='lat' dir='ltr'><strong>ars</strong></span> 
     </span>
    </p>
   </div>
   <div class='ocr_carea' id='block_1_79' title="bbox 1846 3398 3416 3472">
    <p class='ocr_par' dir='ltr' id='par_1_79' title="bbox 1846 3398 3416 3472">
     <span class='ocr_line' id='line_1_79' title="bbox 1846 3398 3416 3472; baseline 0.003 -16"><span class='ocrx_word' id='word_1_622' title='bbox 1846 3403 2018 3468; x_wconf 88' lang='lat' dir='ltr'><strong>aliqua</strong></span> <span class='ocrx_word' id='word_1_623' title='bbox 2050 3402 2224 3463; x_wconf 90' lang='lat' dir='ltr'><strong>fuerit,</strong></span> <span class='ocrx_word' id='word_1_624' title='bbox 2251 3401 2490 3466; x_wconf 84' lang='lat' dir='ltr'><strong>judicent</strong></span> <span class='ocrx_word' id='word_1_625' title='bbox 2513 3403 2622 3456; x_wconf 86' lang='lat' dir='ltr'><strong>alii.</strong></span> <span class='ocrx_word' id='word_1_626' title='bbox 2653 3398 2950 3458; x_wconf 70' lang='lat' dir='ltr'><strong>Candor&#39;em</strong></span> <span class='ocrx_word' id='word_1_627' title='bbox 2981 3406 3193 3472; x_wconf 88' lang='lat' dir='ltr'><strong>quidem</strong></span> <span class='ocrx_word' id='word_1_628' title='bbox 3220 3417 3273 3460; x_wconf 91' lang='lat' dir='ltr'><strong>et</strong></span> <span class='ocrx_word' id='word_1_629' title='bbox 3304 3423 3416 3460; x_wconf 84' lang='lat' dir='ltr'><strong>mo-</strong></span> 
     </span>
    </p>
   </div>
   <div class='ocr_carea' id='block_1_80' title="bbox 1845 3489 3417 3553">
    <p class='ocr_par' dir='ltr' id='par_1_80' title="bbox 1845 3489 3417 3553">
     <span class='ocr_line' id='line_1_80' title="bbox 1845 3489 3417 3553; baseline 0.003 -9"><span class='ocrx_word' id='word_1_630' title='bbox 1845 3490 2067 3544; x_wconf 87' lang='lat' dir='ltr'><strong>destiam</strong></span> <span class='ocrx_word' id='word_1_631' title='bbox 2102 3503 2208 3549; x_wconf 68' lang='lat' dir='ltr'><strong>pra:</strong></span> <span class='ocrx_word' id='word_1_632' title='bbox 2235 3504 2291 3540; x_wconf 90' lang='lat' dir='ltr'><strong>se</strong></span> <span class='ocrx_word' id='word_1_633' title='bbox 2319 3489 2494 3550; x_wconf 82' lang='lat' dir='ltr'><strong>ferunt</strong></span> <span class='ocrx_word' id='word_1_634' title='bbox 2521 3490 2952 3553; x_wconf 86' lang='lat' dir='ltr'><strong>retractationes;</strong></span> <span class='ocrx_word' id='word_1_635' title='bbox 2992 3494 3084 3546; x_wconf 87' lang='lat' dir='ltr'><strong>sed</strong></span> <span class='ocrx_word' id='word_1_636' title='bbox 3113 3492 3305 3548; x_wconf 63' lang='lat' dir='ltr'><strong>deﬂent</strong></span> <span class='ocrx_word' id='word_1_637' title='bbox 3335 3495 3417 3548; x_wconf 88' lang='lat' dir='ltr'><strong>in-</strong></span> 
     </span>
    </p>
   </div>
   <div class='ocr_carea' id='block_1_81' title="bbox 1845 3575 3414 3649">
    <p class='ocr_par' dir='ltr' id='par_1_81' title="bbox 1845 3575 3414 3649">
     <span class='ocr_line' id='line_1_81' title="bbox 1845 3575 3414 3649; baseline 0.001 -15"><span class='ocrx_word' id='word_1_638' title='bbox 1845 3593 2017 3649; x_wconf 81' lang='lat' dir='ltr'><strong>genue</strong></span> <span class='ocrx_word' id='word_1_639' title='bbox 2061 3575 2214 3638; x_wconf 87' lang='lat' dir='ltr'><strong>fieri,</strong></span> <span class='ocrx_word' id='word_1_640' title='bbox 2264 3578 2560 3630; x_wconf 87' lang='lat' dir='ltr'><strong>retractatis</strong></span> <span class='ocrx_word' id='word_1_641' title='bbox 2589 3591 2918 3646; x_wconf 63' lang='lat' dir='ltr'><strong>quaecunque</strong></span> <span class='ocrx_word' id='word_1_642' title='bbox 2966 3580 3090 3633; x_wconf 89' lang='lat' dir='ltr'><strong>falsa</strong></span> <span class='ocrx_word' id='word_1_643' title='bbox 3142 3590 3414 3648; x_wconf 86' lang='lat' dir='ltr'><strong>putantur,</strong></span> 
     </span>
    </p>
   </div>
   <div class='ocr_carea' id='block_1_82' title="bbox 1848 3661 3418 3742">
    <p class='ocr_par' dir='ltr' id='par_1_82' title="bbox 1848 3661 3418 3742">
     <span class='ocr_line' id='line_1_82' title="bbox 1848 3661 3418 3742; baseline -0.001 -15"><span class='ocrx_word' id='word_1_644' title='bbox 1848 3689 1953 3727; x_wconf 91' lang='lat' dir='ltr'><strong>non</strong></span> <span class='ocrx_word' id='word_1_645' title='bbox 1986 3670 2164 3741; x_wconf 88' lang='lat' dir='ltr'><strong>paucis</strong></span> <span class='ocrx_word' id='word_1_646' title='bbox 2192 3668 2511 3740; x_wconf 85' lang='lat' dir='ltr'><strong>quibusdam</strong></span> <span class='ocrx_word' id='word_1_647' title='bbox 2540 3668 2713 3740; x_wconf 81' lang='lat' dir='ltr'><strong>exigui</strong></span> <span class='ocrx_word' id='word_1_648' title='bbox 2757 3671 3008 3724; x_wconf 83' lang='lat' dir='ltr'><strong>momenti</strong></span> <span class='ocrx_word' id='word_1_649' title='bbox 3031 3713 3044 3737; x_wconf 92' lang='lat'><strong>,</strong></span> <span class='ocrx_word' id='word_1_650' title='bbox 3076 3673 3276 3728; x_wconf 89' lang='lat' dir='ltr'><strong>relictis</strong></span> <span class='ocrx_word' id='word_1_651' title='bbox 3301 3661 3418 3742; x_wconf 54' lang='grc' dir='ltr'><strong>εικῆ.</strong></span> 
     </span>
    </p>
   </div>
   <div class='ocr_carea' id='block_1_83' title="bbox 1847 3762 3419 3833">
    <p class='ocr_par' dir='ltr' id='par_1_83' title="bbox 1847 3762 3419 3833">
     <span class='ocr_line' id='line_1_83' title="bbox 1847 3762 3419 3833; baseline 0.003 -15"><span class='ocrx_word' id='word_1_652' title='bbox 1847 3764 2105 3829; x_wconf 86' lang='lat' dir='ltr'><strong>vioribus,</strong></span> <span class='ocrx_word' id='word_1_653' title='bbox 2140 3777 2206 3818; x_wconf 91' lang='lat' dir='ltr'><strong>ne</strong></span> <span class='ocrx_word' id='word_1_654' title='bbox 2237 3764 2369 3817; x_wconf 86' lang='lat' dir='ltr'><strong>forte</strong></span> <span class='ocrx_word' id='word_1_655' title='bbox 2394 3762 2682 3818; x_wconf 89' lang='lat' dir='ltr'><strong>adversarii</strong></span> <span class='ocrx_word' id='word_1_656' title='bbox 2712 3762 2964 3833; x_wconf 77' lang='lat' dir='ltr'><strong>ohjic&#39;ant</strong></span> <span class='ocrx_word' id='word_1_657' title='bbox 2990 3778 3049 3818; x_wconf 82' lang='lat' dir='ltr'><strong>se</strong></span> <span class='ocrx_word' id='word_1_658' title='bbox 3076 3765 3267 3822; x_wconf 85' lang='lat' dir='ltr'><strong>similia</strong></span> <span class='ocrx_word' id='word_1_659' title='bbox 3299 3775 3419 3824; x_wconf 60' lang='lat' dir='ltr'><strong>seu:</strong></span> 
     </span>
    </p>
   </div>
   <div class='ocr_carea' id='block_1_84' title="bbox 1850 3854 3132 3924">
    <p class='ocr_par' dir='ltr' id='par_1_84' title="bbox 1850 3854 3132 3924">
     <span class='ocr_line' id='line_1_84' title="bbox 1850 3854 3132 3924; baseline 0.002 -12"><span class='ocrx_word' id='word_1_660' title='bbox 1850 3858 1973 3912; x_wconf 89' lang='lat' dir='ltr'><strong>tire.</strong></span> <span class='ocrx_word' id='word_1_661' title='bbox 2009 3855 2114 3910; x_wconf 91' lang='lat' dir='ltr'><strong>Sed</strong></span> <span class='ocrx_word' id='word_1_662' title='bbox 2145 3854 2423 3924; x_wconf 88' lang='lat' dir='ltr'><strong>Augustini</strong></span> <span class='ocrx_word' id='word_1_663' title='bbox 2453 3855 2687 3911; x_wconf 89' lang='lat' dir='ltr'><strong>animum</strong></span> <span class='ocrx_word' id='word_1_664' title='bbox 2719 3865 2942 3911; x_wconf 71' lang='lat' dir='ltr'><strong>nowrat</strong></span> <span class='ocrx_word' id='word_1_665' title='bbox 2972 3859 3132 3915; x_wconf 90' lang='lat' dir='ltr'><strong>Deus.</strong></span> 
     </span>
    </p>
   </div>
   <div class='ocr_carea' id='block_1_85' title="bbox 2145 3950 3128 4025">
    <p class='ocr_par' dir='ltr' id='par_1_85' title="bbox 2145 3950 3128 4025">
     <span class='ocr_line' id='line_1_85' title="bbox 2145 3950 3128 4025; baseline 0.006 -7"><span class='ocrx_word' id='word_1_666' title='bbox 2145 3963 2483 4019; x_wconf 83' lang='lat' dir='ltr'><strong>DESIDERII</strong></span> <span class='ocrx_word' id='word_1_667' title='bbox 2525 3966 2776 4020; x_wconf 66' lang='lat' dir='ltr'><strong>snassu</strong></span> <span class='ocrx_word' id='word_1_668' title='bbox 2817 3950 3128 4025; x_wconf 64' lang='lat' dir='ltr'><strong>caseum</strong></span> 
     </span>
    </p>
   </div>
   <div class='ocr_carea' id='block_1_86' title="bbox 1850 4069 3420 4120">
    <p class='ocr_par' dir='ltr' id='par_1_86' title="bbox 1850 4069 3420 4120">
     <span class='ocr_line' id='line_1_86' title="bbox 1850 4069 3420 4120; baseline 0.006 -8"><span class='ocrx_word' id='word_1_669' title='bbox 1850 4073 1904 4112; x_wconf 83' lang='lat' dir='ltr'><strong>IN</strong></span> <span class='ocrx_word' id='word_1_670' title='bbox 1963 4071 2144 4112; x_wconf 77' lang='lat' dir='ltr'><strong>LIBROS</strong></span> <span class='ocrx_word' id='word_1_671' title='bbox 2222 4072 2287 4110; x_wconf 80' lang='lat' dir='ltr'><strong>DE</strong></span> <span class='ocrx_word' id='word_1_672' title='bbox 2359 4072 2578 4110; x_wconf 66' lang='lat' dir='ltr'><strong>NORIBUS</strong></span> <span class='ocrx_word' id='word_1_673' title='bbox 2651 4069 2912 4113; x_wconf 68' lang='lat' dir='ltr'><strong>ECCLESIrE</strong></span> <span class='ocrx_word' id='word_1_674' title='bbox 2982 4076 3294 4119; x_wconf 70' lang='lat' dir='ltr'><strong>CATHOLICtI-J</strong></span> <span class='ocrx_word' id='word_1_675' title='bbox 3354 4073 3420 4120; x_wconf 64' lang='lat' dir='ltr'><strong>E&#39;I‘</strong></span> 
     </span>
    </p>
   </div>
   <div class='ocr_carea' id='block_1_87' title="bbox 2434 4162 2844 4201">
    <p class='ocr_par' dir='ltr' id='par_1_87' title="bbox 2434 4162 2844 4201">
     <span class='ocr_line' id='line_1_87' title="bbox 2434 4162 2844 4201; baseline 0.002 -1"><span class='ocrx_word' id='word_1_676' title='bbox 2434 4162 2844 4201; x_wconf 65' lang='lat' dir='ltr'><strong>MANICIIEORUM.</strong></span> 
     </span>
    </p>
   </div>
   <div class='ocr_carea' id='block_1_88' title="bbox 1924 4236 3428 4307">
    <p class='ocr_par' dir='ltr' id='par_1_88' title="bbox 1924 4236 3428 4307">
     <span class='ocr_line' id='line_1_88' title="bbox 1924 4236 3428 4307; baseline 0.009 -17"><span class='ocrx_word' id='word_1_677' title='bbox 1924 4236 2039 4290; x_wconf 87' lang='lat' dir='ltr'><strong>Duo</strong></span> <span class='ocrx_word' id='word_1_678' title='bbox 2082 4238 2335 4305; x_wconf 76' lang='lat' dir='ltr'><strong>opuscula</strong></span> <span class='ocrx_word' id='word_1_679' title='bbox 2367 4255 2480 4303; x_wconf 77' lang='lat' dir='ltr'><strong>quzc</strong></span> <span class='ocrx_word' id='word_1_680' title='bbox 2511 4249 2804 4307; x_wconf 90' lang='lat' dir='ltr'><strong>sequuntur</strong></span> <span class='ocrx_word' id='word_1_681' title='bbox 2825 4282 2838 4306; x_wconf 93' lang='lat'><strong>,</strong></span> <span class='ocrx_word' id='word_1_682' title='bbox 2887 4242 3037 4298; x_wconf 86' lang='lat' dir='ltr'><strong>alteri</strong></span> <span class='ocrx_word' id='word_1_683' title='bbox 3070 4246 3186 4299; x_wconf 89' lang='lat' dir='ltr'><strong>loco</strong></span> <span class='ocrx_word' id='word_1_684' title='bbox 3217 4249 3428 4304; x_wconf 81' lang='lat' dir='ltr'><strong>fuerant</strong></span> 
     </span>
    </p>
   </div>
   <div class='ocr_carea' id='block_1_89' title="bbox 1854 4326 3429 4400">
    <p class='ocr_par' dir='ltr' id='par_1_89' title="bbox 1854 4326 3429 4400">
     <span class='ocr_line' id='line_1_89' title="bbox 1854 4326 3429 4400; baseline 0.007 -18"><span class='ocrx_word' id='word_1_685' title='bbox 1854 4327 2112 4382; x_wconf 86' lang='lat' dir='ltr'><strong>destinata</strong></span> <span class='ocrx_word' id='word_1_686' title='bbox 2135 4370 2149 4390; x_wconf 90' lang='lat'><strong>,</strong></span> <span class='ocrx_word' id='word_1_687' title='bbox 2184 4331 2325 4394; x_wconf 86' lang='lat' dir='ltr'><strong>prius</strong></span> <span class='ocrx_word' id='word_1_688' title='bbox 2351 4326 2653 4400; x_wconf 72' lang='grc' dir='ltr'><strong>πολεμικῶν,</strong></span> <span class='ocrx_word' id='word_1_689' title='bbox 2692 4334 2954 4398; x_wconf 74' lang='lat' dir='ltr'><strong>posterius</strong></span> <span class='ocrx_word' id='word_1_690' title='bbox 2983 4334 3292 4394; x_wconf 81' lang='grc' dir='ltr'><strong>διδακτικῶν.</strong></span> <span class='ocrx_word' id='word_1_691' title='bbox 3328 4340 3429 4393; x_wconf 80' lang='lat' dir='ltr'><strong>Ve-</strong></span> 
     </span>
    </p>
   </div>
   <div class='ocr_carea' id='block_1_90' title="bbox 1854 4417 3428 4484">
    <p class='ocr_par' dir='ltr' id='par_1_90' title="bbox 1854 4417 3428 4484">
     <span class='ocr_line' id='line_1_90' title="bbox 1854 4417 3428 4484; baseline 0.008 -17"><span class='ocrx_word' id='word_1_692' title='bbox 1854 4431 1971 4470; x_wconf 89' lang='lat' dir='ltr'><strong>rum</strong></span> <span class='ocrx_word' id='word_1_693' title='bbox 2016 4417 2263 4484; x_wconf 82' lang='lat' dir='ltr'><strong>quoniam</strong></span> <span class='ocrx_word' id='word_1_694' title='bbox 2307 4417 2472 4471; x_wconf 90' lang='lat' dir='ltr'><strong>altero</strong></span> <span class='ocrx_word' id='word_1_695' title='bbox 2504 4418 2819 4475; x_wconf 82' lang='lat' dir='ltr'><strong>fortissimus</strong></span> <span class='ocrx_word' id='word_1_696' title='bbox 2849 4421 2951 4475; x_wconf 91' lang='lat' dir='ltr'><strong>tiro</strong></span> <span class='ocrx_word' id='word_1_697' title='bbox 2982 4424 3241 4479; x_wconf 82' lang='lat' dir='ltr'><strong>velitauus</strong></span> <span class='ocrx_word' id='word_1_698' title='bbox 3268 4432 3349 4479; x_wconf 86' lang='lat' dir='ltr'><strong>est</strong></span> <span class='ocrx_word' id='word_1_699' title='bbox 3378 4429 3428 4480; x_wconf 91' lang='lat' dir='ltr'><strong>in</strong></span> 
     </span>
    </p>
   </div>
   <div class='ocr_carea' id='block_1_91' title="bbox 184 4480 3430 4580">
    <p class='ocr_par' dir='ltr' id='par_1_91' title="bbox 184 4480 3430 4580">
     <span class='ocr_line' id='line_1_91' title="bbox 184 4480 3430 4580; baseline 0.004 -46"><span class='ocrx_word' id='word_1_700' title='bbox 184 4480 287 4580; x_wconf 51' lang='lat' dir='ltr'><strong>lies</strong></span> <span class='ocrx_word' id='word_1_701' title='bbox 318 4498 458 4536; x_wconf 90' lang='lat' dir='ltr'><strong>nunc</strong></span> <span class='ocrx_word' id='word_1_702' title='bbox 486 4483 732 4537; x_wconf 90' lang='lat' dir='ltr'><strong>omnibus</strong></span> <span class='ocrx_word' id='word_1_703' title='bbox 757 4493 878 4537; x_wconf 78' lang='lat' dir='ltr'><strong>nota</strong></span> <span class='ocrx_word' id='word_1_704' title='bbox 908 4492 1009 4548; x_wconf 87' lang='lat' dir='ltr'><strong>est,</strong></span> <span class='ocrx_word' id='word_1_705' title='bbox 1033 4486 1123 4540; x_wconf 90' lang='lat' dir='ltr'><strong>sed</strong></span> <span class='ocrx_word' id='word_1_706' title='bbox 1152 4499 1218 4539; x_wconf 90' lang='lat' dir='ltr'><strong>eo</strong></span> <span class='ocrx_word' id='word_1_707' title='bbox 1243 4495 1482 4552; x_wconf 87' lang='lat' dir='ltr'><strong>tempore</strong></span> <span class='ocrx_word' id='word_1_708' title='bbox 1509 4497 1753 4541; x_wconf 89' lang='lat' dir='ltr'><strong>accurata</strong></span> <span class='ocrx_word' id='word_1_709' title='bbox 1787 4481 1833 4539; x_wconf 91' lang='lat' dir='ltr'><strong>D</strong></span> <span class='ocrx_word' id='word_1_710' title='bbox 1859 4480 2138 4559; x_wconf 58' lang='grc' dir='ltr'><strong>ιιωτθιέροε</strong></span> <span class='ocrx_word' id='word_1_711' title='bbox 2162 4543 2177 4569; x_wconf 63' lang='grc'><em>,</em></span> <span class='ocrx_word' id='word_1_712' title='bbox 2209 4503 2377 4558; x_wconf 63' lang='lat' dir='ltr'><strong>auem</strong></span> <span class='ocrx_word' id='word_1_713' title='bbox 2417 4507 2690 4561; x_wconf 62' lang='lat' dir='ltr'><strong>mirandus</strong></span> <span class='ocrx_word' id='word_1_714' title='bbox 2727 4509 2913 4563; x_wconf 63' lang='lat' dir='ltr'><strong>doc&quot;),</strong></span> <span class='ocrx_word' id='word_1_715' title='bbox 2944 4511 3148 4564; x_wconf 65' lang='lat' dir='ltr'><strong>[murus</strong></span> <span class='ocrx_word' id='word_1_716' title='bbox 3197 4513 3430 4580; x_wconf 55' lang='grc' dir='ltr'><strong>ρηυιηςει</strong></span> 
     </span>
    </p>
   </div>
   <div class='ocr_carea' id='block_1_92' title="bbox 185 4572 1755 4649">
    <p class='ocr_par' dir='ltr' id='par_1_92' title="bbox 185 4572 1755 4649">
     <span class='ocr_line' id='line_1_92' title="bbox 185 4572 1755 4649; baseline 0.004 -21"><span class='ocrx_word' id='word_1_717' title='bbox 185 4572 576 4643; x_wconf 90' lang='lat' dir='ltr'><strong>Scripturarum</strong></span> <span class='ocrx_word' id='word_1_718' title='bbox 601 4577 963 4645; x_wconf 88' lang='lat' dir='ltr'><strong>interpretatio</strong></span> <span class='ocrx_word' id='word_1_719' title='bbox 985 4580 1145 4634; x_wconf 88' lang='lat' dir='ltr'><strong>ferme</strong></span> <span class='ocrx_word' id='word_1_720' title='bbox 1169 4580 1341 4648; x_wconf 86' lang='lat' dir='ltr'><strong>ignOta</strong></span> <span class='ocrx_word' id='word_1_721' title='bbox 1365 4589 1500 4646; x_wconf 89' lang='lat' dir='ltr'><strong>erat,</strong></span> <span class='ocrx_word' id='word_1_722' title='bbox 1519 4583 1755 4649; x_wconf 89' lang='lat' dir='ltr'><strong>utliquet</strong></span> 
     </span>
    </p>
   </div>
   <div class='ocr_carea' id='block_1_93' title="bbox 186 4663 1755 4748">
    <p class='ocr_par' dir='ltr' id='par_1_93' title="bbox 186 4663 1755 4748">
     <span class='ocr_line' id='line_1_93' title="bbox 186 4663 1755 4748; baseline 0.01 -36"><span class='ocrx_word' id='word_1_723' title='bbox 186 4663 264 4716; x_wconf 86' lang='lat' dir='ltr'><strong>vel</strong></span> <span class='ocrx_word' id='word_1_724' title='bbox 295 4679 359 4717; x_wconf 87' lang='lat' dir='ltr'><strong>ex</strong></span> <span class='ocrx_word' id='word_1_725' title='bbox 399 4665 627 4718; x_wconf 89' lang='lat' dir='ltr'><strong>lectione</strong></span> <span class='ocrx_word' id='word_1_726' title='bbox 661 4664 848 4718; x_wconf 91' lang='lat' dir='ltr'><strong>horum</strong></span> <span class='ocrx_word' id='word_1_727' title='bbox 897 4666 1153 4722; x_wconf 89' lang='lat' dir='ltr'><strong>librorum</strong></span> <span class='ocrx_word' id='word_1_728' title='bbox 1179 4709 1194 4734; x_wconf 94' lang='lat'><strong>,</strong></span> <span class='ocrx_word' id='word_1_729' title='bbox 1225 4683 1450 4739; x_wconf 88' lang='lat' dir='ltr'><strong>quorum</strong></span> <span class='ocrx_word' id='word_1_730' title='bbox 1491 4691 1755 4748; x_wconf 78' lang='grc' dir='ltr'><strong>παρερμη·</strong></span> 
     </span>
    </p>
   </div>
   <div class='ocr_carea' id='block_1_94' title="bbox 187 4757 1081 4826">
    <p class='ocr_par' dir='ltr' id='par_1_94' title="bbox 187 4757 1081 4826">
     <span class='ocr_line' id='line_1_94' title="bbox 187 4757 1081 4826; baseline 0.006 -19"><span class='ocrx_word' id='word_1_731' title='bbox 187 4760 320 4816; x_wconf 66' lang='lat' dir='ltr'><strong>vita;</strong></span> <span class='ocrx_word' id='word_1_732' title='bbox 350 4766 536 4810; x_wconf 89' lang='lat' dir='ltr'><strong>notare</strong></span> <span class='ocrx_word' id='word_1_733' title='bbox 567 4771 668 4811; x_wconf 91' lang='lat' dir='ltr'><strong>non</strong></span> <span class='ocrx_word' id='word_1_734' title='bbox 697 4757 1081 4826; x_wconf 84' lang='lat' dir='ltr'><strong>aggrediemur.</strong></span> 
     </span>
    </p>
   </div>
   <div class='ocr_carea' id='block_1_95' title="bbox 255 4845 1754 4923">
    <p class='ocr_par' dir='ltr' id='par_1_95' title="bbox 255 4845 1754 4923">
     <span class='ocr_line' id='line_1_95' title="bbox 255 4845 1754 4923; baseline 0.005 -24"><span class='ocrx_word' id='word_1_735' title='bbox 255 4846 384 4914; x_wconf 83' lang='lat' dir='ltr'><strong>Cap.</strong></span> <span class='ocrx_word' id='word_1_736' title='bbox 414 4847 500 4912; x_wconf 72' lang='grc'><strong>15,</strong></span> <span class='ocrx_word' id='word_1_737' title='bbox 532 4845 560 4916; x_wconf 83' lang='lat'><strong>§</strong></span> <span class='ocrx_word' id='word_1_738' title='bbox 587 4845 677 4898; x_wconf 74' lang='lat'><strong>9.4.</strong></span> <span class='ocrx_word' id='word_1_739' title='bbox 721 4846 872 4900; x_wconf 76' lang='lat' dir='ltr'><strong>Mons</strong></span> <span class='ocrx_word' id='word_1_740' title='bbox 910 4849 996 4901; x_wconf 87' lang='lat' dir='ltr'><strong>ille</strong></span> <span class='ocrx_word' id='word_1_741' title='bbox 1035 4847 1347 4903; x_wconf 74' lang='lat' dir='ltr'><strong>Macedonia:</strong></span> <span class='ocrx_word' id='word_1_742' title='bbox 1381 4854 1469 4918; x_wconf 89' lang='lat' dir='ltr'><strong>qui</strong></span> <span class='ocrx_word' id='word_1_743' title='bbox 1507 4850 1754 4923; x_wconf 82' lang='lat' dir='ltr'><strong>Olympus</strong></span> 
     </span>
    </p>
   </div>
   <div class='ocr_carea' id='block_1_96' title="bbox 188 4935 1756 5010">
    <p class='ocr_par' dir='ltr' id='par_1_96' title="bbox 188 4935 1756 5010">
     <span class='ocr_line' id='line_1_96' title="bbox 188 4935 1756 5010; baseline 0.008 -26"><span class='ocrx_word' id='word_1_744' title='bbox 188 4946 412 4999; x_wconf 70' lang='lat' dir='ltr'><strong>vocatur,</strong></span> <span class='ocrx_word' id='word_1_745' title='bbox 445 4944 599 4987; x_wconf 74' lang='lat' dir='ltr'><strong>tanta:</strong></span> <span class='ocrx_word' id='word_1_746' title='bbox 622 4935 907 4988; x_wconf 85' lang='lat' dir='ltr'><strong>altitudinis</strong></span> <span class='ocrx_word' id='word_1_747' title='bbox 943 4953 1046 4991; x_wconf 89' lang='lat' dir='ltr'><strong>esse</strong></span> <span class='ocrx_word' id='word_1_748' title='bbox 1084 4941 1288 5006; x_wconf 85' lang='lat' dir='ltr'><strong>dicitur,</strong></span> <span class='ocrx_word' id='word_1_749' title='bbox 1319 4952 1371 4992; x_wconf 89' lang='lat' dir='ltr'><strong>ut</strong></span> <span class='ocrx_word' id='word_1_750' title='bbox 1394 4942 1446 4993; x_wconf 91' lang='lat' dir='ltr'><strong>in</strong></span> <span class='ocrx_word' id='word_1_751' title='bbox 1467 4945 1578 5010; x_wconf 86' lang='lat' dir='ltr'><strong>ejus</strong></span> <span class='ocrx_word' id='word_1_752' title='bbox 1607 4959 1756 4996; x_wconf 86' lang='lat' dir='ltr'><strong>cacu-</strong></span> 
     </span>
    </p>
   </div>
   <div class='ocr_carea' id='block_1_97' title="bbox 190 5029 1758 5107">
    <p class='ocr_par' dir='ltr' id='par_1_97' title="bbox 190 5029 1758 5107">
     <span class='ocr_line' id='line_1_97' title="bbox 190 5029 1758 5107; baseline 0.009 -29"><span class='ocrx_word' id='word_1_753' title='bbox 190 5029 320 5083; x_wconf 87' lang='lat' dir='ltr'><strong>mine</strong></span> <span class='ocrx_word' id='word_1_754' title='bbox 341 5045 429 5082; x_wconf 88' lang='lat' dir='ltr'><strong>nec</strong></span> <span class='ocrx_word' id='word_1_755' title='bbox 457 5039 628 5084; x_wconf 75' lang='lat' dir='ltr'><strong>ventus</strong></span> <span class='ocrx_word' id='word_1_756' title='bbox 650 5032 923 5098; x_wconf 85' lang='lat' dir='ltr'><strong>sentiatur,</strong></span> <span class='ocrx_word' id='word_1_757' title='bbox 957 5050 1042 5086; x_wconf 87' lang='lat' dir='ltr'><strong>nec</strong></span> <span class='ocrx_word' id='word_1_758' title='bbox 1069 5035 1225 5087; x_wconf 85' lang='lat' dir='ltr'><strong>nubes</strong></span> <span class='ocrx_word' id='word_1_759' title='bbox 1257 5051 1311 5088; x_wconf 87' lang='lat' dir='ltr'><strong>se</strong></span> <span class='ocrx_word' id='word_1_760' title='bbox 1339 5035 1600 5107; x_wconf 81' lang='lat' dir='ltr'><strong>colligant,</strong></span> <span class='ocrx_word' id='word_1_761' title='bbox 1628 5037 1758 5107; x_wconf 86' lang='lat' dir='ltr'><strong>etc.]</strong></span> 
     </span>
    </p>
   </div>
   <div class='ocr_carea' id='block_1_98' title="bbox 193 5105 1760 5194">
    <p class='ocr_par' dir='ltr' id='par_1_98' title="bbox 193 5105 1760 5194">
     <span class='ocr_line' id='line_1_98' title="bbox 193 5105 1760 5194; baseline 0.005 -22"><span class='ocrx_word' id='word_1_762' title='bbox 193 5119 336 5173; x_wconf 76' lang='lat' dir='ltr'><strong>Multi</strong></span> <span class='ocrx_word' id='word_1_763' title='bbox 387 5121 490 5174; x_wconf 88' lang='lat' dir='ltr'><strong>hoc</strong></span> <span class='ocrx_word' id='word_1_764' title='bbox 519 5121 846 5189; x_wconf 90' lang='lat' dir='ltr'><strong>scripserunt</strong></span> <span class='ocrx_word' id='word_1_765' title='bbox 876 5161 891 5186; x_wconf 93' lang='lat'><strong>,</strong></span> <span class='ocrx_word' id='word_1_766' title='bbox 927 5123 1016 5176; x_wconf 93' lang='lat' dir='ltr'><strong>sed</strong></span> <span class='ocrx_word' id='word_1_767' title='bbox 1065 5125 1290 5179; x_wconf 85' lang='lat' dir='ltr'><strong>fabulam</strong></span> <span class='ocrx_word' id='word_1_768' title='bbox 1322 5139 1437 5179; x_wconf 89' lang='lat' dir='ltr'><strong>esse</strong></span> <span class='ocrx_word' id='word_1_769' title='bbox 1464 5105 1571 5194; x_wconf 86' lang='lat' dir='ltr'><strong>jam</strong></span> <span class='ocrx_word' id='word_1_770' title='bbox 1603 5105 1760 5180; x_wconf 84' lang='lat' dir='ltr'><strong>nemo</strong></span> 
     </span>
    </p>
   </div>
   <div class='ocr_carea' id='block_1_99' title="bbox 190 5209 1761 5287">
    <p class='ocr_par' dir='ltr' id='par_1_99' title="bbox 190 5209 1761 5287">
     <span class='ocr_line' id='line_1_99' title="bbox 190 5209 1761 5287; baseline 0.006 -25"><span class='ocrx_word' id='word_1_771' title='bbox 190 5209 392 5264; x_wconf 85' lang='lat' dir='ltr'><strong>dubitat</strong></span> <span class='ocrx_word' id='word_1_772' title='bbox 422 5227 435 5263; x_wconf 88' lang='lat'><strong>:</strong></span> <span class='ocrx_word' id='word_1_773' title='bbox 462 5219 521 5265; x_wconf 90' lang='lat' dir='ltr'><strong>ut</strong></span> <span class='ocrx_word' id='word_1_774' title='bbox 557 5226 654 5265; x_wconf 91' lang='lat' dir='ltr'><strong>nec</strong></span> <span class='ocrx_word' id='word_1_775' title='bbox 680 5213 956 5282; x_wconf 88' lang='lat' dir='ltr'><strong>quisquam</strong></span> <span class='ocrx_word' id='word_1_776' title='bbox 989 5217 1145 5268; x_wconf 89' lang='lat' dir='ltr'><strong>etiam</strong></span> <span class='ocrx_word' id='word_1_777' title='bbox 1175 5217 1408 5286; x_wconf 73' lang='lat' dir='ltr'><strong>physicae</strong></span> <span class='ocrx_word' id='word_1_778' title='bbox 1439 5219 1594 5287; x_wconf 89' lang='lat' dir='ltr'><strong>paulo</strong></span> <span class='ocrx_word' id='word_1_779' title='bbox 1626 5219 1761 5286; x_wconf 89' lang='lat' dir='ltr'><strong>peri-</strong></span> 
     </span>
    </p>
   </div>
   <div class='ocr_carea' id='block_1_100' title="bbox 192 5304 1764 5380">
    <p class='ocr_par' dir='ltr' id='par_1_100' title="bbox 192 5304 1764 5380">
     <span class='ocr_line' id='line_1_100' title="bbox 192 5304 1764 5380; baseline 0.009 -28"><span class='ocrx_word' id='word_1_780' title='bbox 192 5304 290 5355; x_wconf 75' lang='lat' dir='ltr'><strong>t7or</strong></span> <span class='ocrx_word' id='word_1_781' title='bbox 319 5317 546 5371; x_wconf 87' lang='lat' dir='ltr'><strong>vapores</strong></span> <span class='ocrx_word' id='word_1_782' title='bbox 585 5318 704 5357; x_wconf 91' lang='lat' dir='ltr'><strong>cum</strong></span> <span class='ocrx_word' id='word_1_783' title='bbox 743 5319 865 5359; x_wconf 84' lang='lat' dir='ltr'><strong>aere</strong></span> <span class='ocrx_word' id='word_1_784' title='bbox 894 5305 1187 5362; x_wconf 75' lang='lat' dir='ltr'><strong>co..futtdit.</strong></span> <span class='ocrx_word' id='word_1_785' title='bbox 1237 5310 1415 5379; x_wconf 89' lang='lat' dir='ltr'><strong>Itaque</strong></span> <span class='ocrx_word' id='word_1_786' title='bbox 1463 5311 1581 5364; x_wconf 90' lang='lat' dir='ltr'><strong>talia</strong></span> <span class='ocrx_word' id='word_1_787' title='bbox 1628 5326 1764 5380; x_wconf 68' lang='lat' dir='ltr'><strong>pra:-</strong></span> 
     </span>
    </p>
   </div>
   <div class='ocr_carea' id='block_1_101' title="bbox 195 5393 558 5446">
    <p class='ocr_par' dir='ltr' id='par_1_101' title="bbox 195 5393 558 5446">
     <span class='ocr_line' id='line_1_101' title="bbox 195 5393 558 5446; baseline -0.003 -3"><span class='ocrx_word' id='word_1_788' title='bbox 195 5393 558 5446; x_wconf 88' lang='lat' dir='ltr'><strong>termittitnus.</strong></span> 
     </span>
    </p>
   </div>
   <div class='ocr_carea' id='block_1_102' title="bbox 259 5481 1757 5555">
    <p class='ocr_par' dir='ltr' id='par_1_102' title="bbox 259 5481 1757 5555">
     <span class='ocr_line' id='line_1_102' title="bbox 259 5481 1757 5555; baseline 0.008 -21"><span class='ocrx_word' id='word_1_789' title='bbox 259 5481 420 5534; x_wconf 86' lang='lat' dir='ltr'><strong>L-bro</strong></span> <span class='ocrx_word' id='word_1_790' title='bbox 453 5497 510 5543; x_wconf 86' lang='lat' dir='ltr'><strong>tt,</strong></span> <span class='ocrx_word' id='word_1_791' title='bbox 537 5496 655 5546; x_wconf 87' lang='lat' dir='ltr'><strong>cap.</strong></span> <span class='ocrx_word' id='word_1_792' title='bbox 687 5482 776 5546; x_wconf 68' lang='lat'><strong>9.4,</strong></span> <span class='ocrx_word' id='word_1_793' title='bbox 811 5485 837 5554; x_wconf 83' lang='lat'>§</span> <span class='ocrx_word' id='word_1_794' title='bbox 865 5486 952 5538; x_wconf 80' lang='grc'><strong>57.</strong></span> <span class='ocrx_word' id='word_1_795' title='bbox 985 5486 1132 5549; x_wconf 86' lang='lat' dir='ltr'><strong>Quod</strong></span> <span class='ocrx_word' id='word_1_796' title='bbox 1161 5487 1324 5555; x_wconf 88' lang='lat' dir='ltr'><strong>ipsum</strong></span> <span class='ocrx_word' id='word_1_797' title='bbox 1354 5507 1452 5544; x_wconf 92' lang='lat' dir='ltr'><strong>non</strong></span> <span class='ocrx_word' id='word_1_798' title='bbox 1481 5503 1757 5546; x_wconf 87' lang='lat' dir='ltr'><strong>commuta-</strong></span> 
     </span>
    </p>
   </div>
   <div class='ocr_carea' id='block_1_103' title="bbox 189 5573 1760 5656">
    <p class='ocr_par' dir='ltr' id='par_1_103' title="bbox 189 5573 1760 5656">
     <span class='ocr_line' id='line_1_103' title="bbox 189 5573 1760 5656; baseline 0.01 -32"><span class='ocrx_word' id='word_1_799' title='bbox 189 5574 373 5625; x_wconf 87' lang='lat' dir='ltr'><strong>tionem</strong></span> <span class='ocrx_word' id='word_1_800' title='bbox 396 5582 595 5624; x_wconf 74' lang='lat' dir='ltr'><strong>naturw</strong></span> <span class='ocrx_word' id='word_1_801' title='bbox 619 5573 709 5625; x_wconf 89' lang='lat' dir='ltr'><strong>Dei</strong></span> <span class='ocrx_word' id='word_1_802' title='bbox 729 5576 1000 5644; x_wconf 80' lang='lat' dir='ltr'><strong>signiﬁcat,</strong></span> <span class='ocrx_word' id='word_1_803' title='bbox 1018 5579 1106 5630; x_wconf 89' lang='lat' dir='ltr'><strong>sed</strong></span> <span class='ocrx_word' id='word_1_804' title='bbox 1125 5583 1489 5648; x_wconf 86' lang='lat' dir='ltr'><strong>susceptionem</strong></span> <span class='ocrx_word' id='word_1_805' title='bbox 1512 5586 1760 5656; x_wconf 71' lang='lat' dir='ltr'><strong>(naturae)</strong></span> 
     </span>
    </p>
   </div>
   <div class='ocr_carea' id='block_1_104' title="bbox 188 5663 1759 5740">
    <p class='ocr_par' dir='ltr' id='par_1_104' title="bbox 188 5663 1759 5740">
     <span class='ocr_line' id='line_1_104' title="bbox 188 5663 1759 5740; baseline 0.01 -25"><span class='ocrx_word' id='word_1_806' title='bbox 188 5663 444 5717; x_wconf 83' lang='lat' dir='ltr'><strong>interioris</strong></span> <span class='ocrx_word' id='word_1_807' title='bbox 465 5679 710 5729; x_wconf 64' lang='lat' dir='ltr'><strong>personat,</strong></span> <span class='ocrx_word' id='word_1_808' title='bbox 735 5664 788 5715; x_wconf 90' lang='lat' dir='ltr'><strong>id</strong></span> <span class='ocrx_word' id='word_1_809' title='bbox 810 5675 880 5718; x_wconf 91' lang='lat' dir='ltr'><strong>est</strong></span> <span class='ocrx_word' id='word_1_810' title='bbox 906 5667 1178 5740; x_wconf 59' lang='lat' dir='ltr'><strong>humanm]</strong></span> <span class='ocrx_word' id='word_1_811' title='bbox 1209 5671 1367 5728; x_wconf 79' lang='lat' dir='ltr'><strong>Recte</strong></span> <span class='ocrx_word' id='word_1_812' title='bbox 1397 5673 1636 5728; x_wconf 83' lang='lat' dir='ltr'><strong>monachi</strong></span> <span class='ocrx_word' id='word_1_813' title='bbox 1663 5676 1759 5730; x_wconf 74' lang='lat' dir='ltr'><strong>lle-</strong></span> 
     </span>
    </p>
   </div>
   <div class='ocr_carea' id='block_1_105' title="bbox 431 5753 994 5815">
    <p class='ocr_par' dir='ltr' id='par_1_105' title="bbox 431 5753 994 5815">
     <span class='ocr_line' id='line_1_105' title="bbox 431 5753 994 5815; baseline 0.011 -6"><span class='ocrx_word' id='word_1_814' title='bbox 431 5753 706 5814; x_wconf 69' lang='lat' dir='ltr'><strong>Pnnon.</strong></span> <span class='ocrx_word' id='word_1_815' title='bbox 756 5753 994 5815; x_wconf 81' lang='lat' dir='ltr'><strong>XLVII.</strong></span> 
     </span>
    </p>
   </div>
   <div class='ocr_carea' id='block_1_106' title="bbox 1859 4597 3431 4672">
    <p class='ocr_par' dir='ltr' id='par_1_106' title="bbox 1859 4597 3431 4672">
     <span class='ocr_line' id='line_1_106' title="bbox 1859 4597 3431 4672; baseline 0.005 -20"><span class='ocrx_word' id='word_1_816' title='bbox 1859 4599 1909 4652; x_wconf 92' lang='lat' dir='ltr'><strong>in</strong></span> <span class='ocrx_word' id='word_1_817' title='bbox 1936 4597 2317 4668; x_wconf 88' lang='lat' dir='ltr'><strong>expositionem</strong></span> <span class='ocrx_word' id='word_1_818' title='bbox 2349 4600 2685 4668; x_wconf 82' lang='lat' dir='ltr'><strong>mysticarum</strong></span> <span class='ocrx_word' id='word_1_819' title='bbox 2707 4602 2792 4657; x_wconf 72' lang='grc' dir='ltr'><strong>εει</strong></span> <span class='ocrx_word' id='word_1_820' title='bbox 2810 4604 3121 4671; x_wconf 89' lang='lat' dir='ltr'><strong>ipturarum,</strong></span> <span class='ocrx_word' id='word_1_821' title='bbox 3147 4619 3262 4670; x_wconf 66' lang='lat' dir='ltr'><strong>quae</strong></span> <span class='ocrx_word' id='word_1_822' title='bbox 3278 4603 3431 4672; x_wconf 81' lang='lat' dir='ltr'><strong>juxta</strong></span> 
     </span>
    </p>
   </div>
   <div class='ocr_carea' id='block_1_107' title="bbox 1858 4688 3434 4755">
    <p class='ocr_par' dir='ltr' id='par_1_107' title="bbox 1858 4688 3434 4755">
     <span class='ocr_line' id='line_1_107' title="bbox 1858 4688 3434 4755; baseline 0.006 -14"><span class='ocrx_word' id='word_1_823' title='bbox 1858 4688 2033 4742; x_wconf 85' lang='lat' dir='ltr'><strong>varios</strong></span> <span class='ocrx_word' id='word_1_824' title='bbox 2063 4702 2253 4742; x_wconf 89' lang='lat' dir='ltr'><strong>sensus</strong></span> <span class='ocrx_word' id='word_1_825' title='bbox 2281 4697 2570 4744; x_wconf 87' lang='lat' dir='ltr'><strong>tractantur</strong></span> <span class='ocrx_word' id='word_1_826' title='bbox 2593 4733 2607 4755; x_wconf 92' lang='lat'><strong>,</strong></span> <span class='ocrx_word' id='word_1_827' title='bbox 2640 4692 2810 4747; x_wconf 87' lang='lat' dir='ltr'><strong>visum</strong></span> <span class='ocrx_word' id='word_1_828' title='bbox 2856 4701 2937 4748; x_wconf 90' lang='lat' dir='ltr'><strong>est</strong></span> <span class='ocrx_word' id='word_1_829' title='bbox 2966 4692 3088 4746; x_wconf 90' lang='lat' dir='ltr'><strong>huic</strong></span> <span class='ocrx_word' id='word_1_830' title='bbox 3117 4701 3260 4748; x_wconf 92' lang='lat' dir='ltr'><strong>tomo</strong></span> <span class='ocrx_word' id='word_1_831' title='bbox 3286 4695 3434 4750; x_wconf 72' lang='lat' dir='ltr'><strong>clau—</strong></span> 
     </span>
    </p>
   </div>
   <div class='ocr_carea' id='block_1_108' title="bbox 1859 4777 3433 4853">
    <p class='ocr_par' dir='ltr' id='par_1_108' title="bbox 1859 4777 3433 4853">
     <span class='ocr_line' id='line_1_108' title="bbox 1859 4777 3433 4853; baseline 0.009 -23"><span class='ocrx_word' id='word_1_832' title='bbox 1859 4777 2030 4831; x_wconf 89' lang='lat' dir='ltr'><strong>sulam</strong></span> <span class='ocrx_word' id='word_1_833' title='bbox 2088 4777 2303 4834; x_wconf 88' lang='lat' dir='ltr'><strong>addere.</strong></span> <span class='ocrx_word' id='word_1_834' title='bbox 2353 4779 2469 4833; x_wconf 79' lang='lat' dir='ltr'><strong>llon</strong></span> <span class='ocrx_word' id='word_1_835' title='bbox 2519 4791 2576 4834; x_wconf 90' lang='lat' dir='ltr'><strong>ut</strong></span> <span class='ocrx_word' id='word_1_836' title='bbox 2623 4797 2816 4835; x_wconf 90' lang='lat' dir='ltr'><strong>nomen</strong></span> <span class='ocrx_word' id='word_1_837' title='bbox 2859 4780 3079 4835; x_wconf 86' lang='lat' dir='ltr'><strong>dederat</strong></span> <span class='ocrx_word' id='word_1_838' title='bbox 3126 4782 3433 4853; x_wconf 88' lang='lat' dir='ltr'><strong>imperatori</strong></span> 
     </span>
    </p>
   </div>
   <div class='ocr_carea' id='block_1_109' title="bbox 1858 4864 3432 4936">
    <p class='ocr_par' dir='ltr' id='par_1_109' title="bbox 1858 4864 3432 4936">
     <span class='ocr_line' id='line_1_109' title="bbox 1858 4864 3432 4936; baseline 0.008 -16"><span class='ocrx_word' id='word_1_839' title='bbox 1858 4864 2070 4922; x_wconf 84' lang='lat' dir='ltr'><strong>Christo</strong></span> <span class='ocrx_word' id='word_1_840' title='bbox 2095 4912 2109 4935; x_wconf 90' lang='lat'><strong>,</strong></span> <span class='ocrx_word' id='word_1_841' title='bbox 2143 4884 2246 4936; x_wconf 89' lang='lat' dir='ltr'><strong>quo</strong></span> <span class='ocrx_word' id='word_1_842' title='bbox 2276 4870 2726 4924; x_wconf 89' lang='lat' dir='ltr'><strong>commilitonibus</strong></span> <span class='ocrx_word' id='word_1_843' title='bbox 2756 4871 2866 4923; x_wconf 89' lang='lat' dir='ltr'><strong>suis</strong></span> <span class='ocrx_word' id='word_1_844' title='bbox 2895 4871 3244 4928; x_wconf 86' lang='lat' dir='ltr'><strong>certissimam</strong></span> <span class='ocrx_word' id='word_1_845' title='bbox 3273 4877 3432 4933; x_wconf 83' lang='lat' dir='ltr'><strong>ﬁdem</strong></span> 
     </span>
    </p>
   </div>
   <div class='ocr_carea' id='block_1_110' title="bbox 1857 4961 3434 5037">
    <p class='ocr_par' dir='ltr' id='par_1_110' title="bbox 1857 4961 3434 5037">
     <span class='ocr_line' id='line_1_110' title="bbox 1857 4961 3434 5037; baseline 0.008 -24"><span class='ocrx_word' id='word_1_846' title='bbox 1857 4962 2058 5015; x_wconf 87' lang='lat' dir='ltr'><strong>faceret</strong></span> <span class='ocrx_word' id='word_1_847' title='bbox 2101 4978 2157 5015; x_wconf 90' lang='lat' dir='ltr'><strong>se</strong></span> <span class='ocrx_word' id='word_1_848' title='bbox 2185 4963 2323 5015; x_wconf 89' lang='lat' dir='ltr'><strong>bona</strong></span> <span class='ocrx_word' id='word_1_849' title='bbox 2364 4963 2468 5014; x_wconf 88' lang='lat' dir='ltr'><strong>fide</strong></span> <span class='ocrx_word' id='word_1_850' title='bbox 2512 4978 2540 5015; x_wconf 91' lang='lat' dir='ltr'><strong>a</strong></span> <span class='ocrx_word' id='word_1_851' title='bbox 2571 4961 2874 5017; x_wconf 79' lang='lat' dir='ltr'><strong>Manichzeis</strong></span> <span class='ocrx_word' id='word_1_852' title='bbox 2913 4963 3257 5036; x_wconf 88' lang='lat' dir='ltr'><strong>transfugisse</strong></span> <span class='ocrx_word' id='word_1_853' title='bbox 3281 5013 3296 5037; x_wconf 88' lang='lat'><strong>,</strong></span> <span class='ocrx_word' id='word_1_854' title='bbox 3335 4972 3434 5026; x_wconf 91' lang='lat' dir='ltr'><strong>sub</strong></span> 
     </span>
    </p>
   </div>
   <div class='ocr_carea' id='block_1_111' title="bbox 1862 5050 3434 5128">
    <p class='ocr_par' dir='ltr' id='par_1_111' title="bbox 1862 5050 3434 5128">
     <span class='ocr_line' id='line_1_111' title="bbox 1862 5050 3434 5128; baseline 0.008 -26"><span class='ocrx_word' id='word_1_855' title='bbox 1862 5050 2282 5128; x_wconf 82' lang='lat' dir='ltr'><strong>quorum_signis</strong></span> <span class='ocrx_word' id='word_1_856' title='bbox 2311 5065 2498 5103; x_wconf 86' lang='lat' dir='ltr'><strong>novem</strong></span> <span class='ocrx_word' id='word_1_857' title='bbox 2530 5051 2684 5104; x_wconf 89' lang='lat' dir='ltr'><strong>annis</strong></span> <span class='ocrx_word' id='word_1_858' title='bbox 2724 5053 3075 5124; x_wconf 85' lang='lat' dir='ltr'><strong>militaverat,</strong></span> <span class='ocrx_word' id='word_1_859' title='bbox 3106 5059 3284 5124; x_wconf 90' lang='lat' dir='ltr'><strong>prodit</strong></span> <span class='ocrx_word' id='word_1_860' title='bbox 3313 5061 3434 5114; x_wconf 90' lang='lat' dir='ltr'><strong>illo-</strong></span> 
     </span>
    </p>
   </div>
   <div class='ocr_carea' id='block_1_112' title="bbox 1865 5138 3435 5211">
    <p class='ocr_par' dir='ltr' id='par_1_112' title="bbox 1865 5138 3435 5211">
     <span class='ocr_line' id='line_1_112' title="bbox 1865 5138 3435 5211; baseline 0.008 -18"><span class='ocrx_word' id='word_1_861' title='bbox 1865 5157 1979 5195; x_wconf 91' lang='lat' dir='ltr'><strong>rum</strong></span> <span class='ocrx_word' id='word_1_862' title='bbox 2010 5142 2279 5211; x_wconf 65' lang='lat' dir='ltr'><strong>mysteria.</strong></span> <span class='ocrx_word' id='word_1_863' title='bbox 2329 5138 2492 5209; x_wconf 87' lang='lat' dir='ltr'><strong>quue</strong></span> <span class='ocrx_word' id='word_1_864' title='bbox 2532 5142 2656 5197; x_wconf 90' lang='lat' dir='ltr'><strong>facit</strong></span> <span class='ocrx_word' id='word_1_865' title='bbox 2682 5142 2984 5201; x_wconf 90' lang='lat' dir='ltr'><strong>admirabili</strong></span> <span class='ocrx_word' id='word_1_866' title='bbox 3023 5151 3287 5205; x_wconf 87' lang='lat' dir='ltr'><strong>sermonis</strong></span> <span class='ocrx_word' id='word_1_867' title='bbox 3327 5150 3435 5206; x_wconf 85' lang='lat' dir='ltr'><strong>ele-</strong></span> 
     </span>
    </p>
   </div>
   <div class='ocr_carea' id='block_1_113' title="bbox 1864 5235 3435 5302">
    <p class='ocr_par' dir='ltr' id='par_1_113' title="bbox 1864 5235 3435 5302">
     <span class='ocr_line' id='line_1_113' title="bbox 1864 5235 3435 5302; baseline 0.006 -17"><span class='ocrx_word' id='word_1_868' title='bbox 1864 5235 2038 5302; x_wconf 80' lang='lat' dir='ltr'><strong>gantia</strong></span> <span class='ocrx_word' id='word_1_869' title='bbox 2071 5277 2084 5299; x_wconf 89' lang='lat'><strong>,</strong></span> <span class='ocrx_word' id='word_1_870' title='bbox 2117 5249 2216 5301; x_wconf 88' lang='lat' dir='ltr'><strong>qua</strong></span> <span class='ocrx_word' id='word_1_871' title='bbox 2247 5235 2446 5286; x_wconf 87' lang='lat' dir='ltr'><strong>utinam</strong></span> <span class='ocrx_word' id='word_1_872' title='bbox 2485 5235 2559 5290; x_wconf 92' lang='lat' dir='ltr'><strong>illi</strong></span> <span class='ocrx_word' id='word_1_873' title='bbox 2599 5236 2834 5293; x_wconf 84' lang='lat' dir='ltr'><strong>licuisset</strong></span> <span class='ocrx_word' id='word_1_874' title='bbox 2863 5240 2914 5293; x_wconf 92' lang='lat' dir='ltr'><strong>in</strong></span> <span class='ocrx_word' id='word_1_875' title='bbox 2943 5240 3152 5296; x_wconf 76' lang='lat' dir='ltr'><strong>cteteris</strong></span> <span class='ocrx_word' id='word_1_876' title='bbox 3182 5245 3257 5296; x_wconf 89' lang='lat' dir='ltr'><strong>uti</strong></span> <span class='ocrx_word' id='word_1_877' title='bbox 3288 5243 3435 5297; x_wconf 88' lang='lat' dir='ltr'><strong>lucu-</strong></span> 
     </span>
    </p>
   </div>
   <div class='ocr_carea' id='block_1_114' title="bbox 1864 5322 3435 5397">
    <p class='ocr_par' dir='ltr' id='par_1_114' title="bbox 1864 5322 3435 5397">
     <span class='ocr_line' id='line_1_114' title="bbox 1864 5322 3435 5397; baseline 0.003 -20"><span class='ocrx_word' id='word_1_878' title='bbox 1864 5322 2207 5378; x_wconf 85' lang='lat' dir='ltr'><strong>hrationibus.</strong></span> <span class='ocrx_word' id='word_1_879' title='bbox 2237 5324 2344 5377; x_wconf 86' lang='lat' dir='ltr'><strong>Hoc</strong></span> <span class='ocrx_word' id='word_1_880' title='bbox 2371 5339 2501 5380; x_wconf 89' lang='lat' dir='ltr'><strong>sane</strong></span> <span class='ocrx_word' id='word_1_881' title='bbox 2527 5341 2687 5394; x_wconf 86' lang='lat' dir='ltr'><strong>opere</strong></span> <span class='ocrx_word' id='word_1_882' title='bbox 2713 5326 3018 5393; x_wconf 86' lang='lat' dir='ltr'><strong>declaravit,</strong></span> <span class='ocrx_word' id='word_1_883' title='bbox 3046 5329 3090 5383; x_wconf 84' lang='lat' dir='ltr'><strong>si</strong></span> <span class='ocrx_word' id='word_1_884' title='bbox 3115 5328 3240 5397; x_wconf 90' lang='lat' dir='ltr'><strong>quid</strong></span> <span class='ocrx_word' id='word_1_885' title='bbox 3270 5328 3435 5381; x_wconf 80' lang='lat' dir='ltr'><strong>offen-</strong></span> 
     </span>
    </p>
   </div>
   <div class='ocr_carea' id='block_1_115' title="bbox 1864 5413 3434 5485">
    <p class='ocr_par' dir='ltr' id='par_1_115' title="bbox 1864 5413 3434 5485">
     <span class='ocr_line' id='line_1_115' title="bbox 1864 5413 3434 5485; baseline 0.003 -18"><span class='ocrx_word' id='word_1_886' title='bbox 1864 5414 1942 5467; x_wconf 89' lang='lat' dir='ltr'><strong>dit</strong></span> <span class='ocrx_word' id='word_1_887' title='bbox 1969 5413 2206 5468; x_wconf 89' lang='lat' dir='ltr'><strong>eruditos</strong></span> <span class='ocrx_word' id='word_1_888' title='bbox 2247 5414 2298 5467; x_wconf 89' lang='lat' dir='ltr'><strong>in</strong></span> <span class='ocrx_word' id='word_1_889' title='bbox 2329 5413 2494 5483; x_wconf 86' lang='lat' dir='ltr'><strong>ipsius</strong></span> <span class='ocrx_word' id='word_1_890' title='bbox 2543 5416 2773 5471; x_wconf 89' lang='lat' dir='ltr'><strong>dictione</strong></span> <span class='ocrx_word' id='word_1_891' title='bbox 2798 5459 2810 5479; x_wconf 92' lang='lat'><strong>,</strong></span> <span class='ocrx_word' id='word_1_892' title='bbox 2845 5434 2948 5472; x_wconf 93' lang='lat' dir='ltr'><strong>non</strong></span> <span class='ocrx_word' id='word_1_893' title='bbox 2983 5418 3142 5471; x_wconf 87' lang='lat' dir='ltr'><strong>fuisse</strong></span> <span class='ocrx_word' id='word_1_894' title='bbox 3191 5418 3434 5485; x_wconf 66' lang='lat' dir='ltr'><strong>inscitiae,</strong></span> 
     </span>
    </p>
   </div>
   <div class='ocr_carea' id='block_1_116' title="bbox 1864 5505 3431 5576">
    <p class='ocr_par' dir='ltr' id='par_1_116' title="bbox 1864 5505 3431 5576">
     <span class='ocr_line' id='line_1_116' title="bbox 1864 5505 3431 5576; baseline 0.004 -18"><span class='ocrx_word' id='word_1_895' title='bbox 1864 5505 1954 5559; x_wconf 92' lang='lat' dir='ltr'><strong>sed</strong></span> <span class='ocrx_word' id='word_1_896' title='bbox 1986 5505 2220 5560; x_wconf 83' lang='lat' dir='ltr'><strong>caritatis</strong></span> <span class='ocrx_word' id='word_1_897' title='bbox 2246 5546 2260 5570; x_wconf 87' lang='lat'><strong>,</strong></span> <span class='ocrx_word' id='word_1_898' title='bbox 2309 5523 2410 5576; x_wconf 91' lang='lat' dir='ltr'><strong>qua</strong></span> <span class='ocrx_word' id='word_1_899' title='bbox 2458 5508 2654 5576; x_wconf 86' lang='lat' dir='ltr'><strong>stylum</strong></span> <span class='ocrx_word' id='word_1_900' title='bbox 2694 5508 2909 5562; x_wconf 67' lang='lat' dir='ltr'><strong>demisit</strong></span> <span class='ocrx_word' id='word_1_901' title='bbox 2951 5509 3016 5561; x_wconf 93' lang='lat' dir='ltr'><strong>ad</strong></span> <span class='ocrx_word' id='word_1_902' title='bbox 3067 5507 3431 5576; x_wconf 89' lang='lat' dir='ltr'><strong>imperitorum</strong></span> 
     </span>
    </p>
   </div>
   <div class='ocr_carea' id='block_1_117' title="bbox 1865 5590 3438 5666">
    <p class='ocr_par' dir='ltr' id='par_1_117' title="bbox 1865 5590 3438 5666">
     <span class='ocr_line' id='line_1_117' title="bbox 1865 5590 3438 5666; baseline 0.008 -22"><span class='ocrx_word' id='word_1_903' title='bbox 1865 5590 2286 5659; x_wconf 81' lang='lat' dir='ltr'><strong>intelligentiam.</strong></span> <span class='ocrx_word' id='word_1_904' title='bbox 2312 5595 2742 5666; x_wconf 85' lang='lat' dir='ltr'><strong>Quandoquidem</strong></span> <span class='ocrx_word' id='word_1_905' title='bbox 2774 5608 2826 5650; x_wconf 85' lang='lat' dir='ltr'><strong>et</strong></span> <span class='ocrx_word' id='word_1_906' title='bbox 2851 5607 3082 5652; x_wconf 82' lang='lat' dir='ltr'><strong>textores</strong></span> <span class='ocrx_word' id='word_1_907' title='bbox 3110 5608 3165 5652; x_wconf 88' lang='lat' dir='ltr'><strong>et</strong></span> <span class='ocrx_word' id='word_1_908' title='bbox 3190 5601 3438 5656; x_wconf 85' lang='lat' dir='ltr'><strong>textrices</strong></span> 
     </span>
    </p>
   </div>
   <div class='ocr_carea' id='block_1_118' title="bbox 1867 5679 3438 5760">
    <p class='ocr_par' dir='ltr' id='par_1_118' title="bbox 1867 5679 3438 5760">
     <span class='ocr_line' id='line_1_118' title="bbox 1867 5679 3438 5760; baseline 0.008 -27"><span class='ocrx_word' id='word_1_909' title='bbox 1867 5679 1915 5733; x_wconf 93' lang='lat' dir='ltr'><strong>id</strong></span> <span class='ocrx_word' id='word_1_910' title='bbox 1947 5682 2198 5750; x_wconf 86' lang='lat' dir='ltr'><strong>temporis</strong></span> <span class='ocrx_word' id='word_1_911' title='bbox 2230 5683 2586 5753; x_wconf 87' lang='lat' dir='ltr'><strong>intelligebant</strong></span> <span class='ocrx_word' id='word_1_912' title='bbox 2621 5686 2858 5739; x_wconf 86' lang='lat' dir='ltr'><strong>Latinam</strong></span> <span class='ocrx_word' id='word_1_913' title='bbox 2890 5687 3183 5742; x_wconf 83' lang='lat' dir='ltr'><strong>orationem</strong></span> <span class='ocrx_word' id='word_1_914' title='bbox 3235 5691 3438 5760; x_wconf 84' lang='lat' dir='ltr'><strong>simpli-</strong></span> 
     </span>
    </p>
   </div>
   <div class='ocr_carea' id='block_1_119' title="bbox 3127 5781 3165 5841">
    <p class='ocr_par' dir='ltr' id='par_1_119' title="bbox 3127 5781 3165 5841">
     <span class='ocr_line' id='line_1_119' title="bbox 3127 5781 3165 5841; baseline 0 0"><span class='ocrx_word' id='word_1_915' title='bbox 3127 5781 3165 5841; x_wconf 92' lang='lat'>8</span> 
     </span>
    </p>
   </div>
   <div class='ocr_carea' id='block_1_120' title="bbox 3300 310 3492 366">
    <p class='ocr_par' dir='ltr' id='par_1_120' title="bbox 3300 310 3492 366">
     <span class='ocr_line' id='line_1_120' title="bbox 3300 310 3492 366; baseline 0.01 -2"><span class='ocrx_word' id='word_1_916' title='bbox 3300 310 3399 366; x_wconf 66' lang='lat' dir='ltr'><strong>QSI</strong></span> <span class='ocrx_word' id='word_1_917' title='bbox 3489 329 3492 332; x_wconf 86' lang='lat'>&#39;</span> 
     </span>
    </p>
   </div>
  </div>
