3908 6332
436 350 445 357 ’
513 361 615 417 235

514 480 665 532 citus
692 472 867 528 verbi<
901 481 961 522 ac
1003 464 1248 519 sensibus
1288 465 1622 521 centcxtam,
1662 451 1833 521 qualis
1873 457 1953 503 est
1993 442 2099 499 d7vi
2132 443 2179 501 Α

517 564 798 633 Gregorii,
832 574 936 613 non
968 550 1284 609 intellecturi
1331 549 1620 605 dictionem
1667 539 1870 595 llilarii.
1925 538 2103 603 Itaque

517 632 810 727 quoilatins
842 658 1043 721 pateret
1073 643 1319 699 lectionis
1348 640 1550 694 utilitas
1579 676 1595 703 ,
1623 634 1688 690 ad
1719 632 1861 701 vulgi
1892 639 2103 699 captum

519 746 743 802 mutavit
787 742 981 809 stylum
1031 739 1082 790 iu
1113 748 1278 802 opere
1323 728 1657 801 posteriore,
1701 720 1839 792 quod
1882 721 2019 773 idem
2053 714 2103 771 iu

521 840 791 909 plerisque
813 834 923 887 suis
943 828 1195 899 operibus
1218 825 1408 880 fecisse
1431 820 1657 873 videtur.
1691 812 1926 867 Tandem
1955 823 2102 871 usus,

523 906 581 985 ut
612 930 667 982 tit
688 970 702 993 ,
734 926 788 981 in
819 933 1061 978 naturam
1102 918 1255 972 abiit.
1304 915 1379 968 ita
1410 910 1639 977 denique
1670 906 1861 958 factum
1892 909 1974 955 est
1997 938 2013 965 ,
2052 906 2110 951 ut

524 1020 682 1075 hodie
716 1030 813 1070 nec
841 1029 869 1067 a
902 1014 1134 1068 tenuiter
1174 1004 1421 1061 litteratis
1466 1001 1594 1054 sotis
1625 994 1970 1061 intelligatur,
2001 998 2055 1042 et
2079 1002 2109 1042 a

527 1109 863 1180 politioribus
894 1118 1000 1158 non
1030 1101 1146 1156 sine
1175 1096 1330 1151 tmdio
1356 1094 1578 1162 legatur,
1604 1087 1703 1142 nisi
1736 1086 1905 1155 pietas
1931 1080 2111 1136 exclu-

526 1204 617 1259 dat
650 1201 945 1257 fastidium.

1002 1272 1646 1359 ANIMADVERSIONES

1052 1391 1102 1427 IN
1148 1386 1347 1425 E'lSDEM
1390 1380 1589 1422 LIBROS.

596 1478 766 1529 Ltauo
798 1490 831 1526 ι.
858 1471 988 1539 Cap.
1016 1468 1085 1529 2,
1116 1466 1142 1535 ᾗ
1174 1466 1227 1518 ’5.
1262 1460 1476 1515 Naturw
1525 1453 1729 1524 quidem
1769 1450 1897 1504 ordo
1947 1448 2019 1499 ita
2065 1463 2118 1499 se

532 1570 711 1631 habet,
741 1575 794 1617 ut
819 1578 931 1615 cum
960 1556 1154 1629 aliquid
1178 1553 1441 1614 discimus,
1468 1549 1717 1598 rationem
1748 1540 1998 1610 prteredat
2024 1554 2117 1589 au-

534 1655 785 1725 ctoritas.j
818 1654 1039 1717 Nempe,
1067 1648 1110 1701 si
1143 1642 1293 1714 pueri
1331 1639 1643 1708 magistrum
1685 1631 1924 1687 discendi
1960 1641 2117 1681 causa

536 1746 858 1804 adimusti
894 1742 1037 1796 enim
1070 1737 1327 1804 tantisper
1366 1729 1590 1785 credere
1629 1740 1727 1779 nos
1758 1738 1854 1793 par
1893 1730 1995 1785 est,
2025 1720 2119 1771 do-

538 1857 639 1897 nec
670 1854 763 1907 per
787 1850 884 1890 nos
914 1833 1014 1902 ipsi
1053 1843 1139 1884 res
1181 1822 1485 1894 expendere
1513 1817 1796 1887 possimus.
1826 1812 2017 1867 Verum
2069 1809 2118 1862 in
2152 1806 2200 1866 B

540 1927 921 1989 controversiis
979 1922 1071 1978 tali
1117 1916 1360 1974 instituto
1402 1913 1553 1966 locus
1601 1907 1782 1961 nullus
1834 1910 1953 1965 est,
2002 1915 2123 1954 cum

544 2036 731 2082 neutra
753 2013 1190 2076 contendentium
1219 2019 1344 2077 pars
1371 2003 1592 2057 alteram
1635 2011 1733 2066 pro
1759 1994 2012 2062 magistro
2040 1989 2128 2042 ha-

543 2121 687 2175 beat.
736 2113 918 2181 Itaque
963 2106 1156 2161 mirum
1197 2107 1280 2155 est
1318 2094 1515 2149 addere
1564 2087 1915 2158 AuguStinum
1963 2098 1975 2135 :
2024 2080 2129 2134 Sed

545 2206 786 2276 quoniam
812 2214 926 2255 cum
947 2197 1010 2250 iis
1036 2192 1182 2246 nobis
1202 2205 1282 2243 res
1310 2193 1383 2241 est
1410 2185 1495 2253 qui
1517 2180 1688 2235 omnia
1704 2184 1882 2230 contra
1905 2174 2133 2227 ordinem

548 2310 594 2352 et
622 2295 843 2350 sentiunt
866 2297 911 2343 et
944 2289 1240 2353 loquuntur,
1272 2275 1496 2343 nihilque
1523 2268 1666 2323 aliud
1691 2267 1903 2319 maxime
1932 2262 2129 2339 dicunt,

552 2392 647 2442 nisi
669 2387 912 2440 rationem
938 2378 1075 2447 prius
1100 2388 1207 2426 esse
1233 2367 1565 2429 reddend.un,
1593 2374 1781 2414 morem
1804 2358 1906 2411 illis
1929 2370 2133 2426 geram;

550 2482 686 2548 quod
714 2477 877 2545 fateor
902 2471 954 2522 in
984 2460 1296 2532 disputando
1329 2457 1567 2511 vitiosum
1588 2467 1695 2504 esse
1716 2447 2010 2517 suscipiant.
2042 2447 2137 2497 At-

551 2568 643 2640 qui
671 2562 961 2622 absurdum
983 2566 1040 2613 et
1076 2555 1315 2623 iniquum
1342 2560 1457 2603 erat
1490 2546 1644 2599 aliter
1668 2556 1726 2594 se
1756 2552 1943 2609 gerere
1968 2554 1980 2587 :
2016 2538 2135 2603 quis

554 2627 697 2716 enim
732 2656 960 2726 patiatur
984 2665 1051 2707 ex
1083 2645 1401 2702 auctoritate
1429 2650 1613 2692 contra
1644 2648 1703 2687 se
1728 2627 1987 2699 disputari
2006 2668 2019 2688 ,
2046 2642 2139 2679 cu-

552 2753 639 2824 ius
665 2747 873 2821 pondus
892 2743 1113 2798 minime
1127 2735 1396 2809 agnoscit?
1413 2730 1542 2785 Vide
1560 2734 1739 2782 notata
1762 2722 1815 2777 in
1835 2733 1953 2790 cap.
1970 2719 2002 2773 7
2019 2716 2139 2772 libri

559 2850 630 2903 de
662 2841 971 2914 Quantitate
996 2836 1209 2891 animm.

631 2903 762 3006 03p.
791 2932 855 2998 5,
891 2930 939 2999 §_
964 2930 1020 2982 7.
1068 2924 1162 2978 Est
1206 2936 1324 2990 ergo
1355 2928 1609 2972 summum
1650 2906 1875 2977 corporis
1919 2903 2140 2961 bonum,

559 3044 662 3083 non
688 3024 919 3093 voluptas
940 3020 1076 3088 ejus,
1093 3028 1193 3067 non
1219 3020 1519 3067 ιιιιιοιοιιιλ,
1544 3016 1645 3053 non
1673 2999 1824 3059 vires,
1853 2990 1982 3062 etc.]
2007 2990 2140 3044 Cum

562 3133 662 3171 vox
695 3109 952 3167 indoloria
982 3103 1169 3158 Latina
1197 3114 1300 3152 non
1324 3098 1424 3160 sit,
1446 3095 1788 3162 legamusque
1815 3085 1867 3138 in
1898 3083 2017 3137 aliis
2039 3081 2144 3135 edi-

566 3207 800 3262 tionibus
820 3196 1125 3262 indolentia,
1146 3189 1398 3245 mendum
1422 3185 1524 3238 hoc
1545 3182 1648 3237 erit
1669 3174 2139 3248 typographicum;
2172 3164 2218 3227 C

567 3309 740 3364 neque
771 3291 914 3347 enim
944 3285 1036 3340 ulti
1058 3282 1273 3337 codices
1307 3283 1560 3331 notantur
1582 3273 1655 3324 ita
1686 3270 1905 3329 habere,
1941 3276 2068 3327 nec,
2097 3264 2142 3315 si

570 3354 858 3448 haberent,
894 3386 1075 3435 essent
1114 3374 1218 3429 [ide
1254 3370 1420 3440 digni.
1464 3364 1656 3423 Notum
1694 3367 1778 3415 est
1815 3354 2146 3410 indolentiam

570 3493 753 3534 vocem
777 3488 899 3532 esse
920 3466 1347 3526 Ciceroniauam.

645 3572 777 3641 Cap.
810 3569 872 3623 51
899 3606 913 3630 ,
941 3563 1076 3635 §(i7.
1114 3558 1238 3625 Quis
1272 3571 1376 3608 non
1402 3551 1521 3605 illos
1552 3546 1764 3601 miretur
1792 3549 1837 3595 et
1878 3535 2148 3608 prwdicet,

572 3672 681 3742 qui,
718 3662 1013 3729 contemptis
1041 3670 1192 3726 atque
1230 3652 1439 3706 desertis
1478 3645 1657 3701 mundi
1685 3643 1839 3711 hujus
1879 3633 2152 3692 illecebris,

1940 3728 1970 3742 ,.
2037 3727 2044 3734 .
2071 3741 2075 3742 ν
2106 3739 2115 3742 Α
2143 3721 2152 3742 ,

584 3721 623 3742 ,τ
670 3721 681 3733 ,
918 3721 927 3729 .
1107 3721 1115 3726 .

576 3766 630 3815 in
670 3768 987 3814 communem
1027 3749 1183 3801 vitam
1220 3742 1652 3803 castissimamque
1681 3728 1970 3799 congregati
2004 3721 2156 3778 simul

581 3860 779 3905 cetatem
803 3841 998 3914 agunt?
1025 3832 1156 3903 etc.]
1199 3831 1423 3901 Egregie
1465 3823 1719 3879 describit
1762 3832 1939 3873 mores
1975 3827 2159 3869 emno-

580 3941 807 3995 biturum
828 3904 863 4000 ,ν’
883 3929 979 3985 sed
1029 3926 1212 3997 qualt-s
1258 3919 1570 3975 debuissent
1614 3926 1767 3974 esse,
1815 3925 1922 3963 non
1973 3904 2161 3975 quales

584 4036 759 4084 erant.
789 4025 865 4077 De
889 4015 1240 4075 seditionibus
1262 4024 1447 4066 eorum
1466 4052 1479 4073 ,
1523 4003 1682 4059 nimis
1712 4001 1874 4055 multa
1912 4000 2164 4068 leguntur

585 4124 639 4173 in
683 4115 1042 4173 Ecclesiarum
1069 4103 1420 4162 Orientalium
1462 4096 1682 4153 historia
1704 4136 1719 4161 ,
1751 4108 1908 4163 quam
1940 4099 1998 4145 ut
2041 4088 2164 4143 huic

588 4204 945 4281 panegyrista:
990 4197 1290 4254 credamus.
1336 4194 1541 4247 Interea
1595 4186 1795 4256 Optima
1824 4194 1941 4237 erat
1978 4195 2164 4234 eorum

589 4319 653 4357 τι)
693 4278 943 4360 suc-tudo,
975 4303 1132 4361 quam
1160 4286 1317 4339 hisce
1341 4282 1516 4336 Verbis
1547 4277 1801 4333 describit
1828 4291 1840 4327 :
1877 4273 2169 4344 Operantur

589 4395 822 4449 manibus
851 4404 911 4442 ea
956 4384 1137 4453 quibus
1179 4388 1225 4432 et
1269 4390 1450 4444 corpus
1499 4372 1635 4441 pasci
1681 4368 1872 4437 possit,
1904 4374 1949 4418 et
1988 4381 2019 4417 a
2064 4362 2170 4415 Deo

590 4502 731 4541 mens
770 4476 1003 4549 impediri
1048 4490 1147 4528 non
1196 4468 1374 4539 possit.
1398 4466 1453 4519 ιιι
1483 4464 1676 4533 quibus
1717 4462 1853 4513 forte
1882 4456 2166 4526 legendum

593 4590 637 4629 rt
667 4576 815 4636 adeo,
844 4582 963 4624 nam
997 4563 1080 4617 vix
1122 4570 1248 4629 puto
1287 4555 1388 4608 dici
1418 4552 1658 4621 impediri
1705 4559 1918 4601 menfem
1958 4563 1989 4596 a
2043 4544 2167 4608 Dea,

594 4684 694 4740 ριιο
718 4680 783 4719 eo
808 4658 947 4730 quod
976 4666 1050 4710 εει
1071 4695 1086 4720 ,
1113 4648 1355 4718 impediri
1384 4662 1450 4699 ne
1484 4645 1592 4696 Duo
1614 4639 1916 4701 adiutarent,
1960 4635 2169 4690 avocari

596 4777 625 4812 a
660 4760 788 4811 Deo.
816 4753 940 4807 [ire
969 4746 1035 4800 ab
1076 4738 1348 4796 hodiernis
1380 4733 1661 4796 mendicis,
1693 4739 1751 4783 ut
1792 4734 2051 4782 vocantur
2079 4725 2175 4778 ho-

602 4864 687 4901 nm
705 4848 749 4899 is
769 4858 949 4907 causa,
976 4841 1141 4907 probe
1166 4840 1351 4887 essent
1375 4822 1712 4896 pensitanda.

678 4937 836 4986 Lmno
866 4905 1080 4996 ItsCap.
1116 4927 1201 4987 i3,
1235 4921 1263 4993 §
1290 4921 1384 4975 2B.
1428 4915 1653 4971 Possunt
1686 4920 1732 4965 et
1764 4907 2001 4963 catholici
2032 4905 2180 4958 Chri-
2222 4934 2223 4937 η

603 5024 757 5080 stiani
786 5030 997 5074 t'cslrnm
1024 5036 1053 5067 a
1084 5018 1198 5068 vino
1225 5022 1272 5066 et
1302 5007 1538 5064 carnibus
1566 4999 2183 5071 abstinentiamjumentis

606 5130 650 5171 et
685 5112 854 5167 multis
883 5106 1193 5177 passeribus,
1237 5111 1487 5169 postremo
1523 5098 1679 5151 etiam
1721 5090 1996 5144 innumeris
2037 5102 2189 5157 gene-

606 5211 747 5263 ribus
785 5200 1026 5257 vermium
1066 5191 1404 5261 comparare]
1449 5189 1657 5245 Suntne
1700 5199 1830 5254 ergo
1869 5181 2030 5251 aliqui
2060 5192 2188 5248 pas-

610 5311 759 5355 seres
797 5293 887 5364 qui
929 5286 1213 5343 comedunt
1242 5298 1430 5336 carnes
1459 5291 1513 5335 et
1558 5279 1747 5333 bibant
1771 5273 1990 5329 vinum?
2023 5271 2185 5327 Nulli.

609 5396 776 5457 Igitur
802 5400 897 5457 pro
918 5392 965 5435 et
994 5378 1168 5433 multis
1194 5376 1310 5445 lege
1333 5374 1481 5426 mulis
1502 5380 1568 5426 et.
1599 5369 1841 5439 Respicit
1861 5365 2189 5438 AuguStinus

610 5488 676 5541 ad
710 5485 759 5539 id
789 5479 930 5552 quod
971 5467 1466 5531 sanctimonialibus
1503 5463 1830 5533 objiciebant
1867 5458 2142 5516 Maniclm-i
2172 5474 2186 5510 :

614 5579 766 5631 etiam
786 5574 926 5627 mula
946 5572 1088 5641 virgo
1105 5574 1197 5633 est,
1211 5562 1278 5617 de
1295 5574 1401 5630 quo
1421 5559 1575 5627 paulo
1592 5567 1767 5614 antea.
1783 5558 1914 5609 Cum
1930 5555 2187 5624 scriptum

618 5668 805 5721 fuisset
831 5662 1003 5714 multis
1031 5672 1127 5727 pro
1155 5655 1328 5718 mulis,
1354 5660 1539 5719 postea
1569 5646 1879 5717 conjunctio
1908 5647 2026 5701 loco
2050 5652 2191 5698 mota

618 5768 717 5814 est.
749 5753 951 5808 Vellem
984 5750 1259 5819 diligenter
1291 5744 1375 5798 hic
1409 5742 1675 5810 inSpectos
1700 5737 1859 5792 fuisse
1877 5736 2033 5791 codd.
2059 5749 2188 5789 mss.

1453 334 1967 399 UPI‘LIZMENTUM
2015 331 2103 385 AD
2142 327 2367 383 OPERA
2410 327 2466 382 S.
2510 320 2894 381 AUGUSTINI.

2197 4522 2250 4580 Β
2277 4551 2436 4608 verbis
2463 4557 2612 4616 atque
2637 4541 2901 4597 sententiis
2927 4533 3203 4592 Christiani
3232 4531 3411 4600 fierent
3434 4543 3452 4580 :
3479 4522 3596 4577 sicut
3622 4507 3771 4583 ριενίίῖν

3659 316 3747 374 258

2277 439 2492 509 lbid.,§
2532 439 2623 494 29.
2666 436 2815 491 Bibat
2862 440 3028 487 autcm
3073 428 3316 493 mulsum,
3364 442 3614 481 carmnum
3652 445 3742 497 paro

2207 530 2363 602 sum.]
2399 531 2537 584 Inter
2582 541 2835 581 carmnum
2879 531 2934 577 et
2980 535 3181 592 passum
3211 525 3293 571 est
3333 516 3748 584 interponendum

2207 637 2446 686 Comma;
2482 635 2601 674 nam
2646 629 2924 671 carmnum
2966 622 3021 666 et
3051 623 3263 679 passum
3291 621 3402 662 non
3442 617 3564 660 sunt
3608 606 3747 661 idem.

2209 711 2536 782 Augustinus
2584 708 2751 771 intra,
2794 702 2942 775 ξω,
2987 714 3084 756 nos
3131 699 3287 753 docet
3329 710 3599 750 carminum
3640 696 3748 749 nihil

2210 805 2353 857 aliud
2378 817 2529 870 quam
2559 801 2732 853 vinum
2777 806 2975 850 coctum
3003 808 3131 847 esse.
3161 788 3431 845 Palladius
3460 788 3511 842 in
3551 787 3757 849 octobri.

2212 896 2296 949 tit.
2326 895 2407 958 l8,
2443 890 2679 946 05tendit
2704 888 2968 943 delrutum
2994 893 3048 938 et
3068 894 3344 939 carmnum
3369 894 3431 932 es
3457 888 3624 931 musto
3645 879 3759 943 lierl,

2215 998 2321 1042 tum
2355 984 2641 1040 discrimen
2675 981 2953 1049 utriusque
2978 978 3053 1031 sic
3081 974 3335 1043 exponit:
3372 970 3629 1040 Defrutum
3653 971 3764 1022 ade‘

2215 1078 2455 1147 [eruenda
2501 1077 2727 1140 dictum,
2758 1072 2844 1124 ubi
2872 1068 2939 1123 ad
2977 1064 3359 1135 spissitudinem
3390 1062 3580 1131 fortiter
3603 1060 3763 1127 despu-

2216 1170 2423 1223 macerit
2444 1209 2459 1231 ,
2492 1166 2727 1233 effectum
2755 1172 2847 1217 est.
2876 1159 3147 1214 Carcenum
3168 1196 3185 1221 ,
3215 1171 3331 1207 cum
3352 1195 3366 1218 ,
3396 1152 3540 1204 tertia
3570 1151 3763 1217 perdita,

2222 1262 2341 1315 dua:
2395 1268 2560 1327 partes
2614 1254 2966 1310 remanserint.
3026 1250 3272 1323 Κάροινον
3332 1258 3507 1298 autem
3566 1243 3766 1303 dictum,

2219 1350 2358 1423 quod
2386 1350 2442 1405 τὸ
2469 1350 2601 1423 κάρα
2630 1342 2863 1399 oll‘endat
2882 1383 2898 1409 ,
2930 1348 2989 1395 ut
3017 1339 3234 1394 cariota:
3264 1334 3482 1405 palmae,
3514 1347 3575 1386 ex
3604 1331 3768 1399 quibus

2221 1421 2399 1496 vinum
2433 1421 2589 1493 ιῑειιὲιι
2615 1433 2753 1505 quod
2789 1432 3108 1508 καρηϐαρίαν
3132 1427 3389 1487 creabat,
3416 1432 3473 1475 ut
3503 1422 3645 1475 docet
3677 1421 3768 1474 Pli-

2223 1535 2342 1587 nius
2373 1532 2463 1585 lib.
2494 1544 2616 1593 xm,
2642 1541 2762 1594 cap.
2788 1522 2841 1577 4.
2878 1522 3097 1575 Passum
3122 1532 3252 1572 vero
3281 1524 3401 1570 erat
3428 1514 3631 1575 vinum,
3656 1510 3770 1579 quod

2224 1642 2287 1681 es
2320 1623 2490 1695 passis
2515 1622 2633 1676 uvis
2660 1618 2853 1673 ﬂuebat
2871 1658 2885 1684 ,
2913 1614 2979 1669 de
3002 1626 3106 1682 quo
3133 1609 3275 1665 idem
3308 1606 3581 1662 Palladius
3606 1605 3677 1657 tit.
3705 1618 3770 1656 se-

2225 1727 2443 1786 quente.

2299 1808 2430 1875 Cap.
2470 1804 2558 1869 lii,
2586 1801 2612 1872 §
2642 1800 2727 1855 59.
2763 1799 2865 1853 Cur
2902 1798 2953 1850 in
2994 1793 3129 1849 viola
3173 1789 3409 1845 eumdem
3445 1787 3653 1842 colorem
3683 1799 3772 1837 ant-

2232 1896 2513 1969 plectimini
2533 1936 2546 1958 ,
2578 1909 2723 1961 quem
2755 1891 2808 1943 in
2838 1888 3145 1951 cltoleribus,
3178 1885 3231 1936 in
3261 1880 3440 1935 morbo
3468 1879 3770 1938 ictericorum,

2230 1994 2285 2047 in
2322 1989 2538 2060 infantis
2578 1985 2792 2055 denique
2838 1983 2961 2057 fimo
3007 1971 3405 2046 aspernamini]
3439 1971 3535 2024 Vix
3576 1978 3692 2039 puto
3731 1967 3771 2017 in

2233 2053 2412 2138 Africa
2456 2078 2680 2131 choleres
2711 2053 2897 2127 dictos
2928 2053 3115 2124 luisse
3161 2053 3479 2125 cholericos,
3530 2058 3774 2123 malimque

2236 2175 2336 2243 legi
2368 2169 2657 2234 cholericis,
2689 2181 2717 2220 a
2749 2164 2961 2219 cholera
2981 2201 2996 2226 ,
3025 2172 3131 2229 quo
3173 2155 3364 2209 morbo
3396 2152 3532 2214 bili:,
3560 2164 3645 2203 seu
3673 2147 3773 2217 χολὴ

2236 2240 2394 2337 supra
2432 2264 2668 2335 infraque
2695 2257 2945 2329 erumpit,
2972 2263 3028 2308 ut
3054 2252 3215 2307 docet
3239 2246 3420 2303 Celsus
3460 2244 3526 2300 de
3566 2240 3773 2297 Medicina

2237 2362 2333 2417 lib.
2357 2374 2432 2425 tv,
2464 2372 2583 2425 cap.
2611 2353 2666 2408 2.

2307 2419 2438 2519 Cap'.
2471 2419 2557 2511 19',
2594 2445 2620 2517 §
2646 2445 2735 2499 69.
2773 2440 2844 2494 Eo
2874 2448 3097 2507 tempore
3140 2449 3239 2502 quo
3267 2419 3618 2485 conventicula
3644 2437 3771 2478 eorum

2240 2546 2349 2614 lege
2375 2514 2816 2612 prohibebantur.]
2844 2530 3063 2583 Videtur
3086 2527 3356 2594 respicere
3384 2521 3451 2574 ad
3476 2533 3659 2573 annum
3678 2514 3770 2577 57-2,

2241 2604 2347 2705 quo
2375 2604 2413 2685 ἐι
2442 2624 2820 2684 Valentiniano
2847 2628 2900 2675 et
2944 2617 3162 2672 Valente
3193 2612 3462 2666 sancitum
3501 2619 3580 2663 est
3608 2616 3653 2660 ut
3688 2604 3771 2655 vbi-

2244 2690 2438 2796 clunque
2479 2718 2881 2776 Manichazorum
2906 2717 3213 2771 conventus,
3244 2704 3323 2758 vel
3356 2701 3505 2757 turba
3534 2690 3771 2767 hujusmodi

2243 2819 2573 2887 reperiretur,
2598 2809 2889 2864 doctoribus
2915 2802 3058 2874 gravi
3079 2799 3318 2853 censione
3345 2792 3617 2855 mulctatis,
3638 2790 3772 2840 domus

2246 2920 2291 2963 tt
2329 2903 2618 2961 habitacula
2646 2902 2698 2953 in
2731 2897 2909 2967 quibus
2942 2892 3160 2965 profana
3188 2884 3510 2940 institutione
3545 2881 3771 2935 doceretur,

2246 3001 2357 3069 ﬁsci
2388 2995 2572 3049 viribus
2599 2991 2943 3044 indubitanter
2971 2983 3367 3037 asciscerentur.
3400 2970 3570 3029 Verba
3597 2978 3703 3025 sunt
3724 2968 3774 3018 le-

2248 3090 2327 3161 gis
2353 3090 2408 3155 '5,
2440 3086 2520 3140 tit.
2548 3084 2602 3151 5,
2626 3081 2721 3135 lib.
2750 3094 2875 3137 xvr.
2906 3074 3127 3129 codicis.

2714 3158 3371 3224 ANIMADVERSIONES

2584 3278 2635 3318 IN
2676 3275 2868 3316 ιιιιιυιιι
2908 3273 2975 3311 ΒΕ
3013 3272 3154 3310 VEBA
3193 3264 3498 3314 llELlGlONE.

2317 3360 2449 3432 Cap.
2474 3357 2543 3423 ‘2,
2572 3356 2677 3427 §5.
2710 3350 2861 3421 Quod
2902 3357 3075 3403 utrum
3110 3340 3293 3399 timore
3327 3336 3599 3395 seueritatis
3632 3346 3687 3384 an
3709 3320 3780 3379 ali-

2250 3471 2352 3523 qua
2386 3450 2672 3521 cognitione
2718 3456 3003 3511 temporum
3052 3437 3295 3508 fecerint,
3340 3432 3569 3503 judicare
3611 3438 3695 3477 non
3731 3423 3782 3470 est

2254 3539 2467 3611 meum]
2486 3538 2618 3594 Cum
2643 3548 2834 3590 novem
2864 3546 2997 3586 mss.
3020 3526 3178 3583 codd.
3202 3525 3463 3579 omittam
3489 3529 3657 3573 vocem
3682 3522 3783 3563 seue-

2258 3635 2448 3699 ritatis,
2475 3633 2664 3686 abesse
2693 3627 2762 3681 ab
2804 3625 2906 3679 hoc
2938 3625 3055 3676 loco
3084 3633 3204 3674 eam
3238 3626 3493 3683 oportere
3524 3605 3718 3680 putarim
3748 3605 3785 3649 et

2257 3730 2336 3784 sic
2364 3723 2643 3794 legendum
2670 3737 2685 3774 :
2712 3722 2889 3772 timore
2911 3726 3215 3784 temporum,
3248 3724 3319 3759 an
3351 3707 3520 3774 aliqua
3556 3696 3785 3767 cognitione

2264 3818 2488 3874 veritatis
2518 3813 2749 3886 fecerint.
2784 3808 2924 3864 Satis
2952 3804 3233 3875 perspicua
3259 3809 3349 3855 est
3377 3793 3651 3853 sententia,
3678 3795 3719 3839 et
3741 3778 3785 3831 ad

2264 3914 2494 3965 timorem
2525 3906 2735 3975 quidem
2769 3911 3050 3971 temporum
3083 3894 3225 3964 quod
3265 3894 3492 3951 attinet,
3524 3880 3785 3938 locutionem

2266 4005 2407 4059 hanc
2443 4014 2593 4056 suam
2635 4011 2755 4052 esse
2797 3994 2955 4047 docet
2994 3991 3109 4059 ipse
3140 3984 3470 4054 Augustinus
3502 3979 3526 4049 §
3566 3976 3614 4038 5,
3643 3969 3712 4025 ubi
3741 3964 3787 4015 de

2266 4096 2525 4150 Platone:
2565 4087 2732 4158 Usque
2762 4084 2889 4138 adeo
2918 4094 3203 4153 perversam
3234 4086 3373 4146 temp
3386 4086 3517 4126 arum
3560 4067 3714 4119 Irzrum
3744 4053 3788 4103 εἰ·

2269 4189 2397 4241 muit
2426 4184 2735 4255 opin'onrm.
3678 4159 3686 4173 ‘

2342 4250 2475 4345 Cap;
2506 4274 2571 4343 4,
2601 4272 2629 4343 §
2657 4272 2711 4325 7-
2745 4269 2805 4329 Si
2835 4269 2965 4321 hanc
2994 4265 3149 4319 vi'am
3189 4260 3266 4315 illi
3295 4258 3394 4312 viri
3437 4252 3673 4308 nobiscum
3706 4250 3789 4333 rut-

2348 4324 2475 4345 ν-τ-
2517 4324 2571 4343 -,
2603 4324 2629 4343 ο
2668 4324 2673 4325 ν
2764 4324 2775 4329 Ἴ

2272 4387 2358 4424 sus
2386 4382 2536 4437 agere
2564 4363 2875 4434 potuissent,
2904 4357 3127 4410 viderent
3173 4351 3399 4423 profecto
3436 4346 3576 4416 cujus
3616 4324 3788 4387 auctari-

2278 4413 2357 4424 ...υ
2386 4413 2530 4437 η---
2564 4413 2617 4434 ,η
2656 4413 2679 4415 η
2863 4413 2874 4422 ,
3173 4413 3183 4423 ,
3269 4413 3278 4416 -
3494 4413 3504 4416 -

2278 4466 2378 4513 tate
2409 4448 2989 4527 fuciliuﬁconsuleretur
3016 4441 3329 4505 hominibus,
3365 4445 3410 4490 et
3438 4429 3602 4505 paucis
3633 4413 3791 4475 ιιιιιιαείε

3776 4512 3792 4547 ὅ

2278 4584 2350 4608 υσι
2365 4584 2436 4603 Vl.
2463 4584 2609 4616 υιηυιν
2637 4584 2900 4597 υν-σιν--συυυ
2930 4584 3016 4592 ν.-.
3034 4584 3179 4590 --ηῄη
3232 4584 3243 4600 1

2278 4640 2611 4695 recentiorum
2654 4643 2942 4687 nostrorum
2991 4637 3270 4693 temporum
3303 4612 3554 4672 Platonici
3581 4584 3791 4687 fecerunt.)

2280 4736 2350 4791 At
2377 4743 2617 4801 tempore
2655 4726 2849 4783 Juliani
2879 4724 3007 4791 imp.
3052 4692 3309 4771 Platonici
3344 4711 3488 4765 fuere
3514 4692 3787 4785 infensi-simi

2280 4777 2350 4791 ...
2378 4777 2574 4801 πων-.
2593 4777 2617 4783 _
2884 4777 2889 4778 ί
2957 4777 2971 4791 _

2280 4821 2597 4880 Christianis
2618 4825 2673 4875 et
2693 4804 3223 4885 superstitiosissimi.
3249 4802 3409 4857 Tales
3435 4795 3584 4851 etiam
3608 4777 3788 4885 magistr:

2288 4860 2377 4880 υ...
2395 4860 2597 4878 mm...
2620 4860 2673 4875 ν.
2693 4860 3117 4885 -..μαψ-ψη

2288 4914 2499 4982 Procli,
2530 4920 2584 4967 et
2621 4908 2836 4963 Proclus
2864 4906 3000 4973 ipse,
3038 4900 3125 4967 qui
3159 4906 3316 4949 natus
3355 4897 3440 4947 est
3480 4872 3688 4982 Byzantii
3722 4860 3789 4961 Sl'b

2291 5009 2449 5062 linem
2479 5004 2604 5058 vita:
2632 4996 2931 5069 Augustini.
2964 4990 3097 5047 Vide
3124 4987 3501 5054 Prolegomena
3530 4969 3619 5027 viri
3644 4964 3791 5069 docili;

2292 5096 2412 5153 simi
2440 5094 2597 5150 Joan.
2629 5052 2835 5146 Αιιῖθτιι
2882 5079 3114 5139 Fabricii
3148 5080 3201 5133 in
3238 5052 3354 5145 eius
3382 5071 3551 5126 Vitam
3587 5052 3792 5153 a-llar‘itto

2293 5184 2645 5254 Neapolitano
2672 5174 3053 5245 conscriptam.
3086 5168 3252 5225 Nimis
3268 5136 3416 5221 vbene
3461 5146 3694 5243 sentiebat
3712 5136 3791 5254 At:

2293 5231 2627 5254 Div—r'_-v___,
2684 5231 2695 5233 γ
2888 5231 2900 5245 Ι

2250 5340 2255 5345 ,
2293 5275 2536 5348 gustinus
2573 5272 2641 5327 de
2690 5265 2999 5329 Platonicis,
3046 5260 3461 5330 religionemque
3505 5231 3793 5348 Christiana?

3380 5344 3390 5348 ‘
3582 5347 3588 5348 κ
3640 5327 3701 5348 ιη.
3736 5327 3754 5348 Γ
3778 5331 3793 5344 α

2295 5322 2533 5348 υι-ν------
2580 5322 2637 5327 έν
2692 5322 2701 5323 κ
2986 5322 2996 5329 1
3148 5322 3175 5330 _

2295 5364 2600 5438 proniorem
2629 5373 2815 5415 eorum
2845 5359 3061 5426 dogmat
3083 5353 3181 5408 bus
3217 5344 3418 5418 putavit
3450 5347 3594 5408 quam
3636 5327 3703 5377 est
3736 5322 3795 5363 res

2298 5473 2445 5514 vera.

2366 5494 2495 5614 gap.
2526 5542 2592 5600 μ
2613 5585 2627 5610 ,
2655 5542 2682 5614 §
2712 5542 2802 5595 ετ,
2852 5538 3023 5607 usque
3056 5533 3183 5586 adeo
3227 5531 3482 5599 peccatum
3525 5494 3795 5614 voluntarii:

2370 5592 2771 5614 w,,-__,o__
2864 5592 3023 5607 ﬁ"
3227 5592 3238 5599 ν

2298 5651 2370 5699 est
2397 5638 2588 5692 malum
2606 5677 2618 5697 ,
2646 5644 2699 5686 ut
2731 5631 2868 5684 nullo
2899 5626 3046 5681 modo
3074 5624 3139 5677 sit
3171 5626 3460 5689 peccatum,
3486 5606 3525 5659 si
3552 5612 3635 5652 ron
3661 5592 3710 5642 sil

2304 5673 2370 5699 res
2397 5673 2618 5697 "susurro,
2647 5673 2699 5686 ιη
2731 5673 2865 5684 μιν..-
2899 5673 3040 5681 nu",
3076 5673 3133 5677 νη
3171 5673 3184 5689 1
3449 5673 3453 5675 γ
3756 5673 3761 5689 Ι

2304 5731 2616 5792 (antarium;
2648 5737 2691 5778 e.’
2723 5722 2816 5774 hoc
2845 5719 3044 5790 qquem
3074 5717 3147 5769 ita
3176 5709 3488 5781 manifestum
3513 5700 3606 5759 est,
3630 5692 3677 5736 ut
3699 5673 3797 5725 ιιιιια
