3908 6316
201 214 292 270 257
875 208 1220 272 VABIORUM
1261 213 1856 272 EXERCITATIONES
1895 215 1959 270 IN
2000 217 2054 274 S.
2100 225 2469 283 AUGUSTINI
2508 230 2755 286 OPERA.

3346 236 3450 294 233

189 333 301 384 hinc
331 331 600 383 doctorum
646 337 895 394 maenas,
925 327 1068 381 nulla
1105 327 1427 406 indoctorum
1466 328 1613 380 turba
1655 327 1763 379 dis-
1788 325 1843 386 Α
1869 341 1974 382 non
2019 331 2089 386 sit
2135 347 2442 394 commune.
2483 341 2551 394 At
2595 357 2750 411 quam
2799 345 2959 399 multa
3004 358 3156 402 erant
3199 354 3447 417 prmscl-i.

181 419 420 491 sentia'.]
457 419 676 486 Nempe,
715 418 760 472 si
786 419 1128 472 voluntarium
1170 418 1375 498 dicatur
1415 417 1659 483 liberum,
1691 415 1764 470 ita

177 521 230 565 ut
267 513 445 578 possit
484 509 688 564 admitti
719 517 994 579 peccatum
1038 519 1129 563 aut
1171 523 1316 575 non,
1348 518 1400 564 et
1430 508 1648 576 quidem
1695 506 1764 560 ab

171 602 296 670 ipso
344 608 619 669 peccante.
663 598 738 651 Ita
783 597 1087 652 sentiebant
1127 612 1316 653 omnes
1359 597 1611 652 mortales
1640 604 1764 651 ante

171 694 584 749 controv'crsias
631 691 973 760 Pelagianas;
1020 704 1119 745 nec
1170 691 1324 744 aliter
1361 690 1620 744 sensisset
1651 689 1763 757 ipse

167 782 536 852 Augusﬁnns,
567 781 612 834 si
657 788 778 850 post
819 787 1045 834 mortem
1077 779 1192 848 ejus
1221 789 1358 833 natae
1388 779 1599 833 demum
1634 777 1764 832 fuis-

165 883 318 930 sent.
352 874 538 943 Itaque
569 871 682 926 inec
709 871 901 924 frustra
932 884 1056 924 cum
1095 870 1359 947 sententia
1389 883 1548 938 quam
1576 876 1762 937 postea

167 965 465 1034 amplexus
513 973 595 1018 est
634 963 685 1016 in
725 961 1064 1016 concordiam
1110 960 1349 1028 redigere
1386 970 1610 1014 conatur
1653 957 1761 1012 Re-

169 1067 340 1114 traet.
371 1056 470 1111 lib.
503 1071 552 1121 ι,
582 1071 702 1124 cap.
734 1055 821 1118 1'5,
854 1053 880 1122 §
909 1053 962 1117 5,
991 1052 1140 1121 quasi
1177 1045 1517 1104 voluntarium
1558 1050 1766 1106 dicatur

172 1158 393 1202 tantum
448 1145 592 1216 quod
649 1144 841 1199 insidet
892 1142 1188 1209 voluntati,
1241 1140 1484 1210 quamvis
1534 1140 1763 1198 liberum

239 1329 384 1397 Cap.
411 1328 504 1394 55,
530 1326 557 1398 §
579 1326 632 1381 3.
661 1325 986 1379 Honoramus
1009 1340 1092 1377 eos
1113 1324 1347 1393 earitate,
1371 1341 1474 1380 non
1497 1327 1765 1392 servitute;

174 1437 265 1474 nec
295 1421 368 1474 eis
406 1422 593 1489 tempta
631 1417 1004 1488 c..ns'ituimus,
1035 1421 1214 1473 nolunt
1244 1420 1378 1474 enim
1419 1435 1472 1473 se
1499 1420 1573 1472 sic
1608 1419 1769 1472 hono-

180 1510 288 1564 rari
322 1527 354 1561 a
384 1509 550 1574 nobis,
578 1504 711 1580 etc.]
733 1507 859 1565 llaec
888 1498 1192 1578 expendant
1221 1510 1307 1580 qui
1337 1509 1522 1564 volunt
1547 1508 1768 1578 angelos

177 1602 328 1660 cultu
348 1600 601 1666 δουλείας,
632 1604 732 1657 hoc
756 1611 836 1656 est
862 1602 1112 1656 servitutis
1132 1602 1264 1665 coli,
1289 1601 1610 1670 videantque
1635 1613 1768 1669 quo-

1867 417 2040 476 benda
2081 424 2149 480 de
2177 425 2646 497 presbyterorum,
2689 431 3177 504 hypodiaconorum
3221 455 3286 494 ac
3330 442 3445 495 dia-

1867 523 2124 567 conorum
2174 513 2400 583 ofﬂciis,
2453 518 2498 572 si
2545 519 2654 576 illis
2705 524 2947 592 regulam
2997 529 3446 594 prtescrdiendam

1863 604 2194 672 judicasset?
2233 607 2300 662 Et
2343 620 2523 666 tamen
2563 611 2677 668 haec
2717 616 2896 684 regula
2939 616 3336 674 fundamentum
3368 636 3452 677 est

1866 695 2153 751 multorum
2195 698 2485 768 ordinum,
2522 719 2681 774 quam
2718 705 2931 763 feminis
2972 709 3218 764 traditam
3247 714 3448 765 utinam

1867 785 2002 841 bene
2035 801 2315 846 servarent
2341 796 2465 849 viri.
2497 794 2736 852 [labetur
2761 809 2938 854 autem
2981 802 3035 854 in
3069 803 3292 871 epistola
3325 806 3446 858 HD.

1848 878 2110 958 ‘lneptum
2145 893 2227 938 est
2256 892 2434 940 autem
2467 886 2534 942 de
2569 888 2724 958 hujus
2763 892 2861 944 viri
2899 894 3051 946 titulo
3081 896 3445 951 contendere:

1868 973 2039 1041 magis
2084 973 2151 1028 ad
2200 990 2312 1030 rem
2366 979 2599 1045 pertinet
2627 980 2840 1048 pietatis
2867 993 2922 1038 et
2950 984 3264 1041 eruditionis
3304 987 3450 1043 illius

1868 1067 2208 1124 temulatione
2252 1068 2574 1141 decernere,
2623 1084 2682 1129 ut
2727 1075 2763 1129 ii
2809 1078 3010 1145 Optimo
3046 1079 3168 1147 jure
3205 1080 3449 1135 dicantur

1868 1157 2291 1230 Augustinenses
2330 1162 2422 1232 qui
2458 1164 2682 1220 virtutes
2721 1167 3002 1237 Augustini
3034 1172 3274 1238 proxime
3312 1171 3450 1226 rele-

1870 1263 2013 1306 runt.
2064 1254 2195 1308 illud
2238 1263 2447 1311 constat
2487 1258 2785 1314 orationem
2837 1277 2956 1329 quae
3001 1265 3218 1318 cuculla:
3248 1274 3301 1320 et
3337 1266 3449 1319 bat-

1839 1404 1842 1406 _
1869 1343 1971 1397 thei
2003 1347 2271 1406 meminit.
2300 1348 2400 1402 sub
2433 1348 2698 1404 Ambrosii
2737 1354 2954 1407 nomine
2991 1356 3271 1410 confictam
3303 1372 3444 1411 esse.

1870 1435 1978 1491 Nec
2019 1437 2135 1507 ipse
2177 1440 2503 1509 Augustinus
2533 1457 2758 1511 usquam
2794 1458 2854 1498 se
2896 1445 3215 1500 monachum
3256 1460 3448 1512 Vocat,

1872 1543 1972 1583 nec
2014 1543 2140 1584 suos
2177 1530 2405 1585 clericos
2452 1535 2776 1607 eonomine
2816 1535 3092 1604 designat,
3143 1552 3448 1608 quanquam

1872 1619 2122 1687 exiguum
2156 1621 2205 1674 in
2240 1623 2556 1691 cognomine
2595 1634 2924 1680 momentum
2954 1637 3056 1681 est.
3094 1629 3210 1696 lpse
3252 1630 3447 1683 fatetur

181 1693 344 1747 modo
371 1707 433 1747 se
463 1691 664 1746 sentire
702 1701 755 1745 el
780 1690 934 1786 loqui
961 1704 1082 1745 cum
1109 1690 1408 1786 Augustino
1436 1690 1615 1745 dicere
1642 1703 1766 1786 P_°$'
1795 1689 1844 1750 Β
1869 1724 1928 1762 se
1977 1709 2255 1778 reliquisse
2295 1689 2470 1766 omnia
2491 1755 2504 1776 ,
2536 1723 2591 1770 et
2629 1715 2815 1770 eodem
2848 1717 3044 1771 multos
3085 1689 3440 1786 provocasse;

181 1783 308 1836 sint.
335 1784 583 1835 Attamen
611 1780 720 1846 jam
744 1779 859 1848 ejus
888 1794 1002 1834 aevo
1029 1779 1271 1849 quaedam
1294 1788 1572 1849 cmperant
1599 1779 1758 1848 vulgo

186 1873 297 1927 fieri
319 1886 460 1941 quae,
483 1884 785 1940 quanquam
814 1883 843 1922 a
869 1869 1304 1938 prudentioribus
1330 1869 1600 1934 damnata,
1631 1883 1762 1937 pau-

185 1961 330 2016 latim
356 1961 663 2016 intromissa
686 1969 828 2015 sunt.
858 1961 946 2014 Sic
968 1960 1102 2014 libro
1122 1977 1136 2013 1
1159 1959 1225 2014 de
1250 1959 1480 2013 Moribus
1504 1959 1761 2014 Ecclesia:

184 2054 484 2118 catholier,
518 2052 544 2124 §
573 2055 625 2106 '7.
657 2051 809 2118 Novi,
845 2052 1042 2119 inquit,
1073 2052 1256 2104 multos
1281 2069 1388 2105 esse
1409 2053 1761 2119 sepulcrorum

187 2155 233 2197 et
271 2146 586 2212 picturarum
615 2144 932 2208 adoratores,
967 2155 1101 2210 quos
1144 2142 1396 2196 Ecclesiae
1423 2142 1700 2195 catholica:
1731 2156 1759 2195 τι

189 2234 488 2289 Manicltaais
523 2233 678 2302 objici
710 2247 816 2288 non
843 2231 991 2298 vult,
1030 2240 1085 2286 et
1123 2232 1212 2300 qui
1241 2231 1454 2287 tandem
1497 2233 1759 2288 maximus

195 2339 440 2380 numerus
468 2324 588 2379 facti
619 2333 760 2378 sunt.

474 2457 811 2514 DESIDERII
852 2456 1111 2513 ERASMI
1151 2456 1463 2514 CENSURA

554 2565 607 2603 IN
645 2563 889 2604 ηεςυιλῑς
929 2565 1032 2603 DIH
1073 2564 1369 2605 AUGUSTINI.

255 2701 376 2762 ll.ec
426 2702 604 2776 regula
650 2709 704 2762 et
742 2702 1021 2762 sententiis
1063 2713 1117 2760 et
1163 2701 1412 2756 dictionis
1459 2701 1623 2769 ﬁgura
1670 2713 1756 2755 re-

187 2798 285 2852 fert
309 2799 694 2867 Augustinum,
726 2798 853 2867 quin
882 2806 935 2852 et
965 2798 1050 2866 pia
1094 2793 1350 2851 civilitate
1392 2791 1754 2845 humanitate-

185 2905 285 2958 que
331 2889 546 2958 prtefert
586 2898 857 2946 auctorem
903 2904 1096 2944 suum:
1131 2901 1431 2957 quanquam
1479 2882 1754 2956 probabile

185 2988 265 3032 εει
284 2993 400 3032 eam
430 2993 536 3033 non
562 2969 789 3043 clericis,
820 2977 914 3033 sed
943 2977 1154 3033 feminis
1182 2991 1304 3032 esse
1330 2979 1604 3046 scriptam,
1634 2987 1752 3044 quae

185 3067 236 3121 in
267 3082 429 3122 unum
460 3068 698 3123 collectae
721 3069 818 3125 sub
847 3068 1211 3123 moderatione
1240 3068 1440 3122 sororis
1470 3062 1752 3136 Augustini
1781 3045 1825 3107 Ο

185 3157 452 3212 vivebant.
527 3159 658 3214 Eam
716 3160 1051 3229 praepositam
1107 3167 1296 3222 vocat,
1351 3157 1447 3213 sed
1511 3157 1752 3212 omnium

182 3264 389 3304 summa
420 3259 656 3319 potestas
697 3261 814 3306 erat
842 3266 1007 3320 penes
1036 3251 1428 3321 presbyterum.
1472 3248 1752 3303 Nonnullis

179 3349 357 3396 autem
410 3343 699 3398 immutatis
742 3343 1208 3397 accommodarnnt
1250 3356 1367 3396 eam
1411 3340 1559 3405 viris,
1605 3341 1753 3394 velut

179 3436 265 3490 ubi
289 3436 358 3491 de
388 3434 644 3489 modestia
670 3433 843 3488 cultus
871 3433 1109 3501 praecipit
1139 3432 1381 3486 feminis:
1416 3430 1538 3484 Non
1565 3431 1629 3483 sit
1659 3446 1751 3484 no-

178 3530 342 3582 tabilis
367 3529 565 3581 habitus
593 3538 770 3592 rester,
795 3543 882 3579 nec
906 3525 1072 3591 a/Teett
1088 3527 1148 3578 tis
1171 3526 1386 3580 vestibus
1415 3527 1633 3595 placere,
1659 3525 1749 3580 sed

180 3618 437 3682 moribus;
479 3635 539 3671 ne
573 3619 674 3671 sint
702 3617 834 3670 vobis
877 3625 981 3668 tam
1026 3617 1196 3669 tenuia
1238 3617 1459 3684 capitum
1490 3617 1748 3686 tegmina;

179 3720 231 3761 ut
259 3709 445 3764 retiola
472 3709 639 3762 subter
675 3716 976 3779 appareant.
1009 3705 1100 3762 Sic
1129 3707 1266 3761 enim
1299 3707 1532 3761 arbitror
1569 3708 1746 3776 legen-

177 3804 298 3856 dum
325 3819 338 3854 :
370 3800 598 3867 Capillos
625 3817 687 3853 ea:
716 3801 858 3853 nulla
897 3809 1040 3870 parte
1068 3801 1231 3853 nudos
1259 3800 1509 3867 habeatis,
1539 3817 1627 3853 nec
1664 3805 1745 3869 [0-

177 3891 243 3942 ris
286 3889 364 3943 vel
400 3900 608 3959 spargat
633 3891 988 3960 negligentia,
1031 3889 1106 3943 rel
1148 3900 1414 3959 componat
1453 3891 1746 3944 industria:

138 4040 141 4041 ν
177 3982 310 4049 quod
348 3982 480 4034 viris
513 3981 908 4034 accommodari
953 3995 1055 4034 non
1085 3991 1294 4049 poterat
1334 3982 1647 4036 omiserunt.
1681 3982 1747 4036 Et

177 4072 224 4123 in
263 4072 549 4140 proximo:
582 4071 646 4123 In
677 4073 908 4125 omnibus
949 4074 1160 4125 motibus
1199 4073 1327 4125 nihil
1350 4074 1441 4141 fiat
1476 4074 1610 4141 quod
1653 4091 1742 4126 eu-

173 4165 411 4234 jusquam
433 4161 612 4214 illiciat
640 4163 932 4227 libidinem;
961 4163 1037 4216 sic
1065 4172 1323 4217 mutatum
1351 4172 1463 4229 est,
1497 4166 1629 4232 quod
1658 4181 1746 4217 cu-

173 4254 408 4323 jusquam
435 4252 658 4319 offendat
686 4263 960 4322 aspectum.
991 4253 1196 4308 Rursus
1233 4256 1373 4324 quod
1406 4257 1640 4325 praecipit
1677 4259 1742 4312 de

174 4358 276 4394 non
321 4343 641 4412 aspiciendis
679 4343 923 4408 feminis;
972 4347 1096 4399 item
1140 4347 1206 4399 de
1253 4349 1375 4413 hoc,
1407 4357 1460 4400 ut
1508 4347 1613 4401 bini
1653 4358 1741 4401 aut

1869 1808 1978 1853 tum
2025 1804 2075 1855 in
2121 1805 2364 1857 oratione
2405 1806 2631 1875 quadam
2671 1809 2810 1876 apud
2858 1808 3143 1876 populum,
3189 1819 3345 1877 negat
3387 1826 3446 1864 se

1867 1905 2086 1946 usurttm
2127 1895 2258 1963 pileo
2287 1894 2460 1963 rubro,
2491 1898 2630 1964 quod
2663 1900 2910 1968 pyrrhum
2941 1900 3154 1964 dicitur,
3199 1917 3296 1954 nos
3321 1917 3444 1955 cor-

1867 1994 2023 2050 rupte
2072 1985 2311 2053 byrrhum
2355 2002 2627 2042 vocamus.
2665 1989 2818 2043 Decet
2863 1991 3076 2061 (inquit)
3120 1993 3443 2062 episcOpum,

1864 2084 1918 2127 at
1953 2092 2052 2128 non
2079 2078 2219 2130 decet
2252 2079 2595 2147 Augustinum
2620 2095 2639 2133 :
2671 2080 2758 2134 ubi
2790 2082 2954 2151 magis
2987 2083 3268 2137 dicendurm
3294 2097 3441 2151 erat,

1865 2183 1968 2220 non
1996 2168 2152 2222 decet
2182 2172 2524 2225 monachum.
2555 2171 2606 2223 In
2639 2171 2788 2225 libris
2811 2173 2878 2228 de
2905 2174 3142 2228 Moribus
3166 2175 3441 2238 Ecclesiae.

1863 2269 2059 2327 praeter
2097 2261 2540 2316 anachoretasiet
2577 2262 2896 2328 cmnobitas,
2935 2265 3094 2319 tradit
3123 2281 3290 2335 genus
3335 2277 3444 2321 ter-

1863 2353 2027 2416 tium,
2054 2367 2240 2407 eorum
2265 2354 2354 2423 qui
2394 2353 2642 2422 quoniam
2674 2354 2728 2408 in
2770 2370 3008 2410 eremum
3045 2357 3296 2411 secedere
3333 2375 3440 2413 non

1860 2453 1976 2496 erat
2013 2442 2353 2497 commodum
2377 2484 2390 2509 ,
2434 2443 2518 2498 vel
2559 2443 2628 2497 ob
2664 2454 2943 2512 parentes,
2977 2447 3062 2501 vel
3103 2447 3172 2500 ob
3216 2447 3439 2513 liberos,

1858 2543 1951 2585 aut
1981 2534 2111 2586 alias
2138 2548 2353 2601 causas,
2394 2542 2568 2590 tamen
2602 2551 2707 2589 non
2732 2538 2964 2604 quietius
3000 2537 3268 2604 viverent,
3293 2553 3440 2594 com-

1861 2622 2038 2688 plures
2077 2624 2129 2676 in
2161 2625 2349 2678 iisdem
2388 2625 2593 2678 uadibus
2630 2628 3122 2694 commorabantur,
3156 2629 3303 2682 nullo
3334 2630 3440 2683 im-

1860 2711 2038 2778 perio,
2091 2714 2397 2767 sed'libera
2445 2715 2669 2768 caritate
2715 2717 2898 2771 omnia
2941 2719 3277 2774 moderante.
3332 2722 3437 2773 Eos

1857 2812 2155 2857 conventus
2179 2803 2459 2857 diversoria
2488 2817 2670 2870 vocat.
2699 2823 2819 2875 qua:
2847 2807 3033 2864 Romte
3065 2811 3327 2880 permulta
3368 2813 3439 2866 vi-

1857 2894 2027 2949 derat.
2060 2895 2168 2950 lloc
2195 2898 2500 2966 exemplum
2530 2899 2743 2975 videtur
2771 2901 3009 2955 imitatus
3035 2901 3087 2956 in
3120 2905 3292 2958 Afr;ea
3315 2946 3328 2968 ,
3360 2906 3438 2960 sic

1860 2994 1917 3043 ut
1955 3001 2054 3044 nec
2094 2988 2240 3043 cnltu
2280 2989 2541 3044 notabiles
2573 3003 2783 3057 essent,
2823 2995 3269 3061 quemadmodum
3322 3013 3437 3049 mo-

1861 3082 2017 3136 nachi
2035 3121 2049 3146 ,
2074 3091 2127 3136 et
2154 3082 2337 3137 liceret
2367 3084 2433 3136 ab
2455 3097 2520 3138 eo
2542 3082 2786 3140 convictu
2815 3072 3111 3152 discedere,
3136 3088 3180 3141 si
3217 3089 3300 3142 cui
3343 3105 3434 3156 pa-

1857 3189 1974 3227 rum
2017 3183 2162 3228 esset
2201 3174 2557 3228 commodus:
2601 3174 2725 3230 licet
2768 3175 3041 3231 Possidius
3089 3179 3325 3247 appellet
3370 3195 3434 3236 ea

1857 3263 2192 3320 Monasteria.

2230 3378 3014 3438 ANIMADVERSIONES

2329 3487 2380 3525 IN
2420 3489 2636 3526 EAMDEM
2678 3491 2943 3529 REGULAM.

1923 3582 2032 3652 ξε.
2066 3581 2202 3648 Quid
2250 3585 2458 3652 prodest
2502 3585 2788 3654 dispergere
2828 3585 2999 3638 dando
3046 3589 3356 3658 pauperibus
3393 3602 3438 3641 et

1853 3691 2126 3746 pauperem
2159 3674 2456 3743 ﬁeri,'cum
2487 3677 2660 3729 anima
2700 3678 2883 3730 misera
2917 3679 3183 3747 superbior
3223 3682 3434 3750 r/ﬁcitur

1851 3767 2058 3822 divitias
2086 3770 2451 3822 contemnendo
2478 3784 2627 3839 quam
2653 3775 2821 3840 fuerat
2847 3771 3214 3844 possidendo?]
3255 3773 3430 3828 Nolim

1851 3860 2064 3928 quidem
2096 3862 2351 3915 damnare
2381 3877 2477 3916 eos
2505 3862 2622 3931 qui,
2670 3879 2790 3916 cum
2833 3864 3067 3918 sentiant
3106 3879 3163 3918 se
3199 3869 3428 3934 impares

1852 3968 1971 4008 esse
2001 3955 2250 4023 periculis
2273 3970 2393 4025 quae
2419 3955 2469 4008 in
2504 3956 2607 4008 vita
2633 3957 2900 4010 communi
2933 3957 3089 4011 bonis
3112 3958 3427 4022 imminent,

1850 4045 2191 4100 solitudinem
2237 4054 2291 4099 et
2339 4059 2608 4099 secessum
2669 4048 3116 4102 monasteriorum
3157 4059 3423 4118 quarunt.

1851 4142 1918 4191 At
1945 4137 2142 4192 debent
2172 4146 2294 4191 ante
2321 4138 2498 4190 omnia
2527 4135 2623 4190 sibi
2669 4151 2857 4192 cavere
2887 4154 2990 4192 non
3031 4140 3189 4193 modo
3223 4157 3251 4193 a
3283 4141 3430 4195 cras-

1849 4229 2081 4284 sioribus
2109 4229 2256 4283 vitiis
2283 4229 2479 4291 carnis,
2507 4228 2698 4297 quibus
2725 4245 2909 4284 omnes
2931 4231 3291 4296 offenduntur,
3330 4233 3426 4287 scd

1848 4329 1902 4373 et
1926 4321 1994 4373 ab
2030 4320 2430 4387 occultioribus,
2459 4319 2632 4389 qualia
2665 4332 2788 4373 sunt
2818 4322 3098 4388 superbia,
3129 4323 3427 4390 imperandi

174 4432 304 4484 terni
357 4408 675 4499 procedant,
707 4435 774 4488 de
822 4435 1059 4488 lavandis
1092 4437 1318 4503 propriis
1359 4408 1623 4501 vestibus,
1671 4437 1737 4492 de
1769 4408 1824 4468 θ
1847 4409 2131 4480 cupiditas,
2158 4420 2359 4464 “amere
2391 4409 2457 4464 de
2487 4410 2786 4465 hominibus
2817 4413 3082 4480 relmmue
3115 4413 3306 4481 ignotis
3335 4413 3428 4480 ju‘

167 4524 441 4589 onerando
489 4525 540 4576 in
595 4540 909 4591 commune,
968 4528 1177 4596 aliaque
1230 4529 1493 4597 permulta
1548 4545 1736 4599 parum

168 4624 469 4684 congruunt
513 4618 564 4670 in
607 4618 833 4672 clericos
877 4620 992 4686 ejus
1035 4622 1311 4688 temporis,
1353 4635 1579 4690 quorum
1624 4631 1736 4677 tum

166 4714 279 4757 erat
309 4707 479 4774 major
518 4716 573 4760 et
602 4707 818 4763 libertas
847 4719 900 4761 et
936 4709 1186 4778 dignitas.
1213 4710 1266 4764 In
1297 4712 1446 4766 calce
1491 4713 1735 4767 alludens

167 4796 226 4848 ad
273 4795 462 4850 forma:
504 4799 768 4862 studium,
797 4801 1067 4865 speculum
1099 4813 1151 4854 et
1198 4801 1390 4855 odores
1425 4803 1618 4871 quibus
1659 4804 1735 4857 le-

168 4887 400 4941 mineum
449 4905 615 4958 genus
662 4891 1000 4956 peculiariter
1044 4892 1358 4956 delectatur,
1403 4909 1521 4960 qua:
1560 4894 1733 4948 dicit:

165 4975 329 5030 Donet
360 4977 615 5032 Dominus
640 4992 694 5032 ut
718 4983 982 5035 observetis
1017 4985 1124 5036 htec
1150 4984 1320 5035 omnia
1356 4992 1595 5051 tanquam
1632 4986 1735 5052 spi-

162 5069 323 5121 ritalis
352 5060 750 5136 pulchritudinis
775 5073 1062 5138 amatrices,
1101 5083 1148 5126 et
1178 5073 1308 5126 bono
1330 5071 1520 5126 Christi
1561 5075 1732 5140 odore,

160 5159 218 5211 de
244 5160 378 5213 bona
398 5164 773 5216 conversatione
811 5167 1113 5232 fragrantes,
1145 5176 1192 5219 et
1226 5180 1312 5220 vos
1350 5174 1449 5218 aut.
1471 5183 1517 5218 m
1555 5166 1607 5219 in
1640 5165 1735 5220 hoc

159 5251 327 5304 libello
373 5261 619 5321 tanquam
667 5255 720 5307 in
763 5254 971 5316 speculo
1025 5257 1224 5323 possitis
1269 5258 1544 5326 inspicere,
1588 5267 1728 5322 etc.,

157 5354 258 5394 non
288 5341 515 5411 perinde
559 5344 823 5413 quadrant
852 5345 903 5398 in
934 5343 1100 5400 viros.
1142 5347 1277 5402 Sunt
1316 5349 1417 5403 alia
1449 5348 1691 5418 qutedam
1712 5391 1725 5415 ,

1849 4503 2058 4559 dicandi
2093 4517 2254 4572 prava
2286 4504 2637 4564 consuetudo,
2683 4506 2923 4567 tyrannis
2965 4509 3013 4557 in
3053 4503 3219 4576 rebus
3250 4503 3425 4558 eccle-

1847 4595 2100 4661 siasticis,
2136 4594 2355 4649 factiosa
2385 4595 2614 4660 indoles,
2644 4598 2875 4666 pigritia,
2902 4597 3194 4662 iracundia,
3238 4597 3425 4649 simul-

1847 4696 1980 4743 tates
2017 4689 2401 4758 implacabiles,
2433 4697 2486 4743 et
2525 4689 2626 4742 alia
2670 4690 2719 4743 id
2763 4704 2958 4757 genus;
2991 4703 3108 4755 quze
3145 4689 3194 4739 in
3237 4703 3422 4742 seces-

1845 4787 1991 4840 sibus
2033 4788 2478 4844 monasteriorum
2536 4801 2644 4840 non
2683 4786 2840 4839 aliter
2895 4792 3122 4853 regnant
3164 4800 3320 4853 quam
3366 4785 3419 4840 in

1845 4881 2290 4952 frequentissimis
2317 4882 2541 4934 aliorum
2569 4877 2842 4930 hominum
2879 4877 3229 4932 conventibus
3255 4893 3317 4932 ac
3339 4895 3422 4934 so-

1841 4971 2140 5026 cietatibus.
2165 4972 2339 5038 Quare
2369 4970 2465 5023 viri
2492 4968 2787 5036 prudentes
2824 4977 2878 5021 et
2902 4969 3021 5023 vitae
3050 4968 3298 5024 humanze
3330 4987 3421 5039 pe-

1840 5065 2075 5129 ritiores,
2102 5071 2163 5118 ut
2207 5062 2381 5115 Desid.
2434 5061 2687 5115 Erasmus
2715 5069 2768 5116 et
2796 5063 2916 5129 alii,
2960 5077 3102 5132 sape
3128 5065 3195 5120 de
3234 5080 3419 5120 mona-

1837 5157 1971 5212 stico
1999 5156 2120 5209 vitae
2150 5154 2393 5209 instituto
2422 5153 2587 5208 locuti
2608 5161 2767 5220 sunt,
2800 5155 2950 5225 quasi
2976 5156 3043 5211 de
3068 5156 3193 5212 vita:
3219 5172 3418 5226 genere

1838 5263 1946 5301 non
1978 5247 2152 5302 minus
2180 5245 2342 5301 saluti
2370 5247 2671 5316 periculoso
2697 5261 2857 5317 quam
2882 5258 2962 5304 est
2999 5246 3226 5317 quodvis
3249 5247 3411 5301 aliud.

1841 5341 2044 5395 Interea
2075 5339 2120 5394 si
2147 5344 2282 5394 hanc
2308 5341 2748 5411 Augustinianam
2777 5339 3013 5408 regulam
3042 5339 3412 5401 observarem,

159 5445 339 5488 verum
388 5434 502 5489 hac
540 5437 767 5506 exempli
807 5453 965 5493 causa
998 5441 1337 5508 proposuisse
1379 5443 1593 5499 sufﬁcit,
1624 5444 1726 5499 Ρο-
1803 5420 1946 5487 ¹δέηθ
1981 5431 2144 5487 dubio
2184 5440 2288 5487 tam
2330 5431 2634 5501 frequentes
2657 5430 2723 5488 de
2746 5430 2811 5486 iis
2844 5445 2945 5485 non
2970 5437 3148 5482 essent
3183 5429 3415 5500 querela:

157 5535 354 5580 stremo
386 5534 444 5579 ut
477 5528 608 5581 nihil
649 5529 720 5582 sit
765 5529 903 5598 quod
947 5545 1051 5585 non
1084 5531 1250 5601 possit
1276 5533 1340 5587 ad
1367 5534 1588 5590 clericos
1632 5535 1726 5591 de-
1829 5543 1988 5598 quam
2025 5526 2197 5580 adhuc
2229 5524 2461 5581 ῖιιεΐυυῑ-

157 5619 422 5681 torqueri,
457 5629 605 5674 certe
637 5621 762 5675 nihil
793 5631 872 5676 cst
900 5624 983 5678 hic
1023 5624 1164 5688 quod
1211 5625 1316 5680 illis
1358 5643 1478 5680 cum
1511 5627 1720 5682 feminis
