3908 6306
553 267 656 320 με)
1447 268 1999 326 SUPPLEMENTUM
2045 274 2131 327 Al)
2171 273 2397 328 OPERA
2438 277 2493 330 S.
2541 277 2930 338 AUGUSTINI.

3658 286 3748 363 9,ιο

557 382 3733 429 Ἢ

1550 482 1655 554 IN
1735 483 2145 555 TOMUM
2225 466 2864 579 SECUNdUM,

662 736 1061 793 nicsmsmus
1086 736 1406 793 ERASMUS
1429 702 1535 791 Pro
1565 734 1850 791 LECTORI
1875 736 1931 790 s.
1956 736 2019 790 ι).

631 891 709 944 Ex
741 890 886 945 calce
915 889 1137 945 secundi
1180 890 1295 944 libri
1350 888 1826 953 Retractationum,
1886 887 2011 942 item
2062 902 2129 944 ex

565 982 779 1051 epistola
798 997 915 1054 quae
944 982 1158 1053 prrefixa
1188 990 1271 1037 est
1291 981 1539 1050 Catalogo
1564 980 1838 1035 hzereseon
1860 980 1926 1034 ad
1952 980 2131 1047 Quod-

560 1074 853 1136 vultdeum,
885 1075 1013 1129 satis
1038 1074 1249 1144 quidem
1287 1074 1620 1142 perspicuum
1651 1079 1756 1139 est,
1790 1072 1843 1127 id
1874 1072 2132 1140 temporis

558 1179 661 1220 nec
702 1165 975 1233 epistolas,
1003 1179 1100 1220 nec
1130 1166 1409 1233 populares
1441 1164 1707 1218 orationes
1737 1164 1804 1218 ab
1834 1164 2131 1232 Augustino

560 1258 726 1314 fuisse
748 1258 979 1328 digestas
1005 1275 1016 1309 :
1043 1272 1142 1312 nec
1173 1266 1289 1324 post
1311 1257 1361 1310 id
1391 1256 1460 1312 ab
1486 1270 1550 1310 eo
1579 1263 1842 1319 curatum,
1881 1256 1965 1309 vel
2000 1254 2131 1310 illud

560 1352 752 1419 arguit,
784 1349 921 1418 quod
952 1349 1006 1403 in
1034 1348 1133 1403 hoc
1154 1348 1443 1415 volumine,
1475 1362 1650 1419 neque
1680 1358 2003 1418 temporum,
2040 1362 2135 1403 ne-

559 1456 663 1510 que
686 1454 1050 1508 personarum,
1085 1455 1256 1509 neque
1287 1440 1633 1494 materiarum
1659 1440 1765 1494 ulla
1796 1440 2004 1495 videtur
2034 1440 2131 1492 ha-

560 1534 669 1587 bita
715 1534 873 1587 ratio.
922 1533 1134 1588 Certius
1186 1541 1363 1587 autem
1393 1532 1445 1587 id
1476 1533 1670 1601 arguit,
1721 1533 1860 1603 quod
1890 1532 2132 1602 quaedam

560 1622 804 1677 admista:
835 1622 1064 1688 fuerant,
1096 1639 1213 1693 qua:
1244 1626 1415 1693 primo
1440 1624 1615 1681 statim
1643 1633 1798 1694 gustu
1837 1622 2134 1693 deprehen-

557 1715 822 1770 debantur
848 1717 1127 1785 Augustini
1164 1732 1268 1771 non
1299 1733 1438 1783 esse,
1481 1732 1634 1787 quas,
1677 1717 1855 1771 addita
1883 1730 2129 1783 censura,

560 1808 894 1862 notavimus:
924 1810 1192 1863 nonnullae
1236 1809 1547 1879 simpliciter
1573 1810 1834 1873 confictae,
1873 1807 2012 1877 quod
2044 1822 2132 1877 ge-

560 1914 661 1953 nus
690 1892 813 1954 sunt
844 1899 948 1954 illa:
976 1900 1230 1955 Bonifacii
1261 1902 1325 1955 ad
1356 1902 1727 1971 Augustinum,
1762 1900 2035 1969 Augustini
2068 1899 2133 1953 ad

522 2010 525 2013 ν
560 1986 911 2044 Bonifacium.
943 1988 1151 2043 Nullam
1191 1998 1366 2045 tamen
1420 1991 1639 2044 omnino
1688 1990 1806 2043 loco
1849 1990 2131 2053 movimus,

560 2089 758 2147 praeter
784 2094 943 2135 unam
971 2088 1024 2135 et
1050 2079 1396 2136 vehementer
1424 2082 1706 2151 prolixam,
1760 2089 1815 2136 et
1854 2079 2132 2176 insigniter
2160 2091 2210 2152 Β
2236 2103 2433 2163 paulus
2452 2149 2469 2176 ν

522 2188 527 2193 δ
562 2169 925 2228 illitteratam:
956 2186 1024 2226 ne
1053 2172 1103 2226 id
1132 2171 1345 2241 quidem
1375 2171 1595 2238 facturi,
1621 2172 1723 2228 nisi
1758 2173 1943 2227 eadem
1970 2171 2022 2225 in
2049 2182 2134 2226 to-

561 2262 663 2316 mis
694 2261 1002 2318 haberetur.
1034 2263 1201 2317 Tanta
1232 2264 1387 2317 nobis
1414 2264 1590 2318 cautio
1622 2265 1741 2332 fuit,
1776 2280 1840 2319 ne
1862 2265 1979 2334 quis
2008 2263 2134 2333 quid

561 2355 628 2408 de
656 2362 836 2409 nostra
874 2356 1025 2426 queri
1074 2358 1241 2426 possit
1287 2355 1566 2412 industria.
1598 2357 1677 2411 Ad
1711 2359 1826 2411 haec
1879 2359 2137 2425 inspersa:

561 2454 685 2500 sunt
711 2449 1001 2512 nonnullae,
1028 2463 1159 2517 quas
1185 2448 1515 2519 Augustinus
1546 2450 1658 2518 ipse
1691 2449 1744 2503 in
1776 2447 2134 2503 Retractatio-

562 2536 717 2590 uibus
738 2536 906 2593 libros
921 2538 1171 2607 appellat.
1196 2538 1507 2608 Quanquam
1533 2539 1799 2595 interdum
1823 2537 2137 2596 subdifﬁcile

560 2635 644 2680 est
666 2628 945 2696 epistolam
975 2644 1003 2684 a
1034 2630 1170 2686 libro
1213 2630 1560 2701 distinguere.
1594 2633 1919 2701 Augustinus
1943 2630 2136 2685 alicubi

559 2717 639 2771 sic
668 2716 924 2788 loquitur,
952 2720 1101 2787 quasi
1131 2722 1368 2777 brevitas
1392 2730 1484 2776 aut
1511 2724 1785 2792 prolixitas
1810 2722 2004 2777 tribuat
2025 2722 2139 2776 adi-

560 2816 739 2864 matve
770 2825 961 2865 nomen
992 2811 1232 2880 epistola:
1260 2813 1438 2867 verius
1466 2829 1625 2880 quam
1668 2813 1925 2867 orationis
1972 2824 2139 2881 genus

561 2906 653 2951 aut
687 2902 984 2969 argumenti
1021 2904 1194 2954 ratio:
1228 2898 1522 2969 prmscrtim
1555 2918 1674 2955 cum
1709 2904 1808 2956 hoc
1836 2903 2136 2969 exemplum

560 2988 628 3040 ab
648 2992 902 3057 apostolis
957 2991 1183 3053 venerit,
1241 3000 1300 3042 ut
1350 2989 1946 3059 argumenta,quamvis
1976 2990 2136 3056 seria,

560 3080 1025 3132 committerentur
1058 3079 1328 3146 Epistolis.
1362 3080 1414 3133 Si
1441 3078 1653 3146 quidem
1684 3080 1923 3149 exceptis
1968 3081 2141 3135 Evan-

560 3167 735 3236 geliis,
790 3182 896 3237 quo
941 3168 1156 3223 nomine
1212 3170 1621 3238 complectimur
1663 3180 1715 3226 et
1771 3173 2136 3242 apostolorum

556 3269 729 3328 gesta,
762 3268 956 3328 praeter
978 3260 1245 3330 Epistolas
1271 3262 1403 3315 nihil
1429 3261 1629 3332 scripto
1650 3263 2019 3332 prodiderunt,
2043 3264 2138 3319 sed

451 3405 460 3417 ,
556 3364 647 3404 eas
675 3349 740 3405 de
767 3350 928 3406 rebus
980 3351 1388 3423 haudquaquam
1434 3355 1800 3421 familiaribus,
1861 3365 1969 3410 tum
2008 3370 2139 3426 quas

2156 740 2208 798 A
2233 745 2433 802 mederi
2466 749 2695 807 studens
2721 752 2990 823 omnibus,
3022 759 3241 826 perdere
3282 728 3577 820 neminem?
3613 767 3750 834 Quam

2233 836 2429 892 misere
2466 840 2655 912 uritur,
2701 844 2766 899 ad
2815 847 3042 914 quodvis
3079 860 3323 906 exortum
3372 853 3752 913 offcndicnlum?

2238 925 2429 985 Videas
2464 945 2587 985 vere
2628 933 2877 1003 gallinam
2908 940 3266 1007 evangelieam
3305 941 3576 999 sollicitam
3600 955 3646 1000 et
3670 965 3752 1002 :rn-

2232 1014 2394 1083 siam,
2424 1030 2483 1073 ut
2510 1021 2610 1079 sub
2648 1024 2760 1081 alas
2782 1027 3017 1096 colligat
3065 1028 3343 1098 foveatque
3370 1032 3535 1101 pullos
3560 1048 3685 1090 suos.
3714 1038 3754 1092 lu

2212 1111 2505 1166 nonnullis
2529 1112 2765 1181 epistolis
2786 1130 3079 1184 agnoscere
3133 1119 3317 1175 licebit
3368 1131 3417 1177 et
3446 1123 3563 1177 illud
3584 1124 3756 1182 forense

2231 1198 2441 1255 dicendi
2473 1218 2658 1271 genus,
2687 1206 2826 1274 quod
2849 1206 3019 1262 Graeci
3050 1208 3287 1265 δικανικὸν
3323 1213 3617 1281 appellant:
3643 1231 3756 1284 pne-

2208 1288 2387 1358 cipue
2415 1305 2536 1346 cum
2557 1293 2667 1363 agit
2686 1293 2939 1351 adversus
2971 1298 3159 1353 Donati
3184 1299 3504 1373 factionem:
3531 1319 3619 1359 nec,
3636 1306 3760 1360 deest

2231 1391 2665 1451 argumentorum
2721 1385 3021 1453 subtilitati,
3075 1404 3195 1459 quae
3243 1391 3317 1445 illi
3373 1393 3635 1462 peculiaris
3677 1406 3798 1480 emi

2232 1471 2483 1536 δείνωσις.
2513 1475 2712 1531 Verum
2735 1478 2849 1532 sive
2873 1479 3053 1545 docet,
3081 1483 3194 1537 sive
3215 1484 3453 1553 corripit,
3478 1486 3581 1543 sive
3602 1498 3760 1558 pugnat

2233 1578 2354 1619 eum
2386 1565 2679 1634 deploratis
2709 1568 2972 1636 hostibus,
3002 1587 3261 1640 nusquam
3292 1584 3580 1643 tamennon
3602 1579 3760 1632 sentias

2231 1653 2557 1719 Christiana:
2575 1657 2815 1713 caritatis
2844 1662 3075 1716 nativam
3110 1663 3445 1723 dulcedinem
3472 1684 3485 1720 :
3514 1676 3564 1721 ut
3608 1647 3677 1735 (si
3702 1677 3762 1721 tat

2234 1761 2354 1803 men
2376 1749 2620 1817 congruit
2651 1754 2765 1807 haec
2801 1752 3061 1823 collatio)
3094 1755 3223 1808 mihi
3253 1756 3493 1812 videatur
3526 1761 3760 1827 quemdam

2234 1851 2266 1892 e
2295 1840 2555 1895 comoedia
2607 1840 2808 1903 referre
2836 1844 3130 1911 Mitionem,
3172 1847 3262 1915 qui
3308 1858 3425 1919 tum
3462 1850 3610 1909 etiam
3653 1851 3763 1906 mitis

2235 1936 2341 1992 est,
2367 1942 2487 1983 cum
2510 1932 2763 2001 obiurgat
2787 1935 3036 1990 maxime.
3085 1939 3135 1989 In
3170 1937 3271 1993 hoc
3294 1954 3401 1994 uno
3427 1941 3565 1996 velut
3591 1941 3637 1995 in
3672 1956 3761 2004 sne-

2237 2016 2359 2071 ctio
2384 2021 2738 2089 contemplari
2769 2022 2895 2078 licet
2923 2026 3252 2096 episcopum,
3317 2031 3521 2098 qualem
3572 2030 3763 2098 depinin

2524 2111 2859 2173 ἀνεπίληπτον
2882 2157 2896 2183 ,
2948 2119 3171 2191 νηφάλιον
3194 2160 3210 2187 ,
3263 2124 3525 2195 σώφρονα,
3568 2124 3761 2192 κόσμιον,

2237 2199 2514 2268 φιλόξενον,
2570 2202 2867 2271 διδακτικόν,
2919 2214 2987 2279 μή
3038 2213 3276 2284 πάροινον
3297 2258 3312 2282 ,
3358 2220 3430 2286 μή
3458 2214 3680 2279 πλήκτην,
3714 2221 3762 2283 μή

2237 2288 2586 2365 αἰχροκερδῆ,
2641 2295 2743 2347 ἀλλ’
2793 2297 3025 2361 ἐπιεικῆ(
3063 2297 3289 2372 ἄμαχον,
3350 2306 3683 2378 ἀφιλᾶργυρον.
3713 2312 3761 2377 μὴ

2236 2379 2447 2444 αὐθάδη,
2470 2387 2540 2454 μὴ
2565 2384 2778 2457 ὀργίλον,
2806 2387 3080 2460 φιλάγαθον,
3115 2392 3355 2464 ἐγκρατῆ,
3401 2395 3556 2461 ὅσιον,
3603 2396 3760 2456 δίκαιον.

2237 2470 2576 2541 ἀντεχόμενον
2596 2479 2683 2527 τοῦ
2705 2476 2832 2529 κατά
2846 2482 2932 2534 τήν
2955 2476 3176 2549 διδαχὴν
3198 2492 3385 2537 πιστοῦ
3406 2486 3576 2558 λόγου,
3602 2484 3760 2541 δυνατὴ

2241 2562 2323 2613 καὶ
2342 2562 2651 2634 παρακαλεῖν
2679 2564 2725 2617 ἐν
2751 2573 2813 2639 τῇ
2843 2564 3139 2644 διδασκαλίᾳ
3167 2578 3231 2646 τῇ
3251 2572 3572 2647 ὑγιαινούσῃ,
3594 2578 3760 2633 καὶτοὺς

2239 2650 2584 2725 ἀντιλέγοντας
2614 2654 2838 2726 ἐλέγχειν
2860 2659 2990 2727 μετὰ
3035 2660 3213 2721 πάσης
3256 2662 3563 2737 πρᾳότητος.
3590 2663 3661 2720 Ad
3691 2664 3760 2716 hoc

2218 2744 2515 2827 ‘speculum
2541 2744 2586 2798 si
2614 2759 2733 2801 sese
2758 2750 3188 2818 contemplentur
3208 2755 3465 2824 episeOpi,
3493 2766 3546 2813 et
3570 2760 3647 2827 qui
3667 2764 3762 2826 pre;

2240 2849 2455 2903 Clptlam
2486 2838 2861 2907 episcoporum
2895 2841 3221 2901 iunctionem
3272 2859 3526 2920 occupant
3565 2849 3760 2915 theologi,

2240 2926 2481 2993 pudebit,
2508 2928 2721 2996 opinor,
2745 2932 3004 3001 quasdam
3036 2935 3121 2997 sui
3148 2940 3423 3008 Supercilii
3453 2956 3566 2996 cum
3601 2941 3763 2997 inscitia

2241 3016 2556 3084 conjuncti:
2615 3021 2833 3087 pudebit
2883 3026 3103 3081 saevitiae
3138 3042 3268 3091 cum
3321 3031 3534 3101 impuris
3579 3031 3764 3087 moribus

2241 3107 2522 3173 copulatae.
2552 3109 2627 3163 Ex
2650 3110 2768 3167 aliis
2793 3112 3071 3183 Augustini
3095 3118 3276 3176 Libris
3298 3125 3587 3193 perspicere
3607 3122 3762 3183 licebit,

2242 3196 2413 3265 qualis
2444 3196 2602 3253 fuerit
2628 3199 2802 3256 adhuc
2832 3204 3010 3260 infans
3039 3210 3088 3262 in
3118 3209 3377 3266 Christo:
3404 3227 3469 3266 ex
3496 3212 3619 3276 aliis,
3638 3209 3767 3281 qualis

2242 3285 2403 3343 fuerit
2425 3288 2660 3357 juvenis,
2688 3293 2861 3361 qualis
2890 3309 3054 3353 senex
3086 3316 3099 3352 :
3147 3316 3210 3356 ex
3262 3302 3362 3359 hoc
3409 3317 3511 3359 uno
3552 3303 3769 3363 vo'umine

2242 3382 2408 3434 semel
2459 3389 2626 3437 totum
2658 3384 3010 3454 Augustinum
3043 3405 3363 3461 cognosces.
3391 3396 3651 3451 liberiores
3687 3394 3769 3446 frui

556 3442 759 3549 νςεξιθῐξῑ
785 3443 854 3498 3b
881 3444 1126 3500 omnibus
1156 3446 1281 3549 le§i-
1310 3446 1517 3504 Αιίουδί
1544 3457 1692 3518 Pw“
1712 3448 1997 3549 θνίῖξοιδιξι
2031 3464 2135 3502 ηοη
2166 3453 2214 3518 C
2245 3477 2363 3524 ctus
2394 3471 2545 3525 nobis
2574 3442 2811 3530 dedisset
2840 3477 2966 3532 illud
2998 3442 3386 3549 ingeoniumfsi
3418 3486 3468 3541 in
3501 3442 3650 3549 italia,
3678 3483 3769 3539 Gal-

554 3533 752 3599 videri,
800 3549 919 3605 quae
949 3549 1053 3591 non
1085 3538 1335 3607 praeferat
1376 3554 1573 3595 nomen
1620 3548 1675 3596 et
1721 3540 2033 3607 scribentis,
2084 3549 2139 3595 et

554 3625 670 3692 ejus
698 3626 765 3681 ad
795 3642 955 3696 quem
992 3629 1265 3686 scribitur.
1302 3631 1370 3685 Et
1398 3646 1528 3687 sane
1553 3642 1682 3691 sunt.
1730 3632 1951 3702 aliquot,
1996 3646 2137 3698 quas

554 3730 681 3771 vere
742 3719 915 3789 possis
969 3720 1223 3788 epistolas
1276 3720 1499 3783 dicerc,.
1531 3722 1826 3776 referentes
1880 3721 2137 3776 familiare

556 3807 839 3872 quiddam,
866 3819 919 3863 et
946 3810 1113 3862 instar
1140 3809 1352 3863 humani
1383 3812 1656 3879 colloquii,
1689 3812 1811 3866 licet
1834 3827 2133 3882 perpaucm.

556 3893 759 3949 Verum
786 3897 882 3951 hac
902 3896 969 3950 de
993 3912 1050 3950 re
1073 3899 1299 3953 liberum
1322 3910 1437 3953 esto
1460 3917 1613 3954 suum
1643 3903 1834 3972 cuique
1859 3904 2134 3971 judicium.

562 3985 695 4040 illud
723 3988 892 4040 ausim
936 3986 1227 4055 affirmare,
1258 4005 1363 4043 non
1410 3990 1515 4045 alio
1538 3992 1589 4046 in
1620 4008 1782 4062 opere
1830 3997 1996 4064 magis
2024 3996 2137 4050 elu-

563 4089 780 4130 cescere
821 4077 1142 4133 sanctissimi
1176 4080 1271 4135 viri
1320 4082 1593 4151 pietatem,
1643 4085 1939 4151 caritatem,
1990 4102 2139 4141 man-

562 4163 933 4233 suetudinem,
967 4167 1374 4236 bumanitatem,
1403 4172 1733 4239 civilitatem,
1762 4175 1994 4229 studium
2023 4191 2140 4230 cre-

563 4254 659 4310 diti
680 4256 877 4326 gregis,
918 4271 1153 4313 amorem
1180 4262 1500 4325 concordim,
1533 4272 1586 4317 et
1611 4264 1783 4318 zelum
1805 4265 1996 4321 domus
2018 4266 2133 4320 Dei.

564 4345 635 4402 Ut
682 4348 895 4418 satagit,
927 4358 986 4404 ut
1007 4350 1246 4415 molitur,
1273 4362 1331 4405 ut
1351 4367 1411 4406 se
1436 4353 1599 4415 vertit
1621 4354 1673 4408 in
1705 4356 1904 4419 omnia,
1928 4357 2139 4425 quoties

520 4502 527 4507 _
564 4438 765 4494 affulsit
790 4442 967 4511 aliqua
995 4456 1116 4511 spes
1148 4444 1488 4512 pertrahendi
1516 4446 1601 4500 vel
1626 4462 1883 4515 paganum
1901 4449 1963 4502 ad
1987 4449 2140 4504 Chri—

562 4540 725 4597 stum,
758 4532 840 4587 vel
884 4533 1191 4587 haereticum
1246 4534 1313 4588 ad
1365 4535 1617 4592 Ecclesia:
1669 4540 2138 4594 communionem?

562 4616 633 4677 Ut
672 4634 731 4676 se
759 4622 1042 4689 siibmittit,
1100 4632 1158 4677 ut
1196 4621 1385 4693 (juxta
1430 4624 1695 4696 Paulum)
1737 4636 1905 4682 mutat
1949 4643 2135 4683 vocuo

558 4725 735 4775 suam,
762 4712 1100 4783 undiquaiue
1116 4728 1318 4769 venans
1339 4716 1673 4770 occasionem
1701 4718 1991 4771 excitanda:
2016 4735 2138 4788 pro-

520 4878 529 4883 _
561 4801 924 4872 pagandazque
956 4806 1182 4873 pietatis,
1214 4805 1515 4877 ubicunque
1541 4809 1723 4875 Sentit,
1767 4809 1996 4876 aliquam
2038 4813 2134 4865 bo-
2167 4813 2218 4873 D

558 4905 641 4941 ua:
676 4894 868 4944 mentis
893 4895 1173 4951 scintillam
1225 4897 1500 4953 residere?
1524 4890 1630 4953 Cui
1670 4900 2019 4968 mulierculas,
2050 4903 2135 4955 cui

558 4977 791 5046 plebeio,
838 4982 923 5034 cui
967 4986 1157 5051 aulico,
1191 4989 1275 5042 cui
1323 4996 1548 5059 pagano,
1578 4992 1673 5046 cui
1725 4992 1997 5059 hmretico,
2030 5008 2136 5048 non

558 5075 829 5135 prompte,
876 5084 1186 5142 mansuete,
1236 5078 1538 5150 blandeque
1587 5084 1912 5154 respondet?
1964 5085 2134 5153 Quam

557 5160 717 5215 anxia
746 5161 1105 5222 sollicitudine
1128 5182 1225 5235 pro
1248 5172 1697 5245 sceleratissimis,
1720 5194 1819 5235 nec
1838 5196 1941 5237 una
1963 5192 2135 5239 morte

557 5253 753 5324 dignis,
798 5255 1315 5315 circumcellionibus
1360 5263 1687 5323 intercedit?
1756 5272 1885 5339 Quis
1946 5275 2135 5343 majori

560 5348 736 5402 studio
766 5363 864 5419 pro
892 5349 1001 5403 suis
1031 5351 1215 5405 amicis
1263 5352 1645 5423 interpellavit,
1692 5376 1848 5430 quam
1906 5364 1995 5419 ille
2038 5379 2135 5434 pro

548 5423 670 5494 'suis
700 5440 979 5496 hosubus?
1000 5441 1205 5511 Quanto
1233 5446 1367 5499 nixu
1405 5449 1630 5515 parturit
1674 5465 1860 5508 omnes
1896 5423 2132 5522 Christo,

560 5544 716 5596 quam
748 5532 1039 5600 gratulatur
1068 5534 1526 5604 resipiscentibus,
1556 5555 1715 5609 quam
1744 5543 1970 5601 sollicite
2012 5562 2135 5615 pro-

552 5618 715 5690 spicit
745 5624 1183 5695 periclitantibus,
1230 5642 1390 5697 quam
1420 5628 1606 5687 sedulo
1659 5634 1816 5690 docet
1867 5647 2131 5707 errantes,

2204 3561 2400 3628 ,liave,
2447 3564 2531 3620 vel
2578 3566 2747 3633 nasci,

2803 3569 2884 3627 vel
2917 3572 3094 3627 vivere
3139 3578 3473 3645 contigisset.
3508 3577 3651 3631 Rudis
3684 3580 3769 3629 erat

2239 3652 2442 3723 Africa,
2485 3656 2812 3727 voluptatum
2836 3660 3011 3729 avida,
3039 3665 3344 3723 studiorum
3382 3670 3606 3745 inimica,
3633 3668 3769 3741 curio-

2240 3758 2419 3799 sarum
2479 3762 2658 3803 rerum
2708 3762 2986 3821 appetens.
3031 3755 3184 3814 Unde
3222 3758 3771 3835 frequenter‘exercent

2238 3837 2386 3902 illum
2414 3842 2797 3909 quaestionibus
2828 3846 3156 3917 subfrivolis,
3192 3867 3300 3909 nec
3329 3856 3545 3910 multum
3573 3852 3767 3908 facienti-

2238 3925 2337 3981 bus
2358 3928 2423 3982 ad
2457 3930 2705 3997 pietatem
2734 3950 2746 3986 :
2779 3944 2831 3989 et
2877 3936 2941 3989 ad
2966 3951 3079 3992 sua:
3109 3944 3294 4009 gentis
3321 3945 3535 4001 affectus
3562 3958 3685 4012 strpe
3702 3954 3770 3994 co-

2237 4017 2376 4087 gitur
2400 4028 2757 4091 attemperare
2792 4025 3078 4085 calamum.
3143 4031 3359 4107 Verum,
3389 4037 3477 4108 tali
3523 4031 3767 4108 excolendo

2238 4113 2499 4169 senticeto
2521 4116 2612 4179 tali
2643 4132 2776 4186 Opus
2801 4128 2917 4175 erat
2949 4123 3201 4191 agricola.
3231 4106 3555 4201 Quanquam,
3575 4106 3767 4198 digniora

2239 4203 2378 4258 lectu
2409 4208 2702 4277 scripturus
2726 4220 2863 4276 erat,
2894 4214 2936 4268 si
2965 4216 3049 4283 vel
3073 4218 3136 4273 ad
3167 4211 3630 4287 [lo‘manorumraut
3658 4221 3771 4275 Gne-

2239 4308 2422 4348 corum
2442 4296 2640 4363 judicia
2667 4315 2725 4356 se
2754 4307 3164 4373 composuisset,
3189 4314 3275 4367 vel
3307 4317 3478 4377 minus
3513 4312 3771 4368 indulsisti

2239 4383 2558 4455 simplicium
2609 4388 2919 4459 imperitim.
2945 4394 3049 4451 Sed
3079 4397 3385 4467 Christiana
3438 4405 3616 4458 caritas
3657 4400 3769 4469 prius

2241 4473 2273 4528 h
2293 4475 2399 4531 «bet
2430 4478 2683 4546 prodesse
2712 4496 2867 4549 quam
2902 4483 3162 4553 plurimis,
3206 4505 3368 4557 quam
3394 4492 3593 4563 probari
3620 4483 3768 4557 przrci-

2238 4567 2385 4636 puis,
2436 4568 2681 4627 fraterna:
2712 4574 2901 4628 salutis
2954 4591 3113 4646 quam
3164 4596 3276 4635 sum
3303 4584 3487 4653 gloria:
3527 4578 3764 4638 sitientinr.

2240 4657 2508 4722 Quosdam
2533 4667 2733 4723 autem,
2760 4665 3029 4735 praecipue
3069 4670 3430 4740 mulierculas,
3464 4674 3542 4741 pia
3567 4667 3762 4740 quzdttm

2242 4746 2470 4800 habebat
2496 4750 2733 4817 ambitio,
2765 4755 3044 4821 pulchrum
3086 4774 3207 4816 esse
3228 4764 3501 4830 ducentes,
3527 4761 3765 4832 qualectm'

2242 4851 2345 4904 que
2365 4838 2619 4906 scriptum
2650 4843 2962 4911 impetrasse
2984 4848 3050 4903 ab
3080 4852 3349 4922 episc0po.
3380 4858 3448 4909 Ita
3484 4853 3660 4907 factum
3685 4856 3762 4904 est.

2243 4931 2301 4977 ut
2331 4926 2454 4985 dum
2484 4929 2563 4983 vir
2595 4931 2709 4998 pius
2727 4934 2963 4989 omnium
2993 4939 3131 4991 votis
3157 4942 3488 5013 obsequitur,
3520 4944 3673 5007 minus
3690 4935 3765 4989 ali-

2243 5014 2361 5069 cubi
2417 5018 2705 5075 satisfaciat
2754 5022 2940 5078 lectori
2989 5025 3285 5085 fastidioso.
3340 5032 3437 5096 Vix
3492 5037 3762 5101 quernum”

2240 5105 2567 5165 crediturum
2615 5111 2824 5178 opinor,
2878 5124 3131 5182 quantum
3178 5121 3309 5175 mihi
3362 5117 3763 5190 sudorisqeriiau-

2244 5203 2385 5250 stum
2408 5200 2476 5259 sit
2497 5200 2548 5254 in
2568 5201 2826 5263 tollendis
2856 5209 3083 5273 mendis,
3115 5227 3178 5267 ac
3208 5215 3507 5285 reponenda
3543 5204 3763 5268 set‘mttllis

2240 5288 2608 5351 confusissima
2644 5294 3008 5353 distinctione.
3059 5302 3161 5357 Sed
3211 5320 3276 5360 ea
3318 5307 3527 5371 domum
3575 5300 3762 5372 perfecti!

2239 5387 2320 5433 est
2351 5380 2712 5453 eleemosyua,
2738 5402 2854 5452 qum
2883 5389 3155 5447 confertur
3183 5396 3437 5451 ne-cienti
3464 5413 3478 5461 ;
3508 5387 3763 5459 generosi"?

2242 5468 2425 5534 etiam,
2456 5486 2572 5537 qua:
2602 5474 2878 5529 confertur
2904 5487 3187 5547 aversanti.
3222 5486 3342 5539 ilice
3363 5487 3569 5545 Christo.
3593 5482 3761 5534 ίνηθΓ⁵¹⁹

2239 5570 2381 5623 mus,
2428 5573 2534 5614 non
2575 5561 2922 5620 hominibus:
2971 5550 3196 5639 quorum
3252 5576 3337 5629 vix
3382 5573 3664 5629 credibilem
3703 5567 3763 5617 iu-

2237 5649 2633 5719 gratitudinem,
2676 5657 2727 5709 in
2761 5658 2980 5714 nimium
3029 5666 3231 5735 multis,
3263 5668 3574 5734 experimur.
3619 5664 3761 5724 υιιςιυ·
