3908 6300
63 383 156 435 2H

755 377 1102 434 V.\[ll0lll-JM
1143 374 1740 434 EXERCITATIONES
1779 376 1845 432 lN
1887 377 1944 433 S.
1989 375 2354 434 AUGUSHNI
2398 377 2645 431 OPERA.

3223 379 3330 433 212.

66 509 226 563 quam
259 491 442 546 horum
475 488 679 542 malitia
727 505 1059 560 nequaquam
1092 505 1188 544 nos
1219 506 1246 542 a
1277 490 1646 544 benefaciendi
1677 491 1725 550 A
1754 491 1841 560 qui
1874 479 2214 546 cxiSIimabat
2263 499 2470 546 mentes
2509 491 2769 544 humanas
2798 491 2944 559 prius
2974 492 3136 546 fuisse
3172 511 3240 562 qu
3261 511 3340 549 Iln‘

71 590 244 643 studio
270 586 558 642 deterrebit
592 601 821 655 unquam
848 604 858 639 :
889 602 1008 641 cum
1029 587 1242 654 optimae.
1269 587 1391 642 ﬁdei
1415 587 1655 645 debitore

73 678 224 734 nobis
253 690 338 733 res
367 685 474 762 est:
510 675 587 729 Ne
629 675 752 744 quid
785 678 1044 744 omittam,
1073 678 1140 732 a'b
1171 676 1327 746 hujus
1370 677 1656 732 voluminis

76 773 216 828 calce
241 769 573 845 resecuintus
597 768 1026 837 loquacissimam
1052 769 1365 825 coronidem
1397 769 1496 824 sub
1534 771 1658 824 titu-

79 865 140 929 lis
185 861 392 932 Cyrilli,
449 860 630 914 subito
684 859 872 914 Latine
918 861 1206 930 loquentis,
1263 868 1317 916 et
1375 859 1657 930 Augustini

85 953 260 1007 Graeco
282 952 422 1006 male
453 951 639 1005 Latine
686 951 993 1015 scribentis,
1045 953 1505 1023 impudentissime
1533 967 1660 1008 con-

88 1044 289 1096 ﬁctam:
324 1041 478 1110 cujus
517 1051 695 1096 tamen
746 1041 986 1110 legendae
1043 1044 1086 1097 si
1130 1059 1286 1112 quem
1334 1044 1473 1098 forte
1515 1052 1662 1099 tenet

90 1135 257 1198 libido,
285 1134 518 1202 reperiat
574 1134 711 1188 inter
749 1147 807 1188 ea
841 1148 960 1203 quae
986 1135 1092 1188 divi
1140 1135 1451 1206 Hieronymi
1503 1137 1660 1190 tomis

93 1226 324 1290 adjuncta
345 1235 489 1280 sunt.
517 1223 629 1277 Illic
651 1224 862 1294 expleat
909 1238 1031 1281 sese
1075 1224 1300 1291 all‘atitn,
1347 1227 1436 1295 qui
1469 1227 1662 1281 talibus

96 1315 279 1382 capitur
323 1314 554 1372 deliciis.
603 1315 746 1381 llaec,
803 1314 1021 1369 cordate
1077 1316 1269 1385 lector,
1317 1316 1400 1370 iac
1446 1317 1662 1372 evolvas

99 1415 320 1460 attente:
378 1421 484 1459 non
547 1406 825 1473 paenitebit
890 1407 1147 1476 insumpti
1189 1408 1468 1479 temporis.
1519 1408 1663 1464 Bene

102 1498 224 1551 vale.
255 1497 368 1549 Dat.
405 1495 646 1560 Basilete,
679 1497 1001 1551 anno-1527.

293 1586 342 1641 Ι.
376 1586 761 1640 PIIEBEPONI
809 1587 1452 1647 ANIMADVERSIONES

683 1694 731 1731 IN
761 1695 1061 1734 EI‘ISTOLAS.

167 1767 321 1836 Epist.
356 1769 404 1830 1,
434 1766 462 1838 §
496 1768 540 1821 1.
573 1769 902 1822 Arademicos
957 1787 1073 1839 ego,
1124 1789 1187 1824 ne
1232 1773 1362 1825 inter
1381 1775 1663 1843 jocandum

1758 583 2214 650 coniungerentur
2237 595 2355 634 cum
2384 583 2715 651 corporibus.
2745 581 2878 636 Vide
2907 581 3142 636 Retract.
3169 583 3260 637 lib.
3291 599 3332 648 ι,

1757 685 1877 740 cap.
1911 670 1964 736 1,
1998 684 2142 723 num.
2174 671 2239 734 5;
2271 678 2328 725 et
2351 671 2440 725 lib.
2471 686 2543 725 xu
2565 671 2630 726 de
2660 670 2774 725 Civ.
2809 671 2923 736 Dei,
2954 686 3071 740 cap.
3102 672 3193 727 26.
3219 672 3337 726 Ori-

1759 775 1920 830 genes
1950 768 2004 814 et
2026 760 2266 814 nonnulli
2299 760 2386 814 alii
2413 761 2596 814 Patres
2623 764 3079 817 eam-sententiam
3117 777 3180 818 ex
3219 763 3277 817 Pl
3297 782 3340 806 ιο

1761 861 1887 908 Ione
1925 854 2233 906 hauserant.
2260 852 2419 907 Adito
2472 863 2524 908 et
2562 853 2830 908 illuStriss.
2865 856 2923 909 P.
2981 855 3112 909 Dan.
3160 856 3337 911 l-luetii

1761 942 2205 1011 Origenianorum
2229 943 2320 998 lib.
2348 958 2407 1008 ιι,
2425 944 2625 1010 Quaest.
2652 946 2702 1000 6.

1836 1035 2006 1102 Epist.
2035 1034 2088 1100 8,
2120 1035 2146 1105 §
2182 1036 2232 1089 1.
2284 1034 2397 1099 Qua
2437 1047 2565 1103 arte,
2593 1038 2772 1106 quibus
2795 1039 3077 1107 mangonis,
3105 1037 3344 1106 quibusve

1764 1125 2135 1190 instrumentis,
2186 1133 2272 1177 aut
2324 1127 2778 1197 medicamentis?]
2828 1128 2935 1180 lloc
2988 1137 3087 1192 est,
3141 1129 3347 1181 artibus

1763 1216 1932 1282 miris,
1957 1217 2143 1284 quales
2172 1225 2297 1270 sunt
2336 1219 2800 1285 pricstigiatorum.
2830 1221 3123 1289 Hesychius
3149 1237 3161 1272 :
3196 1224 3340 1294 Μάγ-

1763 1329 1913 1379 γανα,
1941 1308 2201 1383 φάρμακα,
2235 1306 2437 1369 δίκτυα,
2468 1309 2811 1380 γοητεύματα.
2858 1308 3241 1375 Interpretatur
3269 1319 3346 1362 ta-

1765 1412 1886 1452 men
1933 1406 1986 1450 et
2012 1399 2414 1468 μηχανεύματα,
2455 1398 2872 1450 machinationes.
2914 1398 3040 1450 Inde
3069 1405 3347 1471 μαγγανεία

1765 1488 2029 1556 significat
2065 1493 2315 1560 γοητείαν,
2373 1497 2433 1541 ιιι
2480 1488 2639 1543 docet
2695 1489 2886 1542 Suidas
2935 1503 3000 1542 ex
3064 1489 3344 1558 Procopio.

1765 1579 1894 1634 llaec
1911 1578 2090 1633 omnia
2113 1580 2231 1632 ticta
2261 1578 2512 1632 videntur
2539 1595 2567 1631 a
2590 1595 2721 1633 vocc
2751 1583 2928 1651 μάγος.
2972 1578 3175 1634 Glossze
3199 1589 3346 1634 vete-

1766 1685 1852 1724 res
1894 1671 2090 1724 habent
2138 1672 2299 1725 etiam
2353 1671 2493 1726 hanc
2537 1685 2722 1727 vocem
2784 1672 3006 1726 Latine:
3065 1675 3348 1742 Μά-γγανον,

1767 1777 2097 1830 mangonum.
2139 1807 2149 1819 ,

104 1857 311 1924 quidem,
341 1875 567 1926 unquam
610 1863 853 1912 lacessere
897 1862 1173 1924 auderent;
1199 1863 1404 1931 quando
1429 1865 1559 1915 enim
1591 1877 1669 1915 me
1703 1850 1746 1908 Β
1845 1855 2014 1921 Epist.
2046 1854 2130 1914 10,
2165 1853 2193 1923 §
2231 1854 2286 1906 2.
2314 1853 2557 1923 Deiﬁcari
2605 1855 2738 1908 enim
2766 1855 2994 1923 utrisque
3017 1855 3071 1906 in
3100 1854 3201 1906 otio
3233 1854 3352 1907 lice-

109 1956 344 1999 tantorunt
371 1948 592 2000 virorum
630 1965 730 2000 non
762 1961 972 2004 moveret
1005 1955 1318 2015 auctoritas;
1347 1954 1444 2005 nisi
1466 1971 1546 2005 eos
1573 1971 1669 2023 pu-

109 2047 249 2090 tarent
275 2039 419 2107 longe
441 2039 495 2090 in
519 2039 645 2102 alia,
685 2055 837 2106 quam
879 2043 1027 2112 vulgo
1075 2043 1322 2096 creditum
1372 2053 1467 2105 est,
1514 2045 1671 2112 fuisse

110 2127 376 2179 sententia?
408 2126 425 2196 j
457 2128 678 2192 Quando
713 2130 796 2183 hic
824 2139 926 2194 est,
957 2140 1045 2185 aut
1075 2147 1171 2201 pro
1221 2135 1511 2201 quomodo;
1560 2133 1668 2198 vel,

111 2226 290 2270 inuitata
320 2217 732 2282 interrogatione
765 2229 992 2289 negante
1022 2224 1070 2274 in
1103 2223 1400 2292 simplicem
1434 2223 1673 2277 at‘tirma-

114 2310 314 2371 tionem,
343 2310 565 2376 perinde
593 2321 673 2363 est
715 2326 776 2366 ac
816 2313 860 2366 si
905 2312 1128 2368 dixisset
1171 2332 1410 2383 :sempcr
1450 2331 1533 2369 me
1566 2332 1673 2370 mo-

112 2409 366 2465 wet,ctc.
397 2400 595 2454 Sensus
622 2411 740 2454 est:
772 2413 947 2456 motus
969 2403 1184 2458 fuissem
1207 2407 1524 2460 auctoritate
1553 2414 1671 2460 tan-

113 2497 270 2541 torum
302 2491 559 2554 virorum,
610 2505 708 2544 nce
756 2506 940 2546 eorum
993 2495 1310 2549 sententiam
1363 2510 1673 2565 Oppugnare

114 2593 257 2632 ausus
282 2593 488 2644 essent,
518 2580 618 2632 nisi
654 2582 781 2634 mihi
828 2591 1097 2638 constaret
1120 2583 1278 2638 aliam
1305 2585 1485 2650 luisse,
1517 2585 1676 2640 adeo-

113 2683 206 2734 que
233 2683 331 2732 me,
380 2669 507 2723 dum
537 2671 820 2740 aggredior
862 2673 912 2726 id
952 2673 1094 2742 quod
1140 2675 1377 2729 sensisse
1401 2674 1674 2742 dicuntur,

115 2774 277 2812 eorum
323 2774 448 2813 vera
504 2759 746 2829 dogmata
794 2778 1131 2834 nequaquam
1185 2766 1468 2834 attingere.
1517 2765 1686 2823 Certe

114 2851 419 2919 Augustinus
470 2851 564 2907 lib.
613 2869 690 2918 ιιι,
743 2856 826 2920 17,
870 2857 1048 2922 aperis
1088 2869 1272 2912 contra
1303 2859 1674 2926 Academicos,

115 2942 328 2996 ostendit
373 2942 740 2999 dissimulasse
769 2960 861 3000 eos
891 2961 1040 3001 suum
1066 2949 1410 3014 sententiam,
1452 2964 1550 3005 nec
1581 2951 1678 3004 nti-

117 3049 205 3086 nus
233 3033 558 3101 dogmat7cos
613 3036 798 3103 fuisse,
843 3054 1000 3106 quam
1056 3049 1280 3096 caeteros
1309 3042 1673 3110 philosophos.

117 3121 150 3177 S
168 3121 208 3175 :il
231 3132 278 3177 et
302 3124 401 3178 hoc
421 3125 486 3178 ad
511 3125 651 3180 hunc
673 3127 848 3182 locum
872 3130 1290 3198 observandum,
1319 3133 1673 3200 Augustinum

1769 1945 1871 1998 bat.
1900 1942 1919 2012 1
1950 1945 2058 1997 lloc
2088 1957 2190 2009 est,
2223 1945 2334 1998 Deo
2363 1947 2566 2000 similes
2594 1947 2728 2009 lieri,
2786 1945 2927 2013 quod
2978 1948 3205 2000 θιοῦσθαι
3246 1945 3351 2000 fre-

1769 2044 1993 2104 quenter
2045 2033 2214 2088 Graeci
2247 2035 2432 2089 Patres
2462 2046 2673 2090 vocant.
2727 2037 2925 2090 Eodem
2957 2051 3116 2090 sensu
3158 2051 3220 2090 ac
3264 2036 3351 2092 hic

1769 2127 2120 2196 AuguStinus,
2147 2126 2436 2197 Gregorius
2459 2129 2820 2183 Nazianzenus
2839 2138 2993 2186 voc:it
3012 2129 3354 2184 solitudinem

1769 2218 2012 2282 θεοποιὸν,
2045 2216 2306 2285 deiﬁcum,
2351 2219 2502 2272 initio
2556 2229 2693 2273 orat.
2751 2220 2806 2271 2.
2865 2220 3003 2274 Alibi
3059 2235 3164 2274 non
3230 2235 3353 2272 raro

1771 2307 2035 2361 similibus
2066 2307 2428 2363 locutionibus
2477 2311 2672 2374 utitur;
2721 2323 2770 2365 ut
2805 2322 2858 2366 et
2905 2312 3208 2381 Dionysius,
3267 2315 3356 2379 qui

1773 2397 1966 2452 dicitur
1999 2399 2346 2467 Arcopagita.

1847 2489 2016 2558 Epist.
2052 2490 2139 2552 M,
2171 2489 2198 2560 ᾗ
2230 2490 2284 2543 2.
2324 2492 2537 2547 Remove
2558 2511 2650 2549 nos
2696 2504 2742 2547 et
2787 2512 2916 2565 pone
2942 2495 3212 2550 Glauciam
3241 2513 3359 2565 pro-

1774 2577 1892 2642 lem,
1925 2577 2052 2630 nihil
2075 2581 2256 2649 egeris,
2290 2579 2492 2649 Quippe
2523 2581 2602 2633 his
2627 2583 2779 2634 etiam
2827 2584 3100 2635 simillimis
3123 2591 3262 2635 tanta
3285 2592 3361 2636 est

1777 2668 2066 2731 necessitas,
2099 2677 2154 2719 ut
2202 2672 2408 2735 proprie
2439 2680 2754 2736 moveantur,
2810 2682 3004 2739 quanta
3052 2672 3148 2738 fuit
3179 2682 3230 2723 ut
3257 2674 3362 2724 sin-

1779 2759 1886 2828 guli
1914 2759 2304 2830 nascerentur.]
2331 2759 2548 2814 Glaucia
2579 2761 2746 2829 proles
2772 2762 3111 2829 proverbium
3139 2774 3240 2826 est,
3273 2763 3368 2814 du-—

1778 2855 1922 2902 ctum
1944 2861 1974 2902 a
1995 2847 2181 2904 Glauci
2215 2850 2394 2905 nescio
2423 2850 2574 2920 cujus
2599 2851 2843 2921 gemellis
2866 2850 3009 2919 ﬁliis,
3030 2861 3082 2906 et
3104 2853 3361 2906 omissum

1780 2939 2296 3009 parmmiograpltis.

1853 3028 2010 3094 lbid.,
2042 3029 2069 3099 §
2101 3031 2154 3084 5.
2189 3028 2481 3085 Proceritas
2535 3030 2701 3087 Naevii
2740 3033 2868 3102 pede
2914 3021 3157 3104 longioris
3207 3049 3362 3103 quant

1781 3118 1868 3186 qui
1897 3128 1968 3171 est
1995 3135 2079 3172 seu
2104 3118 2482 3191 longissimus.]
2506 3120 2676 3176 Locus
2699 3131 3000 3189 corruptus.
3031 3122 3362 3191 Legendum,

117 3223 281 3280 postea
311 3215 650 3283 pmnituisse.
700 3219 838 3286 quod
897 3235 1066 3288 usque
1095 3221 1230 3277 adeo
1257 3198 1531 3278 ρπιυιξεερι
1561 3238 1680 3278 aea-
1706 3198 1752 3260 C
1783 3223 1933 3274 quam
1961 3209 2048 3274 qui
2074 3218 2147 3262 est
2188 3224 2252 3262 ea:
2289 3210 2615 3281 longissimis.
2663 3211 2958 3267 Columella
2985 3212 3053 3267 de
3083 3213 3144 3267 11.
3172 3213 3236 3266 ll.
3265 3214 3359 3268 lib.

119 3304 358 3357 demicos.
395 3304 524 3360 Vide
569 3306 806 3362 Retract.
841 3309 931 3362 lib.
958 3325 996 3374 ι,
1026 3325 1173 3364 ηιιιη.
1204 3313 1256 3364 4.

181 3394 303 3448 Ibid.
329 3393 444 3446 Erit
464 3396 589 3448 mihi
608 3399 732 3450 satis
755 3399 1050 3469 congruisse
1073 3402 1394 3470 temporibus,
1420 3411 1473 3454 ut
1499 3405 1542 3456 si
1560 3405 1682 3470 quid

122 3484 349 3537 sincerum
380 3485 441 3539 de
462 3485 600 3553 fonte
631 3485 903 3541 Platonico
933 3492 1133 3558 ﬂueret,
1189 3491 1316 3544 inter
1358 3495 1594 3546 umbrosa
1637 3502 1685 3545 et

123 3574 309 3641 spinosa
339 3576 564 3640 dunteta,
589 3577 757 3640 potius
776 3578 828 3631 in
850 3580 1132 3648 pastionem
1150 3582 1570 3650 paucissimorum
1596 3584 1688 3634 lto-

123 3665 295 3715 ntinum
322 3666 612 3732 duceretur,
635 3683 786 3734 quam
805 3684 893 3735 per
919 3679 1097 3737 aperta
1118 3686 1353 3736 manans,
1384 3672 1684 3726 irruentibus

125 3755 293 3818 passim
321 3755 602 3823 pecoribus,
636 3757 778 3810 nullo
804 3762 956 3810 modo
988 3769 1152 3828 posset
1183 3761 1430 3829 liquidum
1474 3778 1683 3831 purum-

125 3859 204 3909 que
241 3843 499 3914 servari]
559 3846 694 3914 Lege
741 3849 994 3914 potionem
1043 3859 1130 3903 aut
1182 3853 1510 3918 potatiouent,
1565 3867 1688 3906 nam

127 3931 313 4000 liquore
346 3945 604 4003 potamur,
639 3952 744 3990 non
775 3938 1050 4006 poscimur.

187 4023 316 4078 Ibid.
349 4023 541 4077 Contra
573 4024 822 4096 ejusmodi
852 4027 1076 4081 homines
1099 4029 1280 4097 Opinor
1306 4044 1396 4097 ego
1421 4029 1564 4080 illaut
1593 4031 1691 4082 uti-

129 4114 224 4166 liter
242 4117 580 4184 echgitatam
614 4115 709 4170 Dei
735 4117 836 4170 veri
876 4127 1036 4170 artem
1077 4135 1138 4170 ac
1163 4119 1430 4172 rationem.
1461 4115 1480 4186 ]
1511 4118 1691 4173 Credi-

131 4204 278 4261 derim
311 4210 566 4277 scriptum
597 4208 663 4262 ab
687 4209 980 4278 Augustino
1010 4209 1172 4264 fuisse
1197 4209 1542 4263 abscondendi
1567 4213 1687 4277 viri,

130 4308 266 4366 atque
299 4303 508 4355 extritis
539 4301 706 4356 tribus
736 4302 1001 4370 prioribus
1026 4302 1268 4372 syllabis,
1297 4316 1415 4356 cum
1445 4317 1691 4370 superes-

130 4398 232 4445 set.
254 4427 268 4442 .
299 4433 312 4446 .
341 4433 354 4446 .
388 4394 442 4444 dt’
463 4393 586 4457 veri,
618 4394 976 4462 cxscriptores
1011 4393 1314 4449 .tnonacbos
1364 4393 1554 4448 fecisse
1599 4394 1694 4449 Dei

132 4481 234 4532 t-eri.
270 4483 489 4553 Alioqui
520 4485 565 4538 si
601 4500 723 4537 vera
757 4486 870 4540 lure
906 4486 975 4539 sit
1005 4485 1184 4550 lectio,
1239 4484 1521 4539 dicendum
1570 4485 1694 4550 erit,

1785 3312 1864 3361 tu,
1898 3313 2013 3366 cap.
2047 3299 2120 3354 8:
2153 3299 2291 3352 Nam
2319 3310 2365 3354 et
2405 3301 2482 3354 Μ.
2532 3301 2736 3356 Tullius
2760 3301 2957 3367 Cicero,
3010 3304 3198 3373 inquit,
3231 3305 3368 3358 testis

1785 3395 1860 3438 est
1894 3388 2178 3440 Romanum
2209 3390 2366 3456 fuisse
2403 3391 2559 3444 civem
2607 3390 2840 3444 Mevium
2886 3391 3198 3457 Pollionem,
3239 3393 3366 3462 pede

1789 3477 2068 3547 longiorem
2111 3494 2260 3544 quam
2312 3495 2610 3547 quemquam
2656 3482 3029 3550 longissimum.
3067 3483 3233 3549 Huius
3260 3498 3370 3537 me-

1789 3568 1943 3620 minit
1980 3568 2140 3621 etiam
2175 3568 2376 3620 Plinius
2407 3569 2540 3622 llist.
2577 3580 2685 3623 nat.
2734 3570 2828 3622 lib.
2861 3586 2952 3630 vn,
2985 3572 3226 3639 cap..16.

1863 3659 2019 3722 lbid.,
2054 3659 2081 3728 §
2110 3661 2164 3713 4.
2201 3659 2467 3713 Rationem
2497 3661 2771 3715 contineat.
2798 3661 2814 3731 ]
2839 3663 2948 3716 llnc
2974 3671 3077 3727 est,
3109 3673 3166 3716 ut
3187 3663 3370 3731 loque-

1790 3749 1984 3803 bantur
2015 3749 2201 3815 Stoici,
2231 3753 2574 3822 σπερματικὸν
2601 3753 2759 3823 λόγον,
2784 3755 3030 3806 rationem
3052 3754 3369 3808 seminalent.

1795 3841 1930 3896 Vide
1981 3842 2269 3912 Diogenem
2323 3843 2612 3907 Laertium,
2663 3845 2754 3901 lib.
2809 3861 2899 3911 vn,
2949 3846 2976 3914 ᾗ
3034 3847 3136 3901 155
3163 3855 3218 3901 et
3249 3847 3369 3902 136.

1795 3932 1938 3988 ldem
1963 3934 2215 3989 Platonici
2245 3935 2505 3989 vocabant
2535 3936 2726 4004 ideam,
2752 3951 2844 3992 seu
2871 3938 3149 4005 exemplar
3177 3939 3375 3993 intelli—

1794 4023 1958 4092 gibile
1982 4026 2048 4080 ad
2078 4027 2218 4096 quod
2249 4026 2468 4095 singu'm
2493 4029 2701 4094 Species
2728 4037 2852 4083 sunt
2882 4030 3054 4084 tactae.
3087 4030 3219 4086 Vide
3270 4032 3374 4086 Re-

1796 4126 1954 4172 tract.
1988 4117 2075 4173 lib.
2105 4133 2144 4184 1,
2175 4132 2292 4188 cap.
2325 4119 2379 4184 5,
2415 4135 2561 4172 num.
2586 4120 2642 4172 2.

1870 4212 1996 4266 lbid.
2026 4210 2148 4265 Jam
2170 4213 2462 4266 excesserim
2511 4213 2815 4287 Naevium]
2870 4217 2978 4271 lloc
3019 4225 3120 4282 est,
3175 4227 3374 4271 tantam

1801 4303 2080 4372 epistolam
2101 4303 2428 4371 scripserim,
2448 4313 2503 4358 ut
2517 4312 2662 4359 tan'o
2677 4315 2898 4360 caeteras
2914 4316 3156 4376 superet,
3178 4317 3375 4374 quanto

1797 4394 2011 4449 Naevius
2039 4393 2171 4447 alios
2202 4393 2467 4450 homines.
2501 4394 2634 4449 Vide
2663 4395 2728 4448 ad
2761 4398 3060 4464 superiora.

1876 4484 2046 4552 Epist.
2073 4483 2159 4550 16,
2191 4482 2218 4553 §
2248 4482 2304 4538 2.
2340 4481 2539 4536 Horum
2568 4484 2734 4551 busta,
2768 4486 2810 4538 si
2861 4495 3136 4540 memoratu
3168 4485 3378 4553 dignum

137 4566 222 4623 hoc
250 4572 296 4626 in
322 4574 447 4628 loco
479 4576 745 4641 resp'cere
766 4577 1117 4646 Augustinum
1142 4576 1206 4630 ad
1241 4576 1536 4645 parabolas,
1578 4577 1692 4645 qni-
1719 4561 1772 4622 Ι)
1797 4585 1891 4644 est,
1953 4575 2190 4645 neglectis
2234 4576 2487 4645 majorum
2532 4592 2740 4631 suorum
2791 4578 3042 4639 manibus,
3098 4576 3237 4628 stulti
3277 4578 3380 4644 fre-

137 4653 216 4710 bus
236 4665 482 4718 utebatur
507 4664 766 4730 Christus,
793 4680 859 4720 ne
886 4666 1106 4720 arduam
1129 4667 1406 4721 veritatem
1443 4666 1692 4722 deriden-

141 4747 240 4802 dam
267 4755 526 4822 obiiceret
573 4757 898 4810 multitudini
945 4772 1050 4810 non
1079 4757 1210 4811 satis
1261 4755 1546 4826 religiosae.
1579 4756 1695 4824 Qua

143 4835 262 4894 dere
283 4843 407 4897 vide
433 4844 620 4899 Matth.
647 4861 762 4912 snt,
797 4847 857 4902 11
900 4855 954 4901 et
974 4860 1151 4916 scqq.,
1187 4853 1348 4916 atque
1375 4846 1440 4900 ad
1470 4860 1592 4901 eum
1619 4846 1697 4902 lo-

143 4938 241 4982 tum
269 4932 615 5004 interpretes.

200 5021 315 5080 lbid.
349 5029 586 5082 Amicqu
608 5032 858 5101 corporis.
885 5028 904 5101 ]
934 5031 1045 5087 lloc
1075 5040 1178 5098 est,
1217 5032 1376 5102 pallio
1403 5040 1557 5086 tenus
1587 5032 1704 5100 pbi-

145 5110 395 5186 lnsophos,
448 5120 540 5190 qui
572 5123 705 5176 nihil
762 5122 1032 5178 habebant
1062 5124 1486 5194 philos0pbicum
1512 5135 1705 5194 praeter

147 5210 429 5268 amiculum.

205 5301 352 5370 Epist.
394 5309 447 5373 5,
476 5309 503 5380 §
538 5311 586 5364 1.
619 5311 777 5376 Quem
805 5311 957 5365 Plato
979 5310 1229 5383 noverat.]
1255 5312 1503 5382 lntelligit
1527 5313 1701 5369 ideam

152 5383 352 5452 hominis
411 5400 780 5470 intelligibilis,
815 5417 973 5472 quam
1037 5403 1187 5456 Plato
1246 5404 1344 5458 sibi
1391 5406 1570 5459 animo
1627 5405 1706 5461 ei-

156 5473 371 5540 liaxerat.
405 5489 539 5545 Vide
567 5500 752 5545 contra
779 5491 1130 5547 Academicos
1155 5491 1248 5547 lib.
1278 5508 1357 5560 ιιι,
1388 5507 1505 5561 cap.
1545 5495 1630 5548 17.

212 5569 367 5634 Εβίσειι.
401 5580 454 5644 7,
479 5580 506 5647 §
530 5580 583 5635 5.
612 5581 814 5650 Anima,
851 5585 1146 5653 priusquam
1199 5598 1410 5650 corpore
1446 5593 1621 5638 utatur
1645 5585 1713 5638 ad

158 5666 343 5724 ‘O'PO'a
378 5672 662 5738 sentiendo,
712 5676 882 5727 eadem
938 5691 1154 5742 corpora
1200 5675 1477 5743 imaginari
1529 5685 1707 5744 potest,

163 5748 289 5821 etc}
328 5755 422 5813 llic
446 5761 676 5830 loquitur
731 5765 1052 5833 Augustinus
1079 5780 1143 5818 ex
1172 5763 1417 5833 dogmate
1449 5763 1706 5833 Platonis,

1747 4675 1751 4680 “
1801 4676 2080 4738 quentant:
2103 4669 2172 4722 ita
2203 4676 2256 4722 ut
2283 4670 2588 4739 prwsagium
2609 4670 2737 4723 vatis
2773 4669 2910 4723 illius
2941 4667 3146 4734 indigne
3177 4667 3382 4733 ferentis

1801 4761 2015 4815 entineat
2036 4777 2054 4814 :
2081 4760 2247 4830 Inque
2274 4760 2440 4816 Deum
2465 4760 2677 4828 templis
2711 4759 2910 4828 juravit
2948 4756 3119 4809 Roma
3145 4772 3237 4825 per
3268 4772 3384 4812 um-

1803 4850 1946 4905 bras.
1973 4850 1991 4920 J
2026 4851 2325 4919 Legendum
2345 4850 2566 4920 jurabit,
2599 4856 2655 4900 ut
2679 4847 2818 4914 apud
2850 4845 3144 4911 Lucanum,
3179 4846 3272 4901 lib.
3328 4863 3379 4911 γ,

1806 4941 1932 5002 451,
1959 4957 2080 4996 nam
2104 4942 2243 4996 hunc
2263 4955 2474 4996 versum
2499 4937 2705 5007 profert
2726 4938 3087 4994 Madaurensis
3111 4939 3388 4994 Gramma-

1813 5036 1969 5102 ticus,
2003 5048 2106 5087 non
2136 5033 2284 5102 quasi
2316 5031 2703 5085 describentem
2751 5045 2862 5085 rem
2912 5032 3259 5100 praeteritam,
3294 5033 3386 5086 sed

1809 5127 1960 5196 quasi
1994 5125 2070 5179 rei
2099 5123 2288 5178 l‘uturte
2318 5120 2657 5191 praesagium.
2710 5123 2778 5176 At
2834 5136 2994 5190 prava
3027 5122 3392 5192 pronuntiatio

1810 5231 2021 5281 eorum,
2051 5216 2140 5286 qui
2165 5215 2193 5268 b
2215 5223 2315 5268 etv
2341 5210 2759 5281 confundebant,
2792 5213 2968 5268 locum
2999 5214 3256 5282 corrupit.

1884 5307 2038 5373 lbid.,
2075 5307 2103 5378 §
2141 5307 2196 5361 4.
2230 5304 2333 5360 Per
2358 5320 2502 5375 quos.
2533 5302 2552 5375 ]
2586 5301 2698 5359 Hoc
2727 5314 2832 5371 est,
2863 5320 2987 5373 quos
3024 5304 3241 5357 colentes
3270 5300 3395 5352 coli-

1811 5415 1924 5453 mus
1947 5409 1993 5453 et
2014 5414 2189 5452 eorum
2211 5405 2425 5467 patrem,
2457 5396 2609 5464 quasi
2639 5395 2810 5449 cultus
2827 5396 3092 5449 minorum
3117 5389 3394 5444 numinum

1813 5490 1864 5544 iu
1898 5488 2054 5542 unius
2092 5487 2286 5542 summi
2335 5487 2562 5555 gloriam
2613 5484 2986 5540 redundasset.
3030 5481 3142 5546 Qua
3189 5479 3398 5534 ratione

1814 5580 2211 5635 multitudinem
2268 5577 2489 5634 deorum
2549 5592 2763 5631 suorum
2836 5574 3148 5643 variumque
3194 5573 3394 5628 cultum

1815 5682 1939 5726 tunc
1965 5671 2222 5740 temporis
2250 5669 2575 5725 excusabant
2610 5666 2828 5722 ethnici.
2881 5689 2894 5694 ~

1889 5765 2056 5835 Epist.
2117 5765 2200 5831 17,
2247 5764 2272 5834 §
2327 5764 2379 5818 2.
2440 5756 2820 5828 Euradd.’res.]
2878 5756 3024 5811 Satn.
3079 5757 3394 5812 Bocltattus.
