3908 6314
561 473 666 530 213

1473 458 2022 522 SUPPLEMENTUII
2064 455 2154 510 AD
2192 454 2418 510 OPERA
2462 456 2518 510 S.
2564 452 2950 512 AUGUSTINI.
3730 451 3818 509 ΞΗ

561 584 860 642 Chanaanis
889 583 969 637 sui
1020 582 1110 638 lib.
1151 598 1208 646 ll,
1240 595 1356 648 cap.
1408 580 1463 644 6,
1512 579 1812 648 suspicatur
1861 573 2142 646 legendum
2173 573 2227 632 Α
2254 571 2492 628 libasset.
2531 570 2662 626 Nam
2708 571 2774 626 de
2805 569 3080 624 laboribus
3113 567 3540 638 llicronymianis
3587 565 3814 634 judicare

557 674 824 737 meaddir,
857 673 956 727 hoc
978 681 1078 737 est,
1109 679 1245 730 ’π’τκ
1275 681 1404 750 ΊὫΠ
1443 667 1919 733 hhanouch-addir,
1971 665 2144 720 initia-

558 776 637 817 tus
661 765 943 834 magniﬁci,
969 764 1219 818 nimirum
1247 761 1364 816 Dei.

633 855 762 908 Ibid.
819 853 1170 925 Abaddires.]
1217 863 1356 912 ’π”τκ
1385 864 1499 920 3N,
1547 852 1808 915 ab-addir,
1861 860 1944 905 est
1994 859 2143 919 pater

559 947 894 1016 magniﬁcus.
934 946 1030 1001 Vix
1062 946 1381 1001 crediderim
1413 944 1604 1013 respici
1625 943 1690 996 ad
1715 941 1942 1011 lapidem
1979 956 2008 993 a
2040 940 2143 996 Sa-

559 1051 716 1092 turno
744 1039 1084 1108 deglutitum,
1122 1053 1241 1092 cum
1275 1038 1345 1092 sit
1366 1052 1541 1092 sermo
1564 1053 1667 1090 non
1691 1035 1758 1089 de
1790 1033 2010 1097 Grzecis.
2045 1034 2140 1088 sed

558 1131 625 1184 de
650 1130 865 1184 Punicis
897 1129 1224 1184 nominibus.

632 1219 761 1274 Ibid.
799 1219 1125 1288 Namp/tanio
1163 1219 1285 1286 quid
1332 1219 1474 1270 aliud
1511 1219 1798 1288 signiﬁcat,
1830 1233 1982 1287 quam
2023 1217 2140 1269 boni

556 1310 696 1379 pedis
724 1310 1012 1363 hominem?
1027 1309 1042 1379 Ι
1082 1309 1355 1363 ΡΙιωιιίεἱθ
1372 1318 1517 1371 ἾῚΞῖΣ
1544 1320 1649 1371 Βῖἓ
1684 1310 1870 1361 naltam
1898 1309 2134 1375 pallamo,

553 1400 821 1468 signiﬁcat
843 1401 1053 1468 pulcher
1083 1409 1154 1454 est
1186 1417 1272 1467 pes
1301 1403 1432 1468 ejus,
1481 1401 1858 1468 interpretibus
1885 1399 2057 1454 Petito
2082 1409 2136 1453 et

554 1491 840 1546 llocharto.
875 1493 1003 1545 Vide
1033 1493 1406 1560 posteriorem,
1451 1493 1568 1546 loco
1599 1492 1832 1546 laudato.

628 1582 794 1649 Epist.
819 1582 910 1650 ‘25,
941 1583 1045 1650 ξι.
1077 1583 1153 1637 De
1192 1583 1638 1638 circumcisione:
1677 1583 1793 1637 Hoc
1839 1583 2136 1638 Sacramen-

553 1687 662 1728 tum
685 1674 969 1728 Iordanem
1001 1677 1214 1744 ﬂuvium
1262 1677 1580 1748 refrenavit.]
1611 1678 1769 1745 Atqui
1798 1677 2132 1731 manifestum

553 1775 636 1818 est
671 1765 924 1820 Hebraeos
954 1766 1243 1820 etiamnum
1275 1768 1674 1823 incircumcisos
1705 1769 1975 1836 trajecisse
2015 1768 2133 1822 Jor-

551 1857 766 1922 danem,
787 1872 848 1911 ex
879 1858 1053 1912 .losua:
1081 1874 1199 1928 cap.
1230 1875 1280 1923 γ,
1311 1860 1346 1913 2
1375 1872 1425 1913 et
1452 1875 1634 1930 scqq.;
1663 1860 1754 1914 sed
1780 1861 2127 1927 Augustinum

2249 661 2421 724 velle,
2453 660 2571 716 sine
2596 661 2872 730 utriusque
2927 659 3066 712 illius
3097 657 3315 726 Lingua:
3343 656 3581 724 diligenti
3613 657 3811 723 studio,

2248 752 2468 822 perinde
2499 764 2580 808 est
2619 767 2682 806 ac
2730 752 2774 805 si
2805 764 2980 805 caecus
3022 757 3178 803 natus
3201 748 3267 802 de
3292 746 3561 803 coloribus
3584 745 3812 815 judicare

2246 844 2609 912 aggrediatur.
2642 843 2747 897 Sed
2778 842 2915 897 bene
2943 848 3027 894 est
3054 839 3193 908 quod
3225 837 3508 894 consilium
3557 839 3813 908 spreverit

2243 933 2628 1002 Hieronymus,
2659 933 2812 1001 cujus
2855 930 3112 1000 judicium
3153 937 3338 998 postea
3366 935 3546 984 secuta
3592 929 3814 982 estuni-

2244 1038 2396 1078 versa
2427 1024 2666 1077 Ecclesia
2698 1023 2905 1077 Latina.

2313 1115 2444 1168 Ibid.
2476 1115 2615 1169 Satis
2645 1126 2813 1167 autem
2845 1115 3022 1167 mirari
3041 1129 3251 1182 nequeo,
3285 1113 3330 1166 si
3350 1112 3546 1181 aliquid
3573 1111 3744 1165 adhuc
3766 1112 3815 1164 in

2242 1205 2512 1258 Hebraicis
2539 1206 2908 1273 exemplaribus
2939 1207 3221 1269 invenitur,
3251 1204 3384 1270 quod
3414 1214 3484 1256 tot
3525 1205 3815 1273 interpretes

2239 1296 2377 1348 illius
2409 1296 2595 1363 lingua:
2637 1297 2966 1365 peritissimos
2989 1295 3225 1365 fugerit]
3270 1296 3336 1347 At
3365 1294 3496 1348 falso
3526 1295 3644 1348 illos
3677 1297 3812 1363 peri-

2240 1388 2476 1441 tissimos
2503 1387 2778 1443 Hebraicac
2807 1389 3002 1458 linguae
3023 1388 3276 1457 putabat;
3311 1401 3430 1439 nam
3451 1402 3574 1440 cum
3600 1386 3686 1440 illa
3717 1387 3808 1441 lin-

2237 1495 2338 1548 gua
2367 1480 2565 1535 dudum
2596 1480 2967 1548 obsolevisset,
3001 1495 3120 1534 cum
3146 1479 3309 1533 Vetus
3336 1477 3729 1532 Testamentum
3756 1479 3802 1532 in

2239 1571 2480 1630 Graecam
2513 1572 2829 1626 translatum
2860 1580 2962 1636 est,
2997 1585 3096 1624 nec
3123 1569 3375 1623 methodo
3403 1567 3570 1626 ferme
3592 1569 3691 1623 ulla
3719 1568 3800 1622 ad-

2229 1661 2330 1731 juti
2359 1661 2588 1717 fuissent
2635 1663 2710 1716 illi
2740 1663 3077 1731 interpretes,
3124 1663 3479 1730 posteriorum
3522 1661 3795 1730 diligentiae

2233 1754 2398 1807 multa
2446 1754 2780 1809 emendanda
2812 1754 3205 1823 relinquebant.
3235 1753 3350 1818 Qua
3381 1752 3590 1806 ratione
3619 1753 3792 1806 factum

2233 1853 2337 1912 est,
2372 1855 2430 1900 ut
2456 1847 2699 1903 ducentis
2728 1846 2922 1902 abhinc
2948 1848 3124 1912 annis,
3156 1846 3246 1900 alii
3278 1860 3440 1916 super
3464 1845 3584 1899 aliis
3615 1845 3791 1900 Biblio-

552 1947 739 2002 I'el'ellit
772 1950 1047 2012 memoria,
1080 1925 1250 2002 raium
1283 1925 1996 2004 Israelitascircumcisione
2038 1950 2130 2003 de-
2167 1925 2208 1984 Β
2236 1957 2353 1994 rum
2378 1943 2701 2010 interpretes
2728 1941 3081 2005 ειειῖιετυηι;
3121 1938 3298 2009 quise
3327 1939 3624 1993 θεουτθιῖυε
3653 1953 3787 2007 quam

554 2053 700 2091 mum
730 2049 976 2107 suscspta
1002 2041 1272 2109 trajecisse
1295 2041 1603 2105 Jordanem,
1627 2058 1728 2111 qua
1758 2041 1825 2096 de
1853 2056 2010 2095 causa
2038 2055 2132 2109 pu-

552 2128 682 2182 tavit
711 2144 874 2197 aquas
903 2129 1147 2184 Jordanis
1172 2133 1405 2185 stetisse.

623 2216 778 2284 Ibid.,
816 2219 842 2289 §
871 2221 924 2274 6.
959 2220 1224 2275 Tollamus
1245 2239 1276 2273 a
1299 2221 1464 2274 medio
1486 2221 1664 2273 inania
1704 2220 1926 2292 objecta,
1957 2237 2071 2291 qua:
2098 2239 2130 2274 a

548 2308 780 2374 partibus
811 2311 1056 2379 imperitis
1067 2313 1260 2382 jactari
1289 2323 1466 2366 contra
1513 2314 1724 2367 invicem
1745 2312 1927 2379 solent,
1961 2329 2050 2366 nec
2075 2324 2130 2366 tu

547 2397 760 2467 objicias
792 2410 1018 2470 tempora
1045 2402 1390 2475 Macariana.]
1413 2404 1500 2458 Sic
1518 2404 1655 2458 dicta
1681 2418 1712 2458 a
1738 2404 1968 2459 Macario
1990 2402 2132 2459 Con-

544 2488 737 2543 stantis
759 2490 889 2558 imp.
915 2491 1086 2561 legato
1107 2493 1196 2561 qui
1223 2494 1520 2547 Donatistas
1548 2508 1651 2548 non
1680 2509 1866 2563 parum
1895 2496 2126 2562 vexavit,

545 2593 689 2634 anno
717 2579 913 2636 Christi
935 2583 1068 2649 548;
1099 2584 1166 2639 ad
1187 2600 1344 2654 quem
1368 2586 1484 2640 vide
1506 2585 1814 2652 Baronium,
1840 2595 1930 2640 aut
1954 2585 2129 2655 Spon-

533 2673 767 2730 'danum.

619 2765 752 2820 Ibid.
770 2767 1294 2841 Circumcellionum.]
1317 2771 1709 2826 Donatistarum
1730 2771 2127 2838 seditiosorum,

546 2860 637 2927 qui
669 2861 858 2914 circum
887 2864 1041 2916 cellas
1071 2866 1420 2932 vagabantur,
1453 2876 1504 2917 et
1539 2864 1751 2930 plebem
1772 2863 1837 2915 ad
1867 2878 2014 2916 arma
2041 2877 2132 2917 ca-

545 2946 740 3015 pienda
790 2950 1138 3005 hortabantur
1165 2963 1352 3006 contra
1384 2954 1662 3019 prmlcctus
1707 2954 1872 3020 impp.
1904 2953 2037 3007 Vide
2061 2952 2129 3009 de

543 3039 612 3093 iis
643 3041 858 3093 eosdem
880 3042 944 3094 ad
969 3057 1164 3094 annum
1192 3040 1390 3095 Christi
1429 3042 1523 3096 3‘2!
1542 3082 1554 3093 .

620 3128 752 3182 Ibid.
768 3127 973 3182 Dictata
993 3131 1230 3183 divinitus
1248 3132 1396 3183 verba
1417 3132 1729 3203 credamus.]
1748 3133 1814 3187 Ut
1828 3134 2128 3203 eloquentia

544 3216 701 3282 hujus
722 3219 893 3271 aetatis
922 3218 1172 3272 tumidior
1197 3230 1333 3287 erat,
1367 3222 1438 3275 ita
1465 3231 1516 3275 ct
1540 3221 1778 3277 ofﬁciosa
1815 3224 1901 3278 illa
1935 3225 2126 3279 huma-

2233 2032 2539 2098 superiores
2559 2046 2622 2085 ea
2669 2041 2877 2086 vertere
2923 2044 3081 2100 posse
3101 2069 3115 2093 ,
3144 2030 3260 2083 sine
3288 2028 3391 2082 ulla
3428 2029 3689 2095 superbia:
3714 2037 3786 2082 aut

2235 2121 2557 2177 temeritatis
2580 2132 2724 2187 nota,
2755 2120 3148 2176 existimarunt.
3173 2119 3260 2174 Sic
3297 2118 3642 2173 fundamento
3661 2159 3674 2179 ,
3699 2133 3784 2186 quo

2232 2217 2344 2264 tota
2381 2210 2716 2266 ratiocinatio
2753 2210 3030 2279 Augustini
3055 2209 3260 2274 nititur,
3285 2211 3530 2274 subruto,
3555 2208 3780 2278 quidquid

2230 2303 2682 2373 superadilicavit
2704 2310 2918 2358 corruat
2943 2316 3166 2356 necesse
3189 2309 3291 2356 est.
3309 2300 3604 2356 Audiamus
3632 2309 3776 2355 tamen

2233 2412 2355 2466 quae
2383 2397 2544 2451 habet
2573 2397 2625 2451 in
2658 2395 3025 2467 sequentibus.

2307 2489 2498 2544 Omitto
2525 2490 2661 2543 enim
2680 2489 3050 2559 Septuaginta,
3074 2489 3137 2542 de
3156 2505 3371 2557 quorum
3395 2489 3472 2540 vel
3497 2487 3699 2554 consilii,
3717 2486 3773 2540 rel

2229 2582 2442 2647 spiritus
2459 2582 2652 2650 majore
2673 2581 2966 2643 concordia,
2989 2595 3140 2649 quant
3161 2581 3203 2632 si
3217 2596 3344 2632 unus
3362 2579 3518 2632 homo
3538 2589 3672 2643 esset,
3690 2595 3766 2631 non

2231 2674 2396 2728 audeo
2423 2675 2478 2726 in
2497 2673 2721 2742 aliquant
2751 2682 2944 2741 partem
2985 2683 3170 2726 certam
3195 2674 3327 2740 ferre
3355 2672 3667 2735 sententiam,
3695 2669 3770 2722 nisi

2231 2765 2369 2834 quod
2391 2767 2464 2819 eis
2494 2765 2900 2835 praeminentem
2937 2764 3294 2816 auctoritatem
3339 2763 3392 2815 in
3433 2763 3528 2816 hoc
3568 2777 3766 2823 munere,

2231 2856 2341 2909 sine
2367 2855 2727 2917 controversia,
2761 2853 3080 2907 tribuendam
3100 2869 3207 2907 esse
3253 2854 3534 2925 existima]
3573 2852 3767 2921 Respicit

2231 2943 2298 2998 ad
2333 2944 2568 3011 putidam
2597 2943 2845 2998 fabellam
2869 2943 2937 2998 de
2962 2957 3226 2998 consensu
3257 2941 3397 2997 LXX
3431 2944 3764 3012 interpretum,

2231 3049 2389 3102 quam
2423 3033 2615 3088 merito
2643 3033 2808 3088 irrisit
2855 3033 3227 3105 Hieronymus,
3258 3044 3418 3104 atque
3468 3036 3766 3104 exploserunt

2225 3124 2338 3192 jam
2370 3138 2558 3177 omnes
2584 3124 2798 3178 eruditi.
2848 3126 2975 3178 Eam
3018 3125 3151 3192 lege,
3181 3125 3222 3179 si
3253 3134 3427 3189 vacat,
3453 3124 3591 3194 apud
3631 3124 3765 3192 ipsum

2236 3214 2609 3284 Augustinum,
2641 3216 2708 3269 de
2731 3215 2958 3269 Civilatc
2983 3217 3074 3271 Dei
3107 3216 3202 3271 lib.
3224 3231 3374 3281 xvm,
3401 3231 3522 3284 cap.
3545 3214 3613 3270 ιε
3639 3213 3766 3268 ctlS.

545 3305 729 3360 nitatis
781 3307 963 3375 verba,
997 3306 1190 3376 quibus
1218 3310 1376 3381 vulgo
1428 3312 1703 3377 utebatur,
1733 3324 1888 3368 erant
1933 3324 2127 3382 praeter

2236 3305 2333 3362 Ubi
2358 3308 2516 3360 etiam
2548 3306 2802 3374 rejeotam
2851 3307 3006 3362 docet
3030 3308 3197 3374 ipsius
3227 3322 3343 3363 aevo
3363 3308 3658 3362 versionem
3679 3304 3770 3359 Ηίθ-

547 3397 762 3452 modum
791 3397 1154 3468 hyperbolice,
1197 3410 1254 3455 ut
1295 3403 1489 3471 passim
1520 3402 1701 3459 videre
1726 3414 1804 3460 est
1834 3404 1886 3459 in
1936 3405 2125 3460 horum

548 3500 847 3560 temporum
868 3495 1242 3563 scriptoribus.
1286 3495 1396 3550 Hoc
1425 3497 1614 3552 eodem
1641 3512 1756 3552 aevo
1784 3497 2004 3552 caelestia
2028 3498 2127 3552 im-

547 3594 850 3650 peratorum
879 3587 1139 3656 rescripta
1181 3587 1516 3655 dicebantur,
1545 3589 1759 3645 calestis
1785 3591 1902 3645 aula
1923 3632 1937 3657 ,
1967 3601 2020 3645 ct
2046 3591 2126 3644 di-

547 3676 732 3730 vinitas
761 3691 824 3731 ac
849 3680 1104 3732 teternitas
1146 3680 1224 3734 eis
1255 3682 1659 3746 tribuebantur;
1691 3685 1830 3751 quod
1863 3683 2128 3738 docebunt

547 3763 802 3835 Epistolas
833 3767 1136 3837 Symmachi
1158 3785 1250 3823 eos
1279 3772 1369 3839 qui
1401 3786 1513 3825 rem
1546 3773 1876 3826 nctissimam
1902 3775 2126 3828 eruditis

549 3856 818 3922 ignOrant.
850 3857 1054 3910 Similia
1085 3859 1244 3910 etiam
1271 3861 1465 3927 passim
1489 3873 1774 3915 occurrent
1805 3863 1857 3915 in
1880 3863 2128 3918 Theodo-

549 3943 702 3996 siano
750 3942 954 3998 codice.
997 3946 1123 4013 Ejus
1172 3963 1413 4015 operosae
1443 3959 1497 4003 et
1550 3951 1728 4004 nimia:
1780 3952 2126 4008 humanitatis

549 4032 820 4099 specimen
848 4034 935 4090 hic
969 4036 1225 4091 habemus
1272 4040 1498 4109 insigne,
1528 4040 1582 4094 in
1606 4042 1760 4097 laude
1781 4043 2126 4112 hyperbolica

552 4122 845 4189 primorutn
874 4127 1520 4198 Augustiniscriptorum;
1552 4147 1692 4201 qum,
1713 4136 1956 4203 quamvis
1976 4151 2130 4205 sper-

553 4213 730 4266 nenda
778 4214 999 4271 minime
1045 4219 1170 4283 sint,
1219 4232 1452 4276 attamen
1499 4223 1822 4293 neophytum
1871 4227 2123 4294 sapiunt,

553 4304 697 4371 quod
730 4321 834 4360 non
864 4317 1023 4377 negat
1063 4309 1175 4377 ipse
1219 4311 1545 4380 Augustinus
1583 4313 1733 4368 initio
1773 4314 2128 4370 lletractatio—

551 4409 700 4449 num.
733 4395 892 4452 Moris
938 4399 1159 4469 hujusce
1189 4402 1530 4471 hyperbolice
1558 4403 1806 4459 laudandi
1844 4415 1898 4460 et
1920 4407 2126 4475 vitupe-

545 4492 700 4547 randi
730 4492 830 4546 nisi
856 4507 1055 4563 gnarus
1083 4494 1151 4548 sit
1194 4495 1384 4562 lector,
1415 4509 1557 4564 saepe
1588 4495 1640 4550 in
1667 4497 1732 4552 iis
1773 4498 2125 4566 scriptoribus

546 4585 760 4641 fallatur
782 4600 1003 4642 necesse
1028 4595 1129 4641 est.
1164 4586 1314 4652 Quod
1346 4590 1508 4641 semel
1538 4591 1809 4642 monuisse
1839 4589 1969 4642 satis
1997 4590 2120 4644 erit.

2231 3398 2438 3466 ronymi
2458 3437 2472 3462 ,
2513 3398 2742 3466 quamvis
2771 3395 2942 3450 Judaei
2981 3399 3258 3467 faterentur
3285 3414 3394 3452 esse
3426 3413 3673 3461 ueracem,
3701 3394 3771 3448 Se-

2231 3491 2498 3561 ptuaginta
2512 3505 2626 3542 vero
2644 3491 2940 3559 interpretes
2963 3490 3013 3542 in
3031 3490 3202 3544 multis
3220 3506 3414 3544 errasse
3429 3490 3772 3543 contenderent.

2229 3583 2434 3638 Dixerit
2459 3581 2598 3637 forte
2626 3582 2890 3650 quispiam
2937 3582 3223 3649 Aristeam,
3269 3582 3548 3639 Philonem
3577 3593 3628 3638 et
3653 3582 3775 3637 lose-

2230 3674 2393 3741 phum
2425 3673 2640 3727 Judmos
2662 3687 2840 3727 veram
2888 3672 3164 3728 historiam
3189 3688 3308 3730 esse
3340 3675 3650 3738 credidisse,
3683 3687 3777 3743 qua:

2229 3765 2296 3819 de
2322 3779 2584 3819 consensu
2637 3764 2774 3818 LXX
2810 3767 3158 3834 interpretum
3205 3767 3566 3833 narrabatur;
3595 3767 3777 3822 univer-

2230 3870 2453 3923 Samqtte
2483 3855 2772 3910 Ecclesiam
2802 3855 3160 3910 Christianam
3192 3856 3515 3926 Hieronymo
3546 3854 3778 3926 antiquio-

2230 3963 2343 4001 rem
2376 3947 2460 4002 illa
2492 3961 2613 4002 esse
2643 3961 2813 4000 usam.
2838 3946 2942 4001 Sed
2975 3956 3031 4001 ut
3059 3949 3274 4023 ὕστερον
3313 3950 3565 4024 πρότερον
3592 3962 3778 4017 respon-

2229 4039 2385 4094 deam
2409 4080 2421 4103 ,
2451 4038 2626 4093 dicam
2678 4039 2969 4108 apostolos,
3007 4038 3097 4109 qui
3121 4039 3262 4108 apud
3300 4039 3485 4094 Grzece
3531 4040 3778 4107 loquentes

2231 4133 2575 4203 Evangelium
2599 4132 2936 4200 nuntiabant,
2965 4132 3056 4187 illa
3077 4146 3198 4188 esse
3220 4147 3367 4197 usos,
3396 4134 3518 4202 quia
3542 4133 3678 4188 nulla
3698 4130 3778 4184 alia

2231 4232 2367 4291 erat,
2393 4231 2448 4277 et
2492 4223 2556 4276 ad
2585 4237 2847 4276 summam
2893 4222 3131 4278 historiae
3173 4233 3228 4279 et
3258 4223 3532 4293 religionis
3577 4224 3780 4279 iudaice

2230 4314 2370 4383 quod
2403 4314 2610 4380 attinet,
2642 4322 2696 4368 et
2724 4325 2985 4384 quatenus
3007 4313 3157 4369 utilis
3186 4324 3301 4369 erat
3326 4314 3688 4384 propagationi
3715 4327 3782 4365 re-

2231 4406 2445 4475 ligionis
2482 4405 2824 4471 Christianae,
2873 4407 3003 4460 satis
3056 4414 3174 4460 erat
3218 4405 3352 4470 ﬁda;
3383 4421 3486 4458 non
3520 4406 3638 4474 quia
3686 4416 3782 4457 eam

2229 4499 2373 4553 vitiis
2398 4497 2646 4553 omnibus
2667 4511 2852 4553 carere
2875 4496 3152 4566 putabant.
3178 4496 3336 4551 Certe
3365 4509 3464 4550 nec
3481 4511 3546 4550 ex
3571 4511 3662 4550 usu
3683 4506 3782 4561 apo-

2235 4588 2514 4651 stolorum,
2557 4602 2654 4643 nec
2696 4603 2762 4642 ex
2798 4588 2922 4642 ullis
2950 4602 3136 4643 eorum
3161 4588 3371 4650 verbis,
3402 4588 3653 4655 colligere
3686 4585 3781 4637 licet

615 4680 892 4750 Epist.96,
918 4677 945 4749 §
972 4679 1024 4733 5.
1051 4648 1460 4745 Quisnumerum
1481 4680 1618 4732 dedit
1645 4681 1730 4732 ille
1750 4688 1894 4733 tonos
1915 4679 1959 4749 ?]
1986 4683 2123 4751 Lege
2150 4648 2205 4708 Β
2231 4693 2349 4734 eam
2381 4648 2786 4733 translationem
2823 4679 2890 4732 ab
2913 4678 2979 4732 iis
3009 4679 3158 4747 quasi
3191 4648 3439 4733 omnibus
3461 4648 3692 4731 nuineris
3711 4673 3783 4726 ab-

548 4777 698 4836 tonis,
728 4774 827 4828 hoc
847 4768 958 4838 est,
979 4771 1174 4842 quibus
1204 4770 1386 4825 tribuit
1429 4785 1706 4824 numerum
1731 4771 2032 4837 tonitribus,
2066 4783 2124 4828 ut

551 4875 740 4914 versus
761 4876 990 4931 sequens
1022 4861 1274 4917 ostendit.
1308 4860 1528 4915 Videtur
1568 4861 1836 4929 respicere
1867 4864 1931 4914 ad
1961 4863 2124 4918 libros

554 4950 805 5003 Varronis
832 4953 898 5006 de
923 4953 1141 5020 Musica,
1163 4953 1229 5008 ad
1252 4967 1386 5022 quos
1406 4951 1780 5022 intelligendos
1811 4953 2126 5024 indiguisset

550 5037 824 5092 Licentius
853 5042 1145 5106 Augustino
1177 5044 1485 5112 interprete.

618 5127 787 5194 Epist.
816 5127 907 5193 9.8,
940 5128 966 5197 ς
994 5128 1050 5182 2.
1079 5129 1153 5182 De
1181 5135 1426 5186 vertendis
1464 5143 1633 5187 autem
1664 5136 1717 5187 in
1740 5133 1980 5187 Latinam
2026 5135 2127 5188 lin-

546 5234 701 5290 guam
726 5219 911 5270 sanctis
955 5218 1158 5272 Litteris
1205 5223 1503 5289 canonicis,
1532 5223 1766 5279 laborare
1808 5236 1856 5278 te
1902 5227 2123 5292 nollem;

547 5314 648 5368 nisi
670 5326 730 5366 eo
751 5309 922 5375 modo,
947 5326 1050 5380 quo
1076 5309 1177 5364 Job
1201 5310 1557 5381 interpretatus
1587 5331 1669 5380 es;
1701 5326 1756 5370 ut
1781 5318 1940 5387 signis
1969 5317 2123 5371 adhi-

547 5408 681 5469 bitis,
712 5404 833 5472 quid
853 5405 986 5458 inter
1008 5402 1140 5458 hanc
1158 5400 1320 5470 tuam,
1344 5415 1391 5457 et
1419 5405 1782 5478 Septuaginta,
1813 5427 2029 5479 quorum
2052 5422 2124 5465 est

547 5497 843 5566 gravissima
859 5499 1157 5560 auctoritas,
1171 5494 1638 5565 interpretationem
1653 5499 1803 5552 distet
1824 5501 2121 5572 appareat.]

550 5587 738 5640 Mirum
769 5598 872 5657 est,
904 5589 1175 5645 hominem
1197 5590 1521 5657 modestum,
1545 5590 1724 5647 statim
1755 5607 1818 5647 ac
1849 5595 2125 5665 presbyter

555 5678 722 5729 tactus
752 5687 889 5742 erat,
917 5693 1222 5748 aggressum
1251 5694 1370 5736 esse
1392 5679 1669 5734 consilium
1696 5682 1826 5736 dare
1846 5684 1960 5738 viro
1989 5685 2123 5737 mul-

553 5777 604 5817 to
643 5765 866 5820 doction'
887 5807 899 5829 ,
930 5769 997 5823 de
1025 5786 1082 5824 rc
1126 5771 1278 5836 cujus
1309 5773 1465 5837 plane
1496 5773 1777 5838 imperitus
1826 5783 1970 5839 crat,
2002 5789 2122 5829 cum

552 5854 810 5917 Ilehraice
845 5858 996 5926 plane
1022 5862 1272 5925 nesciret,
1302 5873 1352 5914 et
1385 5861 1621 5917 Grmcam
1655 5864 1885 5930 linguam
1912 5866 2007 5921 vix-
2031 5868 2123 5924 dc-

2227 4768 2460 4823 solutam
2487 4767 2742 4824 habitam.
2765 4769 2822 4824 Si
2845 4768 3001 4823 aliter
3014 4776 3302 4838 sequentes
3318 4776 3504 4822 aetates
3521 4765 3780 4822 senserint.

2228 4875 2335 4914 non
2387 4861 2630 4930 sequitur
2675 4861 2745 4915 ita
2790 4860 3024 4916 sensisse
3074 4860 3368 4931 apostolos.
3413 4860 3494 4914 Ad
3535 4855 3782 4914 historiam

2229 4964 2362 5006 vero
2391 4951 2666 5006 Judaicam
2693 4951 2834 5021 quod
2861 4959 3066 5018 spectat
3095 4952 3162 5005 de
3184 4965 3448 5005 consensu
3482 4950 3623 5004 LXX
3649 4950 3782 5002 inter-

2229 5052 2466 5112 pretum,
2497 5043 2566 5096 ita
2595 5050 2677 5096 est
2705 5040 2974 5096 confutata
3003 5057 3035 5097 a
3054 5043 3182 5097 viris
3204 5042 3400 5110 doctis,
3429 5050 3488 5096 ut
3517 5055 3671 5096 nemo
3689 5051 3782 5093 eam

2233 5133 2527 5189 defendere
2575 5148 2696 5187 cum
2741 5133 2916 5202 aliqua
2969 5135 3085 5190 veri
3133 5135 3312 5203 specie
3356 5133 3545 5203 possit.
3577 5131 3786 5196 Denique

2231 5225 2474 5295 quisquis
2497 5226 2733 5280 conferet
2760 5225 3079 5280 Hebraicum
3110 5233 3350 5282 nostrum
3375 5225 3650 5294 exemplar
3687 5234 3785 5275 cum

2230 5329 2292 5370 ea
2319 5314 2695 5380 translatione,
2725 5315 3019 5384 comperiet
3046 5330 3164 5371 eam
3191 5325 3398 5370 scatere
3413 5315 3558 5369 vitiis
3586 5308 3786 5368 manife—

2230 5407 2349 5471 stis,
2383 5416 2442 5460 ut
2467 5406 2656 5476 optimi
2681 5405 2882 5476 quique
2933 5406 3254 5474 interpretes
3293 5405 3662 5460 ostenderunt.
3687 5398 3786 5454 Scio

2237 5513 2343 5552 non
2374 5496 2608 5552 defuisse
2651 5497 2795 5552 viros
2825 5497 3198 5551 bumaniorum
3234 5496 3535 5551 litterarum
3568 5493 3782 5563 peritos,

2234 5589 2329 5658 qui
2355 5589 2511 5644 aliter
2531 5597 2840 5655 censerent;
2871 5589 2964 5643 sed
2992 5597 3083 5643 aut
3106 5603 3375 5658 nunquam
3401 5587 3546 5642 illam
3572 5583 3778 5640 collatio-

2236 5695 2358 5734 nem
2407 5672 2690 5750 diligenter
2733 5679 3100 5743 instituerant,
3148 5687 3240 5732 aut
3284 5693 3388 5731 non
3431 5677 3776 5731 intellexerunt

2235 5782 2516 5830 utramoue
2547 5771 2801 5842 linguam,
2827 5777 2920 5824 aut
2945 5769 3232 5839 pertinacia
3269 5768 3690 5822 imbecillitateve
3708 5763 3773 5827 ju-

2235 5867 2352 5922 dicii
2381 5866 2711 5921 laborarunt.
2747 5863 2908 5934 Igitur
2937 5878 3043 5918 non
3071 5862 3242 5930 major
3275 5869 3449 5930 potest
3476 5873 3594 5916 esse
3614 5865 3769 5912 aucto.
