3908 6312
188 325 274 382 245

856 313 1208 370 VARIOR-UM
1250 302 1840 366 EXERCITATIONES
1881 301 1943 356 IN
1986 300 2042 357 S.
2084 298 2452 356 AL‘GUSTINI
2492 298 2718 352 OPERA

3323 299 3434 354 216

191 443 305 496 ritas
331 435 470 492 LXX
499 433 858 500 interpretum
890 444 1046 497 quam
1078 442 1162 481 res
1205 426 1317 493 ipsa
1341 423 1566 491 patitur,
1598 417 1749 488 quid-
1779 418 1826 474 A
1856 416 2240 485 Hieronymus;
2276 414 2436 484 quod,
2463 415 2602 468 edita
2637 415 2882 467 versione
2904 429 3016 476 sua,
3047 431 3150 482 pos.
3170 425 3258 468 ent
3280 413 3427 468 intel-

189 533 299 604 quid
322 538 504 586 contra
531 527 880 580 ratiocinetur
911 520 1256 589 AuguStinus.
1277 517 1468 567 νι-ιυιιι
1487 513 1748 567 rationem

189 602 269 682 cur
298 621 506 676 vitiosis
554 612 994 672 translationibus
1024 621 1076 665 et
1107 609 1379 664 codicibus
1412 602 1752 674 pertinaciter

189 732 268 770 usa
295 715 404 766 sint
448 709 665 764 indocta
711 706 801 759 illa
831 703 1047 766 smcula,
1095 702 1322 769 ingenue
1361 696 1569 766 aperuit
1596 693 1751 749 Joan.

187 806 415 861 Clericus
446 800 755 866 Qua-suone
786 793 1195 863 llieronymiana
1221 788 1326 858 9,§
1360 789 1445 842 18.
1473 786 1648 853 Pergit
1680 792 1755 835 ta-

185 913 295 952 men
315 892 646 962 Augustinus
659 888 724 941 de
744 901 825 950 re,
838 898 996 954 quam
1012 898 1115 936 non
1140 879 1485 947 intelligebat,
1502 874 1752 943 argutari.

244 986 363 1047 Illi,
389 983 577 1052 inquit,
601 996 680 1033 me
710 979 820 1044 plus
849 983 1068 1036 movent,
1093 973 1312 1041 quicum
1344 967 1648 1038 posteriores
1679 966 1756 1015 in-

183 1085 600 1142 terpretarentur,
625 1081 670 1123 et
698 1069 962 1122 verborum
987 1066 1399 1125 locutionumque
1424 1058 1759 1111 chra‘arum

182 1168 310 1221 riam
351 1175 501 1233 atque
523 1160 724 1230 regulas
769 1155 1056 1220 mordicus,
1087 1163 1140 1205 ut
1176 1153 1359 1221 fertur,
1385 1157 1627 1226 tenerent,
1659 1162 1760 1197 ncn

180 1260 343 1314 solum
363 1257 494 1307 inter
514 1271 567 1306 se
595 1256 977 1311 consenserunt,
1008 1246 1097 1300 sed
1123 1245 1272 1298 etiam
1295 1243 1606 1311 reliquerunt
1628 1236 1763 1290 mul—

179 1361 251 1410 ta,
287 1363 409 1416 qua:
445 1354 585 1396 tanto
616 1350 727 1409 post
773 1338 995 1393 eruenda
1025 1344 1072 1389 et
1101 1333 1365 1407 prodenda
1401 1323 1765 1394 remanerent]

181 1438 398 1507 Aquili,
433 1432 818 1504 Symmachus,
852 1426 1187 1481 Theodotion
1238 1433 1292 1479 et
1316 1422 1403 1476 alii
1449 1423 1762 1487 interpretes

180 1527 378 1594 Graeci,
406 1524 647 1594 quamvis
674 1520 888 1585 eruditi,
912 1517 1058 1572 omni
1089 1517 1287 1572 erroris
1308 1513 1548 1583 periculo
1579 1524 1762 1563 exeun-

185 1620 260 1688 pti
294 1633 404 1673 non
431 1624 612 1675 erant;
644 1627 740 1666 nec
766 1611 961 1678 lingua:
997 1606 1270 1686 lle’braicze
1304 1617 1469 1672 usque
1507 1601 1642 1654 adeo
1673 1614 1764 1667 pe-

181 1710 300 1774 riti,
341 1721 463 1761 cum
495 1703 692 1758 dudum
734 1702 1082 1754 intermortua
1131 1705 1305 1759 esset,
1350 1703 1401 1744 ut
1433 1692 1614 1744 nullus
1646 1698 1764 1758 post

1857 507 2021 575 ligere
2043 508 2168 576 quid
2201 508 2432 559 maxime
2465 505 2739 575 probabile
2772 505 2820 557 io
2857 503 3057 558 Graecis
3091 507 3430 560 versiouibus

1855 605 2020 663 esset,
2043 614 2108 653 ex
2138 613 2365 666 quarum
2399 598 2734 667 potissimum
2763 585 3049 651 collatione
3093 611 3241 650 suam
3275 597 3430 649 ador-

1857 698 2097 743 naverat.
2125 689 2236 742 lluc
2257 687 2543 743 accedebat
2573 687 2712 756 quod
2735 703 2800 742 ex
2816 688 3214 756 comparatione
3241 688 3430 742 Hiero-

1861 779 2124 849 nymiante
2149 778 2413 832 versionis
2429 793 2546 831 cum
2568 777 2754 832 Grazca
2775 778 2915 832 LXX
2943 779 3318 846 interpretum,
3343 789 3432 833 ant

1859 871 1974 933 ejus
2004 869 2451 922 translationibus
2479 867 2699 934 Latinis,
2730 884 2834 922 non
2878 869 3065 937 exigua
3096 868 3183 920 lux
3213 868 3430 922 lectori-

1811 1009 1814 1012 .
1864 960 1960 1011 bus
1989 958 2286 1027 aliulgeret.
2317 957 2465 1011 Nunc
2494 973 2621 1012 vero
2645 973 2741 1026 pro
2767 958 2969 1027 gratiis,
3001 972 3133 1026 quas
3171 957 3220 1011 ei
3263 957 3430 1011 debe~

1861 1051 2010 1110 bant,
2035 1050 2275 1103 homines
2304 1050 2532 1117 imperiti
2565 1059 2618 1102 et
2648 1049 2950 1118 pertinaces
2972 1049 3186 1103 labores
3214 1051 3329 1117 ejus
3355 1049 3434 1102 in-

1863 1125 2061 1194 famare
2089 1140 2263 1193 conati
2301 1149 2445 1194 sunt.
2475 1139 2651 1206 Quare
2700 1140 2862 1194 vero?
2894 1139 3027 1206 Quia
3057 1139 3122 1194 iis
3165 1139 3434 1195 laboribus

1863 1230 2101 1299 liquebat
2128 1244 2221 1284 eos
2262 1230 2579 1294 innumera,
2613 1229 2664 1281 in
2696 1229 2889 1283 Vetere
2922 1229 3213 1294 praesertim
3249 1229 3434 1282 Testa-

1866 1329 2067 1383 mento,
2095 1320 2235 1374 male
2262 1321 2450 1374 solitos
2487 1320 2860 1388 interpretari;
2889 1320 3037 1388 sique
3067 1322 3225 1387 vulgo
3255 1321 3435 1387 opinio

1866 1410 2188 1465 obtinuisset
2209 1410 2498 1477 Scriptura:
2520 1411 2795 1464 versiones
2825 1424 3012 1464 omnes
3042 1425 3161 1464 esse
3201 1425 3324 1465 cum
3347 1426 3435 1463 ar-

1868 1501 2108 1570 thelypis
2155 1500 2507 1554 conferendas
2530 1541 2542 1564 ,
2576 1501 2770 1568 quippe
2810 1515 2928 1568 quin
2955 1498 3141 1554 fallere
3172 1509 3389 1567 possent
3420 1543 3434 1564 ,

1866 1576 2038 1643 actum
2065 1599 2176 1642 erat
2205 1590 2271 1641 de
2295 1590 2594 1642 erutlitio..e
2619 1590 3025 1641 innumerorum.
3044 1574 3315 1642 rhetorum
3341 1589 3437 1641 La-

1868 1681 2120 1743 tinorum,
2147 1681 2232 1747 qui
2258 1693 2353 1732 nec
2384 1677 2568 1732 Graece
2609 1693 2706 1736 nec
2737 1678 2994 1732 l‘lebraice
3017 1677 3277 1731 sciebant.
3314 1679 3388 1730 11.ι
3409 1694 3438 1730 c

182 1767 372 1854 eorum
410 1809 640 1849 messem
685 1789 959 1859 spicilegio
996 1788 1142 1840 locus
1171 1785 1323 1838 foret.
1349 1782 1609 1835 Praeterea
1638 1789 1762 1832 sunt
1799 1767 1839 1825 Β
1868 1771 2026 1839 paulo
2053 1771 2342 1839 copiosius,
2385 1779 2567 1839 postea
2613 1783 2942 1838 nequaquam
2973 1769 3282 1838 repetenda,
3317 1786 3436 1835 per-

185 1889 352 1943 nmlta
385 1887 500 1938 loca
527 1883 733 1937 Veteris
760 1878 1085 1933 Testamenti
1115 1884 1206 1929 aut
1254 1885 1473 1944 propter
1501 1887 1589 1926 res
1616 1871 1759 1938 ipsas

188 1982 340 2035 nobis
363 1979 570 2048 ignotas
592 2018 606 2042 ,
633 1981 726 2028 aut
751 1979 968 2042 pr0pter
1001 1969 1214 2024 codices
1235 1967 1548 2035 antiquitate
1571 1963 1762 2030 depra-

189 2079 366 2132 νάιος,
397 2068 652 2126 obscura;
683 2077 800 2128 quae
830 2060 920 2114 alii
951 2059 1066 2112 aliis
1088 2057 1280 2112 melius
1307 2051 1640 2121 interpretari
1665 2063 1761 2104 nos

189 2176 346 2228 posse
387 2156 711 2226 conjectnris
747 2162 801 2208 et
851 2148 1384 2212 ratiocinationibus,
1435 2161 1554 2215 qua:
1602 2144 1762 2197 varia:

188 2261 333 2315 sunt,
364 2249 752 2304 existimamus.
787 2243 949 2313 Multa
1000 2248 1125 2295 sunt
1172 2240 1367 2304 etiam,
1400 2238 1450 2290 in
1479 2235 1617 2305 stylo
1648 2235 1762 2300 ipso

191 2342 428 2408 ptiorum
485 2338 855 2403 interpretum,
901 2345 1017 2401 qua:
1046 2329 1388 2396 sequentibus
1437 2326 1612 2380 minus
1651 2323 1760 2392 pla-

190 2441 316 2486 ernt
343 2439 399 2483 et
425 2426 758 2482 emendanda
789 2423 1052 2476 videntur.
1089 2421 1313 2490 Aquila,
1356 2419 1499 2474 verbi
1548 2414 1716 2487 gratia
1742 2454 1759 2480 ,

190 2517 572 2589 translationes
619 2514 964 2570 obscuriores
1014 2519 1199 2577 erant,
1243 2508 1386 2577 quod
1416 2508 1580 2563 verbo
1611 2515 1763 2560 tenus

189 2612 366 2664 oumia
392 2617 601 2662 vertere
629 2615 848 2660 conatus
877 2612 1039 2666 esset,
1068 2616 1226 2670 quam
1255 2609 1311 2654 ut
1337 2613 1364 2652 a
1387 2598 1572 2669 peritis
1601 2595 1764 2652 solius

189 2704 389 2772 lingua:
420 2698 620 2754 Graecae
649 2696 868 2764 intelligi
899 2693 1095 2762 ubique
1126 2699 1364 2762 possent.
1409 2689 1650 2756 Denique
1675 2700 1762 2739 eo.

188 2807 305 2847 rum
335 2791 612 2846 dissensus
640 2796 820 2842 tantus
845 2800 951 2840 non
984 2793 1121 2849 erat,
1146 2791 1203 2836 ut
1223 2780 1290 2835 de
1315 2793 1521 2836 summa
1553 2777 1625 2830 rei
1659 2791 1764 2828 non

189 2880 581 2935 consentirent.
626 2879 691 2932 At
736 2889 1009 2930 sacrarum
1047 2872 1370 2927 Litterarum
1423 2867 1681 2932 studiosi,
1714 2874 1767 2921 et

189 2972 277 3040 qui
315 2970 528 3040 publice
570 2983 661 3023 cas
700 2966 840 3036 apud
885 2964 1198 3018 concionem
1242 2963 1684 3029 interpretantur,
1712 2958 1763 3016 in

187 3064 302 3116 sola
325 3061 404 3117 rei
430 3075 633 3137 summa
666 3074 770 3113 non
792 3059 1173 3127 acquiescunt:
1202 3056 1296 3110 sed
1322 3054 1550 3123 singula,
1584 3061 1767 3122 quate-

1863 1859 2032 1912 secuti
2063 1873 2269 1921 sumus,
2306 1859 2445 1927 quod
2474 1859 2775 1912 videremus
2805 1859 3204 1926 ilipponensem
3230 1859 3439 1926 episco-

1864 1965 1986 2017 pum
2041 1949 2384 2016 pertinaciter
2437 1949 2638 2003 homini
2675 1948 2900 2004 doctiori
2954 1958 3114 2018 atque
3172 1949 3438 2003 immerito

1863 2040 2204 2095 adversatum
2234 2040 2254 2092 f
2256 2040 2418 2094 uisse.

1935 2129 2256 2197 lecroqui,
2287 2145 2407 2183 cum
2442 2130 2493 2182 in
2522 2129 2609 2192 iis,
2636 2144 2753 2198 quae
2778 2144 2844 2184 ex
2868 2143 3010 2184 mera
3033 2129 3440 2185 ratiocinatione

1865 2221 2124 2291 pendent,
2157 2220 2483 2290 Hieronymo
2523 2219 2743 2277 inferior
2774 2236 2878 2276 non
2910 2230 3052 2275 esset
3077 2222 3437 2290 Augustinus;

1865 2313 1917 2366 in
1937 2328 2001 2367 eo
2023 2313 2323 2368 litterarum
2341 2313 2457 2381 ejus
2476 2311 2672 2380 capite,
2696 2311 2836 2381 quod
2863 2319 3070 2380 Spectat
3090 2314 3283 2366 factum
3307 2311 3441 2365 Pau-

1865 2403 1922 2471 li,
1950 2403 2068 2458 sine
2097 2402 2258 2456 dubio
2278 2402 2552 2458 meliorem
2575 2415 2794 2456 causam
2811 2401 3079 2467 defendit;
3099 2401 3238 2471 quod
3266 2402 3439 2455 liben~

1867 2508 1946 2559 ter
1977 2494 2063 2552 hic
2092 2495 2461 2561 observamus,
2489 2508 2557 2549 ne
2598 2493 2930 2565 Hieronymo
2970 2502 3165 2563 praeter
3190 2493 3440 2548 meritum

1866 2587 2065 2655 favere,
2095 2587 2180 2642 vel
2206 2587 2502 2657 Augustino
2531 2599 2686 2655 aquo
2711 2586 2917 2642 facilius
2953 2586 3234 2641 adversari
3263 2587 3443 2641 videa-

1867 2694 1954 2730 mu
1964 2692 2010 2730 Γ.

1939 2767 2110 2836 Epist.
2158 2766 2261 2833 51,
2296 2766 2323 2838 §
2364 2767 2422 2820 2.
2462 2764 2653 2821 Aderat
2696 2767 2849 2821 etiam
2895 2766 3031 2835 quod
3081 2763 3216 2820 nulli
3255 2767 3445 2820 charta

1867 2860 2044 2912 ades-e
2092 2867 2274 2926 potest,
2318 2858 2592 2914 tantum-in
2622 2859 2948 2912 narrantibus
2976 2859 3247 2927 gaudium,
3279 2870 3332 2912 ut
3360 2875 3445 2928 per

1868 2950 2036 3014 ipsum
2062 2951 2213 3002 etiant
2237 2948 2433 3003 vultum
2454 2950 2724 3018 oculosque
2745 2950 3076 3018 lolluentium,
3097 2964 3182 3003 vos
3203 2951 3254 3003 in
3278 2951 3446 3003 cordi-

1868 3040 1958 3090 bus
1982 3055 2151 3091 eorum
2173 3040 2408 3108 scrip'os,
2446 3055 2561 3092 cum
2605 3039 2851 3106 ineffabili
2886 3038 3088 3103 lwtitia,
3121 3037 3448 3112 leg'eremus.]

189 3171 292 3210 nus
332 3133 480 3218 licet,
516 3153 811 3221 intelligere
837 3158 1118 3224 conantur.
1151 3148 1274 3202 Hec
1313 3161 1432 3200 cum
1463 3144 1768 3199 faciliaisint

1881 3128 1984 3182 lluc
2015 3138 2115 3188 est.
2144 3129 2248 3183 alte
2271 3130 2456 3183 eoruin
2486 3130 2755 3184 memoriae
2786 3131 3096 3196 impressos.
3133 3130 3207 3185 De
3235 3146 3338 3199 qua
3362 3131 3446 3184 ln-

188 3244 497 3313 excogitatu
525 3256 698 3296 rerum
735 3241 941 3310 peritis,
982 3239 1209 3293 obscura
1257 3247 1432 3290 tamen
1479 3243 1633 3289 erant
1662 3237 1769 3288 At:-

187 3336 425 3401 gustino,
454 3332 542 3402 qui
565 3346 628 3385 ex
656 3330 840 3383 auditu
863 3329 928 3383 de
951 3327 1015 3383 iis
1036 3326 1766 3396 interpretibusloquebatur,

188 3440 289 3479 nec
315 3439 429 3479 rem
474 3423 647 3492 ipsam
673 3421 1020 3488 introspicere
1058 3420 1172 3487 ipse
1213 3425 1438 3487 poterat.
1466 3416 1641 3482 Quare
1684 3414 1770 3468 hic

187 3531 338 3579 ntere
360 3522 676 3585 σκιαμαχεῑ,
696 3512 936 3582 quamvis
961 3518 1115 3564 acute
1143 3510 1417 3578 disputare
1438 3506 1538 3563 sibi
1560 3506 1770 3561 videre-

191 3616 298 3668 tur,
329 3603 630 3672 prwsertim
663 3602 714 3655 in
746 3599 1095 3668 sequentibus
1133 3598 1330 3654 verbis.

264 3693 332 3747 Et
353 3704 444 3746 aut
474 3694 687 3747 obscura
712 3700 852 3757 sunt,
882 3700 968 3744 aut
993 3691 1284 3760 manifesta.
1316 3686 1378 3744 Si
1398 3691 1531 3744 enim
1559 3688 1772 3744 obscura

189 3797 331 3849 sunt,
357 3796 407 3841 te
435 3799 629 3854 quoque
668 3784 720 3837 in
740 3786 812 3837 eis
841 3783 956 3851 falli
989 3783 1210 3850 potuisse
1252 3782 1513 3847 creditur;
1534 3782 1580 3834 si
1606 3781 1771 3834 mani-

191 3879 356 3944 festa,
399 3876 514 3928 illos
564 3876 615 3928 in
656 3876 725 3928 eis
775 3874 888 3943 falli
933 3890 1032 3927 non
1086 3874 1306 3942 potuisse
1345 3890 1450 3926 non
1504 3869 1770 3941 creditum]

191 3967 357 4019 Multa
384 3973 508 4018 sunt
533 3963 810 4033 utriusque
847 3962 1059 4032 generis
1096 3964 1147 4016 in
1179 3962 1358 4017 Veteri
1386 3962 1730 4016 Testamento
1755 4005 1770 4031 ,

191 4065 357 4124 atque
392 4057 442 4108 in
473 4054 704 4109 maxime
730 4053 944 4123 quidem
976 4051 1504 4121 perspicuis,quibus
1533 4052 1774 4105 contine-

193 4158 280 4201 tur
311 4161 524 4200 summa
555 4144 824 4214 religionis
855 4153 906 4199 et
934 4143 1169 4198 historize
1192 4142 1448 4206 Judaicaa,
1475 4146 1776 4197 consentie-

190 4242 324 4291 bant
348 4238 520 4291 (ἔτωεί
546 4238 886 4303 interpretes.
917 4236 971 4288 ln
1005 4235 1124 4288 aliis
1153 4249 1452 4303 quanquam
1480 4234 1773 4288 attendenti

195 4341 251 4382 et
281 4329 457 4397 perito
488 4326 668 4390 claris,
697 4326 859 4379 nnilta
890 4332 1209 4393 supererant
1253 4324 1564 4392 explicanda
1588 4365 1601 4388 ,
1635 4321 1775 4391 quod

194 4419 407 4486 priores
433 4417 750 4484 interpretes
779 4413 1061 4483 aliquando
1091 4412 1493 4476 dormitassent,
1525 4423 1612 4466 aut
1635 4428 1778 4480 qua:-

1871 3220 2085 3272 cutione
2115 3219 2238 3274 vide
2261 3235 2379 3288 qua:
2412 3219 2571 3274 habet
2593 3220 2748 3273 Joan.
2795 3221 3033 3275 Clericus
3072 3220 3218 3275 Artis
3250 3222 3448 3276 critica:

1872 3321 2009 3377 part.
2036 3311 2071 3364 2
2101 3322 2232 3365 sect.
2269 3312 2317 3373 1,
2351 3326 2467 3377 cap.
2495 3311 2548 3376 4,
2587 3310 2612 3381 §
2641 3312 2695 3364 8.
2957 3373 2964 3379 η

1944 3400 2102 3466 lbid.,
2139 3401 2165 3470 §
2213 3401 2266 3454 4.
2298 3401 2416 3454 Nisi
2458 3404 2705 3470 majorem
2735 3403 2857 3455 milii
2884 3404 3266 3472 coepiscopdtus
3291 3404 3451 3458 sarci-

1872 3511 1991 3548 nam
2020 3493 2340 3564 imponcret.]
2372 3493 2502 3546 Vide
2531 3494 2592 3544 ad
2622 3495 2780 3562 epist.
2807 3493 2935 3557 213,
2969 3496 3022 3547 4.

1947 3589 2116 3658 Epist.
2149 3587 2235 3651 55,
2265 3587 2292 3657 §
2337 3589 2386 3640 1.
2415 3584 2533 3638 Non
2556 3589 2688 3636 enim
2717 3601 2937 3637 errorem
2968 3587 3298 3639 scliismatis..
3330 3625 3343 3639 .
3373 3589 3453 3637 di-

1871 3695 2026 3750 gnum
2053 3678 2242 3731 [tonare
2267 3676 2438 3745 aliqua
2466 3675 2692 3728 existimo
2718 3674 2844 3738 ;sed
2883 3682 2998 3726 ante
3021 3682 3068 3727 te
3089 3674 3290 3740 omnia,
3315 3676 3452 3743 quod

1874 3774 2035 3839 ipsius
2080 3769 2221 3823 nobis
2265 3769 2502 3821 humana:
2551 3767 2801 3820 societatis
2859 3766 3066 3840 vinculo.
3107 3766 3450 3837 astringet'is.J

1876 3861 1987 3918 lmo
2008 3873 2138 3915 vero
2167 3858 2466 3916 communis
2509 3857 2782 3925 religionis
2815 3855 3156 3921 Christianae,
3195 3868 3317 3910 nam
3349 3857 3453 3911 Do-

1878 3953 2102 4007 natisms
2130 3950 2412 4005 Christiani
2438 3963 2551 4002 rnm
2585 3962 2810 4001 numero
2837 3947 3104 4002 habebant
3156 3947 3401 4002 catholici
3434 3966 3448 4012 ;

1868 4043 2301 4121 qnandoquidem
2335 4056 2428 4096 eos
2451 4041 2515 4094 ad
2547 4039 2863 4094 catholicam
2902 4039 3195 4096 Ecclesiam
3225 4042 3453 4097 redeun-

1882 4148 1962 4193 tes
1985 4137 2207 4191 toinime
2241 4133 2664 4200 rebaptizabant.

1948 4229 2118 4298 Epist.
2150 4228 2240 4292 '53,
2276 4225 2303 4296 §
2341 4227 2390 4279 1.
2437 4223 2710 4280 Publicum
2758 4223 3006 4292 oﬂicium,
3037 4221 3165 4292 etc]
3205 4223 3340 4279 Vide
3388 4223 3455 4278 ad

1878 4320 2038 4389 epist.
2063 4319 2154 4384 9t,
2186 4317 2213 4387 §
2246 4319 2300 4372 8.

1955 4411 2126 4480 Epist.
2155 4409 2368 4476 '56,§2.
2403 4406 2469 4466 In
2513 4407 2587 4459 his
2618 4407 2752 4460 enim
2791 4407 2974 4469 rebus,
3008 4406 3070 4459 de
3107 4403 3288 4477 quibus
3328 4404 3456 4457 nihil

97 4535 105 4546 ο
192 4512 318 4569 dam
350 4508 581 4562 assecuti
601 4521 705 4560 non
732 4505 984 4570 fuissent;
1009 4504 1150 4574 quod
1175 4518 1362 4558 omnes
1385 4513 1773 4572 postremorum
1804 4477 1856 4538 D
1883 4504 2006 4557 certi
2041 4502 2213 4555 statuit
2253 4499 2524 4568 Scriptura
2555 4499 2750 4562 divina,
2781 4513 2890 4550 mos
2921 4497 3097 4565 populi
3128 4493 3244 4560 Dei,
3274 4494 3350 4548 vel
3378 4495 3457 4546 in-

190 4599 517 4653 szeeulorum
552 4597 872 4665 interpretes
904 4602 1155 4664 expertos
1183 4608 1242 4648 se
1265 4609 1384 4649 esse
1410 4593 1601 4648 merito
1630 4593 1777 4648 dicti-

196 4700 332 4744 tant.
364 4689 416 4741 ln
448 4687 710 4752 obscuris,
739 4686 842 4741 hoc
856 4693 938 4741 est
959 4686 1010 4740 in
1043 4683 1109 4738 iis
1127 4700 1246 4753 qua:
1272 4685 1338 4738 ab
1364 4685 1580 4738 homine
1606 4685 1778 4754 perito

196 4782 270 4834 ita
297 4781 577 4849 explanari
606 4793 712 4833 non
742 4786 986 4846 possunt,
1030 4785 1088 4831 ut
1118 4778 1256 4832 ausit
1280 4777 1548 4831 afﬁrmare
1577 4777 1778 4830 nullam

197 4872 357 4924 aliam
388 4884 544 4938 posse
589 4869 764 4922 verbis
807 4868 1033 4922 subesse
1085 4865 1428 4929 sententiam,
1460 4866 1584 4934 quid
1638 4874 1781 4918 vetat

198 4963 434 5028 plurium
467 4959 858 5027 explicationes
887 4957 1110 5012 audire?
1140 4958 1331 5010 Annon
1356 4971 1564 5024 semper
1596 4957 1664 5009 ita
1689 4971 1780 5010 so-

200 5055 271 5111 let
304 5051 421 5105 fieri
449 5053 471 5104 ?
504 5055 692 5104 Annon
723 5049 1050 5115 Augustinus
1081 5048 1194 5116 ipse
1236 5046 1409 5100 varias
1460 5048 1654 5114 passim
1701 5048 1782 5101 in-

201 5141 617 5211 terpretationes
657 5139 899 5209 profert?
929 5139 1115 5195 Nullus
1168 5139 1430 5207 interpres
1473 5151 1593 5191 sese
1632 5137 1783 5205 quasi

201 5232 405 5288 erroris
435 5230 725 5284 immunem
749 5228 1013 5294 venditat,
1043 5228 1134 5281 sed
1160 5237 1309 5296 putat
1334 5237 1555 5291 tantum,
1591 5228 1651 5287 in
1671 5243 1783 5279 am-

205 5321 406 5391 higuis,
440 5317 811 5374 verisimiliora
835 5317 1078 5386 quzedam
1109 5327 1198 5372 aut
1232 5329 1376 5372 certe
1415 5331 1564 5386 atque
1597 5319 1786 5371 verisi-

207 5414 353 5466 milia
388 5424 547 5479 posse
572 5424 603 5464 a
632 5424 691 5464 se
721 5407 969 5478 proferri.
999 5406 1165 5478 igitur
1204 5408 1360 5467 inane
1405 5417 1488 5462 est
1537 5409 1787 5463 dilemma

207 5499 690 5570 Augustinianum;
715 5499 798 5553 cui
820 5498 976 5552 aliter
997 5497 1158 5552 etiam
1182 5498 1417 5566 reposuit
1432 5497 1788 5566 llieronymus

208 5596 368 5663 epist.
403 5594 471 5646 75
503 5593 556 5646 in
587 5592 689 5646 hoc
741 5602 907 5645 tomo.
956 5589 1225 5644 Prmterea
1278 5589 1596 5658 singularem
1629 5592 1697 5641 ab
1724 5603 1788 5641 co

210 5686 526 5752 ceterisque
553 5681 738 5738 Graece
764 5680 1146 5744 nescientibus,
1180 5679 1402 5750 gratiam
1444 5681 1574 5734 inire
1606 5678 1788 5734 debuit

1883 4597 2059 4650 stituta
2087 4593 2340 4663 majorum
2368 4607 2458 4661 pro
2475 4592 2582 4660 lege
2605 4591 2820 4645 tenenda
2835 4589 2997 4658 διατι]
3017 4591 3208 4651 Ιίροιε;
3233 4588 3274 4640 si
3299 4587 3458 4642 modo

1883 4688 2030 4756 leges
2060 4687 2163 4739 illae
2189 4700 2297 4738 non
2329 4685 2858 4753 imponantur,quasi
2884 4679 3198 4735 necessaria:
3217 4679 3282 4732 ad
3311 4679 3459 4732 salu-

1889 4787 1993 4832 tem
2023 4793 2037 4842 ;
2069 4775 2206 4846 quod
2235 4776 2278 4829 si
2323 4775 2433 4840 fiat,
2483 4777 2674 4828 merito
2705 4779 3095 4840 oppugnantur,
3145 4771 3276 4838 quia
3295 4770 3460 4825 solius

1888 4880 1970 4923 est
1998 4869 2192 4923 Christi
2213 4868 2299 4935 jus
2326 4866 2600 4919 claudendi
2632 4865 2751 4916 coeli
2781 4863 2853 4915 i;a
2883 4871 2937 4913 ut
2969 4874 3127 4914 nemo
3152 4861 3356 4930 aperiat
3377 4871 3460 4928 ⁷,ει

1892 4959 2158 5029 aperiendi
2188 4958 2256 5010 ita
2288 4963 2346 5008 ut
2393 4968 2550 5008 nemo
2575 4951 2803 5004 claudat.
2843 4950 3006 5019 Cujus
3043 4950 3246 5020 legibus
3271 4953 3315 5006 si
3344 4955 3462 5005 alia:

1886 5036 2035 5120 quasi
2068 5046 2388 5103 necessarias
2419 5042 2702 5106 addantur,
2729 5050 2840 5096 tum
2888 5058 3082 5096 novum
3115 5043 3462 5112 Evangeliqu

1888 5138 2167 5202 conﬂatur,
2199 5134 2336 5203 quod
2366 5134 2432 5187 ab
2471 5132 2718 5189 omnibus
2759 5133 3032 5202 discipulis
3074 5134 3185 5188 suis
3232 5134 3377 5201 rejici
3413 5143 3466 5187 et.

1889 5228 2129 5286 Christus
2159 5233 2212 5280 et
2243 5222 2466 5292 apostoli
2499 5221 2800 5276 voluerunt.
2838 5222 3022 5277 Simile
3069 5221 3336 5290 quidpiam
3367 5219 3462 5270 ln-

1891 5321 2075 5375 bemus
2108 5320 2158 5368 in
2183 5315 2340 5384 epist.
2375 5315 2442 5368 55
2493 5313 2557 5366 ad
2588 5312 2918 5380 Januarium,
2955 5311 2981 5382 §
3013 5312 3046 5363 5
3072 5296 3085 5363 ὲ
3115 5310 3264 5376 Quod
3306 5326 3465 5374 neque

1890 5417 2064 5460 contra
2090 5406 2263 5472 ﬁdem,
2294 5418 2453 5472 nrque
2480 5411 2653 5454 contra
2678 5402 2836 5454 bonos
2877 5415 3038 5452 mores
3067 5413 3171 5450 esse
3211 5396 3466 5449 convinci-

1891 5507 1994 5561 tur,
2029 5495 2374 5560 indifferenter
2397 5504 2469 5545 est
2497 5491 2806 5552 habendum,
2830 5499 2875 5541 et
2896 5495 3101 5555 prapter
3121 5500 3314 5550 eorum,
3339 5487 3467 5542 inter

1892 5604 2017 5657 quos
2048 5587 2250 5649 rit-itur,
2274 5585 2558 5636 societatem
2589 5579 2874 5638 habendum
2904 5585 2995 5629 est.

1965 5678 2132 5748 Epist.
2156 5675 2245 5741 45,
2275 5673 2300 5742 ᾗ
2329 5675 2376 5724 7.
2409 5672 2570 5725 Tanto
2613 5669 2772 5736 magis
2816 5667 2942 5720 enim
2972 5667 3142 5718 timere
3179 5667 3377 5727 debuit,
3409 5684 3466 5726 ne
