3908 6348
452 351 550 404 247

1335 339 1883 398 SUPPLEMENTUM
1925 337 2014 391 AD
2052 336 2282 390 OPEllA
2324 336 2380 392 S.
2425 335 2812 393 AUGUSTI)“.

3600 333 3706 388 213

456 483 560 536 paa:
589 464 796 518 unitatis
835 463 1108 518 violaretur
1133 501 1148 528 ,
1179 469 1370 529 quanto
1414 469 1522 512 erat
1561 455 1818 525 Carthago
1857 454 2030 508 civitas
2057 453 2109 511 Α
2136 463 2346 523 tequam
2371 454 2653 523 quidquam
2673 453 2757 507 hic
2783 469 2869 507 mu
2897 468 2988 507 are
3013 453 3398 522 aggrediamur,
3417 451 3703 507 videndum

457 555 633 623 ampla
658 564 704 607 et
732 555 1014 607 illustris...
1044 549 1171 603 Erat
1207 549 1358 602 etiam
1380 547 1738 599 transmarinis
1760 544 1922 598 vicina
1952 557 2032 594 re-

459 645 709 716 gionibus,
740 643 872 714 etc.]
903 642 1122 705 Sicilia},
1161 641 1362 703 credo;
1395 652 1518 690 nam
1558 650 1662 691 non
1692 647 1771 689 est
1811 632 2033 687 vicinior

458 736 648 800 Italiae,
682 734 868 789 Gallice
898 744 954 789 et
981 731 1252 801 Hispania:
1285 730 1577 795 littoribus,
1608 741 1765 798 quam
1792 725 1909 780 aliae
1937 739 2033 778 ur-

457 828 554 882 bes
579 826 858 880 maritima:
889 825 1104 881 Africae.

534 917 706 985 Epist.
730 916 820 982 44,
846 915 938 969 ubi
970 915 1148 969 multis
1167 919 1350 968 narrat
1369 909 1705 966 collationem
1736 919 1886 961 suam
1913 919 2031 960 cum

464 1006 725 1060 Fortunio
756 1005 1031 1060 Donatista
1059 1045 1074 1069 ,
1105 1004 1358 1073 episcopo
1401 993 1700 1064 Tibursico,
1747 997 1825 1051 sic
1878 995 2036 1049 habet

465 1094 493 1165 ς
529 1096 590 1148 Η
627 1113 639 1147 :
668 1095 872 1147 Dictum
913 1104 983 1148 est
1011 1095 1147 1158 quod
1177 1093 1346 1144 adhuc
1372 1106 1458 1144 eos
1501 1084 1844 1154 (Donatistas)
1876 1085 2037 1138 nostri

465 1185 757 1255 (catholici)
775 1185 1085 1252 persecuturi
1113 1191 1303 1245 essent;
1323 1180 1560 1246 nobisque
1582 1177 1776 1229 dicebat
1793 1174 1962 1227 videre
1985 1189 2037 1225 se

462 1276 642 1342 quales
692 1291 783 1327 nos
829 1289 1046 1326 essemus
1076 1272 1130 1322 in
1177 1271 1267 1322 illa
1315 1267 1657 1338 persecutione
1706 1263 2034 1334 prwbituros,

463 1376 634 1418 utrum
661 1363 956 1417 consensuri
978 1376 1197 1415 essemus
1228 1359 1318 1412 tali
1345 1359 1571 1423 swvitiw,
1591 1373 1658 1409 an
1677 1355 1876 1408 nullum
1901 1369 2038 1405 com-

464 1455 720 1507 modaturi
751 1468 1073 1506 consensum.
1105 1451 1220 1504 Non
1255 1449 1427 1503 malus
1453 1449 1728 1515 conjector
1758 1455 1871 1499 erat
1900 1443 2036 1498 For-

467 1545 666 1604 tunius,
697 1551 754 1596 ut
785 1542 1122 1596 manifestum
1147 1548 1230 1593 est
1261 1554 1328 1592 ex
1355 1538 1581 1606 epistola
1604 1536 1672 1590 89
1701 1535 1766 1590 ad
1798 1534 2035 1596 Festum,

471 1632 743 1698 octennio,
774 1642 829 1686 et
871 1632 941 1686 95
970 1630 1036 1684 ad
1069 1630 1429 1695 Vincentium,
1479 1627 1739 1682 decennio
1766 1633 1884 1694 post
1907 1623 2037 1678 scri-

470 1727 604 1793 ptis,
633 1725 775 1778 unde
818 1723 1116 1792 intelligere
1161 1731 1242 1776 est
1270 1736 1484 1792 gravem
1519 1719 1942 1788 persecutionem
1986 1715 2039 1767 in

2136 561 2204 600 an
2230 546 2281 598 in
2325 546 2501 614 lingua
2532 545 2802 600 Phoenicia
2836 555 2927 597 aut
2955 544 3152 598 Punica
3179 557 3280 595 vox
3314 542 3708 609 Cutsupitarum

2135 635 2572 705 significationem
2615 635 2875 699 obtineat,
2903 635 2985 688 cui
3015 635 3082 687 sit
3103 635 3277 702 aliqua
3305 633 3535 685 afﬁnitas
3585 647 3708 685 cum

2136 726 2494 795 appellatione
2523 725 2890 778 Montensium.
2927 724 2980 777 ln
3011 724 3189 791 lingua
3218 733 3396 776 autem
3425 723 3712 790 llehraica,

2137 832 2292 886 quam
2320 816 2562 870 eamdem
2593 815 2760 869 fuisse
2783 830 2899 868 cum
2925 813 3193 868 l’btenicia
3219 811 3398 866 multis
3424 826 3716 879 argumen-

2139 910 2206 963 tis
2232 915 2460 970 constat,
2489 916 2607 992 32p
2646 905 2831 970 ketseb,
2863 914 2952 957 aut
2971 948 2984 972 ,
3015 904 3233 972 Syriaco
3260 917 3428 965 more,
3455 912 3578 988 Ἲῗφ
3601 902 3716 955 lcet-

2137 1001 2282 1068 septi,
2308 1014 2336 1052 a
2367 997 2548 1052 radice
2572 1007 2690 1075 περ
2712 995 2906 1064 katsab,
2937 995 3180 1061 abscidit,
3213 995 3474 1063 signiﬁcat
3519 995 3722 1048 abscis-

2138 1107 2247 1144 sam
2275 1105 2558 1143 cavernam.
2581 1089 2671 1143 Sic
2699 1088 2881 1153 Jonas,
2912 1087 2961 1140 in
2990 1085 3228 1139 oratione
3255 1099 3373 1154 qua:
3389 1091 3566 1151 exstat
3591 1099 3716 1153 cap.

2139 1197 2206 1244 ιι,
2236 1181 2310 1234 ait
2351 1194 2491 1234 vers.
2553 1182 2583 1233 7
2626 1194 2684 1234 se
2728 1178 3067 1233 descendisse
3111 1184 3258 1234 Dim
3301 1161 3474 1255 mrpb
3517 1175 3722 1230 l‘ltitsbe

2141 1271 2326 1336 harim,
2361 1273 2430 1330 εἰς
2452 1272 2683 1341 σχισμάς
2710 1271 2880 1343 ὁρέων,
2905 1270 2955 1321 in
2978 1269 3223 1321 scissttt‘as
3244 1266 3513 1329 montium,
3535 1275 3596 1320 ut
3622 1265 3725 1320 ha-

2144 1359 2270 1414 bent
2297 1359 2437 1413 LXX
2487 1359 2807 1427 interpretes
2834 1401 2848 1424 ,
2878 1358 3068 1425 quibus
3096 1356 3270 1411 verbis
3311 1356 3563 1425 intelligit
3595 1373 3725 1425 pro-

2143 1449 2302 1517 pheta
2353 1449 2643 1519 profundas
2675 1450 2727 1502 in
2781 1447 3046 1502 radicibus
3098 1447 3355 1501 montium
3408 1447 3722 1515 speluncas.

2141 1540 2324 1606 Itaque
2356 1539 2644 1608 Cutz-upitae
2672 1537 2974 1607 signiﬁcare
3015 1537 3182 1605 possit
3213 1537 3457 1591 homines
3480 1537 3568 1606 qui
3595 1551 3729 1604 spe-

2145 1632 2351 1684 luncam
2371 1630 2617 1694 adibant,
2650 1629 2790 1698 quod
2813 1629 3024 1697 egregie
3057 1628 3324 1682 consentit
3345 1643 3463 1681 cum
3488 1642 3555 1682 eo
3575 1628 3730 1696 quod

2147 1721 2214 1775 de
2243 1721 2530 1774 Donatistis
2567 1720 2752 1773 Romae
2784 1719 3240 1773 commorantibus
3289 1717 3449 1772 habet
3491 1720 3729 1786 Optatus

474 1815 778 1868 Itonatistas
798 1816 1115 1867 concitatam
1152 1813 1333 1877 fuisse,
1354 1809 1806 1865 consentientibus
1837 1806 2040 1875 episco-
2071 1809 2118 1868 B
2145 1811 2235 1865 lib.
2267 1823 2303 1864 ιι
2334 1811 2399 1865 de
2429 1810 2725 1865 Schismate
2759 1809 3151 1862 Donatistarum
3174 1826 3188 1861 :
3209 1808 3518 1876 Speluncam
3539 1824 3732 1872 quam.

472 1904 551 1967 pls
575 1902 851 1956 catholicis
880 1918 893 1966 ;
926 1911 980 1955 et
1002 1902 1140 1955 male
1170 1902 1388 1970 collegis
1419 1901 1700 1955 resistente
1721 1895 2038 1966 Augustino,

471 1992 788 2046 immemore
809 2006 994 2046 eorum
1023 2006 1141 2058 quae
1169 1991 1220 2044 in
1248 1993 1345 2044 hac
1365 1990 1654 2045 collatione
1682 1988 1904 2041 dixerat.
1935 1985 2043 2038 Nos

473 2083 792 2148 dicebamus,
839 2082 1011 2151 inquit
1049 2084 1099 2134 in
1149 2083 1387 2150 proxime
1440 2080 1786 2149 sequentibus
1838 2077 2042 2140 verbis,

476 2171 643 2227 Deum
671 2175 838 2228 videre
867 2175 1022 2228 corda
1049 2184 1224 2227 nostra
1244 2189 1357 2241 qua:
1375 2175 1476 2242 ipsi
1501 2188 1604 2225 non
1633 2177 1833 2240 possent
1858 2179 1905 2221 et
1927 2168 2046 2220 illos

471 2273 654 2318 temere
680 2265 776 2317 sibi
813 2265 981 2317 adhuc
1032 2265 1131 2316 ista
1179 2271 1416 2326 metuere,
1451 2277 1566 2329 qua:
1593 2263 1636 2312 si
1689 2258 1990 2326 contigerint
2015 2274 2047 2310 a

471 2353 622 2404 malis
664 2355 984 2422 contingere,
1037 2352 1215 2420 quibus
1259 2352 1531 2404 deteriores
1572 2350 1670 2417 ipsi
1701 2349 1923 2413 habent;
1958 2363 2046 2402 nec

470 2448 636 2497 tamen
659 2440 770 2493 ideo
816 2458 910 2495 nos
937 2459 968 2494 a
998 2440 1253 2494 catholica
1295 2441 1648 2493 communione
1671 2454 1931 2510 segregare
1959 2437 2046 2490 de-

473 2539 602 2602 lere,
628 2538 671 2591 si
704 2537 827 2605 quid
857 2542 1008 2606 forte,
1040 2536 1182 2590 nobis
1209 2537 1400 2604 invitis,
1429 2537 1505 2590 vel
1546 2536 1718 2601 etiam,
1752 2535 1796 2587 si
1827 2533 2045 2586 valueri-

472 2644 605 2694 ntus,
638 2626 1103 2681 contradicentibus
1140 2630 1334 2696 factum
1369 2627 1543 2696 fuerit,
1573 2640 1687 2677 cum
1727 2623 2046 2678 tolerantiam

470 2720 738 2787 paciﬁcum
782 2719 1145 2783 didicerimus,
1181 2717 1379 2770 dicente
1407 2715 1650 2784 Apostolo
1676 2730 1693 2767 :
1732 2714 2049 2768 suﬂ'erentes

471 2809 703 2864 invicem
754 2809 807 2862 in
838 2807 1164 2873 dilectione,
1215 2807 1490 2861 studentes
1533 2819 1747 2859 servare
1790 2803 2048 2857 unitatem

470 2897 701 2964 Spiritus
729 2897 780 2950 in
811 2898 1026 2953 vinculo
1066 2898 1228 2964 pacis.
1283 2896 1339 2951 Si
1365 2897 1439 2949 ita
1472 2910 1596 2949 vere
1643 2894 1907 2948 animatus
1951 2893 2050 2947 fuit

472 2987 799 3055 Augustinus
830 3003 893 3039 eo
923 2996 1162 3053 tempore
1187 3024 1202 3048 ,
1235 2985 1392 3037 nimis
1434 2983 1589 3039 facile
1623 2984 1674 3035 in
1725 2981 2046 3037 contrariam

471 3076 790 3130 sententiam
814 3075 963 3137 abiit,
997 3075 1215 3140 ejusque
1241 3073 1567 3141 collegarum
1598 3072 1732 3124 alius
1763 3070 1955 3135 fuerat,
1992 3078 2049 3124 ut

2146 1904 2263 1955 dam
2293 1903 2417 1972 foris
2441 1919 2472 1954 a
2493 1902 2689 1954 civitate
2713 1901 2933 1953 cratibus
2957 1909 3215 1969 sepserunt
3245 1899 3328 1952 ubi
3347 1900 3459 1964 ipso
3495 1908 3732 1969 tempore

2146 1992 2547 2045 conventiculum
2588 1992 2770 2043 habere
2798 1991 3098 2058 potuissent,
3125 1990 3258 2042 unde
3305 1989 3594 2042 Montenses
3625 2006 3733 2057 ap-

2148 2084 2324 2153 pellati
2352 2091 2486 2136 sunt.
2523 2081 2879 2152 Hieronymus
2907 2078 3067 2134 etiam
3101 2080 3150 2132 in
3182 2079 3379 2133 Chron.
3418 2080 3485 2133 ad
3520 2095 3736 2133 annum

2147 2173 2340 2227 Christi
2365 2174 2469 2227 556
2485 2187 2513 2226 a
2528 2184 2706 2226 monte
2729 2172 2778 2224 in
2797 2185 2955 2240 quem
2973 2171 3354 2225 conveniebant
3376 2170 3548 2224 dictos
3574 2171 3737 2224 illon-

2150 2274 2328 2319 tenses
2357 2263 2628 2318 observat.
2659 2261 2771 2316 Sub
2797 2262 2956 2315 tinem
2985 2276 3116 2315 vero
3147 2260 3265 2314 libri
3292 2269 3474 2314 contra
3508 2261 3737 2314 Lucife-

2148 2357 2332 2410 rianos
2357 2398 2371 2421 ,
2400 2354 2622 2409 eosdem
2647 2360 2801 2407 vocat
2848 2351 3133 2405 Monteuses
3171 2365 3264 2405 seu
3301 2349 3567 2421 Campates
3586 2392 3602 2415 ,
3631 2361 3738 2405 aut

2147 2445 2450 2515 Campitas;
2492 2443 2579 2499 ubi
2609 2443 2829 2512 legerim
2884 2440 3201 2509 Cutsupitaz,
3246 2455 3369 2496 nam
3404 2457 3618 2508 campus
3689 2453 3736 2496 et

2147 2553 2287 2591 mons
2314 2538 2468 2606 plane
2491 2545 2615 2593 sunt
2638 2535 2899 2606 opposita.
2928 2533 3098 2589 Simili
3127 2533 3194 2587 de
3213 2546 3393 2597 causa,
3427 2532 3731 2586 Eunomia-

2149 2629 2224 2694 ni,
2271 2637 2409 2684 teste
2431 2627 2771 2681 Theodbreto
2811 2624 3192 2679 Haereticarum
3231 2623 3479 2676 Fabular.
3517 2624 3613 2677 lib.
3649 2639 3732 2691 tv,

2149 2719 2276 2773 dicti
2304 2726 2426 2773 sunt
2456 2716 2497 2770 Τ
2499 2716 2780 2787 roylodytte
2797 2724 2886 2769 aut
2910 2711 3170 2785 Troglitm,
3196 2717 3263 2776 ὡς
3277 2717 3327 2769 ἒν
3350 2717 3528 2774 οἰκίαις
3547 2716 3734 2770 λανθα-

2150 2811 2353 2869 νούσαις
2381 2812 2476 2868 τὰς
2506 2807 2748 2867 συνόδους
2782 2808 3102 2877 ποιούμενοι,
3130 2807 3265 2875 quod
3294 2806 3347 2858 in
3376 2804 3621 2858 domibus
3649 2822 3736 2858 oc-

2153 2902 2302 2952 cultis
2353 2908 2624 2952 conventus
2675 2911 2792 2950 suos
2841 2895 3194 2955 celebrarent:
3229 2909 3448 2964 nempe,
3480 2897 3588 2950 ἀπὸ
3635 2905 3736 2951 τῶν

2151 2991 2406 3063 τρωγλῶν,
2440 3003 2472 3040 a
2502 2988 2747 3042 cavernis.
2775 2985 2938 3055 Igitur
2959 2985 3334 3055 Scototopitaaa
3355 2985 3510 3040 Joan.
3546 2986 3737 3055 Bapti-

2153 3085 2234 3131 sta
2263 3077 2527 3132 Cotelerio
2567 3077 2699 3143 ﬁcti;
2753 3076 2886 3130 meri
2931 3083 3055 3129 sunt
3101 3074 3462 3141 tenebriones,
3509 3090 3656 3143 quos
3686 3077 3738 3132 in

475 3169 632 3220 docet
668 3165 827 3232 epist.
878 3166 946 3219 89
973 3174 1026 3217 et
1073 3164 1163 3228 95,
1195 3164 1421 3217 animus.
1458 3164 1549 3216 Est
1591 3172 1767 3218 tamen
1809 3179 1905 3216 cur
1932 3162 2049 3230 quis
2075 3155 2120 3214 C
2154 3165 2401 3221 tenebras
2429 3167 2567 3221 unde
2613 3165 2952 3235 prodierunt,
2985 3164 3350 3218 amandamus.
3385 3165 3499 3218 Non
3551 3168 3731 3237 magis

473 3258 677 3311 dubitet
697 3271 763 3309 an
794 3271 859 3309 ex
891 3255 1052 3308 animi
1083 3256 1347 3308 sententia
1374 3255 1681 3323 loqueretur
1705 3254 2047 3322 Augustinus,

473 3364 540 3400 an
565 3362 693 3401 VCTO
722 3359 872 3401 more
896 3354 1190 3410 oratorum,
1225 3355 1381 3412 prout
1409 3359 1645 3413 praesens
1674 3359 1832 3397 causa
1864 3353 2047 3412 ρυδιιιο

475 3438 653 3502 labat;
681 3452 854 3506 neque
876 3437 1016 3492 enim
1042 3436 1320 3505 ignorabat
1339 3435 1406 3489 ab
1424 3436 1856 3504 imperatoribus,
1876 3435 2052 3489 Theo-

479 3531 632 3586 dosio
661 3531 953 3600 praesertim
985 3541 1040 3584 et
1066 3528 1191 3582 filiis
1211 3536 1336 3583 ante
1358 3543 1556 3582 annum
1587 3527 1712 3592 598,
1730 3541 1836 3596 quo
1856 3525 2052 3594 scripta

474 3633 556 3676 est
588 3624 704 3679 lucc
729 3622 963 3689 Epistola
1003 3621 1093 3682 44.
1127 3621 1260 3676 latas
1286 3621 1479 3675 multas
1512 3623 1676 3690 leges,
1721 3621 1911 3689 quibus
1940 3634 2053 3672 ma-

475 3715 725 3784 gistratus
750 3714 1077 3783 jubebantur
1123 3715 1369 3781 persequi
1407 3713 1687 3767 haereticos
1716 3711 2054 3765 conﬁscatio-

476 3809 632 3863 nibus
675 3809 934 3870 locorum,
977 3808 1030 3859 in
1062 3820 1179 3873 qua:
1206 3812 1589 3867 convenerant,
1629 3803 1837 3857 mulctis
1866 3803 2051 3856 decem

476 3898 734 3951 librarum
766 3897 902 3960 auri,
933 3896 984 3948 in
1017 3894 1255 3961 singulos
1286 3892 1593 3946 sacerdotes
1626 3893 1927 3957 haereticos,
1961 3907 2054 3946 ex-

477 3989 635 4051 siliis,
667 3987 916 4055 fustibus,
945 3994 1049 4040 etc.
1085 3985 1252 4038 Malos
1278 3985 1464 4038 harum
1493 3985 1664 4053 legum
1697 3994 1940 4039 auctores
1965 3995 2056 4040 aut

480 4077 754 4134 ministros
774 4075 953 4130 dicere
982 4076 1122 4131 serio
1153 4089 1316 4130 ausus
1346 4091 1453 4129 non
1493 4075 1678 4129 fuisset
1708 4076 2052 4144 Augustinus.

480 4167 750 4224 Cancrum
786 4165 873 4221 hic
915 4167 1088 4221 obiter
1139 4166 1432 4222 notandum
1478 4167 1748 4236 Pelagium
1803 4165 1962 4219 fuisse
2002 4166 2056 4219 in

479 4255 750 4313 sententia
785 4255 1205 4323 Donatistarum,
1248 4269 1304 4311 ut
1331 4257 1493 4325 liquet
1518 4271 1582 4312 ex
1615 4256 1729 4324 ejus
1753 4254 2051 4310 Comment.

480 4354 535 4406 in
566 4364 685 4414 cap.
712 4364 762 4403 tv
807 4350 964 4418 epist.
990 4350 1055 4402 ad
1090 4348 1322 4414 Galatas,
1354 4349 1421 4403 ad
1469 4350 1583 4403 haec
1614 4349 1815 4403 verba:
1852 4349 1951 4414 Qui
1978 4365 2057 4404 se-

482 4443 707 4498 cundum
737 4455 942 4494 carnem
984 4450 1132 4494 natus
1162 4449 1271 4494 erat
1300 4440 1694 4509 persequebatur
1722 4457 1836 4494 eum
1865 4441 1952 4510 qui
1980 4457 2058 4494 se-

481 4533 703 4591 cundum
734 4531 1006 4600 Spiritum.

552 4626 712 4692 lbid.,
747 4625 774 4696 §
831 4627 918 4680 l5.
953 4625 1205 4695 Majorem
1243 4622 1628 4692 caelicolarum]
1662 4623 1733 4676 De
1761 4623 2051 4685 caelicolis,

465 4719 656 4788 deque
686 4717 789 4775 hoc
833 4718 950 4773 loco
981 4716 1261 4786 Augustini
1309 4716 1492 4769 multis
1534 4716 1641 4783 egit
1687 4714 1917 4768 Jacobus
1950 4713 2047 4768 Go-

482 4808 758 4862 thofredus
784 4808 849 4862 ad
881 4808 982 4877 leg.
1012 4808 1097 4872 19,
1122 4807 1200 4860 tit.
1234 4807 1289 4871 8,
1323 4805 1412 4859 lib.
1458 4820 1543 4858 xvi
1574 4803 1772 4857 codicis
1813 4803 2057 4858 Theodo-

483 4895 640 4957 siani,
671 4911 828 4963 quem
855 4898 1002 4951 adire
1026 4897 1251 4950 lectores
1277 4904 1544 4963 poterunt;
1581 4892 1837 4945 invidiosa
1867 4906 2054 4945 eorum

483 4984 790 5052 descriptio,
812 4987 1218 5056 conjunctioque
1242 5000 1381 5040 nunc
1398 5000 1518 5039 cum
1537 4983 1755 5048 ludatis,
1780 4997 1917 5036 nunc
1934 4998 2054 5036 cum

482 5071 801 5138 Donatistis,
834 5074 1046 5130 obstant
1069 5079 1350 5145 quominus
1382 5069 1738 5145 intelligamus
1768 5074 1896 5146 quid
1941 5090 2055 5130 sen-

481 5166 674 5224 serint.

556 5257 729 5327 Epist.
763 5256 854 5321 55,
885 5254 983 5326 §9..
1015 5255 1080 5308 In
1102 5256 1220 5309 urbe
1254 5257 1412 5309 lioma
1445 5259 1810 5324 Montensium,
1834 5259 1910 5312 vel
1934 5258 2057 5312 Cut-

482 5350 772 5419 supitarum
793 5345 1090 5400 vocabulum
1122 5345 1467 5416 propagavit]
1495 5348 1624 5401 Cum
1658 5347 1771 5402 haec
1803 5351 1871 5403 sit
1900 5350 2057 5403 lectio

482 5440 860 5509 plerorumque
897 5451 1027 5494 mss.
1080 5436 1237 5490 codd.
1275 5437 1360 5490 hic
1387 5446 1440 5489 et
1467 5437 1517 5490 in
1563 5436 1700 5491 libro
1739 5438 1804 5492 de
1847 5439 2056 5501 Unitate

486 5528 762 5597 Ecclesiae,
788 5543 909 5597 cap.
936 5531 989 5594 5,
1015 5525 1252 5594 satisque
1280 5534 1487 5580 constet
1512 5541 1805 5595 cognomen
1831 5529 1932 5582 hoc
1958 5531 2057 5582 Do-

482 5617 795 5676 natistarum
818 5659 833 5685 ,
863 5633 1036 5687 neque
1087 5617 1331 5673 Graecum
1373 5631 1522 5682 esse,
1555 5632 1732 5687 neque
1783 5619 2057 5683 Latinum,

483 5706 736 5776 credibile
764 5717 843 5762 est
866 5708 932 5760 ab
954 5709 1093 5764 Afris
1124 5709 1427 5788 impositum
1455 5708 1521 5764 iis
1543 5709 1725 5763 fuisse.
1761 5709 1940 5776 igitur,
1968 5723 2063 5761 an-

2155 3257 2403 3312 audiendi
2431 3267 2553 3310 sunt
2584 3260 2671 3326 qui
2701 3271 2766 3310 ex
2799 3255 3126 3324 Hieronymo
3155 3255 3340 3309 volunt
3380 3255 3478 3323 legi
3521 3254 3740 3325 Campi-

2155 3361 2263 3414 tas;
2293 3349 2431 3417 quod
2465 3347 2636 3402 tanien
2670 3351 2749 3403 vir
2777 3348 3016 3402 eruditus
3063 3346 3195 3401 Lud.
3229 3347 3389 3402 Ellies
3416 3348 3484 3401 du
3525 3349 3656 3418 Pin,
3687 3352 3737 3406 in

2153 3441 2295 3493 notis
2325 3439 2388 3492 ad
2421 3433 2592 3492 lobum
2623 3439 2824 3505 Optati,
2857 3438 3052 3490 mirum
3085 3437 3136 3490 in
3184 3438 3398 3491 modum
3444 3439 3742 3494 concinere

2157 3540 2302 3599 putat
2328 3529 2538 3599 Optato,
2567 3531 2654 3598 qui
2688 3528 2815 3582 dicit
2868 3544 2953 3582 eos
2980 3530 3104 3598 foris
3135 3541 3183 3581 α·
3209 3529 3409 3581 civitate
3436 3531 3742 3599 speluncam

2155 3623 2423 3692 quamdam
2451 3622 2672 3674 cratibus
2700 3623 2941 3690 sepiisse;
2967 3620 3090 3673 hinc
3120 3621 3260 3672 enim
3289 3635 3439 3689 mque
3467 3618 3742 3690 Campitas

2155 3725 2217 3764 ac
2241 3711 2525 3764 Montenses
2553 3708 2658 3763 dici
2689 3710 2948 3779 potuisse.
2992 3709 3096 3765 Sed
3125 3708 3329 3763 Gallico
3371 3709 3586 3778 quidem
3623 3725 3742 3764 ser-

2156 3816 2347 3866 mone,
2397 3801 2486 3871 qui
2533 3809 2658 3855 sunt
2713 3810 2861 3855 extra
2920 3800 3083 3855 urbes
3139 3801 3389 3855 dicuntur
3444 3815 3568 3855 esse
3642 3817 3744 3853 aus:

2155 3894 2403 3961 champs;
2431 3892 2617 3947 Latine
2641 3893 2748 3945 ruri
2788 3902 2878 3945 aut
2904 3893 2958 3945 in
3001 3893 3171 3961 agris;
3195 3907 3298 3947 non
3330 3894 3382 3946 in
3405 3895 3627 3960 campis,
3658 3896 3742 3965 qui

2158 3984 2427 4053 planitiem
2456 3983 2778 4054 signiﬁcant,
2808 3997 2914 4036 non
2943 3998 3053 4035 rus.
3088 3982 3254 4036 Video
3287 3983 3468 4037 Gallos
3519 3996 3743 4039 nostros

2160 4077 2424 4131 interdum
2447 4074 2705 4128 afﬁnitate
2723 4074 2915 4141 lingua:
2935 4087 3046 4126 sum
3066 4087 3186 4128 cum
3213 4073 3394 4127 Latina
3417 4060 3622 4142 decipi.
3658 4075 3740 4128 Sic

2159 4170 2211 4224 in
2243 4170 2341 4224 hac
2382 4170 2566 4223 eadem
2598 4183 2727 4222 voce
2771 4168 2971 4221 erravit
3002 4169 3081 4222 vir
3124 4169 3432 4237 ingeniosus
3467 4168 3742 4224 Rubertus

2159 4262 2427 4316 Arnaldus
2456 4260 2780 4314 Andilliacus
2805 4300 2820 4325 ,
2849 4260 2941 4328 qui
2973 4258 3250 4329 Joscphum
3297 4258 3494 4313 Gallice
3540 4260 3738 4322 vertit;

2159 4364 2280 4404 cum
2332 4350 2475 4404 enim
2527 4350 2736 4403 videret
2781 4349 2957 4403 vocari
3001 4352 3128 4420 μέγα
3172 4347 3372 4414 πεδίον,
3406 4358 3640 4403 tractum
3680 4350 3742 4402 ad

2162 4441 2446 4497 Jordanem
2470 4442 2650 4505 situm,
2669 4456 2696 4495 a
2717 4441 2916 4495 Latinis
2935 4441 3315 4509 interpretibus
3337 4457 3582 4511 magnum
3606 4459 3741 4495 cam-

2081 4511 2136 4571 Β
2165 4551 2305 4603 pum,
2335 4533 2495 4587 vertit
2533 4534 2578 4586 le
2595 4534 2761 4602 grand
2777 4534 2978 4600 chump,
3010 4548 3128 4587 cum
3159 4533 3432 4587 debuisset
3453 4543 3670 4591 vertere
3697 4536 3742 4585 la

2166 4623 2359 4694 grande
2379 4638 2678 4691 campagne,
2704 4623 2788 4677 vel
2820 4625 2868 4676 la
2893 4625 3086 4691 grande
3108 4623 3298 4692 plaine.

2236 4716 2403 4783 Epist.
2433 4715 2518 4768 71.
2551 4715 2578 4785 §
2616 4715 2667 4768 4.
2703 4714 2994 4768 Perdurutn
3039 4716 3152 4780 erit,
3205 4718 3244 4768 si
3275 4726 3360 4768 tua
3390 4716 3740 4783 interpretatio

2166 4823 2255 4873 per
2278 4807 2464 4860 ntultas
2490 4808 2723 4860 ecclesias
2741 4808 3047 4876 frequentius
3075 4807 3524 4873 caeperitlectitari,
3549 4807 3688 4875 quod
3711 4822 3739 4856 a

2165 4897 2359 4951 Grtecis
2396 4898 2616 4970 ecclesiis
2650 4897 2846 4952 Latina:
2887 4899 3108 4951 ecclesia:
3139 4897 3488 4961 dissonabunt,
3522 4900 3739 4952 maxime

2163 4989 2285 5058 quia
2315 4987 2465 5057 facile
2505 4990 2850 5041 contradictor
2884 4989 3217 5052 convincitur,
3250 4987 3426 5042 Grtcco
3453 4990 3655 5060 prolato
3682 4989 3738 5040 li-

2162 5077 2272 5147 bro,
2319 5079 2373 5132 id
2403 5088 2477 5131 est
2527 5079 2716 5149 lingua:
2759 5077 3080 5148 notissimw.]
3113 5078 3228 5133 Non
3259 5079 3388 5133 tanti
3419 5087 3536 5134 erat
3558 5093 3736 5134 omnes

2161 5169 2432 5224 Eccleslas
2451 5169 2636 5222 eadem
2669 5170 2913 5223 versione
2944 5169 3040 5233 uti,
3067 5179 3122 5222 ut
3165 5178 3445 5239 propterea
3467 5171 3658 5224 vitiosa
3690 5169 3735 5220 in

2163 5269 2418 5312 aeternum
2453 5267 2768 5322 uterentur;
2814 5273 2912 5312 nec
2951 5259 3238 5327 peperisset
3277 5260 3562 5315 diversitas
3593 5259 3734 5331 quid«

2162 5364 2319 5418 quam
2353 5349 2696 5413 incommodi,
2721 5350 2865 5418 quia,
2894 5362 2951 5406 ut
2973 5351 3206 5406 diximus
3228 5351 3293 5405 ad
3325 5352 3481 5421 epist.
3507 5354 3595 5415 28,
3615 5365 3734 5406 con-

2161 5452 2353 5496 sensus
2384 5452 2598 5506 semper
2615 5439 2665 5491 in
2690 5453 2894 5492 summa
2920 5439 2993 5493 rei
3019 5440 3225 5494 futurus
3245 5425 3378 5496 erat.
3400 5440 3566 5495 Hodie
3592 5439 3732 5493 vide-

2166 5542 2284 5581 mus
2312 5542 2404 5580 eos
2431 5526 2766 5582 Christianos
2795 5530 2880 5596 qui
2911 5530 3210 5583 vernaculis
3228 5531 3561 5584 versiouibus
3585 5540 3730 5583 utun-

2165 5627 2273 5683 tur,
2299 5616 2542 5684 quamvis
2570 5618 2678 5670 sint
2703 5619 2949 5684 diversm,
2981 5626 3263 5687 propterea
3286 5619 3422 5674 inter
3443 5636 3501 5674 se
3524 5619 3732 5672 minime

2169 5707 2477 5777 digladiari;
2526 5722 2645 5763 nam
2699 5723 2881 5773 eorum
2940 5709 3209 5764 dissensus
3239 5725 3339 5766 non
3392 5726 3452 5766 cx
3488 5713 3730 5766 varietate
