3908 6298
130 308 228 363 Ἀθ

816 304 1170 361 VARIURUM
1209 302 1804 359 EXERCITATIONES
1845 303 1907 360 IN
1949 306 2009 361 S.
2051 305 2420 364 AUCUSTINI
2458 311 2705 367 OI‘ERA.

3299 323 3405 379 2ἱο

136 429 466 490 versionum,
496 424 595 479 sed
626 439 692 478 ex
714 422 1483 492 diversisinterpretationibus
1509 435 1722 476 eorum-
1749 421 1797 481 Δ
1829 437 1946 477 rum
1994 432 2095 478 est.
2131 424 2212 478 Ac
2262 438 2392 479 sane
2422 440 2450 478 a
2507 426 2714 482 duobus
2744 430 3128 496 propemodum
3170 438 3404 504 saiculis,

133 523 262 575 dem
315 517 604 573 verborum
658 512 849 566 oritur.
899 514 1180 576 Prazterea,
1210 511 1489 580 Augustini
1541 519 1720 576 tetate,

135 625 331 679 magna
349 607 581 661 varietas
607 613 722 659 erat
744 603 1052 656 Latinorum
1078 603 1320 657 codicum
1347 600 1486 669 apud
1507 600 1724 653 Latinos

137 711 192 756 et
223 700 538 754 Graecorum
569 693 710 765 apud
734 694 969 757 Griecos,
997 708 1113 761 quae
1143 691 1347 747 nullum
1380 700 1558 745 tamen
1587 705 1726 757 pra:-

139 791 305 846 bebat
333 788 741 850 oﬂendiculum,
772 801 892 840 cum
921 799 1108 839 omnes
1139 785 1340 839 scirent
1370 782 1482 836 fieri
1514 781 1602 834 vix
1629 795 1722 850 po-

141 880 334 943 tuisse,
378 886 438 931 ut
474 875 865 946 longinquitate
904 885 1202 944 temporum
1231 883 1284 929 et
1323 872 1589 942 imperitia
1635 879 1725 924 aut

139 969 429 1026 oscitantia
459 967 822 1032 librariorum,
849 966 1040 1020 menda
1062 967 1115 1021 in
1141 965 1359 1020 Graicos
1383 963 1594 1018 codices
1617 977 1724 1015 non

143 1061 480 1127 irreperent;
513 1057 564 1110 in
613 1056 832 1110 Latinos
865 1070 1012 1120 vero,
1064 1065 1259 1123 praeter
1284 1053 1544 1122 ejusmodi
1578 1066 1728 1106 men—

143 1148 232 1214 da,
261 1149 554 1213 varietates
575 1157 719 1201 ortas
735 1162 798 1200 ex
823 1148 972 1201 vario
995 1146 1196 1215 judicio
1218 1161 1401 1200 eorum
1424 1147 1511 1214 qui
1542 1145 1727 1199 Grtnca

142 1252 360 1296 vortere
382 1238 619 1308 aggressi
661 1247 833 1293 erant.
882 1239 995 1292 IIoc
1034 1254 1138 1292 non
1180 1238 1437 1293 diffitetur
1477 1238 1726 1307 Augusti-

143 1348 242 1387 nus
265 1331 430 1400 epist.
463 1331 551 1396 71,
583 1331 610 1402 §
636 1329 688 1385 6.
724 1331 954 1401 Ideoque
982 1332 1333 1384 contradictor
1361 1331 1520 1400 paulo
1568 1331 1728 1399 perti-

144 1424 336 1475 nacior
381 1436 489 1474 non
540 1431 644 1474 tam
691 1419 848 1475 facile
902 1422 1146 1475 convinci
1197 1431 1423 1490 peierat,
1457 1436 1612 1488 quam
1642 1420 1728 1474 hic

143 1523 330 1567 narrat
355 1513 704 1582 Augustinus,
735 1513 944 1582 prolato
982 1513 1169 1568 Grmco
1197 1513 1335 1566 LXX
1374 1514 1724 1580 interpretum

141 1603 362 1658 Codice.
386 1604 493 1658 Sed
524 1604 655 1657 adiri
677 1612 923 1671 poterant
947 1604 1035 1657 alii
1068 1603 1240 1657 Graeci
1270 1604 1608 1671 interpretes,
1635 1603 1727 1671 qui

141 1709 247 1748 non
281 1704 490 1746 tantum
539 1694 604 1746 ad
634 1694 974 1762 intelligenda
1006 1695 1284 1760 I‘Iebraica,
1338 1694 1433 1749 sed
1463 1703 1517 1748 et
1540 1693 1725 1748 Crteca

1825 514 2032 580 experti
2074 522 2199 568 sunt
2238 515 2529 570 Christiani
2581 517 2747 572 multo
2777 520 2945 576 satius
2991 536 3130 591 esse,
3165 527 3405 594 neglecta

1825 605 2139 659 auctoritate
2165 605 2534 674 imperitorum
2568 609 2918 674 interpretum
2948 613 3262 683 (quantrevis
3293 618 3406 674 lue-

1825 695 1931 749 rint
1953 695 2151 766 famre),
2172 696 2319 765 ipsos
2341 697 2513 754 fontes
2533 700 2681 755 adire
2698 711 2752 756 et
2776 702 2968 771 linguae
2988 705 3264 760 Ilehraicte
3286 724 3410 778 pro-

1826 796 2008 854 pterea
2039 786 2142 840 sibi
2173 787 2417 856 peritiam
2445 803 2789 860 comparare;
2814 793 2955 863 quod
2997 795 3225 851 feliciter
3247 799 3410 866 patri-

1825 877 1927 932 bus
1971 876 2172 934 nostris
2216 879 2400 948 cessit,
2456 897 2580 951 nec,
2610 893 2669 938 ut
2695 899 2876 956 spero,
2911 887 3040 944 huic
3065 890 3208 945 aetati
3233 891 3410 949 infeli-

1827 968 1942 1022 cius
1973 968 2148 1023 cedet.

1897 1058 2029 1113 Ibid.
2062 1058 2180 1112 Huc
2217 1060 2431 1127 accedit,
2468 1063 2589 1131 quia
2616 1065 2776 1118 etiam
2812 1068 3030 1122 consulti
3059 1069 3267 1126 ΙΙεὸνωί
3293 1089 3408 1143 pos-

1827 1160 1947 1204 sunt
1977 1152 2122 1203 aliud
2147 1153 2475 1221 respondere,
2505 1164 2560 1207 ut
2590 1164 2646 1208 tu
2662 1156 2800 1210 solus
2829 1162 3141 1214 necessarius
3165 1163 3406 1230 videaris,

1831 1241 1921 1309 qui
1951 1242 2105 1294 etiam
2135 1242 2273 1309 ipsos
2321 1244 2484 1311 possis
2511 1246 2836 1308 convincere;
2865 1250 2954 1302 sed
2977 1260 3165 1317 tamen,
3191 1270 3292 1323 quo
3313 1258 3408 1326 ju-

1829 1332 1942 1384 dice
1966 1333 2151 1385 mirum
2173 1333 2218 1385 si
2240 1335 2462 1402 potueris
2481 1336 2746 1407 invenire]
2771 1338 2892 1394 Haec
2913 1340 3125 1395 demum
3153 1353 3234 1396 est
3262 1360 3408 1399 mera

1829 1422 2049 1476 invidia.
2085 1422 2274 1489 Quidni
2304 1440 2435 1480 vero
2465 1425 2615 1481 Pauli
2647 1428 2744 1492 lui,
2775 1444 2806 1480 o
2829 1430 3140 1498 Augustine,
3175 1433 3408 1502 linguam

1830 1512 2150 1566 Hebraicam
2176 1512 2542 1582 addiscebant,
2575 1527 2632 1570 ut
2657 1517 2856 1572 Judteis
2885 1520 3111 1587 amplius
3140 1537 3246 1574 non
3261 1524 3411 1578 cindi-

1829 1613 2038 1671 gerent,
2055 1617 2122 1656 nc
2139 1604 2203 1656 ad
2221 1604 2393 1657 solum
2420 1605 2800 1674 Hieronymum
2814 1617 2956 1662 esset
2970 1611 3413 1684 confugiendum?

1829 1694 1899 1746 At
1929 1693 2031 1748 hoc
2066 1693 2440 1747 difﬁcillimum
2478 1706 2615 1750 erat.
2655 1696 2769 1752 Non
2812 1697 3082 1752 difficilius
3120 1717 3279 1768 quam
3314 1703 3412 1758 fuit

142 1782 284 1837 LXX
318 1784 670 1850 interpretum
693 1784 876 1851 verba,
917 1799 1109 1852 magno
1136 1785 1252 1838 usui
1273 1799 1393 1838 esse
1423 1794 1684 1852 poterant.
1758 1775 1808 1832 B
1839 1782 2056 1838 Patrum
2077 1793 2380 1839 nostrorum
2407 1788 2661 1841 memoria
2682 1828 2697 1852 ,
2734 1790 2840 1841 imo
2870 1805 2996 1844 vero
3019 1792 3184 1845 multo
3205 1793 3412 1850 facilius

209 1873 353 1928 Ibid.
390 1874 630 1942 Quisquis
660 1883 826 1926 autem
858 1875 907 1926 in
934 1890 990 1927 eo
1011 1876 1147 1943 quod
1175 1891 1237 1927 ea:
1263 1873 1484 1929 Hebrteo
1511 1874 1725 1928 transla-

144 1977 248 2019 tum
274 1977 374 2030 est,
402 1967 571 2033 aliqua
603 1965 806 2017 insolito
836 1975 1091 2034 permotus
1125 1967 1279 2035 fuerit
1305 1974 1351 2019 et
1383 1966 1502 2031 falsi
1535 1966 1724 2018 crimen

143 2058 444 2121 intenderit,
471 2060 555 2111 ria:
579 2071 663 2110 aut
701 2075 922 2126 unquam
952 2059 1021 2110 ad
1052 2058 1271 2111 IIebrwa
1299 2057 1582 2110 testimonia
1611 2071 1726 2125 per-

141 2150 396 2211 rmietur,
434 2150 613 2216 quibus
652 2149 961 2216 defendatur
1001 2147 1294 2218 objectum.]
1331 2149 1491 2216 Culpa
1520 2147 1725 2202 scilicet

133 2256 328 2294 eorum
352 2239 442 2307 qui
475 2239 722 2291 volebant
746 2238 910 2292 videri
933 2240 1127 2308 egregii
1155 2237 1725 2308 interpretesScriptu-

133 2344 351 2393 rarum,
385 2343 518 2398 quas
540 2343 643 2380 non
675 2328 1062 2396 intelligebant,
1087 2343 1208 2383 cum
1239 2343 1307 2381 ex
1337 2329 1450 2382 sola
1478 2329 1723 2382 versione

130 2435 289 2487 saepe
316 2419 542 2474 obscura
579 2428 631 2472 et
677 2419 864 2472 vitiosa
901 2417 1216 2487 penderent.
1249 2419 1356 2473 Cur
1387 2433 1495 2473 non
1524 2419 1723 2472 dabant

135 2523 366 2577 operam
389 2509 565 2562 studio
594 2509 786 2578 lingua:
810 2509 1102 2576 Hebraicm,
1125 2511 1419 2579 prtcsertim
1439 2511 1495 2564 in
1515 2510 1718 2575 Africa,

133 2600 234 2654 ubi
291 2602 485 2670 linguae
530 2603 741 2656 Punica:
785 2602 1020 2670 cognitio
1063 2604 1126 2656 iis
1171 2603 1309 2657 viam
1342 2603 1615 2657 muniebat
1655 2602 1720 2655 ad

134 2691 488 2758 Hebraicam,
525 2710 682 2763 quam
720 2693 768 2747 ei
800 2694 1014 2748 afﬁnem
1045 2707 1165 2748 esse
1214 2694 1377 2758 probe
1427 2701 1631 2756 notant,
1669 2701 1725 2747 et

133 2799 302 2852 quam
331 2785 555 2852 proinde
587 2785 754 2838 multo
776 2783 982 2839 felicius
1003 2799 1163 2853 quam
1197 2784 1554 2852 Hieronymus
1583 2782 1723 2836 didi-

133 2875 366 2942 cissent,
401 2876 504 2929 nisi
533 2877 613 2930 eis
643 2890 791 2930 mens
819 2875 949 2929 larva
974 2875 1191 2930 fuisset?
1218 2875 1481 2929 Praeterea
1509 2888 1580 2928 ex
1611 2873 1724 2926 col-

135 2964 349 3020 latione
379 2965 682 3021 versionum
713 2967 943 3036 Aquilae,
976 2967 1280 3038 Symmachi
1309 2976 1364 3020 et
1399 2966 1724 3022 Theodotio-

1830 1881 1884 1928 et
1911 1872 2057 1927 Afris
2077 1882 2132 1926 ct
2151 1873 2301 1943 Syris
2326 1883 2381 1929 et
2410 1878 2674 1931 Arabibus
2697 1875 3037 1945 Christianis,
3063 1897 3290 1948 quorum
3319 1884 3412 1939 lin-

1832 1978 1950 2032 guae
1978 1963 2166 2018 aflines
2197 1965 2470 2020 IIebraicze
2495 1966 2743 2033 fuerunt;
2773 1984 2892 2024 cum
2916 1973 3213 2039 prtesertim
3239 1975 3411 2043 habe-

1825 2063 1950 2109 rent
1976 2056 2206 2122 IIexapla
2238 2055 2504 2125 Origenis.
2538 2059 2757 2125 Verum,
2808 2077 2875 2118 ne
2901 2063 3025 2131 quid
3056 2064 3407 2134 dissimulem,

1825 2145 1996 2205 multo
2022 2145 2229 2199 facilius
2259 2146 2358 2200 fuit
2381 2162 2444 2203 eo
2465 2155 2706 2216 tempore
2728 2160 2785 2205 ut
2805 2149 2907 2207 hoc
2931 2161 3115 2210 nostro
3142 2157 3282 2224 apud
3313 2158 3412 2213 im-

1826 2233 2051 2301 peritam
2076 2234 2284 2302 plebem
2308 2235 2670 2294 declamitare.

1898 2324 2032 2379 Ibid.
2063 2325 2089 2394 §
2119 2325 2170 2378 5.
2207 2327 2345 2380 Nam
2364 2328 2573 2395 quidam
2600 2335 2761 2400 frater
2789 2345 2961 2387 noster
2989 2337 3411 2407 episcopus,cum

1826 2416 2042 2470 lectitari
2067 2417 2366 2473 instituisset
2395 2421 2448 2473 in
2472 2423 2682 2476 ecclesia
2713 2426 2793 2477 cui
2817 2435 2999 2494 prteest
3025 2430 3403 2499 interpretatio-

1826 2521 1939 2558 nem
1966 2514 2128 2570 tuam,
2157 2509 2309 2561 movit
2333 2509 2580 2577 quiddam
2611 2512 2759 2581 longe
2786 2515 2938 2568 aliter
2968 2517 3056 2570 abs
3087 2529 3134 2571 te
3163 2522 3406 2589 positum,

1825 2599 1964 2664 apud
1992 2596 2182 2652 Jonam
2232 2602 2552 2670 prophetam,
2600 2621 2749 2673 quam
2781 2617 2888 2660 erat
2927 2610 3154 2662 omnium
3184 2613 3412 2666 sensibus

1829 2692 2187 2758 ntemoriazque
2219 2693 2574 2761 inveteratum,
2604 2707 2650 2749 et
2681 2707 2750 2750 tot
2780 2709 2986 2753 relatum
3011 2706 3411 2760 successionibus

1828 2779 2174 2835 decantatum.
2200 2782 2390 2836 Factus
2415 2793 2486 2837 est
2517 2794 2686 2840 tantus
2717 2789 2960 2842 tumultus
2987 2791 3038 2843 in
3061 2793 3221 2858 plebe,
3248 2797 3412 2849 maxi-

1831 2887 1910 2925 me
1961 2869 2157 2926 Gratcis
2182 2876 2513 2943 arguentibus
2556 2886 2606 2930 et
2661 2876 3053 2935 inclamantibus
3102 2883 3410 2950 calumniam

1827 2965 2096 3035 falsitatis,
2125 2976 2180 3018 ut
2208 2977 2467 3043 cogeretur
2486 2970 2749 3039 episcopus
2772 2973 2852 3040 (ea
2871 2973 3058 3043 quippe
3079 2975 3253 3030 civitas
3277 2978 3410 3048 erat)

137 3055 249 3122 nis,
283 3055 436 3111 facile
458 3058 866 3128 IIieronymiana
896 3074 926 3111 a
955 3059 1136 3128 peritis
1158 3051 1369 3115 defendi
1395 3067 1628 3128 poterat;
1656 3058 1722 3113 ab

1835 3051 2490 3111 Iudaeorum-testimonium
2516 3059 2796 3131 ﬂagitem]
2824 3060 2980 3132 Atqui
3030 3065 3248 3140 minime
3273 3082 3409 3137 opus

142 3148 406 3211 imperitis
435 3165 559 3202 vero
592 3151 722 3202 nihil
760 3161 921 3214 recte,
951 3151 1047 3204 hac
1082 3152 1133 3204 in
1166 3165 1248 3215 re,
1281 3150 1392 3203 fieri
1421 3157 1646 3218 poterat.

215 3239 347 3291 Ibid.
388 3239 538 3304 Quod
567 3240 609 3292 si
637 3242 792 3292 etiam
820 3249 1112 3308 perventum
1137 3243 1311 3312 fuerit,
1342 3251 1413 3293 tot
1439 3240 1648 3294 Latinas
1679 3248 1726 3293 et

150 3326 352 3383 Crtecas
391 3333 716 3386 auctoritates
753 3334 990 3386 damnari
1017 3334 1130 3398 quis
1166 3331 1359 3401 [erat?]
1394 3332 1725 3394 Hinc,nimi-

154 3433 289 3483 rum,
319 3421 422 3474 ille:
462 3421 717 3490 lacrymte.
776 3422 905 3476 Nam
950 3424 994 3477 si
1040 3424 1204 3478 semel
1245 3433 1446 3477 statuas
1494 3421 1726 3475 versioni

157 3509 292 3563 LXX
325 3512 668 3580 interpretum
697 3528 800 3566 non
832 3527 987 3580 posse
1019 3528 1112 3582 per
1131 3514 1304 3568 omnia
1328 3513 1494 3575 credi,
1519 3521 1572 3565 et
1599 3512 1724 3565 vitia

159 3599 361 3665 inesse;
391 3602 518 3672 quid
549 3602 638 3657 fiet
670 3604 804 3658 fama
835 3613 911 3659 tot
939 3604 1418 3660 ecclesiasticarum
1454 3615 1724 3658 oratorum

162 3689 457 3746 Grzecorum
503 3703 552 3748 et
584 3695 913 3760 Latinorum,
940 3697 1030 3764 qui
1078 3697 1144 3751 de
1173 3697 1304 3749 locis
1332 3709 1606 3765 perperam
1647 3695 1728 3748 in-

166 3784 380 3839 tellectis
420 3797 525 3840 tam
566 3786 784 3856 c’upiose
813 3789 1178 3854 scripserunt?
1213 3786 1416 3857 Nempe
1443 3787 1725 3846 dioendum

170 3878 260 3928 erit
287 3893 377 3932 eos
408 3880 776 3947 imprudenter
807 3881 1016 3942 fecisse,
1052 3896 1172 3934 cum
1203 3881 1438 3949 aggressi
1467 3891 1621 3935 erant
1647 3878 1732 3932 in-

174 3971 435 4034 terpretari
477 3971 616 4038 quod
659 3971 821 4038 probe
854 3971 1153 4038 intelligere
1184 3988 1288 4023 non
1337 3967 1603 4038 poteranl,
1635 3984 1728 4023 ne-

174 4054 334 4120 glecto
369 4059 774 4130 archetyporum
833 4059 1030 4113 studio.
1080 4059 1147 4112 At
1177 4059 1421 4114 censoria
1456 4067 1600 4124 nota,
1640 4058 1721 4110 in-

175 4145 329 4209 quies,
358 4147 783 4203 obscurabuntur
826 4152 1055 4204 maxima
1086 4151 1317 4207 Orientis
1346 4158 1399 4202 et
1423 4148 1728 4203 Occidentis

176 4230 378 4289 lumina.
409 4237 774 4293 Oliscurentur
787 4255 937 4304 sane,
962 4243 1140 4307 potius
1169 4256 1325 4309 quam
1358 4254 1540 4293 eorum
1568 4254 1726 4293 causa

178 4323 294 4377 falsa
333 4327 620 4384 defendere
666 4332 1062 4399 aggrediamur;
1109 4349 1215 4386 non
1264 4334 1408 4386 enim
1451 4331 1625 4401 agitur
1661 4333 1728 4386 de

178 4418 552 4476 existimatione
575 4423 806 4475 virorum
832 4426 1342 4494 ecclesiasticorum,
1370 4425 1464 4479 sed
1489 4424 1557 4479 de
1582 4425 1729 4479 inve-

1748 3129 1793 3191 C
1826 3154 1961 3218 erat,
1987 3145 2081 3200 sed
2111 3154 2312 3200 tantum
2345 3149 2658 3204 consulehdi
2683 3129 3017 3208 fuerunt'alii
3049 3138 3219 3209 Gnaei
3243 3129 3409 3212 inter-

1828 3247 2007 3305 pretes
2057 3251 2109 3294 et
2149 3254 2269 3294 cum
2323 3241 2740 3314 Hieronymiana
2774 3246 3020 3301 versione
3069 3249 3402 3307 conferendi.

1829 3327 2096 3382 Praeterea
2127 3331 2249 3398 quid
2275 3329 2342 3384 ad
2387 3347 2650 3387 summam
2684 3335 2978 3404 prepltetiaa
3007 3337 3154 3392 Jonas
3184 3339 3410 3396 faciebat

1826 3433 1929 3472 vox
1961 3426 2129 3505 ῃνρτρ
2160 3419 2384 3488 ltfltajon,
2414 3436 2507 3476 seu
2534 3423 2793 3475 cucurbita
2832 3439 2948 3477 cum
2977 3425 3117 3478 LXX
3149 3427 3410 3496 interpre-

1828 3510 1987 3573 tibus,
2021 3524 2114 3562 seu
2131 3507 2322 3562 hedera
2348 3525 2468 3563 cum
2500 3510 2822 3579 Hieronymo
2854 3517 3186 3568 verteretur?
3216 3517 3411 3582 Quidni

1829 3603 1998 3671 potuit
2025 3601 2172 3656 vario
2199 3600 2358 3655 modo
2382 3615 2442 3656 ea
2467 3601 2656 3656 vocula
2684 3604 2836 3671 verti,
2857 3619 2974 3657 cum
3006 3613 3080 3657 tot
3103 3606 3220 3659 alia:
3243 3607 3411 3662 multo

1817 3692 2048 3761 majoris
2098 3692 2355 3746 momenti
2397 3707 2504 3746 non
2554 3708 2658 3746 una
2711 3694 2940 3760 ratione,
2972 3695 3088 3749 sine
3116 3697 3412 3756 offensione

1829 3783 2023 3853 plebis,
2058 3782 2494 3852 explicarentur?
2536 3783 2784 3854 Episcopi
2814 3785 2932 3852 fuit,
2962 3801 3258 3844 conscenso
3289 3805 3412 3861 sug-

1829 3886 2004 3946 gesto,
2035 3875 2149 3928 haec
2180 3889 2330 3928 suam
2359 3876 2566 3944 plebem
2595 3876 2810 3930 docere.

1902 3966 2035 4022 Ibid.
2077 3965 2265 4020 Utrum
2321 3979 2491 4020 autem
2522 3968 2598 4020 illi
2643 3970 2914 4038 imperitia,
2950 3987 3016 4022 an
3069 3971 3286 4035 malitia,
3319 3973 3413 4027 hoc

1828 4075 1938 4113 esse
1974 4060 2027 4111 in
2059 4057 2291 4111 Hebraeis
2317 4059 2574 4111 codicibus
2604 4061 2996 4127 responderunt,
3020 4066 3155 4132 quod
3174 4076 3220 4118 et
3245 4064 3414 4122 Crwci

1828 4158 1875 4202 et
1900 4149 2073 4202 Latini
2096 4149 2342 4201 habebant
2366 4161 2517 4217 atque
2546 4150 2796 4202 dicebant.
2822 4153 2960 4218 Quid
2988 4155 3177 4223 plura?
3197 4154 3413 4212 Coactus

1830 4250 1901 4293 est
1954 4241 2104 4292 homo
2156 4240 2288 4292 velut
2341 4240 2726 4294 mendositatem
2778 4245 3055 4313 corrigere,
3081 4246 3272 4310 volens,
3300 4258 3414 4315 post

1833 4345 2071 4398 magnum
2101 4329 2408 4396 periculum,
2431 4345 2532 4382 non
2551 4347 2807 4384 remanere
2830 4333 2936 4385 sine
2963 4332 3149 4402 plebe.]
3171 4333 3409 4399 Consuli,

1833 4429 1892 4473 ut
1917 4417 2048 4480 dixi,
2078 4417 2376 4472 debuerant
2415 4418 2587 4474 (ἔτωοί
2618 4419 2708 4474 alii
2741 4422 3082 4490 interpretes,
3115 4422 3202 4490 qui
3253 4423 3414 4476 liabe-

180 4508 349 4561 nicnda
399 4512 641 4574 veritate,
691 4529 808 4581 quae
854 4524 937 4569 est
985 4515 1136 4569 fama:
1161 4482 1398 4569 omnium
1424 4514 1726 4568 mortalium
1758 4482 1807 4541 D
1833 4510 1960 4564 bant
1984 4511 2184 4576 κισσὸς,
2236 4509 2286 4562 id
2318 4518 2422 4576 est.
2450 4509 2658 4579 hedera,
2690 4523 2746 4567 ut
2775 4513 2934 4569 docet
2964 4514 3317 4582 IIieronymus
3347 4517 3414 4568 ad

179 4601 527 4665 antcl‘erenda,
561 4603 668 4656 imo
698 4604 782 4657 hic
805 4606 957 4658 unice
986 4607 1292 4671 spectanda.
1318 4606 1448 4673 Quia
1470 4606 1566 4661 viri
1592 4608 1729 4660 cele-

178 4688 285 4743 bres
311 4691 508 4759 aliquid
559 4693 913 4748 defenderunt
957 4696 1099 4765 quod
1131 4697 1318 4751 laIsum
1371 4707 1474 4764 est,
1505 4715 1570 4752 an
1610 4698 1730 4753 ideo

179 4792 346 4832 verum
377 4782 475 4835 hoc
504 4784 844 4838 vocabimus?
864 4786 940 4838 An
964 4788 1419 4856 investigationem
1439 4790 1548 4843 veri
1575 4791 1730 4844 omit-

180 4876 353 4936 temus,
378 4887 445 4925 ne
473 4875 607 4927 forte
633 4888 697 4926 eo
719 4874 932 4930 invento
948 4876 1245 4944 cujuspiam
1268 4879 1404 4930 fama
1431 4879 1732 4933 minuatur?

177 4958 223 5011 Si
252 4962 315 5013 ila
348 4978 405 5016 se
433 4964 730 5032 gessissent
762 4981 948 5022 omnes
970 4966 1159 5032 Judaei,
1189 4969 1233 5021 si
1267 4969 1336 5024 ita
1362 4971 1582 5036 ethnici,
1613 4973 1731 5039 qui-

175 5048 258 5104 bus
308 5051 650 5121 Evangelium
683 5057 994 5111 nuntiarunt
1038 5059 1288 5127 apostoli,
1317 5075 1475 5113 nemo
1506 5075 1733 5127 unquam

172 5138 448 5209 Evangelio
471 5143 807 5199 credidisset.
831 5145 883 5200 Si
915 5163 1035 5215 qua:
1058 5163 1215 5216 prava
1246 5148 1576 5203 consuetudo
1619 5149 1735 5204 ino-

173 5230 397 5299 lavisset,
448 5249 719 5303 nunquam
752 5248 933 5304 posset
975 5239 1275 5304 emendari;
1299 5255 1564 5308 nunquam
1591 5245 1733 5294 enim

171 5321 350 5375 desunt
377 5325 474 5377 viri
504 5326 742 5380 celebres
767 5328 857 5395 qui
887 5342 1004 5381 eam
1031 5330 1199 5382 secuti
1227 5330 1351 5384 sint.
1402 5330 1459 5383 In
1505 5331 1733 5385 admini-

171 5416 416 5466 Stmtinnc
462 5416 770 5483 reipublicai
803 5419 946 5471 varia
986 5415 1249 5485 feruntur,
1284 5428 1501 5488 propter
1535 5420 1732 5474 utilita-

172 5512 264 5556 la'm
308 5515 648 5571 pra-sentem,
689 5508 848 5561 etiam
889 5508 1066 5576 iniqua
1093 5516 1147 5561 et
1175 5509 1302 5562 falsa
1335 5527 1429 5577 pro
1461 5511 1604 5564 veris
1644 5511 1727 5579 ja-

171 5603 399 5656 rtantur;
430 5593 523 5647 sed
558 5593 612 5648 in
644 5594 704 5648 iis
735 5611 851 5665 qua:
872 5596 938 5649 ad
963 5596 1270 5666 religionem
1305 5601 1590 5666 pertinent,
1620 5601 1732 5655 Sola

173 5688 352 5738 Veritas
399 5687 682 5762 qttzurentla
730 5699 887 5757 atque
918 5689 968 5743 id
999 5698 1199 5743 tantum
1232 5693 1437 5758 expedit
1472 5692 1610 5758 quod
1641 5709 1729 5746 ve-

1834 4602 1982 4656 Jona:
1995 4617 2114 4671 cap.
2140 4617 2210 4666 tv,
2226 4603 2709 4672 quamvisfateatur
2731 4621 2836 4658 non
2854 4620 2972 4658 esse
2993 4613 3167 4672 aptam
3195 4619 3410 4671 vocent;

1835 4711 1954 4748 nam
1982 4704 2148 4781 ITPVP
2177 4685 2381 4765 ltilrajon
2412 4703 2492 4750 est
2512 4695 2653 4750 aliud
2683 4697 2873 4764 planta-
2904 4708 3071 4763 genus
3092 4695 3243 4761 cujus
3272 4695 3416 4748 Lati-

1835 4800 1960 4838 num
1990 4801 2182 4839 nomen
2229 4786 2431 4840 nullum
2464 4796 2600 4840 erat.
2629 4785 2809 4852 Itaque
2835 4786 3188 4852 Ilieronymus
3211 4801 3305 4852 pro
3351 4803 3416 4840 eo

1836 4889 2030 4929 nomen
2075 4875 2348 4942 usurpavit
2397 4875 2538 4942 quod
2574 4874 2751 4926 Latini
2798 4871 3098 4942 intelligere
3147 4889 3412 4943 poterant.

1837 4965 1971 5019 Mala
2003 4981 2132 5018 sane
2158 4966 2344 5018 fuisset
2373 4963 2496 5016 Afra
2525 4961 2696 5028 plebs,
2720 4978 2838 5030 qua:
2885 4964 3088 5018 tantilla
3141 4967 3207 5019 de
3254 4982 3411 5021 causa

1838 5055 2145 5122 episcopum
2205 5067 2358 5106 suum
2403 5052 2651 5105 deserere
2699 5064 2880 5120 parata
2912 5052 3036 5119 fuit;
3079 5057 3170 5110 sed
3205 5059 3416 5112 videtur

1837 5157 1980 5206 esse,
2031 5152 2086 5194 ut
2137 5142 2302 5209 probe
2351 5139 2534 5194 oIfecit
2571 5140 2944 5214 Hieronymus,
2975 5145 3163 5200 fabella
3193 5148 3410 5213 Punica,

1837 5249 1938 5302 qua
1971 5232 2241 5286 hominem
2294 5241 2496 5300 terrere
2526 5235 2688 5288 voluit
2729 5236 3080 5305 Hipponensis
3110 5239 3410 5306 episc0pus.

1837 5325 2013 5395 Ipsum
2043 5326 2425 5396 Hieronymum
2448 5326 2558 5395 adi,
2585 5327 2806 5396 epistola
2835 5328 2991 5396 hujus
3010 5328 3290 5382 voluminis
3323 5329 3412 5388 75.

1911 5417 2076 5486 Epist.
2111 5417 2178 5472 78
2215 5427 2395 5473 narrat
2447 5420 2796 5487 Augustinus,
2828 5433 2946 5472 cum
2974 5415 3240 5470 accusatio
3272 5427 3415 5476 esset

1836 5509 2086 5579 obscura,
2123 5512 2334 5565 misisse
2364 5525 2422 5565 se
2451 5521 2816 5565 accusatorem
2846 5519 2898 5562 et
2926 5522 3073 5565 reum
3112 5505 3317 5574 Nolam,
3347 5509 3414 5563 ad

1835 5601 2134 5666 sepulcrum
2185 5603 2242 5656 ὃ.
2302 5600 2512 5668 Felicis,
2546 5611 2606 5655 ut
2657 5601 2872 5663 veritas,
2921 5599 3036 5665 ejus
3064 5614 3184 5666 Ope,
3217 5615 3414 5669 cogno-

1839 5705 2107 5760 secretur;
2143 5705 2248 5746 tum
2281 5690 2459 5746 subdit
2492 5708 2503 5742 :
2545 5691 2679 5745 Nam
2711 5699 2753 5742 et
2789 5705 2877 5744 nos
2906 5691 3129 5743 norimus
3161 5690 3421 5751 έυίκϋυίας,
