3908 6298
540 342 638 399 ειει
1424 330 1985 391 SUPPLEMEN'iUM
2026 332 2115 387 AD
2152 331 2375 387 orent
2415 332 2471 388 s.
2512 332 2893 389 AUGUSTINL
3674 338 3775 393 εδει

544 458 620 520 ni,
653 453 790 523 apud
814 451 1104 506 memoriam
1134 457 1446 514 sanctorum,
1468 448 1555 499 ubi
1576 428 1943 499 mirabiliter'et
1974 446 2120 498 terri-
2146 450 2193 506 Α
2223 448 2383 499 nostri
2410 448 2598 501 viribus
2627 448 2913 517 aggregari.
2942 446 3087 512 Quod
3109 448 3153 501 si
3176 446 3229 499 id
3248 461 3580 515 possessorem
3613 432 3777 519 (quip-

546 546 712 601 biliter
760 545 1012 597 daemones
1068 542 1391 608 conﬁtentur,
1442 542 1603 609 furem
1631 539 1899 607 quemdam
1938 537 2025 605 qui
2050 537 2117 588 ad
2219 554 2281 605 pe
2324 537 2608 591 clanculum
2638 539 2856 610 gestum)
2885 538 3142 607 ignorasse
3169 538 3465 603 constiterit,
3507 540 3780 592 conducto-

546 652 663 689 eum
693 635 857 688 locum
883 625 1083 685 venerat
1112 639 1168 684 ut
1199 619 1389 699 falsum
1419 630 1643 696 iurando
1672 630 1944 697 deciperet,
1975 643 2115 681 cout-
2216 643 2323 681 rem
2352 632 2464 697 ejus
2490 628 2661 697 fundi,
2692 630 2735 681 si
2756 629 3007 696 ingenuus
3036 638 3127 693 est,
3160 628 3327 679 decem
3346 628 3461 679 auri
3482 629 3639 681 libras
3661 630 3780 695 ﬁsco

548 727 751 795 pulsum
782 724 937 786 fuisse
964 723 1194 789 conﬁteri
1225 723 1417 791 furtum
1446 730 1494 774 et
1526 718 1664 788 quod
1693 719 1971 771 abstulerat
2002 716 2117 769 red—
2220 728 2392 771 nostro
2430 718 2620 785 inferre
2647 718 2992 787 prtecipimus,
3025 717 3071 769 si
3094 716 3261 769 servili
3287 717 3409 785 [arce
3451 716 3779 781 descendens,

547 819 663 871 dere
678 834 697 882 ;
727 817 953 885 nunquid
976 832 1073 868 non
1112 808 1361 884 et‘Africa
1388 824 1670 867 sanctorum
1698 822 1976 881 martyrum
2002 827 2116 862 cor-
2220 818 2515 877 paupertate
2538 810 2617 861 sui
2633 825 2828 877 poenam
2853 808 3049 871 danmi,
3072 823 3131 860 ac
3151 808 3340 860 vilitate
3362 811 3659 876 contemnit,
3691 826 3779 863 Ctt-

547 910 756 977 poribus
786 906 933 977 plena
962 907 1071 959 est?
1113 903 1179 956 Et
1210 914 1379 957 tamen
1407 920 1650 971 nusquam
1675 902 1755 953 hic
1784 904 1966 954 scimus
1997 902 2119 953 talia
2219 916 2305 951 sus
2328 900 2547 967 fustibus
2569 900 2915 969 deportationc
2943 899 3283 951 dmnnabitur.

550 996 708 1067 ﬁeri.]
741 1000 810 1051 At
839 1012 942 1049 non
974 996 1178 1049 minora
1206 1005 1355 1048 erant
1383 1010 1499 1067 quur
1522 993 1835 1045 dicebautur
1868 993 1978 1046 lieri
2003 1007 2030 1045 a
2059 992 2116 1046 S.
2294 992 2460 1057 Epist.
2490 991 2587 1055 .9l,
2623 991 2648 1060 §
2697 991 2745 1043 8.
2789 990 3042 1044 Postridie
3082 990 3261 1043 nostris
3315 990 3384 1043 ad
3430 991 3779 1060 imponendum

546 1090 821 1155 Stephano
844 1087 1073 1140 Calama:
1092 1094 1139 1138 et
1167 1084 1621 1153 Hippone-ltegio,
1638 1094 1693 1135 ut
1722 1084 1883 1150 liquet
1907 1099 1969 1137 ex
1985 1098 2121 1137 euu-
2224 1084 2435 1153 perditis
2463 1094 2668 1149 ntetum,
2697 1085 2833 1152 quod
2852 1084 3107 1137 ridebatur
3125 1083 3263 1147 apud
3288 1082 3413 1134 Acta
3437 1083 3605 1135 dicere
3626 1085 3783 1136 volen-

547 1182 843 1232 meratione
874 1177 1252 1231 miraculorum
1282 1192 1398 1244 qua:
1420 1185 1592 1229 exstat
1622 1175 1711 1227 lib.
1749 1190 1853 1228 χχιι
1883 1175 1950 1229 de
1977 1176 2121 1229 Civi-
2225 1176 2374 1240 tibus,
2406 1176 2607 1245 publica
2626 1178 2750 1246 jura
2780 1182 2960 1244 negata
2988 1173 3148 1243 sum]
3179 1174 3455 1236 Nimirum,
3488 1175 3540 1227 in
3571 1177 3782 1244 singulis

546 1278 656 1322 ta'e
686 1270 795 1332 Dei,
830 1282 949 1335 cap.
982 1270 1033 1320 8.
1054 1264 1249 1331 Quidni
1280 1264 1440 1318 etiam
1471 1264 1609 1317 furta
1629 1263 1700 1317 ibi
1726 1266 2119 1333 retegebantur,
2226 1266 2451 1320 urbibus
2482 1265 2850 1320 commentarii
2880 1264 3252 1319 scribebantur
3274 1280 3455 1318 rerum
3489 1265 3648 1332 paulo
3676 1282 3781 1319 mas

548 1370 639 1413 aut
688 1359 788 1411 alia
835 1356 1039 1411 occulta
1094 1355 1356 1409 crimina?
1402 1354 1710 1422 Respondet
1751 1355 2119 1423 Augustinus:
2223 1359 2357 1428 joris
2410 1359 2666 1412 momenti
2695 1375 2810 1425 qua:
2852 1357 3084 1425 quotidie
3112 1358 3163 1409 iu
3213 1357 3275 1409 iis
3312 1357 3659 1425 gerebantur,
3703 1360 3781 1426 qui

552 1448 697 1503 Sicut
720 1448 852 1500 enim
872 1446 1008 1515 quod
1031 1445 1301 1515 Apostolus
1322 1445 1479 1498 dicit:
1502 1443 1617 1498 Non
1640 1458 1824 1497 omnes
1844 1447 2003 1497 sancti
2027 1444 2123 1496 ha-
2228 1462 2406 1519 postea
2449 1451 2513 1502 ad
2550 1448 2887 1515 proconsules
2912 1457 3001 1501 aut
3035 1448 3381 1514 imperatores
3426 1448 3780 1502 mittebantur.

550 1539 678 1592 bent
717 1537 853 1590 dona
884 1537 1239 1600 curationum,
1280 1550 1377 1588 nec
1404 1522 1603 1588 omnes]
1640 1535 1835 1587 habent
1866 1534 2127 1601 dijudica-
2227 1543 2281 1595 Si
2314 1544 2433 1609 quis
2483 1558 2609 1611 ergo
2648 1543 2855 1610 publice
2882 1542 3146 1610 quidpiam
3173 1549 3528 1594 contestatum
3557 1552 3782 1609 cuperet,

549 1618 747 1681 tionem
767 1626 1055 1695 Spirituum
1080 1644 1089 1675 :
1112 1627 1179 1677 ita
1206 1641 1295 1676 nec
1319 1626 1369 1675 in
1394 1626 1624 1676 omnibus
1650 1624 1901 1676 memoriis
1927 1634 2125 1677 εαηειυο
2229 1633 2405 1685 adibat
2436 1632 2680 1687 Ot‘tieium
2734 1632 3020 1700 publicum,
3054 1642 3108 1685 ut
3131 1631 3197 1683 ab
3221 1646 3285 1685 eo
3315 1630 3478 1684 verba
3505 1632 3628 1699 ejus
3654 1634 3785 1686 etei-

549 1732 665 1768 rum
680 1716 775 1770 ista
786 1716 900 1783 ﬁeri
915 1717 1066 1768 voluit
1083 1717 1110 1767 ἱΔ
1124 1719 1168 1767 te
1184 1716 1267 1784 qui
1280 1714 1458 1766 dividit
1476 1714 1679 1782 propria
1698 1714 1965 1781 unicuique
1979 1730 2092 1782 pro:

2243 1733 2479 1791 pert-utut
2526 1739 2630 1789 quo
2662 1724 2815 1777 tidem
2856 1723 3110 1777 facerent.
3142 1721 3275 1775 Vide
3303 1720 3454 1791 epist.
3485 1722 3579 1789 35,
3617 1721 3645 1790 §
3672 1722 3717 1787 ι,
3742 1731 3786 1775 et

544 1806 888 1875 nult.Atquis
906 1808 1781 1874 credatpostmortemsanctorum
1800 1804 2039 1863 eamdem
2060 1805 2130 1857 di-
2164 1804 2205 1862 Β
2234 1814 2387 1881 aviti.
2420 1813 2509 1878 93,
2543 1812 2569 1880 ᾗ
2594 1813 2675 1866 12,

550 1898 809 1951 visionem
838 1895 1123 1950 obtinere?
1145 1895 1272 1960 Quis
1303 1904 1449 1964 putet
1471 1895 1553 1948 hic
1584 1894 1985 1948 cacodtumonas
2009 1894 2134 1948 reli-
2232 1906 2235 1909 ‘
2308 1905 2475 1973 Epist.
2512 1905 2601 1970 95,
2639 1903 2665 1974 §
2692 1904 2745 1956 Ξ.
2779 1904 2838 1958 Si
2862 1904 3125 1971 quisquam
3148 1903 3407 1958 inimicum
3426 1921 3578 1958 suum
3614 1908 3789 1974 ρετίίη.

552 1985 1323 2069 quiistliarlyristerriIOS.illic
1338 1985 1454 2039 Sine
1470 1986 1825 2039 εοιηπιοῑίοηθ
1848 1985 2036 2040 fuisse?
2060 1985 2135 2049 ΝΘ
2234 1986 2357 2051 νιοετε
2404 1996 2623 2064 febribus
2658 1996 3002 2062 phreneticum
3049 2000 3241 2064 factum
3279 2012 3482 2049 currere
3512 1997 3699 2051 videret
3746 2000 3789 2049 iu

550 2077 679 2144 quid
705 2079 949 2141 malitiar,
975 2089 1168 2145 quanta
1191 2077 1319 2129 mihi
1341 2077 1473 2131 facta
1505 2086 1585 2130 est
1616 2076 1748 2130 fides
1774 2078 1841 2131 de
1868 2074 2135 2130 miraculis
2234 2085 2482 2159 φνανεερε,
2510 2104 2675 2140 nonne
2704 2095 2807 2139 tum
2838 2085 2999 2153 potius
3033 2084 3226 2137 malum
3254 2101 3345 2153 pro
3382 2086 3519 2139 malo
3552 2088 3786 2151 redderet,

554 2173 814 2226 Christiet
836 2173 1221 2241 apostolorum,
1246 2186 1365 2239 qua:
1379 2171 1555 2223 omnia
1580 2170 1821 2224 veritatis
1842 2170 2031 2222 indicia
2046 2183 2137 2222 co-
2238 2181 2284 2232 δέ
2322 2194 2433 2231 eum
2463 2178 2534 2231 sic
2570 2192 2771 2230 currere
2797 2176 3124 2245 permitteret,
3156 2191 3307 2244 quam
3335 2176 3379 2228 si
3425 2177 3790 2246 corripienda»:

556 2265 840 2328 tttilattlut‘;
872 2273 1013 2316 tanta
1046 2272 1127 2318 est
1151 2262 1219 2316 de
1246 2261 1633 2315 recentioribus
1660 2259 1975 2323 difﬁdentia,
2016 2273 2137 2312 cum
2233 2266 2603 2337 ‘tigamtumque
2644 2264 2927 2335 curaret?]
2991 2265 3100 2319 [lac
3137 2264 3381 2334 epistola,
3437 2268 3791 2335 copiosissime

556 2356 848 2423 pra-serum
862 2353 1222 2421 superstitioni
1244 2363 1297 2406 et
1312 2352 1458 2404 lucro
1477 2352 1816 2419 multomagis
1830 2365 1985 2427 quam
2001 2364 2139 2404 vera:
2242 2357 2469 2423 probare
2486 2355 2791 2425 aggreditur
2810 2355 3164 2424 Hipponensis
3184 2356 3463 2425 episcopus
3479 2358 3681 2412 licitam
3694 2374 3791 2413 esse

565 2444 748 2496 virtuti
804 2444 1175 2512 propaganda,
1200 2458 1260 2497 ea
1294 2443 1544 2497 serviisse
1563 2442 1791 2495 videam.
1812 2443 2141 2515 Augustinus
2243 2446 2662 2514 persecutionem
2677 2446 2739 2497 ad
2754 2460 2845 2499 eos
2872 2460 3006 2514 quos
3029 2446 3080 2499 in
3111 2460 3294 2500 errore
3316 2449 3513 2501 versari
3542 2460 3789 2517 putamus,

562 2534 676 2601 ipse
696 2534 829 2587 libro
856 2534 921 2587 de
953 2532 1085 2588 Vera
1118 2533 1407 2603 Religioue,
1442 2533 1592 2604 547,,
1632 2532 1833 2585 rariora
1860 2547 1952 2587 sua
1986 2543 2142 2588 astate
2241 2535 2305 2589 ad
2337 2535 2577 2589 veritatis
2602 2535 2984 2604 professionem
3017 2535 3378 2591 adducendus.
3412 2538 3527 2603 Qua
3552 2539 3673 2606 ejus
3694 2540 3790 2607 opi-

560 2627 815 2682 miracula
834 2627 996 2685 fuisse
1018 2628 1409 2684 no;;dillitt-tur.
1433 2629 1669 2684 Sciohoc
1690 2628 1861 2683 abillo
1886 2637 2142 2683 retracta-
2244 2627 2403 2681 nione
2431 2641 2549 2679 cum
2596 2625 2744 2679 multi
2774 2626 2923 2679 abusi
2977 2624 3175 2681 fuerint
3213 2636 3267 2681 et
3308 2627 3602 2681 etiamnum
3661 2630 3791 2683 hodie.

560 2731 695 2785 tum,
719 2721 810 2775 sed
838 2720 1003 2775 miror
1023 2721 1112 2790 qui
1138 2721 1596 2791 potucritauteaiu
1620 2734 1675 2774 re
1703 2719 1982 2773 netissima
2003 2718 2141 2783 falli;
2244 2718 2548 2783 abutantur,
2581 2732 2687 2771 non
2718 2716 2840 2783 erit,
2870 2725 2927 2770 ut
2951 2718 3163 2786 opinor,
3196 2718 3378 2773 inutile
3398 2720 3689 2775 ostendere
3709 2720 3794 2775 Au-

544 2828 671 2866 nou
716 2814 883 2866 miror
930 2813 996 2866 ad
1041 2813 1436 2868 convincendos
1465 2811 1732 2875 ethnicos,
1772 2811 2074 2864 Donatistas
2092 2819 2145 2862 et
2243 2811 2510 2877 gustinum
2550 2809 2780 2876 graviter
2821 2809 2920 2862 hoc
2945 2808 2998 2862 iu
3043 2812 3256 2880 negotio
3284 2827 3515 2875 errasse,
3549 2822 3611 2867 et
3642 2830 3668 2866 a
3693 2830 3793 2867 Vera

568 2906 703 2957 alios
752 2904 1042 2957 llwreticos
1090 2904 1343 2957 miracula
1371 2903 1587 2970 jactata,
1622 2915 1739 2969 qua:
1780 2899 1951 2976 rnnhg
1994 2898 2142 2967 plura
2236 2901 2505 2952 'sentrutia
2539 2900 2591 2952 in
2622 2899 2943 2954 deteriorem
2989 2900 3209 2965 abiisse;
3255 2904 3496 2970 quamvis
3527 2902 3796 2971 ceteroqui

563 2994 776 3045 fuerunt
803 3002 855 3045 et
885 2991 1197 3058 insigniora,
1226 2992 1270 3043 si
1301 3005 1428 3043 vere
1457 2990 1825 3057 contigissent,
1850 3004 2006 3057 quam
2039 2989 2137 3041 mi-
2242 2989 2471 3043 schisma
2518 3004 2581 3043 ac
2635 2992 2983 3059 pertinaciam
3034 2991 3430 3046 Donatistarum
3477 3008 3791 3063 nequaquam

566 3084 742 3135 racula
764 3080 963 3135 Chriszi
992 3090 1044 3132 et
1092 3080 1475 3146 apostolorum,
1506 3080 1639 3131 adeo
1673 3087 1727 3131 ut
1756 3078 1898 3130 nulla
1930 3079 2136 3132 ratione
2172 3144 2207 3152 _
2245 3080 2551 3146 probemus.
2596 3078 2754 3148 Igitur
2780 3080 3048 3148 potissima
3080 3096 3305 3150 qumque
3335 3082 3456 3151 ejus
3492 3095 3791 3152 argumenta

565 3170 667 3222 dici
696 3171 989 3235 potuissent
1020 3171 1190 3220 rarius
1221 3169 1334 3221 ﬁeri
1376 3183 1534 3236 quam
1562 3177 1737 3220 antea.
1781 3169 1914 3221 Sunt
1942 3179 1992 3223 et
2017 3169 2133 3222 alia}
2161 3144 2209 3206 C
2242 3170 2306 3221 ad
2334 3184 2555 3224 examen
2604 3170 2993 3237 revocabimus,
3041 3178 3195 3239 prout
3225 3171 3411 3227 ordine
3443 3174 3599 3228 nobis
3634 3190 3795 3229 oecur-

569 3257 800 3309 tationes
828 3256 1157 3325 suspicmdi,
1189 3271 1321 3324 quas
1354 3258 1403 3309 iu
1434 3256 1685 3310 brevibus
1711 3258 1850 3309 notis
1880 3272 1986 3310 non
2007 3257 2139 3310 affe-
2242 3271 2382 3314 rent.
2418 3260 2495 3314 Ad
2527 3260 2751 3329 primum
2783 3262 2995 3331 quidem
3026 3263 3165 3331 quod
3219 3264 3429 3327 attinet,
3481 3266 3794 3335 comparatio

565 3360 701 3397 ram.
734 3345 863 3398 Vide
889 3361 1006 3413 quae
1043 3346 1271 3399 diximus
1299 3346 1363 3399 ad
1386 3346 1632 3400 Cottfess.
1668 3346 1761 3401 lib.
1795 3363 1887 3409 ιιι,
1920 3346 1946 3417 §
1978 3346 2062 3429 16.
2243 3370 2305 3408 ex
2341 3352 2652 3419 phrenetico
2678 3354 2899 3408 deducta
2928 3354 3126 3408 nullius
3154 3364 3234 3409 eat
3255 3354 3527 3423 ponderis.
3579 3355 3797 3411 Phrene-

548 3456 549 3459 η
637 3438 803 3505 Epist.
829 3440 918 3508 89,
955 3439 1058 3510 §2,
1089 3450 1368 3510 postquam
1400 3440 1533 3493 dixit
1560 3450 1827 3510 martyres
1854 3457 2010 3496 veros
2034 3457 2138 3497 non
2244 3444 2331 3496 tici
2356 3444 2493 3497 enim
2513 3443 2627 3498 sine
2649 3443 2758 3497 ullo
2780 3443 2942 3498 dubio
2958 3445 3405 3513 suntphrenetici,
3428 3454 3483 3499 et
3504 3446 3796 3501 societatem

566 3531 677 3585 tieri
704 3546 856 3599 pinna
897 3532 992 3587 sed
1016 3546 1197 3598 causa,
1233 3531 1379 3587 addit
1403 3548 1417 3585 :
1451 3531 1513 3584 Et
1544 3531 1641 3586 hoc
1669 3532 1875 3603 quidem
1902 3533 2141 3587 adversus
2244 3535 2450 3588 civilem
2474 3534 2628 3602 plane
2657 3533 2985 3603 perturbant.
3016 3534 3199 3604 Itaque
3220 3535 3363 3604 leges
3378 3536 3562 3591 civiles
3589 3552 3684 3591 eos
3709 3552 3787 3591 co-

565 3641 649 3679 eos
671 3627 907 3693 dicerem,
940 3642 1065 3696 quos
1091 3626 1199 3680 sola
1216 3626 1378 3695 caligo
1400 3625 1624 3677 hieretici
1643 3626 1829 3678 erroris
1850 3625 2141 3689 involverat,
2242 3625 2411 3678 erceri
2471 3628 2741 3692 patiuntur
2782 3633 2836 3680 et
2870 3624 3076 3693 iubent.
3132 3626 3303 3680 donec
3330 3627 3499 3681 curati
3536 3626 3797 3693 pristinam

564 3737 656 3790 pro
684 3738 784 3789 quo
812 3721 1080 3790 sacrilegio
1128 3737 1300 3787 paruas
1330 3720 1652 3788 dignissimas
1683 3719 1897 3784 luerent,
1932 3738 2021 3774 nec
2067 3716 2144 3773 ta-
2246 3714 2598 3768 sali-tudinem
2637 3714 3019 3783 recuperariut.
3058 3715 3125 3768 At
3148 3714 3201 3768 iu
3228 3716 3617 3771 controversiis
3647 3716 3710 3771 de
3730 3731 3798 3770 re-

566 3831 678 3865 men
706 3816 815 3866 ul'a
842 3828 1142 3881 quemquam
1170 3811 1389 3864 violenta
1418 3812 1617 3862 insania
1649 3810 1834 3864 [cedere
1876 3814 2141 3867 auderent.
2245 3810 2457 3877 liginnc.
2490 3808 2539 3861 in
2564 3807 2753 3875 Quibus
2777 3821 2920 3877 sape
2945 3808 3129 3862 Videas
3169 3794 3467 3862 contrarias
3500 3817 3682 3878 partes
3710 3808 3797 3860 Vir-

567 3904 821 3956 Adversus
863 3912 1033 3955 autem
1063 3905 1185 3955 istos
1214 3904 1335 3970 qu'd
1367 3904 1552 3970 dicam,
1601 3920 1816 3971 quorum
1845 3915 1947 3957 tam
1977 3909 2145 3977 perni-
2246 3910 2412 3973 tutum
2434 3899 2852 3953 Christianarum
2880 3914 3031 3965 reque
3060 3900 3327 3953 studiosos
3346 3900 3663 3970 legibusque
3688 3900 3796 3954 ciri-

565 3994 704 4045 ciosa
730 3992 1054 4062 perversitas,
1091 3994 1168 4045 vel
1202 3994 1507 4045 damnorum
1533 4005 1723 4047 terrore
1754 3987 2030 4064 coercetur,
2064 3999 2143 4051 vel
2246 3990 2383 4043 libus
2408 3990 2604 4057 pariter
2634 3987 3028 4055 obsequentes:
3086 4002 3172 4042 τρε
3218 4004 3322 4042 ηοιι
3364 3998 3446 4042 εει
3486 4004 3659 4057 neque
3682 3989 3795 4043 ade”

566 4084 775 4134 docetur
804 4081 1003 4150 exsilio,
1031 4098 1182 4152 quam
1214 4083 1394 4151 ubique
1432 4082 1621 4150 diffusa
1650 4086 1713 4137 sit
1744 4085 1992 4150 Ecclesia,
2016 4090 2145 4141 sicut
2244 4084 2543 4147 manifesta,
2568 4092 2625 4136 ut
2651 4082 2832 4135 alteras
2857 4089 3033 4148 partes
3056 4081 3347 4134 alterarum
3380 4081 3626 4135 homines
3656 4080 3795 4149 pbre~

566 4173 743 4242 futura
797 4172 1044 4243 prcedicta
1094 4182 1188 4238 est,
1237 4190 1388 4241 quam
1433 4175 1630 4226 malunt
1670 4191 1965 4245 oppugnare
1992 4193 2145 4245 quam
2245 4173 2539 4227 neticorum
2571 4172 2689 4226 loco
2736 4171 2934 4226 habere
2959 4179 3186 4239 queant;
3212 4185 3309 4224 nec
3334 4169 3386 4223 in
3419 4171 3579 4224 tantis
3618 4168 3797 4224 allecti-

566 4261 919 4335 agnoscerei]
961 4264 1032 4318 At
1058 4264 1260 4319 scelera
1307 4266 1391 4318 illa
1425 4266 1913 4319 Circumcellionum
1942 4269 2007 4321 ad
2029 4284 2147 4339 qua:
2244 4262 2343 4316 bus
2383 4262 2567 4330 quanti
2605 4261 2692 4317 hic
2717 4260 3212 4330 deprehenduntur,
3243 4260 3332 4313 alii
3361 4260 3587 4315 aliorum
3613 4260 3798 4328 iudices

545 4354 785 4422 respicit
810 4356 1152 4425 Augustinus.
1178 4357 1306 4410 nihil
1337 4356 1403 4410 ad
1435 4372 1543 4411 rem
1572 4358 1787 4424 faciunt,
1813 4375 1983 4429 neque
2003 4361 2143 4415 enim
2245 4367 2366 4407 esse
2412 4358 2655 4421 Ροεευηῑ·
2700 4351 2984 4407 Μυιῑίιυάο
3026 4360 3121 4405 θυι
3172 4352 3426 4419 Domum:
3459 4364 3578 4419 0033
3606 4349 3702 4403 Sibi
3725 4348 3797 4415 l“s

571 4458 789 4519 propter
811 4450 897 4504 illa
924 4450 1130 4507 Scelera
1164 4463 1346 4520 pinnas
1362 4450 1579 4516 dabant,
1603 4452 1695 4506 sed
1723 4460 1936 4520 propter
1965 4452 2139 4507 schis-
2168 4493 2220 4556 υ
2240 4443 2510 4513 judicandi
2554 4444 2603 4497 vi
2637 4457 2884 4512 arrogare
2920 4441 3112 4506 solent,
3141 4441 3241 4495 huc
3278 4440 3404 4494 nihil
3438 4440 3658 4556 faciqnt,
3690 4452 3795 4493 eum

750 4552 760 4556 _
795 4544 807 4556 ο
938 4541 957 4556 ι
995 4552 1003 4556 -
1049 4551 1059 4556 -
1222 4555 1225 4556 ,
1466 4544 1478 4556 ι
1553 4543 1584 4556 οι
1716 4544 1753 4556 ι.
1901 4546 1932 4556 ι.
2066 4554 2073 4556 ι
2246 4536 2519 4556 --Α-1.-.-...
2556 4549 2715 4556 _-_--
2744 4535 3022 4556 -_I_._--_....
3057 4541 3103 4556 Α.
3138 4530 3536 4556 ηΑιη-ιεηρῖηηηι.
3581 4544 3669 4556 η-ιι
3692 4539 3795 4556 ιιι-ρ.

568 4558 677 4608 ma,
710 4552 766 4597 ut
795 4544 909 4613 ipse
937 4541 1149 4608 fatetur,
1179 4555 1341 4612 utque
1371 4559 1435 4597 ex
1465 4543 1671 4612 legibus
1714 4544 1934 4599 Honorii
1956 4554 2110 4601 contr

2255 4536 2523 4589 veritatem
2556 4549 2718 4602 penes
2744 4535 3024 4603 plerosque
3054 4541 3107 4586 et
3138 4530 3538 4601 potentissimos
3561 4530 3669 4583 fore
3692 4539 3798 4581 nus-

568 4635 871 4691 Donatistas
895 4644 1256 4705 constat,qu.e
1271 4643 1484 4693 exstant
1510 4636 1601 4689 lib.
1632 4651 1719 4689 xvr
1750 4635 2110 4691 codicisTheo

2252 4641 2402 4696 quam
2423 4626 2728 4694 promiserit
2754 4627 2910 4679 Deus.
2944 4625 3020 4678 Ac
3060 4638 3187 4676 sane
3226 4622 3555 4677 contrarium
3575 4618 3795 4675 statuito.

568 4728 795 4794 dosiani,
812 4727 900 4781 ubi
923 4737 981 4781 ut
1005 4726 1262 4790 haeretici,
1282 4742 1386 4779 non
1405 4737 1458 4778 ut
1486 4724 1769 4780 facinerosi
1794 4726 2111 4781 damnantur

2253 4719 2448 4773 videbis
2476 4728 2526 4773 te
2553 4728 2736 4773 contra
2768 4729 2818 4772 te
2848 4718 3017 4786 ipsum
3036 4715 3327 4784 judieasse,
3356 4714 3399 4767 si
3434 4721 3673 4782 tempora
3700 4722 3796 4762 mu-

569 4816 823 4880 Qutenam
865 4818 1041 4873 autem
1102 4827 1283 4874 essent
1319 4832 1480 4888 paena:
1523 4817 1852 4887 dignissimtv,
1884 4828 1973 4873 aut
1999 4834 2144 4889 poma
2248 4818 2455 4869 tentur;
2479 4818 2533 4861 ut
2566 4809 2786 4873 contigit
2809 4807 2966 4874 paulo
2988 4815 3106 4874 post
3146 4805 3197 4858 iu
3234 4804 3437 4868 Africa,
3465 4804 3557 4858 ubi
3594 4794 3798 4889 Vandali

569 4906 756 4972 debita,
789 4917 846 4961 ut
886 4911 1117 4980 loquitur
1172 4908 1434 4963 lluuorith
1476 4908 1580 4978 leg.
1612 4908 1704 4971 $39,
1735 4908 1818 4963 tit.
1852 4910 1907 4975 5,
1936 4888 2032 4963 lib.
2056 4894 2112 4964 ni

2252 4898 2452 4965 Ariani,
2477 4912 2523 4951 et
2553 4898 2606 4951 in
2650 4897 2824 4963 italia,
2851 4895 2938 4949 ubi
2972 4894 3152 4959 Gothi,
3191 4892 3364 4948 eidem
3386 4892 3582 4947 haeresi
3602 4888 3795 4948 addicti.

569 4994 771 5050 codicis
816 4995 1199 5064 Thcodosiaui,
1244 5000 1403 5055 docet
1430 4999 1755 5068 Augustinus
1797 5000 1848 5053 in
1878 5000 2034 5070 epist.
2074 5000 2141 5054 ad
2250 4988 2406 5059 longe
2447 4988 2774 5057 Ροῑθηῑίοτθδ
2818 4986 3053 5040 ῖηθτυθί·
3095 4986 3149 5040 Si
3179 4982 3244 5038 ad
3272 4998 3335 5038 ⁸³
3376 4997 3555 5053 usque
3580 4990 3795 5070 “mmo,”

573 5082 923 5151 Bonifacium,
952 5102 1069 5155 quae
1091 5099 1170 5141 est
1201 5089 1322 5153 185.
1355 5090 1447 5145 sed
1474 5089 1679 5159 plenius
1701 5068 1952 5158 expressa
1969 5098 2051 5145 est
2078 5105 2116 5145 ei

2250 5082 2409 5135 vitam
2445 5078 2784 5146 produxisset
2818 5076 3165 5143 Augustinus,
3188 5073 3523 5143 vidissetque
3552 5088 3583 5127 ιι
3612 5068 3783 5125 Vanda-

570 5190 725 5245 ptena
744 5176 796 5230 in
823 5174 940 5245 lege
965 5176 1249 5231 Theolosii
1270 5190 1453 5234 contra
1482 5196 1668 5236 omnes
1697 5182 1997 5247 ιιεειιειίοοε,
2024 5198 2141 5250 quae
2248 5171 2311 5224 lis
2333 5170 2541 5222 Arianis
2572 5166 2711 5220 male
2732 5164 2915 5218 haberi
2938 5163 3228 5217 catholicos
3250 5162 3431 5229 Afros,
3454 5162 3606 5231 quasi
3628 5160 3794 5250 impios

569 5275 653 5322 est
679 5267 771 5332 21,
806 5266 887 5321 tit.
917 5267 971 5333 5,
1006 5265 1101 5320 lib.
1134 5283 1221 5320 xv.
1251 5268 1369 5321 cod.
1402 5270 1607 5325 Τιιοοά,
1634 5270 1701 5325 In
1730 5272 1975 5329 Ιτωνειίεξε
2003 5247 2141 5326 eri-0.
2247 5276 2311 5315 ac
2345 5259 2683 5330 phreneticos,
2709 5255 2864 5310 facile
2886 5256 3145 5310 sensisset
3171 5268 3229 5308 se
3273 5253 3572 5322 periculosa
3611 5247 3794 5303 ratioci-

569 5360 731 5425 ribus,
762 5358 837 5411 ait
861 5355 1219 5418 Theodosius.
1253 5373 1357 5411 una
1387 5372 1506 5413 cum
1541 5360 1686 5425 filiis,
1719 5360 1773 5415 in
1796 5378 1856 5417 ea
1899 5362 2015 5429 lege
2036 5362 2142 5415 lata
2249 5354 2463 5409 natione
2487 5366 2609 5406 esse
2640 5365 2793 5404 usum
2829 5356 3016 5402 contra
3050 5345 3377 5410 Donatistas,
3409 5353 3463 5398 et
3502 5343 3663 5395 denuo
3701 5346 3797 5388 ca:-

570 5467 710 5505 anuo
739 5450 861 5515 592,
883 5466 1206 5521 quoscunque
1227 5450 1502 5503 constiterit
1523 5451 1600 5504 vel
1621 5450 1884 5505 ordinasse
1908 5452 2138 5517 clericos,
2251 5445 2418 5515 pisset
2438 5440 2729 5497 defendere
2753 5439 3071 5495 sententiam
3095 5452 3252 5505 quam
3279 5450 3388 5503 prae
3421 5433 3607 5488 affectu
3648 5436 3795 5522 retia-

571 5539 647 5590 vel
689 5542 965 5609 suscepisse
999 5540 1213 5610 ofﬁcium
1240 5540 1559 5607 clericorum,
1590 5540 1733 5593 denis
1759 5542 1902 5595 libris
1930 5545 2045 5595 auri
2072 5543 2146 5596 vi-
2250 5546 2442 5592 ctarat.
2468 5534 2597 5589 Nam
2631 5532 2826 5587 frustra
2850 5528 3171 5598 reposuisset
3198 5540 3226 5578 a
3272 5524 3382 5578 suis
3423 5522 3651 5592 partibus
3673 5528 3796 5610 τςη·

573 5627 711 5680 ritim
754 5629 1076 5685 mulctandss
1127 5647 1233 5687 esse
1258 5646 1550 5692 censemus;
1606 5629 1773 5683 larunt
1812 5647 1933 5685 sane
1962 5632 2015 5684 in
2046 5648 2143 5699 quo
2251 5635 2414 5683 tatem
2457 5638 2626 5688 stare,
2653 5625 2727 5677 uti
2760 5620 3023 5675 faciebant
3053 5617 3365 5680 Donatista),
3405 5616 3671 5683 negassent
3710 5604 3795 5656 hoc

575 5721 722 5773 vetita
752 5727 1024 5780 tentantur.
1065 5725 1105 5775 si
1162 5722 1475 5778 conniventin
1526 5721 1719 5777 domini
1747 5722 1989 5791 patuerit,
2034 5722 2142 5789 ﬁsci
2253 5717 2465 5787 Ariani;
2501 5725 2691 5773 etcum
2721 5714 2926 5788 iudices
2957 5712 3007 5767 in
3042 5710 3143 5764 hac
3168 5721 3259 5764 sua
3286 5719 3445 5763 causa
3479 5710 3665 5765 essent.
3690 5708 3797 5750 tu!!!
