3908 6312
214 401 306 454 255

879 397 1228 454 VARIORUM
1267 391 1855 455 EXERCITATIONES
1895 393 1956 448 lN
1998 394 2053 450 S.
2098 394 2469 453 AUGUSTINI
2507 393 2755 453 OPERA.

3331 403 3435 460 ΞΜ

212 533 274 573 eo
307 530 364 571 se
392 515 702 585 gessissent,
735 516 882 583 quasi
905 530 1025 570 cum
1050 515 1319 585 pertinace
1366 515 1636 579 bteretico,
1679 528 1768 566 ex-
1798 514 1848 571 Α
1874 509 2052 580 Itaque
2099 525 2206 563 non
2242 519 2355 563 erat
2381 523 2476 562 cur
2506 511 2828 578 Augustinus
2865 521 3172 566 vexatorum
3203 530 3437 572 amorem

216 609 654 678 probrassentque
693 607 742 661 ei
790 621 975 660 omnes
1013 607 1317 660 vexationes
1354 619 1482 673 quas
1523 603 1702 657 Ariani
1739 617 1769 655 a

215 699 475 756 catholicis
499 699 640 768 passi
669 707 820 751 erant
846 715 857 749 :
883 695 1331 764 quemadmodum
1369 695 1453 748 hic
1480 692 1772 747 Donatistis

217 791 482 857 exprobrat
509 787 1011 841 Circumcellionum
1036 786 1262 839 furores.
1291 785 1334 838 Ο
1364 783 1596 838 infelicia
1619 797 1773 850 argu-

219 888 404 942 menta,
431 893 547 946 qua:
571 878 726 944 paulo
745 885 858 944 post
888 891 1031 929 mera
1073 876 1396 944 sophismata
1441 873 1573 926 facta
1613 874 1768 926 sunt!

218 971 258 1023 0
281 968 510 1022 rationes
535 965 900 1034 imprudentes
925 979 988 1018 ac
1021 965 1252 1032 fallaces,
1280 980 1394 1034 quas
1415 964 1584 1019 errori
1626 979 1775 1033 teque

217 1059 676 1130 patrocinabantur
713 1071 774 1110 ac
804 1056 1040 1109 veritati!

281 1151 411 1205 ibid.
441 1148 484 1202 0
513 1151 557 1201 si
587 1148 675 1200 tibi
704 1163 897 1216 possem
929 1147 1191 1201 ostendere
1222 1163 1282 1200 ex
1311 1147 1432 1215 ipsis
1470 1145 1776 1200 Circumcel-

217 1241 454 1304 lionibus,
472 1253 624 1306 quam
645 1237 829 1289 multos
847 1236 956 1304 jam
979 1235 1254 1288 catholicos
1281 1235 1570 1302 manifestos
1597 1234 1779 1286 habea-

215 1347 319 1382 mus
354 1331 658 1382 damnantes
684 1343 826 1379 suam
864 1326 1129 1393 pristinam
1169 1326 1358 1377 vitam!
1383 1323 1512 1393 etc.]
1557 1325 1621 1379 At
1661 1322 1778 1390 quis

213 1419 384 1474 credat
408 1417 648 1471 homines
667 1415 995 1468 facinorosos
1027 1429 1131 1466 non
1157 1414 1469 1477 rationibus,
1495 1426 1624 1482 quas
1645 1426 1781 1466 sem-

215 1527 304 1580 per
327 1515 638 1576 Spreverant
660 1514 943 1572 antequam
969 1504 1048 1557 vis
1074 1505 1466 1571 admoveretur,
1494 1502 1587 1554 sed
1611 1501 1780 1567 pennis

214 1599 386 1652 subito
409 1595 665 1648 adductos
697 1594 760 1646 ad
803 1593 854 1646 id
878 1591 1235 1660 profitendum
1266 1591 1402 1660 quod
1441 1590 1775 1654 damnarant,

213 1690 282 1742 ita
309 1701 430 1739 esse
451 1692 682 1738 mutatos
705 1682 899 1744 animo,
926 1695 1028 1732 non
1057 1694 1187 1733 vero
1212 1678 1602 1746 potentioribus
1627 1677 1782 1744 parti-
1824 1743 1832 1749 _

213 1776 307 1830 bus
337 1789 432 1828 ore
471 1771 829 1842 gratificatos?
857 1769 1022 1823 Valde
1073 1768 1348 1822 credulum
1391 1782 1510 1822 esse
1551 1773 1777 1835 Oportet,

1874 614 1997 667 erga
2031 600 2220 653 fratres
2243 610 2579 667 compararet
2608 615 2724 654 cunt
2757 616 2938 656 amOre
2967 600 3150 655 divino
3178 604 3228 655 in
3253 603 3438 657 huma-

1874 705 1998 744 num
2031 705 2220 759 genus.

1947 780 2098 846 lbid.,
2136 779 2163 850 ᾗ
2192 782 2245 835 5.
2280 781 2437 834 Putas
2470 783 2714 836 neminem
2744 783 2918 837 debere
2939 784 3046 854 cogi
3073 785 3139 836 ad
3158 787 3438 857 justitiam,

1877 890 1989 925 cum
2029 874 2166 940 legas
2189 875 2609 943 patremfamilias
2632 861 2820 929 dixisse
2847 879 3001 930 servis
3035 894 3052 929 :
3087 881 3441 949 Quoscuuque

1878 964 2187 1018 inveneritis
2235 965 2407 1032 cogite
2457 967 2690 1028 intrare;
2742 983 2856 1018 cum
2912 970 3048 1037 legas
3093 971 3245 1022 etiam
3276 971 3442 1038 ipsum

1879 1052 2042 1119 primo
2085 1051 2319 1115 Saulum,
2355 1061 2527 1118 postea
2575 1052 2818 1117 Paulum,
2852 1057 2917 1106 ad
2958 1060 3356 1125 cognoscendam
3396 1069 3444 1112 et

1880 1139 2143 1192 tenendam
2190 1141 2468 1202 veritatem,
2499 1159 2682 1210 magna
2708 1143 2944 1197 violentia
2979 1145 3165 1200 Christi
3195 1151 3438 1218 cegcntis,

1879 1245 1984 1282 esse
2022 1230 2358 1297 compulsum,
2392 1231 2534 1299 etc..]
2561 1234 2854 1300 Antequam
2892 1239 3220 1305 coactionem,
3253 1240 3320 1293 de
3342 1255 3442 1308 qua

1881 1333 2056 1374 sermo
2083 1332 2161 1374 est
2201 1323 2328 1374 Luc.
2375 1338 2482 1382 xtv,
2507 1322 2598 1383 25,
2633 1324 3067 1391 interpretaretur
3096 1328 3440 1396 Augustinus,

1883 1410 1949 1463 de
1979 1411 2026 1462 vi
2056 1411 2196 1463 illata
2241 1412 2444 1481 legibus
2472 1421 2526 1465 et
2556 1414 2748 1479 poenis,
2781 1414 3014 1482 cogitare
3043 1415 3267 1471 debebat
3294 1434 3444 1485 para-

1883 1500 2055 1554 bolam
2079 1501 2183 1555 illic
2212 1517 2241 1554 a
2271 1502 2484 1556 Christo
2509 1503 2641 1555 tradi
2669 1505 2719 1556 in
2751 1520 2852 1572 qua
2879 1505 2977 1559 hoc
2994 1506 3208 1573 jubetur
3236 1523 3441 1573 servus,

1882 1591 1969 1658 qui
1995 1591 2185 1644 frustra
2212 1602 2496 1646 vocaverat
2524 1592 2775 1647 convivas
2796 1605 2948 1648 antea
2983 1596 3252 1662 invitatos,
3277 1605 3331 1650 et
3355 1598 3445 1666 qui

1882 1679 2151 1732 liberrime
2190 1694 2308 1733 sese
2355 1692 2603 1734 venturos
2635 1693 2923 1748 negarant;
2967 1698 3136 1752 neque
3183 1685 3295 1739 ltmc
3325 1701 3447 1754 pars

1885 1771 2152 1836 parabolas
2197 1769 2581 1840 contra'ipsum
2623 1785 2917 1841 urgeretur.
2952 1776 3274 1843 Augustinus
3304 1781 3445 1833 enim

213 1867 298 1934 qui
322 1863 499 1918 verbis
517 1872 660 1915 metu
681 1859 902 1915 extortis
924 1869 1027 1913 tam
1071 1859 1225 1912 facile
1274 1859 1432 1912 fidem
1468 1857 1644 1911 habet.
1675 1855 1781 1910 Sed
1812 1855 1855 1915 Β
1885 1859 2526 1926 volebatomnesvocatos
2554 1864 2617 1914 al
2653 1864 2942 1916 Ecelesiam
2974 1865 3284 1919 catholicam
3309 1869 3444 1935 cogi,

212 1957 340 2011 satis
390 1954 654 2008 habebant
683 1960 969 2006 vexatores
1008 1949 1117 2003 Afri
1159 1958 1335 2017 partes
1390 1946 1782 2001 Donatistarum

211 2045 492 2108 afllixisse,
541 2057 640 2096 nec
679 2042 901 2095 multum
951 2039 1207 2094 curabant
1258 2053 1326 2092 an
1357 2051 1540 2092 eorum
1576 2036 1784 2090 animos

209 2149 338 2190 vere
365 2141 668 2198 sanassent,
692 2133 736 2186 si
781 2131 938 2185 modo
979 2145 1199 2199 corpora
1239 2129 1468 2184 obnoxia
1506 2127 1780 2182 haberent.

213 2227 484 2279 Presterea
519 2223 708 2276 similia
737 2223 938 2290 jactare
983 2229 1226 2289 poterant
1256 2219 1458 2286 Ariani,
1495 2227 1774 2288 postquam

211 2313 522 2382 aliquandiu
546 2311 838 2367 catholicos
886 2311 1025 2364 male
1065 2310 1388 2372 habuerant;
1439 2325 1560 2363 nam
1593 2309 1785 2364 multos

211 2419 276 2457 cx
314 2401 694 2456 infirmioribus
717 2408 807 2453 aut
843 2400 1184 2469 nequioribus
1219 2400 1554 2455 adducebant
1581 2409 1785 2454 terrore

211 2491 596 2559 suppliciorum
618 2489 683 2543 ad
719 2489 1063 2558 abjurandam
1095 2489 1354 2558 synodum
1385 2489 1669 2544 Nicaenam.
1698 2490 1786 2544 Sic

211 2581 373 2635 fishat
397 2589 453 2633 ut
476 2580 659 2646 optimi
681 2581 878 2649 quique
900 2580 989 2646 qui
1011 2591 1192 2634 contra
1218 2580 1383 2635 animi
1404 2580 1783 2636 conscientiam

209 2685 370 2739 agere
394 2682 450 2723 et
473 2670 617 2742 loqui
640 2669 1027 2734 detrectabant,
1061 2679 1221 2739 atque
1245 2681 1527 2739 propterea
1568 2671 1787 2724 laudan-

207 2761 284 2821 di,
316 2761 444 2814 licet
467 2761 852 2829 caeteroquinin
871 2775 1054 2816 errore
1076 2770 1442 2828 versarentur,
1468 2769 1641 2827 erant,
1665 2775 1786 2829 pes-

208 2855 345 2908 sime
377 2853 786 2918 mulctarentur;
818 2864 869 2908 et
902 2863 1086 2907 contra
1115 2862 1171 2906 ut
1214 2852 1464 2908 levissimi
1502 2853 1696 2921 quique
1725 2867 1787 2907 ac

207 2943 638 2997 dissimulatores
664 2943 987 2997 callidissimi
1017 2942 1200 2997 laudes
1225 2951 1279 2997 et
1301 2957 1328 2995 a
1345 2941 1617 2996 catholicis
1638 2950 1692 2997 et
1721 2943 1786 2995 ab

207 3033 426 3090 Arianis
448 3033 728 3086 referrent.

287 3123 443 3186 lbid.,
473 3122 501 3192 §
535 3125 590 3177 '5.
623 3122 682 3178 Si
711 3131 1012 3176 terrerentur
1036 3134 1080 3177 et
1104 3139 1199 3176 non
1215 3124 1534 3188 docerentur,
1556 3121 1785 3191 improba

208 3215 360 3281 quasi
377 3214 658 3266 dominttio
682 3213 950 3266 videretur.
983 3213 1179 3267 Rursus
1208 3215 1253 3266 si
1291 3213 1590 3267 docerentur
1607 3223 1654 3267 et
1682 3229 1786 3266 non
1811 3193 1858 3258 Ο

209 3310 548 3368 terrerentur,
574 3310 814 3353 vetustate
835 3302 1210 3355 consuetudinis
1238 3303 1495 3368 obdurati,
1523 3303 1590 3355 ad
1609 3317 1783 3372 capes-

206 3393 426 3444 sendam
453 3393 586 3443 viam
611 3392 787 3444 salutis
811 3392 1005 3460 pigrius
1028 3402 1366 3458 moverentur,
1390 3393 1520 3462 etc..j
1543 3393 1644 3447 Sed
1670 3403 1784 3447 ter-

207 3496 301 3536 ror
325 3480 646 3548 conjunctus
673 3480 930 3535 doctrinm
957 3495 1074 3535 eam
1113 3481 1458 3537 vehementer
1483 3491 1785 3551 suspectam

208 3573 380 3634 facit;
412 3571 609 3640 quippe
630 3586 785 3640 quam
809 3581 993 3638 putant
1023 3571 1289 3639 homines,
1321 3573 1426 3626 nisi
1449 3573 1500 3627 vi
1523 3582 1576 3627 et
1603 3583 1788 3628 aucto-

208 3667 376 3719 ritate
401 3663 705 3728 fulciretur,
731 3671 919 3730 sponte
945 3675 1039 3716 sua
1061 3663 1438 3732 collapsuram,
1463 3679 1560 3718 nec
1583 3672 1787 3717 terrore

211 3756 396 3822 legum
425 3752 524 3818 uti,
550 3752 650 3806 nisi
693 3752 812 3821 quia
849 3751 1047 3807 lumine
1093 3752 1334 3808 veritatis
1375 3753 1471 3808 sibi
1515 3752 1788 3808 hominum

207 3847 425 3899 animos
446 3843 731 3900 conciliare
745 3843 1073 3913 nequit.llaec
1092 3859 1209 3914 qute
1225 3844 1450 3899 dicimus
1466 3844 1674 3900 Arianis
1693 3845 1788 3900 ob-

208 3929 434 4004 iecisset
459 3933 803 4001 Augustinus,
822 3935 864 3987 si
891 3934 1043 4000 paulo
1065 3933 1262 3990 diutius
1298 3935 1551 4000 vixisset;
1575 3935 1786 4004 quando

209 4040 306 4080 cos
337 4024 565 4078 vidisset
585 4023 768 4077 iisdem
787 4024 1118 4092 argumentis
1143 4024 1217 4077 uti
1253 4033 1437 4078 contra
1478 4024 1788 4079 catholicos.

285 4133 422 4186 Ibid.
456 4133 558 4201 gi.
583 4133 708 4197 Quis
737 4149 827 4184 nos
853 4134 1012 4201 (male
1033 4133 1232 4187 editum
1263 4141 1346 4188 est
1374 4149 1474 4186 non
1518 4135 1569 4188 in
1611 4147 1793 4188 exem-

211 4226 350 4291 p'ari
383 4221 695 4294 Parisiensi)
720 4231 878 4290 potest
910 4224 1128 4292 amplius
1148 4239 1319 4276 amare
1342 4239 1494 4292 quam
1524 4222 1698 4277 Deus?
1725 4221 1791 4276 Et

211 4323 385 4367 ιιιηιεη
415 4328 508 4364 nos
539 4328 637 4364 non
672 4311 838 4365 solum
873 4312 1051 4365 docere
1081 4313 1318 4378 suaviter,
1349 4328 1520 4365 verum
1540 4313 1690 4366 etiam
1712 4328 1793 4366 sa-

213 4406 316 4456 lub.
340 4405 439 4456 iter
475 4412 678 4467 terrere,
707 4418 807 4455 non
842 4411 1019 4455 cessat.
1051 4401 1336 4471 Diligamus
1373 4403 1524 4454 etiam
1562 4403 1793 4455 inimicos

212 4503 442 4554 nostros,
470 4491 588 4559 quia
613 4489 708 4544 hoc
721 4492 919 4559 justum
936 4499 1006 4544 est
1034 4499 1080 4543 et
1109 4491 1202 4544 hoc
1226 4491 1452 4561 prwcipit
1473 4491 1624 4554 Deus,
1662 4491 1794 4543 utsi-

1885 1961 2005 2002 cum
2048 1948 2098 2000 in
2133 1949 2378 2017 parabola
2412 1951 2659 2013 mendici,
2693 1952 2968 2019 duntaxat,
3002 1954 3173 2006 claudi
3231 1965 3284 2010 et
3323 1958 3448 2011 caeci

1885 2045 2178 2105 cogantur,
2230 2040 2611 2106 prmtermissis
2663 2041 2798 2093 aliis.
2874 2041 2957 2094 An
3003 2043 3222 2110 putabat
3273 2046 3448 2114 Augu-

1885 2128 2057 2181 stinus
2073 2143 2132 2181 ea
2156 2131 2410 2182 coactioue
2431 2130 2712 2197 significari
2739 2131 3124 2199 impositionem
3148 2149 3446 2202 poenarum,

1885 2217 2069 2284 quales
2094 2232 2158 2271 ex
2190 2218 2304 2287 lege
2349 2218 2633 2273 Theodosii
2679 2220 2744 2273 ad
2790 2222 2946 2290 epist.
2982 2223 3050 2278 89
3100 2226 3448 2292 protulimus?

1885 2307 1965 2359 An
1991 2307 2067 2360 sic
2092 2307 2335 2363 homines
2367 2309 2428 2362 a'd
2452 2309 2754 2363 convivium
2781 2312 2960 2366 venire
2989 2315 3287 2382 coguntur?
3320 2316 3448 2381 Quis

1866 2398 2056 2452 nescit
2091 2414 2183 2454 eos
2236 2401 2346 2470 cogi
2401 2400 2505 2453 dici
2556 2402 2644 2470 qui
2685 2401 2934 2470 precibus
2987 2405 3317 2472 adiguntur?
3361 2401 3451 2461 Sie

1885 2488 2048 2544 Lotus
2075 2491 2208 2545 Gen.
2242 2507 2349 2559 xu,
2383 2492 2415 2545 5
2443 2491 2635 2545 dicitur
2661 2495 3085 2559 καταϐιάσασοαι,
3114 2497 3333 2566 coegisse
3358 2511 3451 2551 an-

1885 2583 2034 2650 gelos
2061 2594 2117 2635 ut
2145 2583 2282 2649 apud
2313 2598 2370 2637 se
2393 2591 2784 2651 pernoctarent.
2816 2585 2906 2639 Sic
2933 2585 3118 2640 Matth.
3151 2603 3262 2651 xw,
3284 2587 3373 2654 22,
3398 2597 3451 2643 et

1889 2671 2053 2724 Marc.
2082 2686 2152 2735 vt,
2184 2670 2272 2736 45,
2297 2671 2450 2724 Jesus
2493 2671 2740 2725 scribitur
2771 2675 3049 2744 ἀναγκάσαι
3090 2675 3309 2743 coegisse
3336 2675 3450 2729 dis-

1889 2759 2093 2826 cipulos
2138 2759 2401 2827 navigium
2447 2760 2670 2827 ingredi.
2705 2761 2794 2814 Sic
2839 2762 2966 2815 Luc.
2998 2777 3142 2827 xxiv,
3171 2762 3262 2831 29,
3294 2763 3452 2818 disci~

1889 2849 2000 2917 puli
2034 2850 2137 2902 duo
2172 2850 2540 2902 Emmauntem
2577 2858 2762 2904 euntes
2789 2849 3036 2904 dicuntur
3069 2850 3250 2906 Jesum
3278 2876 3451 2929 παρα-

1891 2943 2184 3008 ϐιάσασθαι,
2209 2942 2427 3011 coegisse
2451 2951 2503 2994 ut
2533 2955 2712 2996 secum
2743 2951 2996 2998 cmnarct.
3029 2943 3116 2999 Sic
3134 2943 3250 3000 Gal.
3276 2961 3331 3012 η,
3359 2946 3450 3012 21,

1887 3030 2239 3098 exprobrasse
2282 3045 2339 3084 se
2369 3029 2496 3084 dicit
2527 3030 2720 3084 Paulus
2749 3031 2904 3085 Petro
2941 3033 3082 3099 quod
3123 3033 3342 3102 gentiles
3369 3051 3451 3088 co-

1889 3129 2023 3191 geret
2069 3121 2269 3188 (utitur
2311 3122 2476 3175 verbo
2523 3123 2849 3191 ἀναγγάζειν)
2871 3121 3164 3192 judaizare.
3209 3123 3264 3178 ln
3309 3124 3452 3180 hisce

1889 3211 2154 3276 omnibus,
2189 3211 2327 3265 nulla
2357 3214 2434 3266 vis
2475 3211 2730 3278 adhibita,
2760 3217 2853 3266 sed
2884 3224 3085 3268 tantum
3130 3229 3334 3285 preces,
3361 3230 3452 3270 au-

1888 3306 2124 3366 ctoritas,
2158 3301 2482 3371 exemplum,
2513 3303 2628 3356 sine
2652 3303 2771 3356 ullis
2797 3305 2966 3370 pmnis
2987 3321 3001 3368 ;
3025 3316 3077 3358 et
3119 3307 3193 3358 sic
3220 3305 3453 3360 Solemus

1889 3393 1941 3445 in
1974 3393 2216 3446 oniuibus
2248 3393 2414 3447 ferme
2442 3393 2632 3462 l.nguis
2664 3395 2824 3462 loqui.
2853 3395 2930 3448 Ad
2960 3397 3295 3452 vocationem
3327 3413 3452 3452 vero

1888 3483 2030 3536 Sauli
2069 3482 2210 3550 quod
2251 3483 2460 3544 attinet,
2485 3497 2602 3549 qua:
2632 3484 2850 3537 cmleste
2893 3486 3202 3538 miraculum
3249 3500 3346 3548 εει,
3375 3490 3451 3540 εἷ-

1889 3571 2040 3624 utiles
2063 3579 2204 3624 artes
2225 3569 2478 3624 adhibere
2505 3571 2549 3622 si
2577 3571 2834 3638 potui-set
2855 3572 2918 3624 ad
2943 3575 3327 3628 convertendos
3351 3575 3454 3628 Do-

1890 3662 2131 3727 natistas,
2176 3660 2307 3713 nihil
2337 3671 2451 3714 erat
2503 3676 2597 3713 cur
2649 3675 2768 3714 eum
2817 3661 2900 3714 hic
2932 3661 3350 3728 etiiifutaremus,
3401 3676 3454 3719 et

1890 3767 2100 3806 omnem
2135 3751 2482 3820 pervicaciam
2515 3751 2670 3805 facile
2710 3752 2944 3806 vicisset.
2977 3751 3081 3806 Sed
3111 3767 3229 3805 cum
3262 3753 3453 3807 divinis

1889 3842 2159 3898 miraculis
2206 3840 2432 3896 conferri
2458 3841 2613 3895 vima
2655 3842 2911 3895 militibus
2959 3840 3302 3897 lictoribusve
3343 3858 3452 3896 ma-

1890 3937 2205 4005 gistratuum
2237 3933 2445 3987 allatam
2469 3949 2482 3998 ;
2505 3941 2558 3986 et
2586 3934 2708 4002 quia
2740 3933 2881 3987 Deus
2909 3934 3164 3988 miracula
3189 3935 3451 3991 interdum

1891 4025 2135 4079 adhibuit
2163 4024 2227 4078 ad
2259 4022 2503 4078 homines
2532 4022 2946 4088 convincendos,
2979 4024 3100 4077 hinc
3125 4024 3300 4093 colligi
3329 4026 3449 4079 ideo

1892 4114 2093 4168 licitum
2124 4129 2245 4168 esse
2266 4114 2315 4167 vi
2343 4113 2437 4181 uti,
2466 4126 2572 4166 non
2595 4113 2823 4181 patim'ur
2853 4111 2968 4166 sine
2993 4112 3168 4182 aliqua
3206 4113 3458 4184 indigna-

1895 4205 2057 4258 tione.
2089 4202 2223 4269 Quid
2253 4201 2394 4256 enim
2445 4201 2592 4256 hisce
2637 4201 2984 4256 dissimilius?
3032 4202 3089 4256 Si
3129 4201 3456 4272 Augustinus

1893 4296 2006 4364 ipse
2032 4295 2098 4348 ad
2128 4293 2444 4347 Vandalicas
2471 4293 2866 4360 persecutiones
2893 4293 3058 4346 vitam
3095 4292 3453 4361 produxisset,

1894 4393 1949 4440 et
1973 4385 2048 4438 sic
2086 4399 2175 4438 eas
2201 4383 2411 4437 defendi
2449 4382 2738 4436 audivisset
2785 4382 2851 4438 ab
2891 4383 3115 4446 Arianis,
3142 4381 3224 4435 vix
3257 4389 3454 4449 tempe-

1897 4491 2022 4530 rare
2048 4476 2305 4544 potuisset
2329 4477 2452 4543 quin
2489 4477 2813 4532 exclamaret
2840 4491 2931 4532 eos
2958 4474 3328 4545 blasrbemare
3366 4477 3453 4544 qui

212 4599 330 4635 mus
356 4582 454 4646 ﬁlii
483 4579 654 4634 Patris
685 4581 860 4646 nostri,
895 4581 979 4650 qui
1007 4581 1057 4633 in
1088 4582 1226 4634 ctzl’s
1250 4589 1345 4645 est,
1377 4547 1463 4648 qui
1485 4581 1607 4650 facit
1636 4583 1791 4635 solem
1819 4547 1871 4608 D
1899 4569 2017 4622 lana
2039 4577 2428 4637 εοωρππειιι·

212 4690 369 4728 suum
402 4673 525 4725 oriri
554 4688 700 4742 super
724 4671 878 4724 bonos
907 4683 952 4725 et
981 4673 1163 4732 malos,
1206 4682 1254 4725 et
1295 4672 1422 4743 pluit
1447 4689 1600 4742 super
1620 4675 1789 4743 justos

215 4775 262 4816 et
292 4764 540 4832 injustas.
592 4761 698 4816 Sed
739 4763 866 4815 sicut
906 4763 1000 4815 ista
1046 4762 1179 4814 dona
1219 4763 1325 4831 ejus
1375 4761 1670 4828 laudamus,
1721 4763 1792 4816 ita

215 4853 376 4905 etiam
408 4849 616 4922 ﬂagella
644 4851 754 4919 eius
789 4852 840 4903 in
881 4867 966 4904 eos
1009 4867 1131 4919 quos
1172 4852 1335 4919 diligit
1366 4851 1687 4923 cogitemus.]
1717 4852 1794 4908 Nc

213 4945 324 5010 jztttt
355 4955 593 5010 repetam
627 4936 730 4994 hoc
767 4955 978 5008 quoque
1018 4955 1135 4994 esse
1159 4953 1355 5006 anceps
1394 4940 1647 4994 auxilium
1689 4955 1793 5010 quo

218 5035 257 5087 A
274 5033 314 5084 vi
359 5031 409 5083 ni
435 5045 584 5098 aeque
605 5030 682 5083 uti
712 5031 1020 5098 poterantin
1045 5029 1358 5093 catholicos,
1385 5031 1505 5098 quis
1528 5029 1687 5084 homo
1708 5045 1794 5083 au-

217 5124 346 5173 deat
370 5119 472 5173 sibi
504 5119 590 5188 jus
619 5121 670 5173 in
712 5118 952 5187 ejusdem
994 5128 1197 5173 natura:
1228 5119 1515 5188 participes
1558 5119 1695 5173 idem
1731 5134 1794 5174 ac

219 5211 366 5262 Duris
389 5223 660 5278 arrogare,
685 5207 786 5260 nisi
814 5207 902 5275 qui
928 5221 984 5261 se
1010 5207 1282 5262 hominem
1318 5222 1435 5262 esse
1465 5205 1532 5260 sit
1564 5206 1793 5261 oblitus?

217 5301 351 5365 ρης
385 5298 527 5350 enim
559 5298 766 5363 ignorat
789 5296 931 5350 aliud
959 5297 1112 5365 plane
1135 5297 1223 5364 jus
1262 5311 1381 5352 esse
1421 5295 1692 5354 Creatoris
1739 5299 1789 5353 in

219 5397 524 5451 creaturas,
567 5387 712 5440 aliud
737 5381 1104 5440 ereaturarum
1132 5385 1184 5439 in
1221 5401 1279 5441 se
1309 5387 1560 5453 invicem,
1601 5386 1789 5440 aliam-

220 5494 327 5546 que
358 5478 449 5531 Dei
481 5492 544 5530 ae
567 5477 840 5531 hominum
864 5477 1236 5531 affectionem?
1259 5477 1396 5533 Deus
1421 5492 1661 5533 summus
1690 5487 1789 5543 est,

222 5570 340 5638 iure
390 5571 700 5635 creationis,
743 5571 990 5625 dominus
1022 5569 1242 5624 humani
1271 5572 1505 5640 generis,
1544 5571 1792 5639 idemque

224 5659 378 5727 imlex
415 5662 590 5714 omnis
619 5661 817 5715 erroris
837 5669 891 5716 et
911 5661 1131 5715 affectus
1157 5676 1346 5729 expers
1369 5679 1380 5714 :
1401 5662 1644 5715 homines
1667 5676 1791 5715 vero

227 5754 494 5816 conservi,
536 5750 909 5820 erroribosque
938 5760 989 5806 et
1018 5751 1192 5819 pravis
1231 5749 1506 5806 affectibus
1550 5749 1785 5804 obnoxii.

1968 4659 2120 4724 lbid.,
2157 4658 2182 4728 ᾗ
2217 4657 2270 4711 6.
2301 4655 2424 4711 Cum
2457 4659 2684 4730 legamus
2728 4660 2967 4712 ancillam
2989 4669 3036 4710 et
3076 4657 3238 4723 ﬁlium
3277 4658 3387 4725 ejus
3434 4677 3464 4711 α

1899 4752 2029 4808 Sara
2061 4768 2232 4820 passos
2251 4767 2427 4822 graces
2460 4753 2735 4818 molestias,
2767 4749 2960 4802 Paulus
2992 4757 3157 4798 tamen
3195 4746 3463 4814 apristulus

1896 4844 2020 4895 dicit
2043 4843 2177 4912 quod
2211 4842 2273 4893 ab
2302 4841 2519 4896 Ismaele
2547 4839 2938 4908 persecutionem
2968 4837 3030 4888 sit
3061 4839 3239 4903 passus
3271 4835 3418 4889 Isaac
3448 4877 3459 4887 .

1895 4933 1989 4987 sed
2019 4933 2155 4986 sicut
2181 4941 2328 4995 tunc,
2363 4932 2546 4998 inquit,
2581 4929 2669 4981 ille
2711 4928 2800 4994 qui
2848 4936 2962 4980 erat
3012 4926 3302 4980 secundum
3342 4941 3468 4979 car-

1897 5037 2018 5076 nem
2070 5019 2480 5089 persequebatur
2532 5031 2653 5072 eum
2682 5017 2912 5086 quierat
2963 5019 3249 5072 secundum
3287 5017 3452 5086 Spiri-

1896 5119 2042 5164 tum:
2075 5111 2144 5162 ita
2186 5117 2238 5162 et
2273 5121 2442 5169 nunc;
2488 5115 2542 5158 ut
2582 5107 2668 5176 qui
2711 5119 2918 5178 possunt
2969 5107 3252 5178 intelligant
3297 5125 3457 5176 mag‘s

1897 5201 2172 5255 Ecclesium
2213 5198 2511 5250 catholicam
2554 5200 2944 5264 persecutionem
2988 5201 3092 5266 pati
3134 5199 3368 5267 superbia
3410 5206 3459 5249 et

1895 5291 2472 5372 impieta'e'carualium,
2508 5307 2632 5360 quos
2661 5291 3017 5361 temporalibus
3049 5290 3287 5343 molestiis
3310 5298 3458 5354 utqus

1896 5383 2169 5438 terroribus
2193 5385 2455 5436 emendare
2484 5395 2717 5436 conatur.
2745 5383 2939 5437 Verum
2982 5382 3193 5448 quidem
3236 5386 3315 5429 est
3355 5377 3454 5429 lla-

1893 5493 2073 5546 garam
2105 5477 2240 5531 male
2270 5476 2498 5530 habitam
2525 5491 2552 5528 a
2585 5476 2733 5539 Sara,
2761 5474 2854 5528 sed
2897 5489 2961 5526 eo
2991 5471 3076 5523 hic
3108 5484 3210 5525 non
3241 5469 3458 5535 respicit

1895 5569 2109 5633 Paulus,
2137 5582 2318 5620 verum
2342 5565 2404 5618 ad
2434 5565 2668 5618 lsmaelis
2694 5565 2954 5616 actionem
2979 5574 3096 5613 cum
3129 5558 3306 5612 lsaaco
3334 5572 3456 5624 pro-

1894 5658 2092 5712 tervius
2123 5656 2368 5722 ludentis,
2397 5670 2553 5722 quam
2579 5663 2724 5706 vocat
2755 5651 3167 5720 persecutionem,
3193 5663 3455 5716 quamque

1893 5764 1923 5803 c
1949 5747 2098 5802 Infert
2116 5760 2232 5802 cum
2254 5757 2372 5813 peis
2407 5742 2614 5796 ctutione
2641 5757 2792 5810 quam
2812 5738 3098 5802 Christiani
3122 5738 3452 5809 pudt-bantur
