3908 6364
377 405 493 466 εεέ.

1262 378 1810 445 SUPPLEMEN'IUM
1852 376 1940 432 AD
1977 373 2203 430 OPERA
2241 372 2298 428 S.
2339 371 2720 430 AUCUSTINI.

3508 368 3626 426 9.56

379 539 413 581 a
437 519 665 582 )udaeis;
694 522 747 571 et
776 526 894 584 qua:
923 523 1030 565 non
1060 513 1177 563 erat
1222 505 1322 559 sita
1350 503 1403 556 in
1443 516 1509 557 eo
1538 499 1678 570 quod
1711 497 1953 551 viderent
1977 495 2029 555 Α
2054 493 2325 549 sceleratis
2375 493 2699 561 hominibus,
2733 494 2784 548 in
2830 494 3179 553 molimiuibus
3206 497 3637 553 Ecclesiasﬁco.

380 613 593 671 Judazos
634 606 892 675 superbos
921 616 1042 656 esse
1084 612 1147 653 ac
1204 596 1507 666 pervicaces
1545 592 1720 660 (quod
1755 602 1946 653 nemo,

382 704 484 759 nisi
513 700 708 755 Pteuus
736 695 938 758 rhetor,
968 687 1362 757 persecutionem
1394 681 1653 748 vocarit),
1682 678 1772 757 sed
1805 678 1856 731 in
1885 691 1961 745 eo,

383 792 525 859 quod
567 790 633 842 ab
676 786 739 839 iis
767 782 910 838 omni
958 778 1319 834 molestiarum
1348 784 1402 829 ct
1430 786 1706 842 pmnarum
1750 782 1949 837 genere

385 885 745 938 afficerentur.
779 870 1082 929 Absurdum
1125 877 1208 923 est
1246 864 1478 920 conferri
1516 863 1673 916 hasce
1705 872 1953 928 persecu-

387 976 579 1032 tiones.
617 983 747 1038 quas
777 975 1015 1032 tempore
1046 960 1193 1015 Pauli
1223 955 1509 1011 Christiani
1539 953 1803 1015 ferebant,
1831 962 1953 1003 cum

388 1062 667 1119 affectione
682 1054 844 1113 animi
859 1054 1228 1122 episcoporum
1245 1056 1295 1100 et
1311 1054 1623 1100 caeterorum
1640 1040 1955 1096 clericorum

384 1154 788 1217 Afrorum,qua
819 1158 960 1215 aegre
985 1140 1320 1212 patiebantur
1348 1136 1446 1191 sibi
1476 1133 1770 1190 contradici
1796 1146 1825 1183 a
1854 1129 1956 1217 Dos

395 1216 631 1297 uatistis.
659 1216 789 1305 Quis
816 1234 953 1290 ferat
996 1246 1116 1287 eum
1147 1226 1542 1299 persecutione»:
1576 1222 1682 1277 dici
1714 1220 1841 1287 pati,
1874 1216 1958 1272 cui

401 1336 544 1388 dolet
570 1330 709 1400 quod
740 1342 844 1382 non
867 1323 1169 1379 dominetur
1198 1318 1338 1381 aliis,
1361 1330 1511 1386 teque
1530 1328 1593 1369 ac
1618 1313 1844 1368 miseros
1870 1309 1962 1379 qui

414 1423 743 1478 lacullatibus
768 1416 1018 1473 omnibus
1045 1411 1357 1481 spoliantur,
1383 1407 1437 1460 in
1464 1404 1713 1461 exsilium
1742 1402 1964 1456 mittun-

412 1529 514 1575 .ur,
540 1508 764 1564 fustibus
789 1504 1085 1569 creduntur,
1119 1500 1225 1554 imo
1257 1508 1310 1553 et
1339 1495 1675 1557 occiduntur,
1701 1508 1821 1546 nam
1865 1492 1966 1545 hoc

402 1603 594 1657 factum
632 1598 795 1665 liquet
820 1598 885 1649 e'x
925 1591 1152 1661 epistola
1183 1589 1285 1645 100
1316 1589 1368 1641 in
1398 1602 1499 1657 qua
1525 1585 1847 1654 Augustinus
1886 1582 1970 1635 in-

404 1688 625 1745 tercedit
659 1702 724 1739 ne
754 1682 979 1751 amplius
1006 1680 1132 1735 flat?
1162 1678 1421 1733 llludebat
1447 1691 1574 1731 sane
1602 1673 1809 1729 miseris
1839 1672 1969 1749 llip-

405 1777 657 1847 ponensis
684 1774 885 1837 rhetor,
928 1770 1050 1839 quia
1094 1768 1356 1823 sentiebat
1397 1766 1576 1821 omnia
1609 1766 1826 1833 impune
1854 1777 1882 1815 a
1910 1776 1971 1817 se

2050 600 2189 657 rum,
2214 585 2301 651 qui
2325 586 2669 639 concitabant
2714 585 3045 657 magistratus
3089 588 3141 663 in
3180 589 3407 645 miseros
3437 589 3611 644 Dona

2054 674 2239 728 tistas?
2269 673 2435 735 Pudet
2476 673 2746 751 immorari
2777 675 3109 730 confutandis
3145 678 3401 745 ejusmodi
3452 681 3646 732 ratio-

2054 750 2437 839 cinationibus,
2462 780 2577 833 qua:
2610 780 2676 819 ne
2705 765 2887 833 logica:
2912 766 3121 834 quidem
3159 767 3421 823 tironibus
3454 768 3646 823 hodie

2054 854 2502 931 condonarentur.
2519 853 2623 910 Sed
2646 863 2704 908 ut
2722 855 3007 910 concedam
3033 855 3145 910 haec
3175 870 3329 925 posse
3349 858 3645 926 conferri,

2057 960 2123 999 an
2156 947 2431 1014 quisquam
2473 946 2612 1000 inter
2639 945 2791 1001 Afros
2823 946 2920 999 fuit
2954 957 3058 1002 tam
3107 948 3364 1013 perfricta:
3406 949 3657 1015 frontis,

2058 1026 2114 1087 ut
2143 1035 2363 1089 auderet
2391 1034 2660 1102 pastui-re
2689 1035 2755 1087 ab
2785 1035 3082 1091 infelicibus
3109 1036 3399 1092 Donatistis
3422 1048 3485 1094 ut
3514 1053 3653 1093 cre-

2060 1122 2251 1177 derent
2279 1123 2573 1178 catholicos
2597 1134 2701 1178 tam
2726 1125 2862 1180 bene
2898 1140 3023 1195 erga
3064 1140 3159 1180 eos
3184 1141 3314 1196 quos
3356 1128 3651 1183 vexabant

2063 1213 2302 1282 affectos,
2326 1229 2483 1285 quam
2510 1225 2627 1271 erat
2655 1216 2792 1271 Deus
2821 1232 2945 1286 erga
2990 1217 3238 1272 homines
3275 1232 3396 1273 cum
3432 1220 3645 1274 Filium

2062 1320 2217 1360 suum
2242 1306 2610 1360 vexatiouibus
2632 1306 2883 1374 traderet,
2909 1316 2965 1360 ut
2987 1321 3153 1376 genus
3183 1296 3477 1362 humanum
3524 1322 3649 1364 ser-

2064 1396 2245 1449 varet?
2274 1396 2413 1450 Deus
2438 1406 2581 1450 certe
2605 1410 2669 1450 ex
2710 1405 2889 1448 nostra
2916 1396 3092 1451 salute
3122 1396 3252 1452 nihil
3284 1397 3653 1464 lucrabatur;

2066 1483 2158 1537 sed
2190 1484 2299 1537 Afri
2330 1486 2564 1553 episcopi
2595 1484 2930 1549 auctoritate,
2955 1484 3211 1552 dignitate
3250 1494 3410 1553 atque
3438 1488 3639 1557 opibus

2069 1588 2134 1628 eo
2164 1573 2395 1639 majores
2424 1583 2601 1637 erant,
2633 1588 2738 1641 quo
2778 1589 2965 1642 greges
3012 1590 3193 1629 eorum
3241 1577 3650 1632 numerosiores

2073 1662 2288 1727 fiebant,
2318 1679 2436 1733 qum
2472 1678 2573 1716 non
2611 1665 2796 1718 ultima
2846 1679 3004 1718 causa
3056 1665 3242 1719 harum
3295 1667 3649 1722 vexationunt

2073 1753 2234 1808 fuisse
2260 1755 2487 1808 videtur.
2524 1755 2591 1809 At
2618 1754 2803 1808 rhetor
2847 1764 3030 1809 noster
3080 1769 3187 1809 non
3240 1763 3448 1810 tantum
3499 1757 3647 1822 veri,

408 1843 459 1922 in
491 1867 610 1920 illos
640 1865 874 1933 potuisse
903 1860 1041 1924 dici;
1086 1858 1181 1913 sed
1220 1859 1264 1912 si
1310 1856 1492 1910 Ariani
1542 1854 1851 1923 superiores
1897 1851 1966 1904 ita
2002 1843 2045 1902 Β
2073 1844 2169 1899 sed
2196 1858 2263 1899 ue
2294 1845 2603 1898 verisimilis
2647 1845 2860 1923 quidem
2916 1844 3074 1898 ullam
3125 1845 3383 1899 rationem
3443 1846 3653 1911 habet;

408 1958 571 2013 locuti
603 1944 783 2010 essent
834 1953 1090 2007 adversus
1120 1948 1428 2013 catholicos,
1457 1963 1522 2001 an
1554 1961 1659 2000 nou
1704 1945 1756 1998 lii
1783 1944 1975 1998 uelum

412 2058 568 2101 terra:
588 2042 961 2098 miscuissent?
988 2041 1251 2095 Prmterea
1277 2038 1417 2108 quod
1442 2038 1667 2106 primum
1689 2036 1794 2090 diri
1823 2050 1981 2105 apor-

416 2138 534 2200 tuit,
552 2138 637 2190 hic
662 2146 715 2189 et
742 2136 935 2203 ubique
963 2132 1147 2188 statuit
1174 2140 1333 2200 atque
1358 2130 1581 2185 assumit
1599 2144 1693 2197 pro
1709 2136 1983 2195 comperto

418 2229 747 2295 Augustinus
763 2222 902 2291 quod
924 2223 974 2276 in
997 2220 1360 2276 controversia
1381 2226 1497 2273 erat
1523 2219 1748 2286 positum
1766 2233 1781 2281 ;
1808 2230 1980 2283 suam,

418 2320 691 2381 nimirum,
739 2314 1032 2369 Ecclesiam
1079 2312 1240 2366 fuisse
1282 2325 1461 2373 unam,
1495 2308 1722 2363 exclusis
1772 2306 1988 2361 Donati-

432 2410 551 2474 stis,
582 2407 777 2462 Christi
814 2406 1121 2460 Ecclesiam.
1153 2403 1267 2457 Non
1296 2401 1542 2471 equidem
1574 2401 1738 2469 probo
1771 2398 1991 2469 Donati-

422 2510 625 2557 starum
660 2496 911 2560 schisma,
939 2494 1032 2548 sed
1073 2506 1195 2547 cum
1224 2491 1329 2546 illis
1355 2490 1673 2559 disceptanti
1702 2486 1989 2543 absurdum

426 2593 524 2647 fuit
553 2596 807 2659 perpetuo
840 2585 888 2639 id
918 2597 1191 2639 assumere
1220 2583 1359 2652 quod
1388 2579 1667 2651 praefracte
1693 2577 1988 2647 negabant;

428 2692 591 2749 utque
616 2677 878 2745 intelligas
900 2690 1059 2745 quam
1089 2675 1158 2727 sit
1185 2673 1449 2743 iniquum,
1477 2684 1616 2739 pone
1640 2669 1759 2723 loco
1789 2667 1995 2736 Augus-

431 2770 523 2824 t‘ui
576 2768 803 2823 Arianos
830 2775 883 2821 et
915 2766 994 2819 fac
1022 2777 1116 2819 eos
1158 2762 1355 2817 similia
1402 2762 1672 2824 dicentes;
1716 2768 1824 2811 tum
1865 2770 1997 2811 vero

428 2859 634 2912 videbis
678 2857 885 2911 Arianis
931 2854 1070 2910 idem
1114 2853 1383 2921 obiectum
1431 2853 1493 2905 iri
1540 2849 1679 2919 quod
1708 2847 1997 2901 Donatistae

432 2944 725 3015 Augustino
753 2942 1099 3010 objiciebaiit.
1134 2941 1389 3009 Quaenam
1410 2947 1588 2995 autem
1618 2937 1732 2990 haec
1760 2943 1842 2990 est
1872 2934 1953 2987 lex
1982 2950 1997 2987 :

433 3035 560 3089 Cum
586 3049 666 3088 res
707 3047 829 3084 meae
858 3032 1141 3097 superiores
1169 3038 1336 3092 erunt,
1367 3038 1471 3080 tum
1501 3026 1624 3079 mihi
1663 3028 1723 3076 de
1766 3026 1999 3089 a’quitate

433 3136 479 3179 et
507 3125 710 3177 ueritate
752 3135 919 3173 causa:
948 3134 1070 3171 mete
1079 3119 1358 3187 judicium,
1392 3118 1583 3184 frustra
1607 3114 2000 3168 reclamantibus

2079 1947 2176 1995 nec
2203 1946 2332 2001 opus
2359 1940 2495 2000 erat,
2528 1948 2647 1987 cum
2686 1934 2832 1988 hisce
2875 1935 3094 2001 argutiis
3135 1936 3353 1989 minime
3391 1947 3653 1991 cessuros

2081 2022 2319 2088 mulctte,
2344 2036 2609 2087 carceres,
2645 2024 2856 2089 exsilia,
2888 2039 3033 2078 mors
3063 2034 3360 2079 manerent.

2154 2112 2310 2180 lbid.,
2346 2112 2455 2183 §8.
2488 2112 2550 2167 Si
2577 2129 2771 2182 semper
2793 2120 2917 2166 esset
2949 2114 3205 2168 laudabile
3247 2115 3667 2182 persecutionem

2085 2206 2190 2276 pati
2208 2250 2222 2275 ,
2250 2208 2493 2275 sufﬁceret
2524 2204 2744 2258 Domino
2771 2206 2936 2258 dicere
2962 2219 2980 2257 :
3026 2205 3174 2259 Beati
3203 2205 3289 2274 qui
3322 2205 3669 2273 persecutio-

2088 2311 2209 2350 nem
2255 2297 2544 2364 patiuntur,
2587 2312 2677 2349 nec
2703 2296 2935 2360 adderet,
2967 2294 3193 2365 propter
3230 2292 3556 2364 justitiam.]
3591 2296 3673 2351 At

2091 2382 2377 2437 Donatista:
2418 2391 2596 2452 partes
2651 2397 2776 2438 suas
2818 2384 3094 2441 catholicis
3143 2399 3245 2438 non
3297 2384 3683 2453 praeferebant

2091 2471 2366 2539 duntaxat,
2406 2474 2528 2543 quia
2569 2475 2963 2541 persecutionem
2993 2475 3334 2543 patiebantur,
3364 2475 3459 2531 sed
3504 2476 3682 2544 quia,

2093 2573 2151 2618 ut
2177 2564 2386 2633 quidem
2418 2566 2695 2635 putabant,
2729 2564 2831 2619 hoc
2854 2565 3015 2620 ﬁebat
3042 2566 3271 2631 iustitiaz,
3298 2567 3396 2621 hoc
3417 2574 3523 2635 est,
3556 2567 3684 2621 vir-

2095 2654 2223 2709 tutis
2250 2669 2445 2720 eausa;
2476 2655 2616 2724 quod
2652 2656 2857 2709 nollent
2884 2655 2935 2709 id
2964 2655 3139 2710 facere
3170 2656 3306 2723 quod
3352 2656 3452 2711 sibi
3498 2656 3688 2710 illici-

2098 2756 2210 2800 tum
2248 2759 2365 2799 esse
2395 2748 2458 2799 ac
2490 2742 2595 2799 Deo
2622 2740 2907 2813 displicere
2954 2747 3258 2799 credebant.
3290 2746 3362 2801 Ea
3406 2757 3489 2802 est
3534 2762 3693 2803 sane

2099 2837 2262 2893 animi
2283 2836 2493 2891 affectio
2514 2831 2794 2905 lat'tdanda,
2826 2838 2983 2890 etiam
3017 2838 3071 2891 in
3100 2837 3429 2893 errantibus:
3451 2849 3510 2892 ut
3538 2854 3697 2893 con-

2101 2934 2183 2982 tra
2203 2926 2533 2997 vituperandi
2556 2926 2642 2996 qui
2662 2926 2728 2982 ab
2746 2926 2922 2982 invitis
2938 2910 3269 3000 extorquent
3290 2938 3345 2981 ut
3371 2927 3423 2982 id
3440 2927 3700 2995 faciant,

2102 3026 2247 3072 metu
2266 3017 2666 3085 suppliciorum,
2679 3017 2817 3087 quod
2842 3018 3080 3073 illicitum
3110 3034 3228 3075 esse
3247 3029 3460 3087 putant:
3476 3034 3705 3091 qnam-

2103 3107 2186 3161 vis
2209 3107 2350 3161 enim
2378 3107 2679 3174 quodinviti
2712 3108 2912 3162 faciunt
2938 3117 3122 3163 natura
3151 3125 3245 3165 sua
3272 3120 3473 3165 rectum
3493 3120 3703 3181 esset,

432 3214 759 3276 adversariis,
788 3212 1113 3274 attribuitor;
1144 3212 1187 3262 si
1216 3226 1421 3263 numero
1459 3219 1506 3262 et
1545 3208 1848 3261 auctoritate
1888 3208 1996 3259 vin-
2024 3187 2069 3249 Ο
2102 3196 2212 3249 θοο
2240 3211 2343 3249 ηοη
2375 3204 2552 3264 9055‘?l
2579 3212 2682 3250 ηοο
2709 3196 3009 3266 displicere.
3031 3200 3119 3267 (ιυὶ
3144 3214 3245 3252 non
3273 3200 3381 3253 νυῖι
3407 3214 3500 3255 Ofe
3523 3199 3706 3255 dun-

434 3322 541 3367 cnr,
573 3301 875 3355 adversariis
915 3300 1036 3351 meis
1064 3299 1199 3350 idem
1232 3301 1395 3364 facere
1423 3297 1558 3365 quod
1599 3297 1698 3364 feci
1728 3312 1790 3348 ne
1812 3295 2001 3363 liceto‘?

435 3393 572 3460 Quid
602 3390 727 3459 fingi
756 3398 929 3459 potest
956 3387 1217 3456 iniquius?
1250 3388 1325 3440 Eo
1364 3396 1541 3441 tamen
1571 3386 1789 3440 tendunt
1813 3385 2002 3453 plerae-

438 3500 541 3555 que
588 3496 775 3549 omnes
817 3478 1253 3534 ratiocinationes
1283 3477 1580 3547 Augustini,
1608 3484 1662 3531 et
1707 3474 2003 3553 praesertim

438 3583 743 3643 sequentes,
763 3586 896 3640 quas
926 3586 1030 3623 non
1053 3569 1375 3625 exscribam.

510 3666 664 3724 Ibid..
699 3663 727 3734 ᾗ
755 3665 810 3718 7.
837 3662 1018 3732 Aspice
1057 3663 1208 3715 etiam
1240 3670 1466 3729 tempora
1498 3657 1635 3721 Novi
1674 3656 2003 3719 Testamenti,

440 3757 644 3827 quando
667 3755 784 3825 jam
808 3753 920 3822 ipsa
965 3750 1300 3805 mansuetudo
1340 3749 1568 3803 caritatis
1612 3763 1715 3800 non
1757 3748 1922 3799 solum
1954 3747 2005 3799 in

440 3847 591 3901 corde
618 3854 727 3901 erat
761 3841 1029 3907 servanda,
1056 3855 1225 3893 verum
1259 3839 1409 3915 etiam
1435 3838 1490 3890 in
1509 3837 1620 3891 luce
1654 3836 2006 3915 monstranda,

441 3934 647 4003 quando
691 3930 833 3984 Petri
860 3930 1069 3999 gladius
1095 3929 1147 3980 in
1175 3912 1408 3995 vaginam
1440 3935 1700 3987 revocatur
1719 3942 1751 3977 a
1776 3912 2005 3990 Christo,

442 4036 488 4079 et
514 4021 793 4075 ostenditur
836 4035 936 4072 non
986 4018 1214 4077 debuisse
1258 4016 1324 4069 de
1373 4017 1555 4096 vagina
1593 4016 1767 4081 eximi,
1799 4033 1889 4069 nec
1916 4032 2007 4085 pro

447 4108 704 4179 σιώπα]
732 4109 786 4164 Si
814 4108 931 4178 quis
958 4108 1041 4160 his
1072 4104 1221 4160 lectis
1248 4105 1470 4161 ulterius
1495 4120 1599 4159 nou
1630 4115 1896 4176 pergeret,
1927 4106 2007 4160 ia-

445 4202 549 4255 cile
569 4198 814 4267 crederet
860 4198 973 4252 haec
1015 4210 1134 4275 esse
1162 4182 1325 4252 verba
1354 4196 1638 4275 Donatistae
1680 4196 2008 4251 ostendentis

447 4288 660 4345 illicitas
691 4302 812 4345 esse
840 4301 1023 4357 plenas
1049 4272 1369 4356 temporales
1398 4286 1452 4341 in
1478 4272 1653 4341 rebus
1692 4286 1757 4341 ad
1796 4286 2010 4355 religio-

447 4396 568 4439 nem
593 4364 996 4449 pertinentibus,
1011 4379 1150 4448 quod
1178 4379 1285 4433 sint
1311 4379 1475 4433 indoli
1506 4388 1662 4457 atque
1691 4380 1897 4449 ingenio
1917 4380 2012 4457 do-

448 4473 632 4526 ctrina:
655 4470 974 4538 evangelicte
1006 4469 1157 4545 plane
1178 4471 1481 4524 contrariae.
1507 4472 1574 4523 At
1590 4454 1714 4524 hinc
1738 4454 2014 4526 conserua-

2107 3293 2259 3338 taxat
2305 3274 2431 3351 coli,
2481 3285 2576 3339 sed
2620 3286 2951 3356 potissimum
3000 3286 3199 3356 animo,
3230 3302 3330 3343 nec
3374 3289 3442 3343 ab
3487 3289 3707 3345 invitis

2108 3375 2391 3445 quidquam
2421 3376 2632 3447 accipit.

2177 3465 2311 3520 lbid.
2340 3464 2470 3520 Item
2498 3467 2543 3518 si
2591 3482 2789 3536 semper
2817 3475 2943 3521 esset
2988 3467 3237 3538 culpabile
3274 3469 3707 3537 persecutionem

2108 3559 2297 3627 facere,
2328 3573 2429 3611 non
2456 3558 2699 3625 scriptum
2723 3568 2849 3611 esset
2876 3560 2927 3611 in
2947 3561 3135 3614 sanctis
3161 3559 3325 3615 Librt's
3347 3577 3367 3614 :
3385 3561 3703 3619 Detrahen-

2111 3655 2218 3699 tem
2268 3648 2507 3715 proximo
2552 3636 2650 3702 suo
2696 3634 2924 3723 occulte,
2956 3649 3097 3704 hunc
3145 3654 3537 3722 persequebar;
3571 3655 3686 3707 ali-

2108 3737 2313 3805 quando
2333 3754 2451 3809 ergo
2479 3750 2526 3792 et
2553 3726 2641 3809 qui
2662 3756 2771 3791 eam
2798 3740 2989 3809 patitur
3008 3742 3226 3809 injustus
3256 3752 3348 3808 est,
3372 3753 3418 3796 et
3444 3745 3535 3813 qui
3567 3760 3690 3798 eam

2110 3830 2235 3897 facit
2279 3832 2450 3899 justus
2478 3816 2791 3903 esti-Verum
2830 3818 2937 3885 non
2976 3832 3059 3886 hic
3087 3834 3153 3889 de
3193 3834 3379 3903 quavis
3423 3852 3686 3904 persecu—

2112 3920 2267 3985 tione,
2301 3921 2402 3975 hoc
2428 3931 2527 3986 est,
2543 3923 2813 3991 quibusvis
2837 3925 3008 3994 poenis
3033 3927 3231 3998 agitur;
3262 3929 3357 3983 sed
3377 3929 3445 3985 de
3474 3944 3537 3985 ea
3556 3938 3686 3986 tan-

2102 4018 2225 4079 tum
2251 4025 2366 4079 qum
2404 4010 2461 4065 fit
2502 4022 2716 4085 propter
2752 4013 3019 4085 dogmata,
3069 4030 3176 4071 non
3219 4026 3437 4086 propter
3479 4020 3684 4076 delicta

2112 4103 2303 4171 quibus
2333 4105 2672 4171 perturbatur
2698 4103 2928 4181 secietas
2956 4108 3151 4175 civilis,
3173 4117 3228 4164 et
3254 4110 3320 4165 de
3347 4112 3544 4181 quibus
3570 4128 3680 4167 non

2113 4203 2182 4243 ex
2212 4192 2493 4271 religiosis,
2539 4194 2730 4274 sedex
2774 4180 3018 4269 civilibus
3068 4197 3270 4267 legibus
3316 4214 3490 4270 ptume
3538 4203 3678 4256 sumi

2114 4290 2357 4349 possunt.
2386 4282 2445 4361 in
2475 4283 2592 4338 loco
2620 4285 2806 4355 psalmi
2833 4301 2884 4353 c,
2915 4288 2972 4353 5,
3003 4296 3084 4343 est
3104 4289 3313 4357 quidem
3344 4292 3395 4345 in
3425 4294 3680 4349 versione

2115 4371 2259 4427 LXX
2304 4373 2653 4444 interpretum
2692 4376 2908 4443 ἐδίωκον,
2943 4370 3293 4448 persequebar,
3321 4379 3416 4434 sed
3463 4389 3521 4435 ut
3568 4382 3680 4451 jam

2116 4472 2264 4518 recte
2283 4479 2374 4518 eos
2406 4467 2627 4520 vertisse
2664 4476 2977 4531 statuamus,
3008 4484 3112 4522 non
3158 4479 3241 4524 est
3281 4471 3365 4525 hic
3407 4484 3591 4526 sermo
3619 4475 3689 4529 de

449 4562 584 4617 rium
633 4533 849 4629 prorsus
897 4533 1166 4614 diversum
1217 4558 1449 4613 deducit.
1489 4558 1691 4630 Nempe
1735 4560 1844 4614 vult
1890 4559 2015 4614 inde
2040 4533 2091 4593 θ
2118 4553 2364 4623 dogmate
2392 4552 2757 4621 controverso,
2803 4559 2896 4627 sed
2926 4559 2993 4613 de
3023 4560 3307 4627 calumnia,
3353 4560 3455 4615 hoc
3479 4572 3590 4628 est,
3622 4565 3688 4619 dc

448 4651 651 4721 colligi,
683 4660 742 4704 ut
771 4651 908 4705 Deus
939 4648 1097 4703 Pater
1126 4647 1340 4703 tradidit
1361 4648 1551 4703 Filium
1581 4665 1732 4703 suum
1759 4650 2014 4718 supplicio

450 4744 643 4806 crucis,
675 4757 777 4796 nec
806 4753 981 4796 tamen
1014 4741 1186 4792 minus
1214 4749 1296 4793 est
1330 4739 1631 4792 misericors
1656 4756 1669 4790 :
1693 4740 1770 4792 sic
1798 4754 1891 4792 nec
1918 4740 2017 4793 Ec-

452 4833 630 4885 clesia:
658 4832 921 4887 Africana:
947 4829 1278 4885 crudelitatis
1307 4838 1482 4883 notam
1509 4830 1642 4883 inuri
1675 4843 1849 4896 ιιωεθ,
1877 4830 2014 4897 quod

456 4919 754 4973 Donatistas
785 4921 1055 4976 lictoribus
1086 4918 1395 4989 plectendos
1426 4918 1688 4983 traderet;
1719 4934 1839 4972 nam
1865 4932 2017 4987 spec-

454 5009 672 5063 tandum
716 5009 800 5062 hic
829 5026 948 5065 esse
978 5013 1213 5067 animum
1253 5010 1593 5075 tradentium,
1620 5011 1709 5079 qui
1740 5012 1805 5065 ad
1841 5026 2022 5066 emen-

458 5099 725 5154 dationem
766 5084 1075 5152 traditorutn
1128 5100 1397 5158 tendebat.
1439 5099 1603 5170 Igitur
1646 5100 1885 5170 quamvis
1931 5116 2023 5157 ca-

461 5187 643 5244 tholici
683 5201 786 5240 non
832 5187 984 5240 aliter
1022 5202 1083 5239 se
1129 5201 1377 5257 gererent
1422 5206 1484 5246 ac
1516 5203 1901 5260 persecutores,
1928 5207 2021 5246 eos

461 5292 638 5335 tamen
684 5292 789 5331 non
841 5291 960 5332 esse
1014 5278 1210 5332 illicitae
1259 5283 1644 5348 persecutionis
1681 5283 2018 5339 incusandos.

459 5370 752 5431 Discantus,
781 5368 969 5437 inquit,
1010 5371 1194 5437 frater,
1223 5369 1277 5423 in
1304 5372 1637 5429 similitudine
1667 5391 1873 5446 cperunt
1914 5375 2022 5429 dis-

430 5526 433 5529 λ
460 5475 663 5514 eernere
689 5458 885 5512 animos
912 5458 1252 5527 operantium,
1285 5477 1373 5514 nec
1416 5462 1603 5517 clausis
1644 5468 1801 5519 oculis
1830 5467 2021 5521 calum-

461 5550 735 5613 niemur,et
759 5547 1017 5603 benevolos
1048 5564 1138 5617 pro
1159 5551 1447 5605 nocentibus
1478 5569 1788 5609 accusemus.
1814 5558 1877 5610 At
1918 5559 2022 5625 pri-

462 5652 606 5689 mum
638 5639 761 5706 quid
790 5641 966 5696 simile
993 5650 1078 5696 est
1117 5641 1311 5696 actioni
1358 5643 1449 5697 Dei
1482 5647 1732 5711 patientis
1758 5647 2020 5703 volentem

461 5726 653 5781 Filium
683 5741 838 5783 suum
886 5732 1078 5799 occidi,
1118 5732 1172 5787 in
1209 5733 1430 5790 salutem
1465 5733 1679 5790 humani
1730 5738 1959 5806 generis,
1990 5754 2020 5794 a

2118 4656 2357 4713 peccato,
2389 4647 2527 4714 qund
2559 4650 2644 4712 qui
2669 4649 2953 4702 committit
2999 4660 3271 4718 peccatum
3301 4665 3423 4706 esse
3466 4652 3689 4713 diffiteri

2119 4754 2222 4792 non
2253 4747 2446 4807 potest.
2481 4739 2592 4795 Rex
2638 4740 2801 4795 David
2831 4757 2897 4797 eo
2926 4743 2980 4797 in
3023 4744 3139 4797 loco
3169 4744 3279 4799 Deo
3314 4744 3605 4814 pollicetur
3632 4764 3701 4806 se

2118 4830 2366 4905 daturum
2397 4849 2612 4902 operam
2638 4846 2892 4892 utomnes
2904 4839 3317 4895 calumniatores
3336 4855 3366 4894 a
3393 4854 3694 4909 conspectu

2117 4936 2217 4976 suo
2262 4923 2440 4992 ejiciat
2467 4942 2480 4977 :
2510 4925 2887 4995 Delta/tentem,
2922 4930 3089 4998 inquit
3131 4932 3262 4985 clam
3307 4933 3537 5001 proximo
3570 4952 3692 5004 suo,

2126 5011 2324 5081 tollam,
2352 5014 2537 5068 elatum
2567 5015 2727 5070 oculis
2750 5026 2797 5070 et
2822 5026 3013 5071 vastum
3038 5019 3207 5073 animo
3224 5035 3324 5073 non
3348 5021 3697 5089 [eramQuid

2123 5103 2240 5158 haec
2286 5103 2482 5159 faciunt
2528 5106 2594 5160 ad
2642 5106 3063 5175 persecutionem
3113 5110 3386 5166 hominum
3433 5113 3693 5182 dogmata

2123 5194 2389 5262 quaepiam
2420 5196 2558 5249 bona
2601 5196 2706 5249 ﬁde
2734 5198 3123 5267 amplexorum’,
3156 5215 3255 5255 nec
3282 5205 3574 5272 cmteroqui
3601 5208 3697 5264 de-

2125 5285 2380 5339 teriorum
2409 5299 2640 5351 morum,
2669 5302 2826 5357 quam
2854 5298 2977 5344 sunt
3024 5291 3210 5360 reliqui
3239 5292 3420 5349 cives?
3452 5293 3696 5352 lloccine

2127 5381 2213 5427 cst
2256 5372 2610 5443 Scripturam,
2640 5384 2698 5429 ut
2747 5377 2921 5441 decet,
2967 5377 3326 5448 interpretari,
3367 5395 3435 5435 an
3490 5392 3696 5446 temere

2128 5468 2365 5536 arripere
2413 5469 2721 5525 vocabulum
2774 5473 2913 5545 male
2956 5474 3306 5538 intellectum,
3356 5482 3413 5529 ut
3461 5474 3694 5533 videaris

2127 5556 2327 5626 aliquid
2349 5557 2546 5637 dicere,
2573 5575 2691 5637 cum
2718 5576 2901 5615 revera
2929 5561 3059 5615 nihil
3092 5563 3267 5618 dicas?

2201 5647 2334 5702 Ibid.
2366 5634 2671 5703 Occiderunt
2708 5652 2850 5720 impii
2878 5653 3177 5722 prapltetas;
3197 5655 3483 5708 occiderunt
3508 5654 3693 5724 impios

2128 5749 2174 5795 et
2203 5741 2479 5812 prophetat.
2511 5743 2777 5811 Quasnam
2832 5753 3049 5816 propter
3098 5761 3272 5804 meras
3301 5746 3575 5818 opiniones
3601 5762 3681 5802 oc-
