3908 6344
157 311 246 362 23.7

821 299 1176 358 VARlORllfil
1219 295 1812 356 EXERCII‘ATIONES
1853 296 1914 350 l.\'
1955 297 2012 352 S.
2055 297 2420 355 AUGUSTlNl
2462 299 2710 356 OPERA.

3298 307 3400 360 238

155 419 368 476 ciderint
393 413 984 486 propheta:,debuisset
1013 414 1191 468 dicere
1218 413 1572 482 Augustinus;
1599 426 1719 466 nam
1750 416 1801 475 Α
1827 411 2138 465 ῐηὶιοθτίἠοη
2174 415 2392 480 possum
2423 415 2513 481 qui
2546 415 2873 483 Augustinus
2901 425 3005 470 tam
3053 418 3291 475 futilibus
3319 438 3406 496 ras

156 516 198 566 si
230 525 358 582 quos
396 504 698 563 occiderint
728 516 944 574 prOpter
974 505 1111 558 male
1144 504 1300 568 facta,
1346 520 1411 557 ex
1462 504 1576 573 lege
1611 501 1725 572 ipsa

154 602 309 658 Musis
339 606 503 654 morte
533 597 841 666 plectenda,
877 595 976 649 hoc
1007 595 1139 648 nihil
1165 595 1288 648 facit
1313 594 1376 648 ad
1403 594 1724 657 Donatistas,

155 703 238 747 aut
264 692 392 746 alios
446 688 702 743 similiter
737 697 1000 740 errantes.
1033 685 1299 740 Praeterea
1336 683 1726 758 ostendendum

132 785 341 850 Iluisset
368 778 627 850 quidquid
678 776 918 830 fecerunt
962 776 1237 844 prophetas
1282 774 1332 828 id
1362 774 1561 828 licitum
1611 787 1730 827 esse

168 872 259 928 sub
313 870 465 925 Novo
496 868 862 931 Testamento,
897 880 1016 918 nam
1069 866 1169 918 hoc
1211 872 1463 933 pernegat
1489 862 1730 917 Christus

158 960 514 1018 disertissimis
583 957 764 1012 verbis
821 955 948 1009 Luc.
999 970 1073 1021 Ix,
1123 953 1231 1020 55,
1290 953 1380 1017 5‘6,
1421 969 1521 1006 nec
1551 966 1735 1020 quem-

158 1070 302 1124 quam
353 1051 558 1122 legibus
604 1064 632 1101 a
675 1048 886 1102 Christo
938 1047 1057 1101 latis
1092 1045 1297 1100 solvere
1331 1054 1503 1114 potest
1555 1045 1736 1110 Augu-

161 1143 280 1198 ειὶιιῑ
310 1140 626 1194 auctoritas.
658 1134 1095 1205 Flagellaverunt,
1134 1133 1324 1201 inquit,
1366 1131 1538 1184 Judazi
1585 1129 1736 1185 Chri-

159 1247 304 1297 stum,
323 1231 534 1285 Iudaeos
565 1229 844 1299 ﬂagellauit
873 1239 917 1280 et
940 1225 1191 1280 Christus.
1220 1226 1378 1292 Quasi
1403 1240 1528 1279 vero
1555 1224 1736 1293 flagel-

169 1331 283 1382 iulio
311 1331 401 1382 ilia
424 1342 521 1396 qua
550 1325 791 1378 Christus
817 1323 1045 1392 pecudes
1073 1323 1246 1391 potius
1275 1336 1434 1390 quam
1480 1321 1726 1375 homines

161 1423 205 1492 ej
221 1424 321 1476 ecit
353 1435 383 1474 e
417 1418 638 1486 templo,
667 1416 834 1484 possit
860 1413 1091 1468 conferri
1122 1429 1240 1468 cum
1273 1413 1472 1467 crudeli
1505 1412 1738 1480 ﬂagella-

161 1513 292 1564 tione
315 1524 474 1578 quam
497 1507 741 1560 Christus
768 1519 953 1574 passus
978 1511 1060 1558 est
1083 1518 1110 1556 a
1134 1501 1389 1556 Romanis
1401 1501 1600 1556 Judzeis
1618 1519 1737 1570 gra-

159 1601 504 1656 tificantibus!
535 1599 640 1652 Aut
674 1597 1001 1667 Augustinus
1035 1595 1187 1650 valde
1211 1593 1495 1663 spernebat
1522 1594 1734 1662 ingenia

162 1695 568 1762 Donatistarum,
587 1690 778 1760 quibus
797 1704 855 1743 se
879 1687 1141 1757 ejusmodi
1169 1685 1658 1741 ratiocinationibus
1675 1699 1736 1738 os

1831 497 2063 557 tionibus
2089 503 2156 556 ad
2189 506 2612 571 persecutionem
2647 508 2970 574 probandam
2999 525 3061 562 ac
3082 495 3400 566 laudandam

1831 592 2018 647 adduci
2063 594 2316 660 puluerit,
2347 609 2445 649 nec
2479 597 2673 649 viderit
2701 613 2821 651 eam
2850 613 2968 651 cum
3000 595 3222 654 c'aritate
3250 601 3404 656 Chri-

1828 686 1998 738 stiana
2021 685 2318 740 consistere
2345 687 2493 740 nullo
2512 688 2669 740 modo
2695 704 2874 757 posse.
2907 691 3135 758 Allectu,
3166 701 3223 746 ut
3243 703 3403 763 puto,

1831 773 2132 829 obcaecatus
2163 783 2264 828 est.

1903 861 2060 928 lbid.,
2097 863 2124 934 §
2159 865 2244 918 17.
2285 863 2377 918 llis
2406 883 2524 936 ergo
2561 869 2800 937 exemplis
2831 885 2862 922 a
2893 871 3097 941 collegis
3127 874 3249 928 meis
3294 891 3407 944 prec

1835 955 2012 1023 positis
2043 956 2188 1008 cessi.
2224 954 2365 1008 Nam
2409 973 2520 1010 mea
2564 958 2799 1028 primitus
2843 963 3090 1015 sententia
3130 980 3229 1016 non
3278 975 3407 1029 erat,

1834 1048 1932 1100 nisi
1960 1048 2210 1100 neminem
2239 1047 2306 1100 ad
2334 1049 2581 1100 unitatem
2603 1049 2794 1103 Christi
2815 1068 2920 1104 esse
2939 1055 3244 1124 cegendum,
3262 1055 3408 1107 verba

1837 1153 1942 1189 esse
1971 1138 2244 1206 agendum,
2289 1137 2634 1208 disputatione
2663 1144 3016 1210 pugnandum,
3056 1146 3254 1198 ratione
3302 1146 3412 1197 vin-

1837 1227 2072 1289 cendum,
2098 1242 2160 1278 ne
2208 1227 2356 1294 [ictos
2395 1226 2674 1281 catholicos
2721 1231 3014 1285 haberemus
3042 1251 3168 1301 quos
3211 1245 3411 1302 apertos

1837 1315 2100 1368 haereticos
2129 1317 2482 1388 noueramus.]
2513 1317 2578 1371 Ut
2600 1318 2927 1386 Augustinus
2953 1330 3109 1374 norat
3131 1338 3194 1377 ex
3228 1325 3412 1378 rheto-

1839 1407 1944 1459 rica
1970 1406 2324 1469 institutione,
2342 1407 2392 1461 id
2414 1407 2594 1463 dicere
2611 1424 2705 1477 pro
2721 1411 3067 1480 temporibus,
3083 1405 3221 1482 quod
3241 1429 3416 1469 causa:

1817 1491 2183 1566 postulabant
2208 1497 2316 1553 :‘ita
2358 1500 2515 1552 etiam
2549 1515 2644 1568 pro
2689 1502 3014 1570 temporibus
3057 1503 3264 1558 videtur
3292 1519 3418 1560 sen-

1839 1588 1995 1643 sisse.
2020 1588 2148 1654 Quis
2174 1589 2314 1642 enim
2359 1589 2566 1644 dubitat
2605 1591 2753 1660 quin,
2789 1593 2832 1645 si
2866 1591 3121 1648 Ecclesiae
3152 1595 3418 1649 Africana:

1811 1671 1814 1675 ’
1842 1695 1870 1733 a
1911 1683 2283 1749 persecutione
2327 1681 2731 1735 abhorruissent
2762 1692 2816 1737 et
2849 1679 3421 1751 petiissent’ab‘llonn-

160 1787 432 1839 obstruere
463 1796 620 1852 posse
670 1780 952 1849 sperabat;
985 1787 1076 1831 aut
1106 1778 1274 1831 multo
1316 1767 1570 1846 majorem
1604 1771 1733 1829 lidu-
1765 1772 1816 1832 B
1846 1771 1924 1824 rio
1953 1785 2007 1826 ut
2043 1774 2424 1841 abrogarentur
2453 1775 2599 1844 leges
2623 1783 2809 1830 contra
2839 1775 3164 1844 DonatiStas,
3206 1789 3422 1834 contra-

162 1875 287 1929 riam
314 1875 498 1927 habuit
527 1873 578 1925 in
609 1870 796 1925 edictis
844 1868 1064 1923 llonorii
1093 1883 1247 1938 quam
1277 1869 1328 1921 in
1381 1867 1619 1937 pondere
1648 1880 1735 1919 ra-

161 1969 382 2020 tiouum.
415 1964 504 2019 Sic
531 1976 743 2031 quoque
792 1959 1003 2029 pergit:
1040 1959 1243 2012 Traditi
1278 1968 1393 2012 sunt
1437 1957 1653 2027 apostoli
1675 1956 1738 2008 ab

162 2057 446 2112 hominibus
491 2055 726 2126 potestati
768 2053 1022 2114 humanm,
1057 2052 1378 2104 tradiderunt
1427 2060 1474 2101 et
1521 2048 1739 2118 apostoli

163 2151 390 2204 homines
422 2147 656 2218 potestati
686 2146 914 2198 Satanae.
940 2143 1018 2198 Tu
1041 2157 1256 2212 quoque
1294 2140 1606 2195 tradidisses
1637 2143 1740 2193 Do-

167 2241 412 2302 natistas,
441 2239 485 2291 si
543 2239 828 2304 potuisses,
882 2234 1129 2303 potestati
1183 2232 1422 2294 Satanae;
1475 2230 1569 2284 sed
1621 2229 1742 2297 quia

161 2346 272 2384 eum
302 2329 448 2381 dicto
478 2326 784 2379 audientem
833 2337 938 2376 non
973 2322 1227 2386 habuisti,
1258 2319 1535 2374 lictoribus
1567 2319 1744 2372 trade-

161 2421 283 2486 bas;
316 2419 459 2473 inter
490 2433 607 2486 qua:
641 2416 929 2469 maximum
959 2424 1040 2468 est
1083 2413 1391 2466 discrimen.
1424 2411 1555 2465 Nam
1581 2411 1741 2464 homo

163 2522 387 2578 nequam
417 2521 560 2574 saepe
586 2503 898 2559 innocentes
922 2503 1196 2557 lictoribus
1215 2502 1452 2565 tradidit,
1473 2516 1743 2570 nunquam

161 2616 280 2655 vero
312 2601 560 2663 Satanae;
593 2597 683 2666 qui
715 2594 913 2650 nemini
947 2604 1095 2663 paret
1133 2596 1231 2647 nisi
1263 2595 1310 2647 ei
1343 2594 1428 2647 cui
1463 2594 1600 2647 Deus
1622 2608 1744 2647 eum

161 2695 402 2764 subjicit,
437 2707 536 2746 nec
562 2705 590 2743 a
619 2690 727 2744 Deo
765 2689 1011 2758 cuiquam
1054 2687 1357 2753 subjicitur,
1391 2686 1493 2738 nisi
1521 2699 1745 2736 summ

163 2786 376 2840 virtutis
413 2784 530 2837 viro
573 2788 628 2836 et
677 2785 942 2850 potestate
986 2776 1313 2832 edendorum
1365 2772 1744 2827 miraculorum

163 2878 450 2932 instructo.

224 2970 364 3025 lbid.
403 2967 429 3038 §
457 2967 510 3020 9.
535 2964 655 3017 Non
685 2962 936 3016 invenitur
962 2958 1276 3029 exemplum,
1308 2955 1618 3025 inquiebant
1646 2954 1749 3008 Do-

1841 1862 1973 1914 riam
2018 1863 2231 1916 causam
2259 1863 2476 1931 cupiose
2506 1865 2853 1933 peroraturus
2888 1865 3112 1921 fuisset?
3142 1867 3251 1938 Ego
3292 1868 3422 1923 sane

1841 1953 1990 2006 nullo
2015 1954 2171 2006 modo
2197 1953 2383 2007 dubito
2399 1955 2523 2022 quin
2540 1955 2583 2008 si
2601 1956 2749 2009 illum
2771 1957 2909 2025 apud
2926 1957 3190 2012 Vandalus
3212 1969 3421 2013 vexata:

1842 2043 1908 2096 ab
1934 2041 2140 2096 Arianis
2167 2042 2422 2098 Ecclesiae
2452 2045 2717 2098 Africanze
2768 2061 2981 2100 causam
3033 2047 3214 2104 dieare
3258 2064 3422 2117 Opor-

1842 2134 2049 2197 tuisset,
2075 2133 2357 2188 contrariis
2391 2129 2558 2202 plane
2586 2150 2713 2190 usus
2742 2147 2883 2191 esset
2912 2141 3262 2206 argumentis,
3295 2157 3424 2208 qna-

1843 2222 1912 2276 lia
1944 2224 2069 2277 olim
2099 2222 2387 2278 Christiani
2419 2225 2556 2293 apud
2601 2226 2848 2282 ethnicos
2896 2229 3272 2296 adhibuerant,
3300 2247 3422 2286 cum

1844 2315 1912 2369 ab
1943 2317 2004 2369 iis
2044 2317 2180 2369 male
2210 2317 2554 2371 haberentur.
2590 2317 2686 2371 llic
2716 2319 2857 2372 enim
2890 2322 3213 2388 Augustinus
3241 2337 3308 2376 an
3339 2338 3425 2376 res

1844 2407 1912 2459 sit
1945 2422 2037 2473 per
2061 2421 2121 2460 se
2161 2408 2338 2476 iniqua
2369 2405 2471 2461 non
2506 2409 2782 2478 expendit,
2817 2411 2910 2464 sed
2944 2422 3142 2466 tantum
3187 2429 3252 2466 an
3282 2416 3425 2469 utilis

1845 2496 2117 2551 videretur
2165 2497 2418 2552 Ecclesia:
2462 2498 2762 2564 Africanae;
2810 2501 2981 2568 qualis
3033 2504 3231 2558 utilitas
3281 2507 3426 2560 nulla

1846 2585 2053 2652 fuisset,
2080 2588 2121 2640 si
2148 2587 2285 2642 forte
2318 2588 2586 2643 Honorius
2612 2581 2833 2645 lavisset
2861 2593 3170 2647 Donatistis.

1919 2677 2048 2730 laid.
2079 2677 2182 2730 Sed
2207 2677 2316 2729 lure
2338 2676 2510 2746 opinio
2541 2697 2650 2732 mea
2682 2681 2926 2748 (nempe,
2956 2682 3104 2736 fictos
3129 2683 3425 2738 catholicos

1849 2767 2218 2836 persecutione
2249 2766 2398 2832 ﬁeri)
2425 2784 2526 2819 non
2549 2768 3001 2821 contradicentium
3031 2771 3311 2832 t'erbis,sed
3341 2775 3428 2827 de-

1849 2859 2244 2911 monstrantium
2275 2855 2616 2926 superabatur
2643 2861 2906 2928 exemplis.
2941 2860 3080 2914 Nam
3107 2864 3272 2933 primo
3305 2866 3430 2920 mihi

1850 2945 2202 3019 apponebatur
2245 2949 2422 3002 ciuitas
2452 2966 2583 3012 mea,
2609 2967 2723 3018 qua:
2747 2967 2860 3003 cum
2911 2947 3014 3006 tota
3044 2962 3170 3008 esset
3204 2955 3257 3007 in
3287 2965 3432 3023 parte

165 3063 406 3128 magna,
447 3061 501 3112 ίη
545 3055 846 3127 evangelici;
889 3063 933 3107 et
973 3051 1264 3121 apostolicis
1298 3048 1526 3112 Litteris,
1555 3047 1752 3116 aliquid
1786 3121 1822 3128 _
1852 3039 2064 3104 Donati,
2096 3039 2164 3092 ad
2213 3041 2460 3093 unitatem
2506 3039 2811 3094 catholicam
2855 3043 3033 3097 timore
3072 3045 3240 3115 legum
3269 3047 3432 3117 impe-

164 3121 450 3220 positum'a
473 3121 691 3220 regibus
726 3155 872 3200 terra:
915 3160 1006 3214 pro
1039 3143 1266 3195 Ecclesia
1294 3151 1468 3193 contra
1516 3141 1751 3192 inimicos
1777 3121 1822 3182 C
1855 3133 2060 3184 rialium
2093 3148 2334 3185 conversa
2361 3142 2454 3200 est,
2481 3151 2631 3199 quam
2659 3151 2791 3188 nunc
2820 3137 3046 3190 videmus
3073 3138 3148 3190 ita
3171 3140 3326 3210 hujus
3349 3156 3432 3194 ve-

167 3246 436 3299 Ecclesite.
471 3241 700 3310 Reponit
725 3238 1046 3306 Augustinus
1080 3251 1092 3286 :
1128 3235 1254 3300 Quis
1290 3243 1437 3302 negat
1479 3249 1577 3285 non
1613 3233 1754 3285 inve-

166 3336 292 3388 niri?
326 3333 440 3389 Sed
471 3331 693 3383 nondum
724 3328 1025 3394 implebatur
1050 3323 1138 3378 illa
1167 3322 1469 3392 praphetia:
1499 3321 1562 3374 Et
1586 3337 1748 3388 nunc,

165 3443 334 3496 reges,
358 3422 663 3492 intelligite;
685 3417 970 3473 erudimini
998 3415 1087 3485 qui
1109 3413 1364 3484 judicatis
1387 3409 1752 3481 terram,etc.]

165 3519 283 3573 Vult
316 3517 579 3571 nimirum
601 3510 926 3581 Augustinus
956 3506 1227 3561 Christum
1260 3513 1312 3558 et
1343 3502 1618 3572 apostolos
1647 3515 1753 3555 non

166 3627 286 3666 usos
313 3605 548 3664 brachio
579 3600 844 3665 szeculari,
879 3607 934 3652 ut
965 3597 1279 3666 loquuntur,
1321 3592 1386 3645 ad
1426 3590 1752 3646 coercendos

163 3718 223 3757 ac
270 3697 596 3771 plectendos
642 3693 887 3748 inimicos
935 3688 1206 3751 Ecclesiae,
1257 3685 1378 3756 quia
1412 3685 1543 3738 nulli
1590 3691 1755 3738 erant

165 3809 316 3863 reges
349 3789 448 3859 qui
472 3787 551 3842 eis
586 3786 847 3838 faverent.
886 3780 1048 3846 Quasi
1081 3792 1210 3833 vero
1240 3791 1300 3832 ea
1343 3791 1446 3830 non
1480 3774 1638 3829 fuerit
1662 3790 1756 3828 na-

167 3887 263 3939 tiva
323 3881 543 3937 indoles
596 3875 746 3945 regni
775 3872 997 3936 Christi,
1034 3870 1173 3940 quod
1221 3870 1336 3938 ipse
1377 3875 1605 3922 testatur
1643 3880 1750 3918 non

166 3992 282 4032 esse
315 3963 1059 4044 hujuslmundi,quamobrem
1087 3959 1381 4030 legionibus
1411 3957 1627 4010 minime
1661 3955 1755 4009 de-

166 4062 526 4120 fendebatur!
552 4061 633 4112 An
667 4074 770 4112 non
806 4055 979 4124 potuit
1005 4051 1271 4114 Christus,
1299 4050 1342 4102 si
1366 4049 1642 4111 voluisset,
1675 4047 1755 4100 in-

165 4169 385 4228 gentem
437 4153 644 4219 c0piam
690 4137 994 4203 Judzeorum
1043 4142 1109 4196 ad
1153 4156 1300 4194 arma
1347 4154 1562 4203 vocare,
1596 4147 1652 4191 ut
1697 4153 1756 4193 se

175 4227 428 4303 tueretur
471 4241 656 4295 contra
708 4238 973 4298 inimicos,
1006 4245 1058 4288 et
1101 4232 1242 4302 quod
1280 4229 1482 4299 viribus
1513 4227 1757 4283 humanis

180 4338 376 4391 deerat
408 4333 456 4387 vi
483 4332 661 4386 divina
695 4326 1073 4382 miraculorum
1115 4321 1364 4391 perfacile
1411 4320 1678 4388 supplere,
1710 4318 1756 4374 si

171 4427 241 4481 ita
276 4429 396 4481 Deo
422 4425 597 4478 visum
630 4417 851 4473 fuisset?
877 4417 1019 4470 Idem
1051 4414 1119 4468 de
1146 4414 1403 4481 apostolis
1429 4414 1646 4464 dim-ris.

1854 3233 1973 3275 straz
1995 3223 2330 3276 animositatis
2355 3225 2625 3292 perniciem
2649 3227 2909 3292 detestari,
2936 3237 2989 3282 ut
3011 3230 3062 3282 in
3086 3246 3146 3284 ea
3171 3248 3433 3301 nunquam

1856 3317 2014 3384 fuisse
2042 3315 2336 3386 credatur.]
2378 3316 2554 3372 Facile
2584 3319 2800 3386 quidem
2826 3320 2936 3375 fieri
2967 3330 3141 3389 potest
3166 3334 3221 3378 ut
3251 3327 3434 3380 adole-

1855 3415 2068 3460 scentes
2095 3415 2148 3458 et
2177 3407 2368 3474 puella:
2395 3411 2717 3462 sententiam
2753 3412 3033 3466 vexatione
3073 3423 3305 3479 mutent;
3338 3416 3434 3470 sed

1853 3498 2225 3552 difficillimum
2255 3509 2336 3552 est
2361 3509 2414 3552 ut
2440 3500 2753 3569 grandiores
2793 3513 2916 3556 natu
2949 3512 3002 3557 et
3026 3504 3436 3571 perspicacioris

1858 3587 2054 3658 ingenii
2084 3583 2642 3643 homines'alieniores
2670 3592 2836 3644 multo
2864 3607 2968 3645 non
2999 3592 3125 3645 fiant
3145 3593 3435 3648 ado‘rtriua

1858 3697 1975 3751 qua:
1997 3681 2077 3734 eis
2110 3679 2156 3732 vi
2184 3679 2461 3748 ingeritur.
2497 3681 2679 3749 Itaque
2699 3696 2820 3735 cum
2853 3683 2906 3736 hi
2946 3683 3128 3737 dicunt
3156 3692 3298 3738 metu
3324 3700 3434 3754 pte-

1857 3769 2042 3826 narum
2063 3787 2119 3826 se
2140 3773 2294 3826 aliter
2319 3773 2538 3838 sentire,
2556 3782 2832 3842 propterea
2857 3774 3002 3844 digni
3027 3775 3130 3830 fide
3161 3790 3266 3830 non
3288 3789 3433 3833 sunt.

1859 3866 1925 3918 At
1956 3864 2119 3918 altera
2153 3867 2304 3928 retas,
2341 3863 2569 3931 inquies,
2597 3879 2713 3934 qum
2746 3864 2978 3920 schisma
3005 3881 3110 3920 non
3142 3867 3290 3934 vidit,
3319 3877 3436 3924 est-

1858 3972 1961 4026 que
1991 3957 2041 4010 in
2066 3955 2347 4010 catholicis
2375 3956 2584 4025 placitis
2610 3957 2854 4026 educata,
2883 3958 3020 4012 haud
3044 3960 3200 4016 aliter
3231 3975 3295 4015 ca
3324 3977 3436 4016 am-

1857 4046 2130 4115 plectitur,
2163 4061 2322 4114 quam
2355 4046 2398 4100 si
2441 4047 2641 4101 nullum
2688 4063 2917 4116 unquam
2962 4050 3190 4105 schisma
3224 4052 3435 4109 fuisset.

1857 4139 1973 4194 Non
2004 4139 2253 4204 difﬁteor,
2278 4138 2371 4192 sed
2417 4137 2683 4192 contendo
2723 4139 2997 4196 schismati
3030 4143 3188 4198 finem
3236 4147 3438 4214 imponi

1858 4233 2235 4288 vexationibus
2265 4231 2475 4286 nonnisi
2516 4231 2692 4300 inique
2722 4241 2882 4302 atque
2910 4235 3200 4292 inhumane
3246 4254 3435 4306 posse;

1860 4325 2030 4392 iisque
2063 4323 2265 4376 artibus
2297 4338 2402 4376 non
2446 4322 2606 4376 modo
2636 4323 2869 4378 schisma
2917 4341 2981 4380 ex
3015 4330 3305 4393 pertinacia
3347 4342 3441 4386 aut

1864 4413 2128 4482 imperitia
2157 4422 2357 4477 ortum,
2391 4414 2483 4467 sed
2512 4421 2564 4466 et
2586 4427 2798 4469 omnem
2826 4416 3062 4471 veritatis
3082 4418 3438 4486 cognitionem

240 4520 416 4583 lbid.,
446 4516 472 4586 §
506 4516 590 4568 il.
618 4513 706 4568 Sic
756 4509 1078 4580 Bogatistas,
1110 4507 1197 4577 qui
1250 4505 1478 4559 schisma
1527 4505 1592 4556 ab
1637 4502 1768 4570 ipsis
1794 4487 1847 4546 Ῑ)
1875 4503 1982 4557 tolli
2015 4521 2026 4555 :
2060 4513 2114 4555 ut
2143 4503 2308 4568 liquet
2335 4504 2420 4556 vel
2454 4503 2616 4571 ipsius
2648 4505 2841 4560 Africa:
2867 4508 3133 4575 exemplo,
3159 4508 3212 4561 in
3239 4522 3342 4577 qua
3374 4523 3442 4562 ne

174 4611 482 4667 Donatistis
514 4607 769 4666 iecerant,
803 4601 1090 4669 alloquitur
1117 4616 1128 4649 :
1163 4595 1394 4649 Mitiores
1432 4588 1634 4665 quidem
1663 4608 1769 4646 esse

125 4689 130 4692 ’
173 4702 447 4762 ridmini,
467 4697 586 4768 quia
608 4711 718 4748 cum
743 4691 1220 4747 Circumcellionum
1243 4685 1628 4740 immanissimis
1657 4700 1769 4755 gre-

177 4795 327 4865 gibus
360 4806 467 4842 non
497 4787 711 4846 sa’vitis;
739 4782 826 4836 sed
858 4781 1001 4834 nulla
1034 4780 1211 4843 bestia,
1239 4781 1282 4830 si
1317 4777 1566 4829 neminem
1596 4775 1770 4828 vulne-

174 4895 270 4948 ret,
307 4890 586 4950 propterea
614 4880 876 4926 mansueta
903 4871 1110 4933 dicitur,
1143 4868 1267 4937 quia
1302 4867 1472 4919 dentes
1503 4875 1547 4918 et
1576 4880 1769 4934 ungues

175 4994 276 5029 non
312 4975 490 5027 habet.
518 4972 708 5025 Stet-ire
734 4985 819 5022 vos
846 4968 980 5021 nolle
1002 4966 1191 5029 dicitis,
1214 4979 1304 5033 ego
1341 4977 1440 5013 non
1469 4977 1610 5029 posse
1636 4961 1771 5012 arbi-

179 5045 313 5130 tror,
343 5055 502 5133 (πολ
526 5063 642 5117 Non
667 5061 797 5115 satis
829 5059 1070 5113 novimus
1102 5056 1423 5126 Rogatistas,
1451 5067 1547 5106 nec
1578 5067 1767 5105 entum

179 5163 352 5214 libros
417 5159 696 5219 habemus,
728 5164 786 5207 ut
819 5154 1177 5221 intelligamus
1221 5150 1492 5220 quomodo
1522 5158 1773 5214 persecu-

177 5251 392 5306 tionem
421 5244 825 5318 Oppugnarent;
860 5245 954 5298 sed
996 5243 1342 5311 intelligimus
1374 5239 1528 5293 facile
1566 5237 1770 5292 immite

177 5343 279 5396 hoc
331 5352 394 5394 et
431 5339 778 5392 inhumanum
820 5327 1311 5402 esse'responsum,
1341 5332 1604 5401 valdeque
1638 5331 1770 5383 alic-

178 5450 307 5486 num
339 5449 368 5484 a
406 5428 815 5485 mansuetudine
843 5443 1002 5497 quam
1039 5440 1147 5492 pra:
1173 5439 1231 5478 se
1258 5425 1396 5478 ferre
1423 5425 1633 5478 Solebat
1665 5426 1771 5477 Au-

178 5527 456 5593 gustinus.
490 5522 588 5587 Qui
621 5521 762 5574 enim
791 5527 1014 5572 noverat
1045 5532 1229 5570 eorum
1261 5515 1506 5569 animos?
1545 5515 1625 5568 An
1665 5530 1771 5568 non

180 5627 403 5685 puter-at
428 5615 538 5667 lieri
564 5622 620 5667 ut
647 5629 710 5667 ex
735 5611 911 5664 animo
935 5607 1159 5664 abonini
1179 5606 1547 5677 persecutione
1575 5604 1772 5656 abhor-

181 5704 410 5762 rerent?
461 5703 637 5759 Facile
677 5717 804 5757 sane
849 5702 950 5756 hoc
986 5699 1114 5754 mihi
1162 5697 1483 5767 persuadeo,
1516 5692 1603 5762 qui
1649 5695 1778 5749 satis

1873 4612 2006 4650 unus
2037 4595 2252 4666 quidem
2285 4605 2550 4665 superest,
2581 4611 2610 4648 a
2640 4599 2880 4667 pluribus
2919 4599 3150 4664 sreculis,
3184 4598 3443 4654 Christia-

1873 4703 1994 4743 nus.
2018 4688 2295 4753 Nimirum,
2316 4687 2879 4744 Multammedanorum
2900 4692 3042 4744 furor
3061 4691 3312 4745 exstinxit
3337 4692 3444 4748 illic

1871 4780 2182 4850 religionem
2213 4779 2598 4844 Christianam,
2629 4781 2890 4835 similibus
2929 4782 3132 4835 artibus
3162 4783 3227 4837 iis
3252 4785 3444 4853 quibus

1872 4871 2113 4927 evulsum
2151 4872 2322 4925 fuerat
2369 4871 2495 4924 olim
2549 4871 2778 4925 schisma
2823 4871 3241 4931 Donatistarum.
3287 4876 3446 4946 Igitur

1875 4977 1978 5017 non
2004 4971 2116 5016 erat
2149 4961 2288 5027 quod
2319 4960 2386 5012 de
2409 4969 2601 5013 eventu
2625 4959 2948 5026 gloriaretur
2979 4964 3321 5036 Augustinus,
3355 4969 3447 5039 qui

1873 5054 2109 5106 Omnium
2145 5049 2485 5102 vexationum
2521 5061 2614 5112 par
2637 5058 2738 5100 est.

1947 5142 2100 5205 lbid.,
2124 5139 2149 5210 §
2175 5139 2258 5192 18.
2277 5137 2326 5189 Η
2334 5139 2374 5190 is
2402 5137 2631 5191 omnibus
2657 5138 2839 5193 harum
2870 5140 3036 5214 legum
3058 5155 3240 5212 terror,
3271 5150 3450 5217 quibus

1825 5225 1833 5234 ’
1873 5231 2256 5303 promulgandis
2287 5244 2425 5299 reges
2449 5229 2670 5284 serviunt
2695 5231 2912 5287 Domino
2934 5237 2983 5289 in
3009 5239 3206 5304 timore,
3231 5240 3302 5292 ita
3327 5257 3448 5309 pro-

1877 5324 1996 5394 fuit,
2028 5332 2081 5375 ut
2127 5313 2258 5374 nunc
2285 5319 2374 5373 alii
2404 5321 2572 5374 dicant
2597 5337 2615 5374 :
2644 5321 2764 5374 Jam
2796 5324 2891 5376 hoc
2911 5327 3320 5390 volebamus,sed
3346 5328 3451 5381 Deo

1827 5409 1834 5415 ’
1877 5414 2086 5486 gratias,
2121 5414 2208 5481 qui
2236 5411 2375 5466 nobis
2399 5413 2708 5466 occasionem
2759 5415 2972 5480 prwbuit
2986 5421 3100 5487 jam
3119 5419 3332 5486 jamque
3373 5420 3454 5488 fa-

1879 5504 2046 5557 ciendi
2073 5512 2118 5555 et
2149 5502 2450 5555 dilationum
2493 5505 2717 5556 morulas
2757 5507 3059 5570 amputavit,
3089 5505 3228 5577 etc.]
3258 5507 3334 5564 Ne
3367 5527 3455 5566 re.

1881 5609 2054 5666 petam
2100 5611 2192 5650 cos
2236 5594 2322 5664 qui
2356 5596 2424 5648 ita
2457 5594 2809 5661 loquebantur
2841 5595 3087 5664 indignos
3129 5598 3293 5656 fuisse
3333 5601 3460 5669 fide,

1879 5684 2076 5751 dicam,
2101 5684 2358 5757 ejusmodi
2384 5690 2664 5737 sermones
2687 5678 2920 5751 auditos,
2963 5686 3264 5756 ubicunque
3289 5693 3336 5746 vi
3364 5709 3459 5748 ευ.
