3908 6312
504 270 609 323 959

505 375 683 448 perior
711 370 886 439 aliqua
920 373 1077 419 causa

506 431 671 523 ctoris
700 431 935 516 favorem
967 449 1314 506 ambientium
1342 454 1396 500 et
1426 452 1736 513 paraturum
1774 433 1987 507 quidvis
2016 431 2092 487 fa-

507 569 631 612 cere
652 562 705 607 et
746 546 876 619 pati,
903 553 961 597 ut
999 539 1338 596 facultatibus
1368 535 1478 590 suis
1518 529 1803 600 tranquille
1845 526 2093 581 frueren-

508 654 616 700 tur.
650 617 893 707 Denique
922 650 1027 690 non
1058 632 1213 701 capio
1242 628 1332 698 qui
1364 628 1433 681 ita
1456 621 1767 680 ratiocinari
1794 626 1977 689 posset
1991 617 2097 671 Au-

508 735 776 806 gustinus,
807 706 897 799 qui
926 725 1185 781 credebat
1222 720 1470 775 homines
1494 716 1559 770 ad
1591 714 1755 768 Deum
1788 710 1900 764 sola
1927 706 2095 792 gratia

513 800 745 891 interna,
777 832 833 878 et
860 820 1045 877 electis
1092 816 1223 871 solis
1268 808 1611 868 concedenda
1653 802 1915 868 converti,
1949 810 2004 857 et
2031 800 2097 855 ad

513 920 681 973 vitam
718 925 977 969 aeternam
1017 908 1229 963 adduci.
1258 904 1393 971 Quid
1424 902 1566 956 enim
1611 897 1780 966 magis
1807 894 2037 949 alienum
2065 905 2097 946 a

514 1009 683 1081 gratia
714 1006 914 1067 divina,
946 1016 1105 1071 quam
1136 997 1369 1061 mulctae,
1403 992 1610 1052 exsilia,
1644 987 1856 1055 aliaque
1900 984 2101 1053 suppli-

515 1075 631 1155 cia?
656 1098 786 1165 Quis
816 1096 995 1150 dicere
1040 1090 1324 1151 sustineat,
1358 1084 1446 1153 qui
1478 1080 1637 1136 modo
1668 1077 1871 1146 pudore
1921 1075 2102 1165 aliquo

518 1164 785 1254 teneatur,
816 1200 918 1240 nec
944 1196 1156 1237 omnem
1188 1174 1460 1245 religionis
1492 1169 1846 1225 reverentiam
1870 1164 2101 1225 exuerit,

524 1280 730 1335 irritam
761 1276 919 1345 plane
962 1285 1082 1327 esse
1124 1265 1274 1321 verbi
1306 1262 1471 1317 divini
1521 1258 1977 1329 praedicationem,
2008 1267 2107 1307 nec

527 1365 1019 1442 gratiamdivinam
1059 1373 1179 1413 cum
1212 1370 1273 1409 ea
1305 1351 1575 1421 conjungi,
1606 1348 1706 1402 nisi
1735 1344 1957 1400 accedat
1986 1357 2108 1412 per-

530 1441 778 1516 Secutio?
800 1452 954 1521 Quod
976 1452 1023 1507 si
1043 1448 1219 1505 divina
1244 1446 1411 1515 gratia
1440 1441 1659 1497 minime
1680 1444 1958 1507 exspectet
1979 1448 2105 1505 per-

523 1548 875 1610 secutionem,
910 1552 969 1597 ut
997 1538 1209 1596 animos
1256 1534 1531 1589 hominum
1577 1527 1805 1591 molliat,
1837 1525 1965 1596 quid
2010 1524 2109 1578 hac

506 1626 663 1709 ropus
684 1631 1013 1705 est,quando
1035 1628 1201 1699 gratia
1232 1624 1409 1678 divina
1432 1621 1551 1675 sine
1579 1610 1957 1689 persecutione
1982 1628 2112 1668 con-

1397 242 1544 298 SUPZ
1572 233 1951 293 LEMENTUM
1991 230 2082 286 AD
2121 227 2352 285 OPERA
2391 226 2451 281 S.
2493 218 2879 279 AUGUSTINI.
2952 264 2971 283 ,

1112 359 1246 413 facta
1277 364 1381 423 est,
1415 351 1713 413 hominum,
1760 360 1977 416 nempe,
2008 343 2088 398 vi-
2116 345 2167 407 Α
2193 339 2470 411 separatim
2505 336 2672 390 vivens
2696 375 2714 401 ,
2761 335 2816 390 id
2854 340 2925 386 est
2951 331 3115 385 altera
3155 326 3329 383 anima
3352 366 3369 394 ,
3405 323 3542 393 etc.)
3574 321 3773 393 Nempe

3663 209 3768 266 260

2197 427 2415 498 putabat
2444 427 2767 496 Augustinus
2796 423 3033 477 omnium
3065 420 3341 474 hominum
3363 417 3575 471 animos
3594 411 3773 485 aliquo

2197 520 2356 574 modo
2386 514 2437 571 in
2469 516 2659 571 Adami
2702 516 2880 571 animo
2912 512 3105 577 fuisse,
3131 510 3252 579 quia
3286 523 3352 563 ex
3372 521 3439 563 eo
3468 511 3627 562 erant
3651 521 3771 574 pro-

2199 610 2394 681 pagati.
2420 609 2551 663 Vide
2571 608 2638 663 de
2661 606 2855 661 Libero
2881 602 3117 659 Arbitrio
3143 601 3236 655 lib.
3267 615 3322 653 ιιι
3349 613 3472 666 cap.
3500 597 3597 664 20,
3628 594 3653 666 ᾗ
3688 597 3771 651 56.

2201 702 2326 755 llaec
2374 699 2507 753 mira
2550 707 2633 753 est
2681 697 2893 766 opinio,
2939 703 2995 747 ut
3040 702 3096 747 et
3133 691 3271 745 ratio
3310 704 3411 758 qua
3452 685 3775 756 quaestiones

2201 790 2463 847 Bonifacii
2494 789 2672 844 solvit.
2706 786 2916 841 Faciles
2956 798 3076 838 esse
3113 779 3350 851 oportuit
3378 778 3469 850 qui
3498 779 3550 831 in
3589 776 3775 831 talibus

2208 881 2484 952 responsis
2514 875 2917 949 acquieverunt.
3398 946 3399 949 η

2274 974 2435 1042 Ibid.,
2471 971 2499 1043 ς
2530 972 2583 1027 9.
2632 970 2694 1025 Si
2722 970 2854 1023 enim
2881 974 3195 1023 sacramenta
3240 962 3500 1034 quandam
3542 958 3776 1015 similitu-

2205 1066 2379 1119 dinem
2426 1079 2601 1118 earum
2630 1077 2801 1114 rerum
2829 1074 3044 1130 quarum
3072 1061 3390 1110 sacramenta
3415 1062 3533 1105 sunt
3562 1066 3663 1105 non
3692 1052 3775 1103 ha-

2214 1155 2416 1214 berent,
2448 1152 2655 1205 omnino
2677 1155 2993 1203 sacramenta
3024 1162 3127 1200 non
3171 1152 3356 1198 essent.
3387 1140 3467 1195 Ex
3495 1142 3591 1193 hac
3618 1152 3774 1193 autem

2209 1242 2545 1297 similitudine
2598 1242 2891 1311 plerumque
2920 1238 3072 1291 etiam
3098 1237 3327 1304 ipsarum
3368 1247 3540 1285 rerum
3578 1230 3775 1284 nomina

2208 1334 2488 1402 accipiunt.
2524 1331 2668 1386 Sicut
2695 1346 2814 1399 ergo
2847 1330 3118 1382 secundum
3142 1324 3411 1396 quemdam
3439 1322 3674 1390 modum,
3700 1339 3777 1377 sa.

2210 1431 2526 1480 crumentum
2560 1423 2791 1491 corporis
2823 1419 3010 1475 Christi
3039 1434 3222 1489 corpus
3250 1417 3438 1472 Christi
3469 1424 3579 1481 est;
3615 1432 3775 1470 sacra.

2191 1522 2437 1594 mentum
2485 1514 2750 1585 sanguinis
2805 1511 2994 1565 Christi
3038 1510 3250 1582 sanguis
3298 1507 3486 1563 Christi
3534 1518 3606 1562 est
3648 1522 3667 1559 :
3714 1508 3779 1561 ita

2213 1612 2587 1660 sacramentum
2617 1604 2739 1665 ﬁdei
2784 1602 2909 1671 ﬁdes
2937 1598 3054 1672 est.]
3086 1600 3161 1653 De
3199 1608 3534 1652 sacramento
3579 1596 3780 1651 Eucha-

530 1687 729 1786 vemt?
759 1687 1183 1785 Aibonatistzc,
1216 1715 1447 1786 inquies,
1480 1687 1594 1766 non
1629 1708 1920 1765 audiebant
1949 1705 2110 1760 ratio-
2142 1707 2188 1765 Β
2216 1698 2415 1763 ristize,
2469 1710 2557 1752 res
2610 1694 2845 1749 difficilis
2886 1708 2989 1747 non
3036 1701 3119 1746 est
3163 1689 3473 1751 intellectu;
3529 1687 3622 1743 sed
3673 1689 3779 1756 quis

531 1835 631 1876 nes
674 1814 1086 1881 catholicorum,
1145 1809 1244 1863 nisi
1293 1814 1577 1873 postquam
1620 1809 1766 1856 metu
1818 1800 1870 1853 in
1924 1796 2117 1849 horum

533 1907 794 1967 ecclesias
825 1903 1042 1960 adducti
1074 1908 1217 1954 sunt.
1280 1897 1479 1950 Verum
1512 1906 1690 1947 annon
1720 1889 1966 1959 legebant
2012 1885 2120 1940 No-

532 2014 658 2055 vum
684 1990 1126 2051 Testamentum?
1158 1990 1237 2042 An
1267 1984 1439 2055 gratia
1487 1983 1665 2037 divina
1709 1980 1989 2048 conjuncta
2019 1990 2117 2045 po—

531 2093 639 2146 tius
682 2088 777 2142 luit
805 2099 926 2140 cum
956 2081 1113 2137 dictis
1162 2087 1217 2133 et
1254 2073 1470 2144 scriptis
1500 2074 1773 2137 Afrorum,
1809 2083 1967 2139 quam
1997 2058 2120 2121 cum

533 2181 698 2237 verbo
727 2174 941 2233 divino?
970 2171 1071 2239 Qui
1102 2170 1220 2223 hmc
1250 2166 1420 2236 probe
1450 2162 1753 2231 expendent
1783 2158 1939 2212 facile
1964 2155 2123 2210 intel-

535 2273 705 2343 ligent
746 2267 1025 2324 all‘eclibus
1051 2263 1139 2317 hic
1178 2259 1347 2315 multo
1377 2256 1495 2325 plus
1523 2253 1702 2308 datum
1742 2251 1928 2313 fuisse,
1961 2263 2120 2317 quam

538 2358 818 2429 cupiditati
871 2350 1176 2409 adducendi
1222 2347 1357 2402 alios
1412 2344 1480 2398 ad
1530 2343 1797 2397 saniorem
1844 2348 2075 2391 mentem
2107 2377 2121 2401 ,

538 2426 931 2521 episcoposque
960 2441 1123 2496 Afros
1155 2436 1417 2494 ecclesias
1455 2447 1579 2487 snas
1602 2431 1757 2501 plebe
1787 2426 2121 2485 refertiores,

537 2514 875 2612 quaecunque
916 2532 1130 2589 tandem
1180 2536 1346 2591 esset,
1378 2525 1615 2595 cupiisse
1661 2520 1864 2576 videre.
1891 2517 2016 2572 Haec
2059 2514 2125 2571 de

538 2627 915 2702 persecutione
955 2622 1088 2679 satis
1115 2631 1389 2691 superque
1417 2623 1565 2670 sunt.

608 2718 770 2787 Ibid.,
822 2717 849 2788 §
901 2714 994 2768 22.
1054 2710 1346 2765 Historians
1396 2706 1576 2759 doctus
1629 2716 1875 2772 magnum
1931 2695 2128 2765 aliquid

541 2808 820 2882 invenisti.]
861 2805 1160 2864 Historicus
1202 2802 1290 2856 hic
1333 2807 1417 2855 est
1450 2795 1783 2870 πολυῖστωρ,
1834 2792 1922 2862 qui
1969 2790 2130 2842 multa

544 2908 702 2963 novit.
737 2880 873 2957 Vide
901 2906 1015 2953 not.
1045 2896 1111 2949 ad
1144 2893 1235 2947 lib.
1268 2892 1335 2945 de
1364 2888 1493 2944 0rd.
1529 2903 1599 2951 ιι,
1638 2900 1756 2951 cap.
1791 2885 1877 2936 1‘2.
2084 2880 2085 2883 “

616 2993 839 3062 Ibid.,§
891 2988 980 3044 55.
1022 2987 1137 3040 Hoc
1176 2998 1333 3055 genus
1383 2981 1669 3033 litterarum
1722 2976 1864 3045 (libri
1911 2972 2127 3036 Hilarii,

2222 1788 2484 1856 intelligat
2527 1793 2893 1854 susceptorem
2930 1782 3149 1837 infantis
3181 1780 3509 1848 baptizandi,
3553 1793 3669 1833 cum
3697 1794 3783 1849 pro

2221 1878 2421 1933 infante
2473 1875 2825 1943 responderet
2873 1874 3053 1932 credo.
3089 1873 3187 1923 bne
3221 1870 3358 1924 velle
3389 1884 3406 1925 :
3437 1869 3738 1938 baptismum
3766 1909 3782 1931 ,

2224 1967 2310 2021 vel
2339 1972 2732 2022 sacramentum
2777 1962 2895 2016 lidei
2926 1960 3193 2027 suscipio?
3220 1959 3352 2027 Quis
3380 1974 3486 2012 non
3515 1959 3651 2012 videt
3687 1960 3787 2026 pri-

2229 2076 2375 2117 mum
2410 2059 2690 2114 formulam
2732 2058 2877 2110 illam
2914 2056 3182 2123 antiquam
3216 2053 3461 2121 baptismi
3491 2067 3609 2105 esse
3650 2052 3783 2105 insti-

2227 2162 2392 2207 tutam
2436 2151 2489 2205 in
2530 2164 2682 2203 usum
2711 2148 3044 2211 adulterum,
3077 2143 3165 2213 qui
3201 2143 3299 2197 soli
3342 2142 3568 2209 primum
3607 2143 3785 2211 baptis~

2227 2259 2371 2298 mum
2420 2241 2821 2310 suscipiebant,
2865 2238 3057 2294 deinde
3098 2236 3409 2290 translatam
3436 2235 3595 2290 etiam
3631 2236 3694 2290 ad
3720 2234 3786 2288 in-

2229 2335 2438 2390 fontes?
2467 2334 2647 2391 Satius
2678 2334 2862 2387 fuisset
2895 2347 3083 2386 novam
3114 2330 3301 2384 horum
3332 2342 3489 2383 causa
3524 2324 3783 2381 instituere

2229 2424 2539 2488 formulam;
2573 2423 2713 2492 quod
2753 2423 2795 2475 si
2849 2421 3044 2476 factum
3069 2427 3246 2483 esset,
3280 2418 3346 2471 ad
3374 2427 3479 2471 tam
3508 2426 3711 2473 coactas
3743 2425 3789 2471 et

2229 2516 2338 2570 veri
2378 2514 2648 2567 absimilcs
2702 2511 2936 2566 rationes
2982 2510 3329 2579 Augustinum
3376 2508 3659 2578 confugere
3694 2507 3781 2560 mi.

2230 2610 2374 2663 nime
2404 2621 2625 2663 necesse
2657 2606 2863 2659 fuisset.
3026 2598 3029 2601 λ
3354 2657 3371 2669 ,

2304 2702 2474 2769 Epist.
2497 2700 2619 2763 100,
2641 2699 2668 2767 §
2690 2700 2740 2752 l.
2762 2695 2963 2767 Corrigi
2989 2710 3072 2749 eos
3094 2695 3346 2765 cupimus,
3370 2707 3469 2746 non
3496 2692 3663 2745 necari
3674 2708 3692 2754 ;
3718 2706 3792 2744 nec

2234 2793 2558 2862 disciplinam
2599 2793 2736 2843 circa
2765 2806 2848 2843 ros
2894 2786 3083 2858 negligi
3114 2787 3373 2851 volumus,
3413 2801 3505 2837 nec
3547 2783 3792 2852 suppliciis

2234 2883 2415 2952 quibus
2444 2879 2588 2953 digni
2616 2888 2731 2933 sunt
2756 2874 3021 2951 exerceri]
3052 2877 3192 2944 Lege
3227 2891 3416 2943 nempe
3447 2874 3658 2930 llonorii
3690 2873 3792 2928 data

2238 2989 2328 3027 vttt
2358 2970 2571 3026 calend.
2605 2971 2926 3025 Decembres
2946 2982 3086 3021 anno
3107 2967 3212 3021 408
3234 2981 3350 3036 qua:
3371 2975 3453 3018 est
3472 2965 3564 3024 Η.
3590 2964 3669 3019 tit.
3693 2963 3725 3018 5
3743 2963 3796 3017 de

545 3054 797 3158 Cypriani
814 3054 888 3136 vet
929 3077 1157 3132 aliorum
1201 3069 1438 3137 Patrum)
1481 3066 1544 3120 ab
1583 3066 1881 3118 auctoritate
1923 3063 2131 3115 canonis
2158 3063 2203 3125 C
2239 3062 2533 3125 Hccreticis,
2569 3062 2660 3115 lib.
2697 3077 2782 3114 rm
2812 3058 3016 3114 codicis
3040 3056 3398 3111 Tltemlosiani
3430 3054 3495 3109 ad
3531 3055 3794 3131 Donatum.

547 3154 964 3243 distinguendum
992 3173 1088 3220 est.
1127 3164 1245 3216 Non
1277 3160 1408 3212 enim
1430 3158 1501 3211 sic
1525 3158 1761 3227 leguntur
1790 3162 2028 3223 tanquam
2058 3154 2131 3206 ita

553 3281 615 3319 ea:
643 3264 715 3317 eis
761 3256 1103 3314 testimonium
1144 3253 1458 3324 proferatur,
1498 3258 1552 3302 ut
1593 3254 1769 3299 contra
1811 3245 1995 3299 sentire
2028 3258 2132 3296 non

552 3356 700 3410 liceat
730 3393 745 3416 ,
794 3348 955 3405 sicubi
1015 3347 1143 3418 forte
1189 3345 1339 3397 aliter
1387 3346 1705 3410 sapuerunt,
1754 3351 1906 3406 quam
1950 3337 2134 3388 veritas

555 3440 826 3517 postulat.]
871 3440 997 3494 llaec
1042 3437 1221 3491 aureis
1278 3430 1468 3486 litteris
1516 3426 1796 3483 scribenda
1847 3434 2027 3481 essent
2078 3422 2134 3477 in

555 3516 732 3593 tronte
763 3544 984 3597 operum
1008 3527 1343 3598 singulorum
1373 3522 1611 3586 Patrum,
1637 3532 1754 3587 qua:
1784 3516 2033 3581 eduntur,
2068 3529 2137 3570 ne

555 3627 848 3683 auctoritas
891 3634 1076 3677 eorum
1127 3616 1336 3672 veritati
1385 3611 1717 3682 praeferatur.
1765 3607 1872 3663 Nos
1924 3618 2138 3677 quoque

557 3721 660 3775 hoc
696 3719 817 3788 jure
864 3728 988 3783 erga
1030 3714 1202 3780 ipsum
1245 3705 1599 3773 Augustinum
1632 3700 1712 3753 usi
1739 3711 1957 3762 sumus,
1997 3694 2140 3765 quod

561 3809 870 3863 hominibus
911 3806 964 3857 in
1004 3801 1247 3854 homines
1279 3794 1499 3849 minimc
1540 3791 1748 3842 afllatos
1778 3796 2035 3857 perpetuo
2071 3788 2140 3841 sit

562 3911 782 3952 necesse
810 3902 914 3945 est.
945 3891 1157 3944 Similes
1185 3902 1305 3941 cum
1336 3882 1503 3959 ipsius
1530 3880 1831 3948 Augustini,
1863 3891 1972 3934 tum
2003 3879 2139 3933 alio-

526 3997 530 4000 ‘
559 4004 679 4042 rum
707 3984 999 4038 sententias
1037 3978 1254 4048 collegit
1286 3965 1441 4031 Edm.
1485 3973 1796 4027 Albertinus
1821 4016 1837 4041 ,
1885 3972 1937 4026 in
1977 3972 2139 4027 Prmf.

561 4077 681 4129 libri
713 4075 779 4127 de
808 4070 1160 4125 Eucharistia.

630 4162 880 4231 ,Eptstola
919 4160 1017 4226 96,
1063 4160 1090 4231 §
1144 4160 1197 4211 2.
1256 4156 1358 4211 Ille
1394 4156 1595 4226 quidem
1648 4153 1845 4209 Paulus
1878 4160 2145 4223 postquam

564 4254 832 4324 episcopus
863 4251 1025 4321 factus
1054 4259 1155 4315 est,
1195 4249 1577 4301 renuntiaturus
1607 4247 1713 4299 suis
1740 4245 1969 4298 omnibus
1996 4244 2145 4296 rebus

563 4355 768 4415 propter
790 4346 1089 4395 immensum
1114 4341 1371 4393 cumulum
1402 4338 1656 4407 ﬁscalinm
1684 4338 1987 4403 debitorum,
2012 4331 2142 4403 etc.]

2235 3153 2553 3222 supplicium
2580 3150 2897 3221 exigendum
2940 3149 3005 3204 de
3033 3146 3320 3202 Donatistis
3348 3145 3671 3216 praecipitur,
3709 3130 3797 3199 illis

2236 3248 2379 3301 enim
2408 3254 2461 3299 et
2489 3244 2688 3299 ludar-is
2712 3243 3018 3298 memoratis
3049 3261 3061 3295 :
3098 3238 3164 3295 In
3191 3256 3275 3295 eos
3296 3241 3469 3310 igitur,
3503 3237 3701 3309 inquit,
3729 3237 3799 3305 qui

2204 3340 2207 3347 '
2235 3335 2431 3404 aliquid
2449 3334 2588 3405 quod
2609 3335 2674 3387 sit
2700 3333 2965 3387 catholica:
2990 3341 3139 3385 secta:
3160 3331 3497 3393 contrarium,
3527 3331 3800 3382 adversum-

2237 3443 2332 3498 que
2377 3427 2673 3480 tentaverint
2720 3424 3030 3494 supplicium
3053 3425 3213 3494 justte
3243 3419 3690 3473 animadversionis
3726 3433 3801 3471 e1-

2204 3520 2207 3523 ’
2242 3518 2411 3586 promi
2440 3516 2788 3588 prazripimus.
2823 3515 2901 3570 Ad
2937 3529 3056 3584 qua:
3092 3512 3284 3580 verba,
3326 3508 3446 3565 vide
3471 3511 3587 3565 Jac.
3618 3509 3802 3564 Gotboo

2242 3610 2470 3665 fredum.
2517 3611 2571 3663 Si
2604 3608 2942 3662 distinctione
2992 3604 3267 3667 adhibita,
3294 3602 3505 3672 juberet
3558 3600 3802 3656 Honorius

2241 3716 2336 3757 eos
2356 3701 2444 3771 qui
2466 3699 2781 3755 seditionem
2806 3697 3283 3766 movissentjusto,
3311 3711 3373 3750 ex
3398 3694 3605 3764 legibus
3628 3693 3803 3746 Romae

2243 3793 2346 3855 nis,
2374 3790 2578 3860 judicio
2606 3789 2795 3858 plecti;
2819 3786 2964 3858 parci
2990 3801 3117 3841 vero
3145 3787 3210 3840 iis
3232 3787 3317 3854 qui
3344 3786 3521 3863 quiete
3546 3785 3801 3838 vixissent.

2212 3880 2296 3936 ’et
2350 3879 2463 3934 sola
2513 3872 2765 3949 opinione
2822 3892 2983 3946 prava
3033 3884 3370 3939 tenerentur,
3418 3887 3522 3928 non
3551 3882 3695 3928 esset
3729 3886 3804 3925 cur

2243 3988 2363 4027 eum
2392 3972 2842 4038 vituperaremus.
2868 3969 3001 4021 Dum
3027 3967 3168 4021 enim
3198 3966 3422 4035 publicae
3452 3960 3803 4033 tranquillitati

2245 4061 2647 4127 consuluisset,
2702 4058 3051 4113 humanitatis
3098 4066 3151 4112 et
3194 4055 3573 4110 imbecillitatis
3632 4053 3804 4124 ingenii

2248 4155 2486 4218 humani,
2516 4148 2701 4221 ut'par
2730 4162 2875 4214 erat,
2904 4151 3165 4203 rationem
3196 4149 3489 4202 habuisset.
3538 4146 3688 4201 Nunc
3731 4160 3806 4200 att-

2249 4256 2351 4301 tem
2382 4246 2572 4297 miscet
2599 4244 2702 4297 ima
2729 4242 2984 4307 summis,
3013 4241 3317 4310 similesque
3346 4240 3414 4295 de
3438 4240 3735 4294 errantibus
3760 4251 3808 4290 ac

2249 4336 2318 4390 de
2364 4334 2638 4389 seditiosis
2688 4348 2874 4403 pennas
2908 4334 3044 4387 sumi
3075 4331 3209 4385 vult.
3247 4328 3574 4401 Angusuinus
3620 4339 3808 4399 queque

569 4438 894 4505 Confugerat
934 4432 999 4486 ad
1051 4434 1439 4503 episcopatum,
1480 4430 1631 4498 quasi
1683 4428 1750 4482 ad
1797 4427 2037 4497 asylum,
2080 4438 2149 4480 ne
2177 4430 2231 4491 1)
2257 4426 2344 4480 hic
2380 4435 2620 4480 errantes
2651 4439 2770 4477 cum
2820 4423 3093 4478 sceleratis
3145 4421 3363 4486 miscet,
3412 4420 3709 4489 promiscue
3734 4414 3809 4470 eos

545 4537 785 4600 propter
810 4526 986 4582 de’bita
1020 4526 1073 4579 in
1101 4537 1369 4579 carcerem
1402 4522 1852 4589 compingeretur.

640 4620 809 4689 Epist.
843 4618 933 4683 97,
969 4614 995 4687 §
1025 4616 1079 4669 Ξ.
1112 4613 1361 4668 Noverint
1384 4612 1573 4665 inimici
1609 4609 1849 4679 Ecclesia:
1872 4610 2003 4680 leges
2032 4606 2150 4660 illas

564 4726 678 4781 qua:
705 4712 768 4763 de
808 4709 955 4761 idolis
1008 4702 1389 4774 confringendis
1421 4711 1464 4754 et
1507 4700 1757 4753 ltwreticis
1804 4698 2147 4767 corrigendis,

566 4801 675 4851 vivo
723 4800 1005 4866 Stilicone,
1050 4798 1109 4875 in.
1145 4796 1373 4864 Africam
1423 4792 1591 4844 missa!
1616 4798 1765 4854 sunt,
1806 4803 1868 4842 ea:
1897 4788 2155 4841 voluntate

570 4890 888 4957 imperatoris
925 4889 1143 4959 piissimi
1183 4900 1229 4942 et
1265 4884 1550 4955 ﬁde’issimi
1595 4880 1939 4953 constitutas.]
1983 4880 2153 4935 Nimi-

532 5014 533 5017 η
570 4992 714 5042 rum,
741 4992 859 5029 cum
895 4980 1162 5033 Ilouorius
1201 4978 1504 5031 mortalium
1536 4985 1680 5028 esset
1718 4972 2112 5026 infirmissimus
2137 5013 2153 5039 ,

572 5071 916 5123 vehementer
962 5072 1221 5123 timebant
1258 5068 1506 5123 catholici
1555 5081 1623 5121 ne
1662 5065 1802 5120 forte
1845 5064 2045 5119 ethnici
2094 5076 2157 5117 ac

576 5158 868 5220 Donatista:
898 5164 1102 5229 mquius
1129 5164 1414 5232 quodpiam
1440 5163 1757 5232 rescriptum
1781 5162 2155 5231 impetrarent.

577 5252 865 5312 Historiam
917 5253 1103 5306 barum
1133 5254 1309 5322 legum
1339 5255 1462 5309 vide
1487 5256 1582 5308 lib.
1610 5268 1659 5307 vt
1693 5252 1824 5307 Vitae
1852 5249 2155 5320 Augustini,

579 5363 700 5419 qua:
731 5354 908 5401 exstat
939 5353 1083 5399 tomo
1113 5343 1183 5398 Xl
1214 5344 1373 5413 hujus
1396 5344 1679 5409 editionis,
1710 5352 1765 5399 et
1790 5344 1841 5397 in
1876 5343 2015 5398 notis
2041 5340 2157 5396 Jac.

581 5437 892 5494 Gothofredi
923 5435 990 5491 ad
1019 5439 1102 5490 tit.
1134 5436 1167 5491 5
1197 5436 1291 5491 lib.
1328 5449 1417 5489 xvt
1446 5434 1644 5489 codicis
1673 5434 2052 5490 Theodosiani.

659 5530 826 5599 Epist.
855 5530 947 5597 98,
974 5528 1000 5601 §
1027 5529 1077 5583 ‘l.
1105 5527 1231 5583 Ideo
1251 5543 1314 5582 ea:
1331 5526 1493 5580 Adam
1520 5527 1675 5580 traxit
1698 5526 1833 5595 quod
1852 5525 2164 5580 sacramenti

585 5622 725 5675 illius
780 5623 947 5691 gratia
990 5623 1265 5679 solveretur
1296 5663 1312 5690 ,
1373 5621 1493 5694 quia
1543 5620 1770 5673 nondum
1826 5628 1935 5673 erat
1988 5618 2164 5672 anima

2252 4519 2509 4583 damnat,
2541 4528 2596 4573 et
2637 4516 2839 4585 pariter
2873 4530 2968 4585 pro
3001 4515 3063 4568 iis
3095 4529 3161 4569 ne
3187 4513 3498 4569 occidantur
3529 4508 3806 4565 intercedit.

2254 4609 2478 4663 Videtur
2506 4621 2629 4662 esse
2657 4606 2831 4676 aliqua
2865 4606 3033 4675 prima
3065 4603 3240 4658 fronte
3272 4619 3332 4656 ea
3366 4604 3417 4657 in
3443 4588 3502 4658 re
3531 4601 3808 4657 misericor-

2254 4701 2368 4763 dia;
2427 4700 2521 4754 sed
2551 4712 2736 4754 vereor
2765 4716 2834 4753 ue
2868 4698 3033 4768 magis
3066 4697 3257 4751 famam
3290 4696 3671 4751 misericordiae
3706 4704 3810 4757 cap-

2260 4799 2436 4844 tarent
2482 4788 2594 4845 Afri
2624 4805 2781 4860 quam
2815 4805 2933 4843 eam
2971 4788 3218 4841 virtutem
3250 4802 3314 4842 ex
3346 4787 3523 4840 animo
3564 4784 3807 4840 colerent;

2259 4898 2378 4939 cum
2408 4883 2553 4952 quia,
2583 4891 2643 4935 ut
2672 4882 2806 4947 dixi,
2840 4882 3141 4934 Donatistas
3172 4893 3359 4932 omnes
3381 4877 3572 4933 eodem
3600 4877 3710 4930 loco
3736 4871 3811 4923 ha-

2259 4974 2489 5039 bebant;
2540 4982 2650 5027 tum
2681 4974 2804 5043 quia
2830 5015 2844 5040 ,
2888 4972 3051 5026 etiam
3100 4972 3231 5026 citra
3278 4979 3541 5035 mortem,
3585 4968 3812 5022 immanes

2261 5077 2414 5122 erant
2439 5067 2584 5136 leges
2606 5064 2894 5120 Theodosii
2928 5073 2982 5117 et
3009 5064 3237 5118 filiorum
3259 5062 3311 5116 in
3335 5057 3811 5116 misereshomineS.

2263 5158 2439 5227 qualis
2472 5165 2554 5211 est
2593 5165 2779 5225 quarta
2812 5158 2892 5209 tit.
2922 5153 2979 5219 6,
3027 5170 3128 5222 qua
3158 5154 3413 5217 sancitur,
3447 5152 3587 5206 inter
3612 5148 3705 5202 alia
3727 5183 3740 5207 ,
3771 5152 3814 5189 ιιι

2264 5247 2488 5319 quisquis
2536 5253 2647 5314 post
2677 5244 2785 5300 ha’c
2826 5244 2980 5315 fuerit
3012 5244 3350 5311 rebaptizasse
3388 5242 3643 5303 detectus,
3672 5229 3814 5306 judici

2265 5342 2353 5411 qui
2374 5340 2647 5411 provinciae
2669 5338 3191 5407 pra'sideto/feratur,
3213 5346 3267 5389 ut
3296 5336 3597 5407 facultatum
3624 5325 3814 5383 omnium

2264 5426 2610 5501 'publicatione
2644 5429 2916 5483 mulctatus
2936 5470 2951 5493 ,
2983 5428 3168 5499 inopia:
3197 5442 3393 5497 pennam
3412 5466 3427 5491 ,
3457 5441 3557 5492 qua
3586 5425 3634 5474 in
3664 5426 3815 5484 rei?"

2269 5535 2413 5576 tuum
2452 5521 2723 5590 a/ﬁciatur,
2754 5519 3047 5587 expendat;
3083 5522 3239 5587 item,
3285 5526 3340 5571 ut
3367 5517 3455 5586 qui
3484 5504 3816 5581 esupradit'll!

2269 5618 2462 5673 iterare
2494 5613 2755 5685 baptisma
2785 5628 2888 5668 non
2918 5609 3211 5678 timuerint,
3234 5619 3323 5665 aut
3345 5610 3432 5681 qui
3464 5593 3815 5665 conscntiendo
