3908 6312
130 264 222 318 Ξῧι

828 258 1177 316 VARZORUM
1217 258 1744 317 EXERtIlTATlONI

1850 259 1912 314 lN
1951 259 2011 315 s.
2055 260 2422 335 AUGUSTINI
2461 264 2707 321 OPERA.

3303 278 3408 333 262

139 384 237 436 hoc
266 377 476 433 facinus
497 376 705 447 propria
739 378 895 446 hujus
920 377 1187 433 societatis
1214 378 1566 447 permissionc
1606 392 1713 431 non
1744 381 1793 440 Α
1820 392 2046 446 sensum,
2071 384 2475 451 comparantium
2492 385 2783 450 semetipsos
2800 386 3119 456 sibimetipsis
3145 391 3271 462 (hoc
3299 402 3405 463 est,

136 470 546 537 damnaverint,
580 473 753 523 sciant
783 486 885 523 non
915 470 1080 524 solum
1115 471 1337 524 testandi
1377 470 1472 523 sibi
1499 509 1513 535 ,
1552 485 1726 522 verum

137 566 459 637 adipiscendi
491 562 688 631 aliquid
718 563 809 616 sub
841 565 1006 635 specie
1048 563 1339 616 donationis
1363 561 1438 616 vel
1461 562 1730 632 agitando-

138 671 253 709 rum
310 663 667 708 contractuum
715 654 768 725 in
815 664 1111 723 perpetuum
1156 654 1352 719 copiam
1405 654 1728 723 denegatam,

141 752 239 804 nisi
276 765 452 818 prava:
495 748 675 801 mentis
710 763 934 801 errorem
974 747 1245 801 reverenda
1275 747 1514 800 adversus
1542 752 1730 800 rectam

143 841 297 908 ﬁdem
324 839 544 892 consilio
567 836 850 891 emendatio
873 838 1172 890 correxerit.
1202 837 1407 903 Quanta
1429 835 1733 891 calamitate

144 931 423 986 afﬁcercnt
445 931 747 985 Donatislas
774 928 1039 997 ejusmodi
1061 929 1205 999 leges
1230 920 1556 984 exsecutioni
1582 941 1736 981 man-

146 1023 324 1086 datae,
383 1036 505 1090 qua:
548 1021 669 1073 aliis
709 1019 913 1089 legibus
952 1018 1359 1088 diligentissime
1398 1017 1732 1087 praecipitur,

146 1125 335 1165 omnes
359 1110 518 1164 facile
552 1109 877 1177 intelligunt.
910 1110 1068 1179 Igitur
1090 1108 1330 1163 Africani
1361 1110 1598 1179 episcopi
1626 1098 1735 1163 non

144 1211 299 1256 erant
330 1211 612 1269 propterea
652 1198 942 1254 admodum
995 1200 1408 1267 misericordes,
1461 1200 1600 1270 quod
1641 1213 1736 1255 eos

148 1291 318 1346 occidi
349 1291 582 1355 nollent,
612 1290 703 1359 qui
759 1299 865 1342 tam
913 1289 1053 1345 male
1089 1288 1445 1354 habebantur,
1488 1297 1546 1343 ut
1584 1287 1737 1343 multi

150 1390 379 1436 mortem
405 1381 530 1434 vitte
562 1378 896 1449 praeferrent.
928 1378 1056 1444 Quis
1084 1381 1250 1432 nescit
1284 1393 1350 1432 an
1382 1394 1497 1439 non,
1516 1378 1739 1432 mallent

150 1472 334 1526 videre
378 1470 674 1539 locupletes
706 1469 1011 1523 Donatistas
1039 1470 1137 1524 sibi
1162 1470 1450 1539 vectigales
1471 1470 1522 1523 in
1558 1470 1736 1524 cccle-

149 1564 263 1625 s’is,
293 1577 455 1631 quam
501 1575 594 1615 eos
618 1561 672 1613 in
711 1559 971 1628 sepulcris
1004 1560 1179 1628 jacere
1226 1560 1379 1613 bonis
1412 1560 1539 1615 fisco
1569 1562 1737 1614 ascri-

159 1654 297 1719 ptis?
322 1652 464 1707 Nihil
497 1651 766 1721 indignius
794 1658 876 1705 est
900 1649 1214 1704 Christianis
1251 1665 1408 1719 quam
1435 1652 1736 1719 persecutio

152 1759 311 1812 quam
335 1742 427 1810 qui
458 1743 683 1810 probant
721 1740 932 1810 quidvis
961 1749 1181 1808 possunt
1208 1739 1457 1808 probare.

231 1834 404 1901 Epist.
434 1832 557 1898 105,
585 1832 612 1903 §
636 1832 690 1900 5,
716 1831 784 1887 de
806 1833 1116 1901 presbytero
1137 1835 1225 1899 qui
1251 1832 1546 1888 catholicus
1568 1833 1739 1889 faetus

163 1934 275 1977 erat
304 1942 317 1975 :
354 1922 526 1990 Quare
550 1923 695 1975 illum
721 1921 872 1976 uestri
898 1922 1148 1990 persecuti
1173 1931 1319 1987 sunt,
1368 1933 1412 1977 et
1456 1940 1581 1991 pene
1608 1924 1742 1977 occi-

160 2018 349 2069 dissent
375 2056 391 2081 ,
434 2013 533 2068 nisi
574 2012 672 2068 Dei
720 1993 901 2066 manus
942 2029 1031 2083 per
1070 2010 1298 2067 homines
1335 2015 1739 2082 supervenientes

154 2107 420 2161 violentias
462 2122 636 2160 eorum
677 2106 1084 2175 compressisset,
1129 2105 1259 2176 etc.]
1314 2105 1453 2171 Quin
1510 2106 1741 2174 pessime

156 2196 383 2253 fecerint
407 2196 697 2252 Donatista:
718 2210 878 2251 nemo
899 2195 1135 2261 dubitet;
1158 2204 1212 2250 et
1236 2205 1451 2264 propter
1473 2194 1738 2263 ejusmodi

156 2288 420 2342 violentias
451 2301 637 2357 pmnas
661 2287 811 2341 luere
841 2284 1129 2352 debebant,
1162 2294 1217 2338 at
1248 2300 1351 2340 non
1387 2297 1605 2355 pr0ptcr
1627 2286 1741 2353 opi-

159 2380 371 2434 niones.
398 2379 650 2432 Attamen
680 2376 858 2431 omnia
888 2374 993 2429 illis
1024 2376 1466 2444 ignoscebantur,
1491 2377 1535 2428 si
1581 2374 1740 2429 modo

158 2468 394 2523 redirent
439 2468 506 2521 ad
547 2467 839 2522 Ecclesiam
863 2465 1179 2519 catholicam
1200 2505 1217 2531 ,
1249 2474 1304 2519 ut
1333 2466 1498 2535 liquet
1527 2480 1590 2519 ex
1624 2465 1740 2535 lege

158 2558 248 2623 il,
276 2559 363 2612 tit.
390 2558 423 2612 3
445 2558 541 2612 lib.
568 2573 653 2610 va
681 2556 881 2611 codicis
911 2554 1285 2610 Theodosiani.
1686 2604 1695 2613 .

226 2647 390 2711 lbid.,
416 2646 444 2719 §
476 2648 528 2701 6.
574 2646 640 2699 Et
669 2656 833 2700 tamen
871 2646 995 2714 quid
1026 2653 1097 2698 est
1125 2645 1303 2699 melius
1335 2645 1565 2716 proferre
1600 2661 1742 2700 ceras

94 2770 111 2783 ι
156 2740 523 2809 imperatorum
556 2737 818 2807 jussioues
849 2753 942 2807 pro
987 2736 1219 2800 unitate,
1267 2752 1332 2788 an
1362 2736 1522 2805 falsas
1570 2734 1744 2787 indul-

151 2831 354 2902 gentias
376 2846 471 2898 pro
494 2830 848 2898 perversitate,
878 2828 1013 2897 quod
1033 2842 1117 2880 vos
1148 2826 1336 2895 fecistis
1353 2866 1369 2892 ,
1396 2834 1442 2881 et
1480 2826 1743 2879 mendacio

153 2933 317 2977 uestro
344 2921 511 2974 subito
538 2930 696 2972 totam
717 2918 944 2986 Africam
963 2916 1212 2985 implestis
1225 2913 1270 2985 ?]
1292 2916 1405 2970 Non
1435 2923 1555 2969 erat
1583 2917 1745 2971 mise-

153 3014 229 3066 ris
258 3010 697 3079 exprobrandum
729 3007 1030 3077 huiusmodi
1062 3006 1421 3073 mendacium,
1452 3007 1495 3060 si
1523 3008 1744 3061 mcnda~

153 3102 298 3157 cium
353 3102 588 3162 fuisset;
642 3099 737 3155 sed
788 3098 955 3153 nimio
1007 3096 1203 3151 affectu
1255 3098 1557 3152 obcmcatus
1599 3095 1818 3163 falle-C

153 3192 316 3247 batur
358 3194 708 3263 Augustinus,
736 3204 858 3245 nam
899 3190 1285 3244 utobservavit
1313 3189 1554 3244 eruditus
1577 3190 1745 3244 Bene-

154 3283 399 3339 dictinus
444 3285 497 3337 in
532 3283 647 3337 Vita
698 3282 976 3353 Augustini
1020 3281 1113 3335 lib.
1144 3297 1214 3346 vt,
1247 3296 1365 3350 cap.
1398 3283 1450 3347 7,
1496 3281 1523 3352 §
1563 3283 1627 3347 2,
1680 3298 1745 3337 ex

156 3379 391 3435 concilio
432 3376 754 3446 Carthagine
800 3391 929 3430 xvnt
974 3374 1223 3429 calendas
1252 3375 1416 3429 Julias
1465 3375 1590 3428 anni
1642 3374 1748 3430 410

158 3469 379 3538 habito,
429 3476 639 3524 constat
688 3481 755 3522 eo
792 3476 1036 3536 tempore
1063 3466 1181 3536 lege
1210 3476 1423 3520 cautum
1468 3467 1629 3520 fuisse
1681 3482 1747 3520 ne

156 3566 303 3629 quis,
339 3561 444 3615 nisi
467 3560 636 3633 libera
660 3559 966 3623 voluntate,
996 3556 1311 3611 Christiana:
1340 3556 1613 3627 religionis
1636 3556 1749 3610 cul-

161 3662 275 3706 tum
306 3652 749 3722 amplecteretur.
780 3649 913 3704 Eum
938 3648 1102 3703 adito.

124 3800 137 3823 ,
244 3744 418 3813 Epist.
447 3742 570 3808 ΗΟ,
598 3742 625 3812 ς
650 3742 702 3796 5.
727 3740 868 3794 Absit
891 3750 945 3793 ut
967 3740 1081 3793 ideo
1108 3739 1391 3805 credamus,
1419 3757 1479 3794 ne
1504 3740 1752 3797 rationem

134 3830 509 3902 'accipiamus,
547 3832 652 3884 sire
690 3846 1019 3901 quaeramus;
1062 3845 1178 3883 cum
1208 3831 1360 3884 etiam
1405 3831 1610 3884 credere
1652 3847 1753 3885 non

128 3904 135 3917 ’
161 3941 429 3988 possemus
456 3965 471 3989 ,
524 3924 623 3976 nisi
664 3921 939 3976 rationales
967 3923 1164 3975 animos
1193 3923 1507 3978 haberemus.
1547 3922 1612 3978 Ut
1634 3940 1753 3995 ergo

159 4016 213 4067 in
243 4014 555 4083 quibusdam
584 4013 734 4067 rebus
758 4014 827 4064 ad
849 4013 1130 4065 doctrinam
1156 4014 1431 4065 salutarem
1456 4014 1755 4081 pertinenti-

160 4106 255 4158 bus
279 4148 295 4171 ,
322 4121 455 4173 quas
485 4106 686 4156 ratione
716 4102 944 4155 nondum
974 4103 1229 4173 percipere
1260 4101 1515 4167 valemus,
1546 4104 1634 4156 sed
1660 4104 1756 4157 ali-

158 4196 375 4264 quando
405 4196 707 4257 valebimus,
740 4194 867 4261 ﬁdes
898 4194 1153 4263 prwcedat
1191 4193 1441 4246 rationem
1466 4234 1481 4260 ,
1523 4209 1623 4260 qua
1666 4210 1758 4247 cor

160 4291 465 4353 mandetur,
498 4302 553 4341 ut
583 4304 782 4357 magna;
808 4287 1021 4340 rationis
1053 4287 1222 4353 capiat
1249 4296 1293 4340 et
1324 4290 1545 4358 perferat
1565 4288 1753 4352 lucem,

163 4383 262 4433 hoc
284 4382 466 4450 utique
492 4380 705 4431 rationis
727 4368 845 4447 est]
877 4377 1013 4431 Nihil
1048 4379 1246 4442 verius,
1271 4378 1515 4446 quamvis
1538 4395 1644 4431 nun
1675 4380 1754 4431 in-

1830 476 1887 521 ut
1915 468 2145 533 videtur,
2168 469 2235 525 de
2257 471 2480 526 aliorum
2506 472 2962 543 animojudicittm
2995 493 3059 532 ex
3097 494 3194 535 suo
3229 484 3410 537 animo

1812 558 2085 629 ferentes)
2113 577 2214 614 non
2243 562 2447 635 divitias
2474 564 2757 631 dimisisse,
2793 569 2882 621 sed
2909 570 2977 622 ad
3003 569 3206 625 divitias
3236 575 3413 628 uideor

1830 652 2044 706 uenisse.
2065 651 2166 705 Via:
2176 654 2305 707 enim
2323 656 2563 726 vigesima
2581 660 2833 728 particula
2859 677 2937 715 res
2959 678 3067 716 mea
3083 671 3296 733 paterna
3308 667 3415 719 eri-

1810 741 2030 815 ‘stimari
2045 752 2230 812 potest,
2254 748 2307 798 in
2324 749 2701 817 comparatione
2713 751 3277 817 pratdiorumecclesite,
3299 770 3416 825 quia

1834 848 1969 885 nunc
1996 843 2048 886 ut
2077 832 2317 889 dominus
2345 838 2606 891 existimor
2631 840 2937 913 possidere.]
2963 841 3133 897 Nolim
3165 846 3304 900 male
3348 848 3416 903 de
3446 850 3451 855 ’

1833 922 2144 992 cujusquam
2172 925 2354 980 animo
2384 927 2513 980 mihi
2539 928 2718 997 ignoto
2744 930 3005 998 judicare,
3030 933 3125 987 sed
3156 950 3259 988 non
3292 951 3416 1004 pns-

1810 1027 1954 1067 tsum
1995 1028 2098 1067 non
2132 1013 2255 1088 hinc
2285 1014 2601 1084 observare,
2632 1034 2699 1072 ex
2739 1021 3033 1076 mutatione
3060 1017 3221 1079 sortis
3265 1025 3417 1079 laica:

1836 1102 1890 1157 in
1919 1104 2355 1168 ecclesiasticam,
2386 1108 2525 1162 male
2546 1108 2722 1177 colligi
2745 1110 2996 1167 meliores
3021 1126 3142 1167 esse
3166 1114 3420 1169 ecclesia-

1838 1193 2002 1248 sticos
2030 1209 2186 1264 quam
2212 1194 2407 1261 laicos;
2442 1211 2562 1251 cum
2590 1199 2639 1250 in
2670 1198 2755 1252 illa
2791 1187 3102 1266 mutatione,
3133 1218 3236 1272 qua
3268 1204 3419 1274 quis-

1840 1284 1978 1353 piam
2020 1286 2219 1355 mavult
2245 1286 2357 1341 lieri
2387 1286 2616 1342 clericus
2643 1303 2801 1357 quam
2832 1305 3051 1345 uxorem
3082 1292 3308 1359 ducere,
3341 1295 3419 1349 la-

1838 1376 2078 1446 boreque
2134 1393 2234 1432 suo
2274 1378 2405 1443 sibi,
2434 1379 2646 1447 conjugi
2683 1389 2735 1434 et
2765 1379 2947 1441 liberis
2972 1395 3037 1436 ex
3065 1397 3124 1435 ea
3154 1387 3419 1453 susceptis

1838 1468 2032 1523 victum
2056 1484 2439 1543 quaerere,nnn
2463 1472 2710 1539 exiguum
2728 1486 2871 1540 saepe
2892 1474 2961 1527 sit
2980 1474 3209 1528 lucrum.
3234 1473 3419 1545 Neque

1840 1560 1981 1614 cnim
2017 1563 2144 1619 tanti
2175 1572 2256 1617 est
2290 1563 2488 1616 habere
2519 1577 2741 1617 uxorem
2775 1578 2895 1618 cum
2923 1579 3026 1633 qua
3064 1566 3420 1632 concumbas,

1839 1656 2020 1723 quanti
2038 1655 2203 1708 multo
2223 1654 2468 1709 ditiorem
2490 1669 2628 1718 esse,
2648 1638 3180 1725 tranquilliorumque
3200 1666 3255 1711 et
3275 1672 3422 1712 com-

1770 1746 1815 1805 B
1845 1747 2140 1800 modiorem
2171 1748 2333 1800 vitam
2366 1761 2554 1815 agere;
2590 1762 2657 1802 ne
2689 1747 2800 1815 jam
2838 1748 3030 1816 loquar
3056 1748 3147 1811 de.
3169 1749 3423 1819 dignitate

1842 1838 2324 1892 ecclesiasticarum
2340 1838 2426 1905 qui
2440 1838 2503 1891 ad
2522 1839 2885 1907 episcopatum
2906 1840 3304 1908 perveniebant.
3324 1840 3423 1894 Fa-

1841 1936 1957 1983 teor
1981 1942 2135 1995 posse
2160 1942 2278 1983 esse
2300 1937 2353 1983 et
2382 1928 2543 1982 fuisse
2562 1928 2703 2003 viros
2726 1928 2929 2003 qui‘eas
2947 1943 3095 1996 opes,
3114 1929 3425 1999 dignitates-

1840 2034 1944 2088 que
1972 2033 2077 2073 non
2109 2018 2452 2080 ambivetiut,
2479 2002 2731 2087 recteque
2760 2017 2823 2072 iis
2853 2016 2933 2071 usi
2961 2017 3182 2085 fuerint;
3213 2029 3267 2073 at
3297 2035 3422 2088 pro-

1842 2108 1982 2163 fecto
2006 2109 2145 2178 quod
2172 2108 2297 2163 talia
2331 2108 2661 2176 pra-tulerint
2691 2109 2811 2163 vita:
2838 2109 3057 2177 privata:
3080 2118 3133 2163 et
3158 2108 3422 2174 obscurae,

1842 2216 1948 2255 non
1981 2210 2157 2270 potest
2184 2200 2285 2255 dici
2333 2212 2508 2255 ortum
2540 2202 2813 2277 exanimo
2838 2200 3141 2263 divitiarum
3172 2210 3227 2257 et
3257 2203 3427 2255 Ιιοιιο-

1841 2308 1961 2347 rum
1992 2302 2274 2361 spretore;
2306 2308 2404 2347 nec.
2431 2301 2713 2361 propterea
2740 2294 2949 2347 caneris
2978 2293 3280 2347 hominibus
3300 2290 3427 2347 sunt

1842 2384 2182 2453 [rteferendh
2226 2401 2325 2441 nec
2356 2385 2604 2440 laudandi
2634 2387 2774 2453 quod
2812 2386 3074 2442 beatiores
3105 2393 3159 2442 et
3189 2386 3423 2441 honora-

1845 2477 2010 2533 tiores
2044 2492 2164 2532 esse
2192 2477 2308 2533 aliis
2338 2477 2625 2531 voluerint.
2966 2528 2969 2531 .

1916 2568 2075 2633 lbid.,
2108 2568 2175 2622 de
2203 2568 2423 2623 Piniano
2453 2585 2465 2618 :
2492 2565 2557 2619 In
2586 2566 2808 2637 qualibet
2838 2577 3007 2620 autem
3037 2568 3255 2621 maxime
3280 2567 3425 2639 Afri-

1841 2674 2088 2714 canarum
2130 2660 2457 2711 ecclesiarum
2478 2700 2492 2723 ,
2523 2658 2605 2709 hic
2635 2667 2827 2721 noster.
2867 2673 2981 2717 non,
3006 2659 3120 2710 dico
3149 2658 3426 2727 presbyter,

1843 2748 1931 2803 sed
1965 2749 2234 2817 episc0pus
2282 2748 2384 2812 sit,
2430 2756 2752 2815 comparatus
2812 2746 3039 2815 pristinis
3087 2744 3265 2815 apibus
3319 2749 3428 2800 suis

1844 2839 2041 2893 etiamsi
2077 2838 2249 2892 animo
2299 2836 2614 2890 dominantis
2661 2844 2858 2906 egeret,
2902 2837 3257 2905 pauperrimus
3310 2837 3427 2891 erit.

1846 2928 2016 2983 Multo
2046 2944 2164 2999 ergo
2205 2926 2452 2995 liquidius
2498 2934 2547 2980 et
2576 2926 2804 2978 securius
2834 2926 2884 2979 in
2914 2924 3007 2979 hoc
3036 2934 3242 2978 amatur
3276 2924 3430 2979 Chri-

1846 3022 2016 3074 stiana
2043 3029 2334 3089 paupertas,
2360 3017 2413 3071 in
2440 3032 2541 3086 quo
2570 3016 2718 3069 nulla
2739 3032 2908 3070 rerum
2929 3017 3235 3088 ampliorum
3259 3024 3426 3085 potest

1849 3114 2023 3186 putari
2073 3111 2373 3184 cupiditas.]
2428 3109 2626 3166 Verum
2669 3113 2771 3167 hoc
2824 3127 2927 3166 non
2968 3112 3220 3182 agebatur
3245 3152 3260 3179 ,
3303 3127 3429 3167 nam

1848 3204 2039 3258 Albina
2073 3220 2177 3258 non
2202 3202 2526 3271 querebatur
2549 3203 2714 3256 filium
2740 3217 2893 3257 suum
2928 3204 3040 3271 rapi
3067 3218 3096 3257 a
3121 3203 3273 3273 plebe
3304 3204 3432 3274 llip-

1848 3293 2099 3363 ponensi,
2125 3304 2178 3345 ut
2209 3292 2465 3346 Pinianus
2482 3291 2643 3365 ditior
2665 3291 2818 3346 ﬁeret
2837 3309 2851 3357 ;
2873 3294 2965 3347 sed
2994 3294 3116 3363 quia
3145 3293 3295 3348 dives
3315 3303 3432 3348 erat

1850 3394 1902 3438 et
1926 3382 2183 3447 liberalis,
2209 3381 2459 3451 sperabat
2484 3380 2634 3448 plebs
2666 3379 2803 3442 fore,
2824 3380 2867 3432 si
2895 3382 3187 3451 presbyteri
3210 3397 3431 3436 munere

1849 3472 1988 3539 apud
2012 3488 2071 3526 se
2095 3473 2422 3539 fungeretur,
2453 3479 2509 3521 ut
2529 3478 2774 3537 erogaret
2797 3485 2926 3537 opes
2944 3484 3068 3524 suas
3086 3473 3429 3538 pauperibus,

1802 3600 1805 3603 μ
1851 3564 1969 3618 sive
2000 3572 2201 3617 sortem
2236 3564 2351 3630 ipse
2381 3568 2641 3624 servaret,
2676 3559 2982 3628 fructusque
3009 3561 3112 3613 iTIis
3141 3560 3431 3625 divideret,

1852 3653 1964 3708 sive
1990 3661 2188 3706 sortem
2222 3652 2394 3721 ipsam
2438 3651 2596 3705 simul
2629 3665 2690 3705 ac
2716 3649 2880 3704 semel
2904 3649 3202 3723 largiretur.
3238 3650 3433 3705 Exem-

1854 3747 1995 3814 plum
2041 3744 2301 3812 cjusmudi
2322 3742 2633 3813 largitionis
2662 3728 2965 3811 praebuerat
2996 3740 3243 3793 Paulinus
3275 3740 3436 3795 Nola-

1855 3850 1975 3900 nus,
2005 3834 2156 3903 cujus
2201 3834 2333 3888 Vita:
2376 3848 2495 3903 cap.
2526 3833 2559 3888 8
2589 3831 2641 3887 in
2678 3832 2766 3888 ed.
2810 3830 3042 3886 Parisina
3086 3830 3209 3883 anni
3271 3831 3428 3895 1685,

1855 3930 1995 3983 vide.
2021 3929 2076 3985 Si
2092 3929 2242 3998 plebs
2257 3927 2633 3997 Hipponensis,
2654 3933 2812 3997 prout
2829 3925 3200 3995 suspicabatur
3217 3924 3432 3987 Albina,

1857 4034 1922 4074 eo
1948 4022 2129 4073 animo
2159 4019 2528 4089 presbyterum
2572 4017 2851 4071 Piuianum
2900 4016 3096 4070 habere
3123 4015 3354 4083 cupivit,
3383 4024 3437 4069 et

1857 4110 2111 4164 seditiose
2134 4109 2443 4178 postulavit,
2470 4106 2569 4162 fuit
2594 4109 2707 4162 haec
2736 4107 2987 4162 seditiosa
3017 4107 3349 4175 mendicitas,
3382 4114 3437 4161 ct

1860 4203 2176 4272 periculosa,
2209 4200 2404 4268 quippe
2424 4216 2545 4269 qua:
2567 4199 2720 4253 uxori
2742 4199 2913 4253 virum
2948 4198 3210 4267 rapiebat,
3238 4208 3293 4250 ut
3320 4196 3437 4264 ejus

1858 4292 2044 4361 spoliis
2099 4293 2399 4353 frueretur,
2455 4305 2561 4343 non
2609 4304 2760 4344 amor
2807 4289 3017 4343 virtutis
3054 4287 3281 4342 Piniani.
3332 4286 3440 4340 Nec

1858 4386 2018 4438 audet
2041 4384 2141 4436 huc
2171 4382 2325 4451 plane
2350 4396 2544 4452 negare
2580 4381 2910 4451 Augustinus
2938 4380 3184 4449 quamvis
3223 4379 3441 4431 simtt'et

165 4472 405 4541 telligam
429 4468 699 4539 quiomcdo
718 4468 819 4523 hoc
839 4470 888 4521 in
907 4466 1247 4522 concordiam
1270 4467 1435 4538 redigi
1460 4478 1752 4538 queatcum
1780 4467 1833 4526 D
1862 4490 1920 4529 se
1949 4489 2051 4528 non
2085 4472 2383 4541 intelligere
2411 4488 2507 4526 cur
2539 4474 2901 4543 suspicaretur
2929 4472 3150 4534 Albina;
3182 4468 3274 4523 sed
3313 4480 3439 4534 pro-

164 4578 233 4617 eo
258 4564 400 4632 quod
427 4561 555 4614 alibi
586 4561 744 4614 habet
763 4560 829 4613 de
853 4556 1192 4612 auctoritate.
1227 4556 1358 4613 Vide
1386 4567 1498 4613 not.
1530 4558 1597 4613 ad
1624 4569 1753 4613 tom.

168 4657 209 4717 l,
250 4658 345 4708 lib.
381 4656 449 4707 de
474 4654 669 4718 Quam.
699 4652 913 4717 animm,
942 4648 970 4721 §
998 4650 1085 4704 12.
1109 4650 1276 4705 Nemo
1304 4652 1462 4706 etiam
1491 4667 1595 4707 non
1626 4667 1755 4721 pro-

168 4747 263 4801 bet
293 4747 437 4815 quod
471 4754 553 4799 est
587 4744 613 4814 §
645 4745 698 4797 6.
734 4742 878 4797 Sicut
906 4736 1009 4795 non
1042 4742 1157 4795 ideo
1188 4742 1333 4796 debes
1362 4760 1559 4797 omnem
1604 4747 1759 4798 citare

168 4854 481 4902 sermonem,
497 4838 615 4906 quia
636 4845 707 4889 est
730 4845 774 4888 et
797 4851 960 4889 sermo
980 4834 1141 4903 falsus
1159 4851 1177 4888 :
1190 4839 1260 4887 ita
1277 4852 1378 4888 non
1398 4836 1545 4890 debes
1560 4852 1757 4889 omnem

173 4934 339 4985 uitare
369 4931 652 4992 rationem,
682 4927 801 4997 quia
831 4937 901 4981 est
928 4936 973 4980 et
999 4928 1135 4997 falsa
1160 4929 1312 4981 ratio.
1343 4927 1637 4996 AuguSIino
1667 4946 1760 4983 nc-

174 5025 291 5077 scio
316 5020 445 5091 quid
471 5036 535 5073 ex
566 5019 1029 5085 Academicorum,
1048 5033 1178 5086 quos
1193 5018 1423 5074 maxime
1448 5017 1759 5093 adolescens

174 5115 408 5167 miratus
438 5111 628 5176 tuer..t,
657 5108 872 5180 ingenio
890 5109 1132 5176 adhaesit;
1151 5126 1479 5181 quaecunque
1512 5111 1653 5167 enim
1680 5127 1743 5167 ve

176 5205 433 5261 risimilia
466 5204 645 5257 animo
676 5203 793 5271 ejus
820 5216 938 5256 sese
974 5202 1230 5271 objiciunt
1254 5204 1459 5273 arripit,
1488 5216 1765 5259 consecta-

181 5301 387 5354 riorum
435 5294 672 5350 omnium
707 5307 1001 5362 eorumque
1038 5308 1171 5373 quae
1196 5295 1325 5349 alibi
1356 5294 1489 5349 dixit
1518 5310 1758 5351 securus.

179 5393 272 5449 Sic
313 5407 375 5447 se
425 5388 643 5455 Cicero,
680 5387 731 5441 in
777 5400 883 5455 quo
915 5386 1140 5455 legendo
1185 5396 1385 5442 tantum
1414 5398 1624 5458 tempus
1668 5389 1761 5443 tri-

181 5494 378 5551 verat,
418 5482 661 5553 gerebat.
694 5484 827 5539 Vide
876 5479 1098 5535 Joannis
1146 5479 1340 5536 Clerici
1395 5482 1760 5550 Quaestionum

179 5580 718 5650 lliernnyniiamrum
747 5587 1011 5634 octavam.

253 5675 431 5743 Epist.
474 5671 596 5741 thi,
626 5670 653 5742 §
678 5673 731 5726 7.
765 5670 873 5742 Ego
912 5668 1131 5741 quippe,
1172 5667 1764 5737 secundum‘multornm

1864 4564 2146 4636 pemodum
2176 4563 2373 4618 fatetur
2400 4563 2546 4617 hisce
2576 4565 2756 4619 verbis
2788 4581 2802 4616 :
2833 4562 2899 4616 Et
2926 4562 2969 4616 si
2991 4562 3179 4630 fuerint
3204 4558 3283 4611 illi
3308 4557 3442 4608 mul-

1864 4659 2068 4712 titudini
2098 4658 2324 4726 permisli
2346 4658 2522 4727 inopes
2559 4658 2637 4710 rel
2666 4656 2912 4722 mendici,
2941 4654 3027 4721 qui
3073 4650 3228 4704 simul
3247 4648 3442 4701 clama-

1865 4749 2017 4814 bant,
2064 4760 2109 4805 et
2155 4751 2219 4803 de
2244 4757 2407 4803 vestra
2446 4746 2718 4802 uenerabili
2763 4742 3103 4799 redundantia
3142 4741 3441 4812 indigentia:

1863 4856 1969 4895 stlte
1991 4839 2393 4909 supplementum
2416 4838 2707 4908 speraban',
2736 4848 2827 4887 nec
2854 4835 2972 4898 ista,
3004 4840 3059 4884 ut
3088 4831 3326 4894 arbitror,
3352 4848 3443 4884 cu-

1865 4933 2055 5002 piditas
2085 4931 2251 4997 turpis
2271 4937 2367 4983 est.
2393 4930 2567 4994 Turpe
2590 4940 2694 4978 non
2726 4932 2806 4977 est
2836 4922 3076 4978 modeste
3101 4923 3439 4989 mendicare,

1866 5029 1911 5082 si
1938 5027 2091 5079 aliter
2113 5026 2273 5076 vitam
2294 5028 2596 5090 sustentare
2612 5030 2865 5087 nequeas;
2883 5018 2974 5074 sed
2992 5025 3145 5086 turpe
3159 5025 3244 5073 est
3266 5015 3440 5070 minas

1867 5117 2175 5179 intendere,
2212 5121 2269 5166 ut
2304 5123 2469 5179 genus
2498 5110 2619 5163 vitae
2652 5110 2895 5178 imponas
2934 5107 3166 5173 homini,
3197 5119 3304 5175 quo
3345 5103 3442 5157 tibi

1869 5206 2145 5262 facultates
2161 5202 2434 5272 largiatur,
2460 5213 2558 5255 nec
2580 5198 2797 5255 ferenda
2823 5200 2874 5254 in
2896 5197 3124 5256 ecclesia
3151 5195 3270 5251 talis
3294 5204 3445 5248 men-

1868 5298 2080 5353 dicatio.

1938 5384 2092 5451 lbid.,
2123 5384 2151 5455 §
2174 5383 2225 5439 8.
2250 5382 2427 5438 Restat
2449 5398 2587 5451 ergo,
2614 5380 2803 5450 inquit,
2830 5386 2882 5432 ut
2907 5379 2998 5431 iste
3013 5370 3445 5447 pecuniwturpis-

1868 5481 2023 5534 simus
2035 5478 2314 5547 appetitus,
2333 5491 2395 5529 ea:
2416 5474 2619 5543 obliquo
2639 5471 2693 5525 in
2724 5471 2932 5525 clericos
2961 5477 3007 5522 et
3029 5464 3247 5518 maxime
3269 5463 3320 5516 in
3344 5461 3444 5529 cpi-

1869 5588 2077 5642 scopum
2090 5572 2361 5641 dirigatur.
2381 5567 2492 5622 Nos
2503 5567 2637 5620 enim
2650 5562 2795 5616 rebus
2815 5560 3041 5613 ccclesiis
3053 5554 3309 5610 dominari
3332 5555 3414 5608 exi
3421 5581 3442 5595 ο

1871 5665 2161 5731 stimamur,
2192 5677 2283 5716 nos
2309 5657 2485 5730 apibus
2514 5650 2784 5727 [ruimun]
2816 5650 3107 5723 Propterea
3137 5645 3446 5701 credibiliter
