3908 6312
511 299 616 355 265

1399 288 1952 349 SUPPLE'MENTUM
1992 286 2084 342 AD
2120 286 2343 341 OPERA
2385 287 2444 342 S.
2486 286 2874 345 AUGUSTINI.

3664 282 3765 340 26!.

516 417 754 487 putuisse
781 414 883 469 hoc
903 413 953 467 in
986 411 1380 479 ilipponenscm
1402 409 1604 463 clerum
1627 406 1732 461 dici
1759 405 1955 459 fatetur
1987 405 2092 457 Au—
2118 404 2165 461 A
2193 402 2654 465 verisimilitudine,
2691 417 2811 455 vera
2841 415 2945 453 esse
2967 414 3067 452 non
3089 406 3271 467 potest.
3306 396 3504 450 Rursus
3532 395 3578 449 si
3606 398 3740 449 mani
3751 428 3769 438 -

516 511 786 581 gustinus;
814 504 953 573 quod
975 514 1151 558 tamen
1182 515 1367 556 verum
1398 515 1520 555 esse
1550 497 2094 568 pernegat,juratque

517 615 576 654 se
622 598 763 652 nulla
812 595 1053 665 pecunia:
1103 592 1396 661 cupiditate
1442 590 1794 645 sordidatum.
1844 588 1994 654 Quod
2043 585 2095 641 ei

517 687 678 743 credo
706 686 773 741 de
802 685 940 755 ipso,
969 684 1066 738 sed
1109 683 1458 737 vehementer
1482 680 1728 747 suspicor
1755 692 1785 731 a
1828 675 2095 731 nonnullis

518 795 584 833 ex
609 778 754 831 clero
776 774 1030 830 inferiore
1050 773 1336 828 utilitatem
1360 770 1607 824 ecclesiae
1632 773 1922 837 spectatam
1953 778 2094 829 esse,

520 884 640 938 quae
669 877 773 921 tam
805 866 1025 920 divitem
1074 862 1443 933 presbyterum
1472 860 1718 927 accipere
1746 871 1853 909 non
1890 863 2097 924 poterat

523 958 1053 1019 sineemolumento;
1085 953 1227 1023 quod
1256 951 1433 1020 aliquo
1461 948 1623 1003 modo
1643 950 1802 1002 etiam
1833 943 2100 1000 redunda-

523 1053 613 1104 bat
638 1051 692 1103 in
717 1048 1021 1102 universum
1043 1041 1745 1114 populum-Hipponensem,
1776 1050 1896 1091 cum
1920 1032 2101 1103 cujus.

522 1142 605 1195 vis
634 1139 787 1194 liberi
817 1136 1207 1204 etepiscopi‘et
1237 1129 1684 1201 presbyteri-ﬂeri
1709 1134 1947 1199 possent.
1971 1125 2101 1191 Quae

524 1232 745 1285 omnino
771 1230 953 1283 nescio
976 1240 1074 1279 cur
1100 1221 1401 1278 dissimulet
1430 1220 1777 1288 Augustinus,
1800 1231 1920 1271 cum
1954 1213 2102 1283 plebs

526 1336 633 1374 non
664 1319 865 1373 soleret
903 1313 1211 1369 tumultuari
1237 1322 1296 1365 ut
1336 1325 1535 1380 pauper
1557 1308 1823 1378 quispiam
1860 1306 2100 1375 peregri-

526 1426 626 1465 nus
652 1409 931 1479 presbyter
956 1407 1127 1460 fieret.
1163 1402 1253 1458 Sic
1282 1403 1445 1456 multa
1481 1414 1676 1454 arcana
1696 1398 1825 1453 olim
1855 1396 2105 1449 dissimu-

526 1503 631 1555 lata
663 1508 786 1554 sunt
816 1498 868 1551 in
899 1499 1157 1551 honorem
1205 1492 1460 1547 Ecclesia;
1482 1530 1498 1556 ,
1526 1504 1644 1558 quae
1670 1489 1716 1542 si
1753 1498 1876 1542 nota
1900 1494 2100 1547 essent,

526 1606 633 1647 non
662 1591 798 1644 ultra
828 1587 1187 1658 apostolon
1222 1592 1463 1650 temp-vra
1504 1580 1755 1648 exempla
1791 1578 1915 1632 vitze
1952 1575 2106 1630 Citri-

528 1685 715 1738 stiante
742 1679 999 1733 omnibus
1022 1674 1261 1730 numeris
1285 1674 1524 1727 absoluta
1561 1672 1699 1727 forte
1724 1683 2100 1739 quaereremus.

580 1775 772 1842 Epist.
806 1772 928 1835 155,
966 1768 992 1840 §
1025 1769 1076 1825 i.
1116 1768 1279 1822 ﬂihi
1307 1766 1604 1820 sollicitudo
1644 1764 1865 1816 maxima
1904 1757 2187 1816 incussnB

530 1875 623 1930 est,
652 1879 718 1917 ne
745 1863 879 1932 forte
908 1860 1188 1915 sublimitas
1219 1869 1310 1912 tua
1339 1865 1537 1911 censeat
1562 1872 1651 1909 eos
1672 1863 1816 1907 tanta
1843 1852 2006 1922 legunt
2033 1867 2111 1903 se-

528 1956 741 2008 veritate
767 1953 1089 2020 plectendos,
1118 1958 1174 2004 ut
1200 1950 1375 2019 qualia
1392 1948 1617 2017 fecerunt
1649 1947 1777 1998 talia
1804 1941 2109 2013 pationtur.]

533 2044 900 2099 Marcellinum
942 2049 1063 2096 orat
1101 2055 1170 2095 ne
1190 2038 1667 2095 Circumcelliones
1714 2036 2111 2089 Donatistarum

533 2135 801 2199 ctcdisyut
821 2134 916 2199 ait,
942 2142 995 2186 et
1016 2131 1243 2187 aliorum
1264 2130 1528 2184 scelerum
1551 2141 1673 2182 reos
1695 2129 1868 2194 capite
1892 2124 2110 2194 plectat.

533 2226 639 2282 Sed
671 2242 766 2281 cur
809 2239 916 2279 non
960 2222 1246 2278 intercedit
1274 2236 1373 2290 pro
1403 2220 1466 2274 iis
1505 2219 1594 2287 qui
1635 2217 1903 2285 opinionis
1947 2216 2113 2269 solius

531 2331 691 2372 causa
715 2315 853 2369 male
874 2314 1229 2373 habebantur,
1247 2324 1383 2379 quos
1402 2308 1617 2364 mollius
1643 2306 1822 2360 haberi
1848 2320 1941 2372 par
1959 2304 2112 2357 erat?

537 2405 759 2473 Nempe,
820 2403 1040 2466 famam,
1070 2409 1129 2455 ut
1150 2403 1261 2467 jam
1289 2399 1414 2452 alibi
1450 2397 1704 2464 diximus,
1732 2395 2114 2449 misericordiae

534 2509 600 2549 ex
633 2491 915 2560 insignium
939 2504 1153 2545 reorum
1199 2488 1371 2541 salute
1408 2486 1692 2555 captabat.
1744 2484 1877 2540 Vide
1930 2493 1987 2539 et
2016 2497 2115 2538 se-

535 2586 790 2656 quentem
816 2582 1121 2651 epistolam.

606 2674 779 2744 Epist.
813 2674 947 2740 158,
986 2671 1013 2742 9
1063 2672 1160 2739 i9,
1192 2670 1261 2725 de
1297 2669 1525 2739 Apuleio
1554 2668 1907 2723 Madaurense
1954 2683 1967 2719 :
2008 2664 2117 2719 Pro

533 2777 705 2823 statua
742 2767 838 2820 sibi
866 2766 1002 2836 apud
1039 2764 1256 2819 Coenses
1285 2762 1626 2828 locandapea:
1650 2776 1752 2829 qua
1789 2761 1988 2815 civitate
2025 2758 2118 2811 Ita-

534 2860 681 2913 bebat
717 2872 958 2924 uxorem,
997 2857 1240 2910 adversus
1291 2854 1747 2907 contradictionem
1783 2852 2118 2921 quorumdam

535 2951 721 3003 civium
749 2944 1018 3017 litigaret.]
1051 2945 1323 2999 Adnotant
1353 2942 1687 2998 Benedictini
1713 2941 1956 2995 undecim
1984 2953 2114 2993 mss.

538 3044 735 3097 habere
777 3038 1023 3104 Ocenses,
1054 3036 1291 3105 quinque
1333 3032 1575 3097 Oeenses,
1606 3032 1742 3086 duos
1771 3030 2013 3085 Coeuses.
2038 3032 2119 3084 At

2196 494 2478 563 festissima
2504 505 2751 563 certa’que
2774 492 2964 545 rationi
2993 491 3125 543 velut
3154 489 3541 557 Scripturarum
3571 500 3771 541 sancta-

2194 602 2309 639 rum
2335 587 2575 657 objicitur
2598 567 2896 646 auctoritas,
2925 598 3026 635 non
3057 581 3291 650 intelligit
3320 581 3407 650 qui
3429 579 3528 631 hoc
3555 576 3703 649 facit,
3731 590 3773 631 et

2180 692 2300 729 non
2326 675 2712 745 Scripturarum
2745 672 2959 726 illarum
2981 688 3211 735 sensum,
3240 671 3305 723 ad
3339 686 3485 737 quem
3512 679 3772 739 penetrare

2197 784 2299 821 non
2325 768 2511 837 potuit,
2550 768 2638 820 sed
2670 782 2819 819 suum
2856 765 3025 830 potius
3051 763 3221 833 objicit
3264 762 3488 826 veritati;
3525 776 3619 813 nec
3645 765 3771 829 quod

2198 862 2251 913 in
2275 861 2370 925 eis,
2400 859 2489 913 sed
2511 858 2649 927 quod
2673 859 2725 910 in
2753 858 2917 925 seipso
2946 855 3081 909 velut
3103 871 3193 925 pro
3216 857 3287 908 eis
3310 855 3496 907 invenit
3523 851 3769 923 opponit.]

2200 955 2372 1007 Aurea
2400 949 2517 1004 haec
2539 958 2622 1002 est
2652 947 2858 1015 regula,
2896 962 2923 999 a
2949 961 3050 1015 qua
3076 947 3121 1000 si
3152 960 3311 999 nemo
3337 944 3527 1007 abiret,
3556 953 3611 999 et
3639 942 3771 998 Scri-

2205 1053 2374 1112 ptura:
2392 1057 2488 1097 sua
2508 1041 2798 1095 auctoritas
2820 1040 3156 1108 legitimaque
3183 1038 3476 1100 sententfa,
3501 1046 3556 1091 et
3588 1034 3769 1089 rationi

2200 1148 2295 1189 sua
2325 1134 2617 1189 indubitata
2646 1132 2841 1187 veritas
2862 1140 3154 1186 constaret.
3182 1129 3334 1184 Nunc
3363 1144 3511 1193 vero,
3538 1128 3661 1197 quia
3688 1144 3771 1181 na-

2180 1292 2181 1295 ,
2204 1226 2439 1296 gligitur,
2466 1225 2627 1279 modo
2656 1224 2947 1294 Scriptura:
2978 1221 3138 1286 ﬁdes,
3166 1221 3330 1274 modo
3352 1220 3577 1273 rationis
3603 1220 3770 1274 lumen

2212 1318 2453 1381 vacillat;
2484 1327 2575 1370 aut
2604 1316 2743 1370 inter
2769 1330 2828 1369 se
2850 1329 2970 1383 quze
2998 1312 3281 1367 dissentire
3310 1318 3586 1379 nequeunt
3620 1309 3773 1379 turpi-

2206 1419 2287 1465 ter
2306 1409 2732 1463 committuntur.
2767 1405 3066 1473 Optandum
3086 1412 3232 1459 esset
3258 1403 3476 1471 hujusce
3498 1417 3609 1457 sua:
3632 1417 3774 1471 regu-

2207 1502 2271 1556 lze
2298 1503 2352 1555 in
2393 1499 2778 1554 controversiis
2817 1497 3119 1565 Pelagianis
3141 1511 3435 1552 memorem
3466 1495 3630 1551 fuisse
3674 1496 3773 1551 Au-

2207 1594 2498 1663 gustinum.
2525 1591 2656 1647 Vide
2685 1590 2749 1645 ad
2777 1605 2867 1659 ep.
2901 1590 3023 1644 19.0.

2283 1686 2451 1755 Epist.
2477 1684 2600 1749 M9,
2633 1684 2736 1755 §5.
2766 1682 2907 1738 Unus
2930 1681 3144 1736 habebat
3164 1680 3404 1744 (Grmcus
3432 1679 3626 1751 codex)
3653 1681 3776 1750 quod

2212 1784 2258 1830 et
2292 1775 2459 1828 Latini
2487 1775 2645 1827 nostri
2669 1773 2946 1839 :Domiue,
2976 1772 3205 1841 perdens
3235 1773 3301 1826 de
3336 1781 3475 1827 terra
3506 1770 3777 1841 dispertire

2212 1882 2336 1931 eos;
2394 1866 2551 1929 alius,
2577 1866 2707 1920 sicut
2748 1866 2855 1932 ipse
2903 1865 3166 1933 posuisti:
3207 1878 3235 1941 a
3268 1864 3450 1932 paucis
3488 1864 3554 1918 de
3605 1862 3777 1935 terra.]

2215 1960 2386 2015 Locus
2414 1968 2591 2013 exstat
2614 1957 2751 2027 psal.
2777 1972 2885 2024 XVI,
2921 1956 2985 2010 ii
3009 1997 3025 2020 ,
3057 1971 3123 2011 ex
3152 1954 3415 2017 divisione
3456 1953 3595 2008 LXX
3627 1955 3777 2010 inter-

2215 2059 2423 2119 pretum
2481 2047 2872 2116 respondetque
2920 2045 3247 2115 Augustinus
3297 2044 3522 2099 Paulino
3572 2058 3774 2097 sensum

2216 2144 2407 2198 iturum
2439 2142 2719 2212 qumrenti.
2750 2141 2884 2195 iiinc
2913 2140 3215 2210 intelligere
3247 2140 3509 2209 potuisset
3539 2141 3777 2211 Augusti-

2217 2251 2339 2300 nus,
2367 2250 2524 2304 quam
2558 2234 2893 2289 necessarius
2930 2243 3053 2289 erat.
3078 2233 3230 2286 labar
3261 2234 3590 2303 llieronymi,
3618 2234 3779 2288 denuo

2216 2326 2562 2381 convertendi
2612 2324 2918 2392 Scripturas
2965 2324 3169 2379 Veteris
3210 2325 3539 2380 Testameuti
3581 2338 3647 2380 ex
3692 2324 3781 2379 lia:-

2217 2414 2412 2469 ltraicis
2442 2414 2698 2469 fontibus.
2728 2412 2862 2468 Cum
2895 2415 3036 2468 enim
3064 2414 3436 2471 habereutaiii
3470 2416 3589 2469 libri
3619 2415 3779 2471 Grani

2217 2512 2573 2571 AHOAAIQN,
2598 2506 2840 2574 perdens,
2866 2503 2957 2559 alii
2994 2511 3073 2558 ΔΙΙ
3098 2512 3354 2571 ΟΛιιὮΝ,
3398 2520 3622 2574 quorum
3649 2507 3781 2574 prius

2218 2607 2298 2652 est
2321 2598 2376 2651 in
2407 2596 2686 2661 Vaticano,
2712 2596 2980 2665 posterius
3012 2596 3062 2649 in
3089 2596 3450 2653 Alexandrino
3478 2597 3777 2666 exemplari,

2218 2695 2273 2741 et
2304 2687 2383 2741 sic
2414 2687 2583 2740 Latini
2617 2701 2830 2756 quoque
2861 2686 3159 2751 variarent;
3190 2694 3363 2741 utram
3393 2685 3671 2741 lectionem
3699 2686 3785 2739 eli-

2219 2792 2346 2847 gere
2385 2776 2575 2846 potuit.
2626 2791 2730 2831 non
2774 2777 3017 2845 inspecto
3046 2778 3338 2846 archetypo
3366 2775 3582 2831 codice?
3618 2777 3671 2829 Si
3703 2790 3785 2843 po-

2221 2867 2415 2921 tuisset
2467 2881 2587 2920 cum
2642 2866 2850 2934 legere,
2900 2863 3123 2919 vidisset
3171 2865 3307 2919 verti
3350 2878 3536 2920 vocem
3588 2873 3785 2922 cum

2220 2957 2492 3021 mimi/tim,
2516 2956 2655 3025 quod
2683 2966 2765 3010 est
2792 2972 2824 3008 a
2853 2954 3182 3020 mortalibus;
3207 2954 3347 3010 unde
3366 2954 3664 3025 collegisset
3692 2955 3787 3023 pri-

2220 3060 2365 3099 mum
2397 3044 2538 3098 LXX
2581 3046 2898 3114 interpretes
2927 3044 3118 3113 legisse
3158 3053 3320 3103 Dim:
3362 3044 3567 3098 methim
3591 3085 3606 3109 ,
3650 3043 3785 3098 Occi-

534 3132 698 3184 ‘nemo
725 3126 1001 3180 dubitabit
1040 3125 1167 3193 quin
1194 3123 1431 3192 quinque
1456 3121 1531 3175 illi
1551 3121 1671 3177 sint
1695 3120 2113 3188 emendatioree,
2146 3106 2193 3168 C
2224 3135 2357 3189 dens
2378 3176 2395 3201 ’
2423 3134 2567 3205 qugd
2618 3106 3082 3203 est'panicipi'um
3120 3133 3323 3203 mpm;
3373 3134 3567 3189 deinde
3595 3106 3787 3189 "meum

537 3221 626 3288 qui
664 3218 873 3287 Apuleii
907 3216 1221 3285 Apologiam
1245 3212 1462 3283 legerit,
1493 3214 1583 3268 ubi
1610 3214 1793 3268 multis
1818 3213 1885 3269 de
1922 3211 2122 3281 nuptiis

537 3310 649 3363 suis
668 3322 789 3362 cum
814 3306 1113 3361 Pudentilla
1135 3304 1327 3360 Oeensi
1350 3305 1526 3359 vidua.
1561 3304 1923 3372 Quamobrem
1956 3304 2121 3357 miror

539 3413 645 3453 non
680 3397 967 3452 admissam
1000 3396 1137 3450 hanc
1170 3395 1453 3451 lectionem
1492 3395 1545 3457 in
1573 3404 1906 3450 contextum.

616 3490 786 3561 Epist.
821 3490 944 3556 ιιι,
977 3488 1003 3559 §
1034 3487 1088 3541 5.
1123 3484 1427 3542 Communia
1455 3487 1708 3541 malorum
1754 3501 1859 3541 non
1899 3485 2122 3538 maculat

539 3585 759 3655 aliquem
781 3581 1170 3651 participatione
1196 3590 1661 3646 sacramentorum,
1684 3580 1773 3633 sed
1797 3577 2125 3631 consensione

541 3671 840 3746 factorum]
870 3673 1008 3728 Nihil
1042 3674 1237 3737 verius;
1268 3687 1388 3725 nam
1417 3673 1539 3725 dum
1573 3671 1748 3740 palam
1780 3670 1907 3725 licet
1926 3669 2125 3738 impro-

545 3768 674 3821 bare
705 3768 843 3820 facta
862 3805 875 3829 ,
914 3764 980 3818 iis
1012 3764 1235 3816 minime
1254 3761 1609 3814 maculantur.
1634 3759 1741 3814 Sed
1766 3774 1861 3814 cur
1891 3760 1991 3814 hoc
2019 3775 2123 3813 non

542 3856 864 3911 extendatur
888 3856 1050 3908 etiam
1094 3853 1169 3907 ad
1185 3852 1466 3921 dogmata?
1502 3853 1751 3905 Attamen
1784 3861 2001 3921 propter
2039 3868 2124 3906 er-

543 3957 697 3996 rores
728 3956 862 4008 quos
884 3942 1143 3995 damnare
1174 3940 1343 4005 licuit,
1376 3953 1477 3994 nec
1501 3953 1597 3994 eos
1626 3941 1802 4009 magni
1832 3942 2089 3997 momenti
2108 3984 2122 4004 .

504 4046 507 4051 ·
549 4028 985 4097 frequentissime
1006 4029 1271 4093 homines,
1295 4029 1583 4098 creteroqui
1607 4029 1827 4084 minime
1857 4031 1979 4083 mali
2003 4041 2128 4085 sunt

546 4120 911 4175 ecclesiastica
941 4120 1196 4175 societate
1223 4120 1401 4188 eiecti.
1492 4160 1497 4165 .

618 4212 789 4279 Epist.
822 4211 1001 4280 “5,§
1032 4212 1087 4263 2.
1117 4209 1311 4265 Fateor
1352 4227 1429 4264 me
1455 4226 1519 4265 ea:
1555 4226 1729 4265 eorum
1756 4227 1983 4266 .numero
2021 4228 2127 4266 esse

541 4302 721 4354 conari
740 4302 830 4371 qui
855 4300 1168 4369 proﬁciendo
1188 4301 1435 4367 scribunt,
1460 4310 1505 4354 et
1533 4303 1798 4355 scribendo
1826 4303 2119 4371 proﬁciunt.

549 4390 704 4446 Unde
743 4391 787 4443 si
828 4388 1023 4459 aliquid
1045 4391 1319 4443 incautius.
1341 4390 1417 4444 rel
1451 4391 1707 4446 indoctius
1735 4409 1768 4447 a
1796 4381 1876 4447 me
1905 4394 2125 4464 positum

2224 3240 2331 3278 non
2363 3239 2484 3279 esse
2512 3239 2630 3280 eam
2660 3225 2965 3279 versionem
2991 3263 3009 3291 ,
3054 3224 3194 3295 quod
3231 3224 3316 3278 hic
3345 3238 3449 3283 non
3498 3223 3785 3278 ostendam.

2223 3317 2589 3389 Hieronymus
2619 3326 2796 3377 tamen
2823 3316 2985 3371 etiam
3031 3317 3191 3371 habet
3227 3316 3313 3370 hic
3341 3317 3427 3385 qui
3449 3318 3632 3370 mortui
3650 3326 3789 3379 sunt,

2225 3408 2320 3463 sed
2363 3407 2559 3463 frustra
2581 3453 2594 3478 ,
2646 3416 2703 3462 ut
2731 3408 3057 3462 recentiores
3090 3407 3414 3476 interpretes
3444 3407 3576 3460 satis
3622 3416 3791 3462 osten-

2229 3499 2445 3555 derunt.

2296 3588 2456 3654 lbid.,
2483 3589 2511 3660 §
2541 3589 2595 3643 4.
2640 3588 2791 3655 Quod
2826 3603 2941 3643 vero
2970 3588 3194 3656 sequitur
3216 3605 3233 3642 :
3255 3589 3487 3644 Saturati
3526 3598 3654 3643 sunt
3685 3605 3788 3659 por-

2226 3680 2371 3745 cina,
2393 3680 2508 3749 jam
2533 3679 2657 3748 quid
2687 3677 2894 3733 mihiea:
2919 3679 3011 3732 hoc
3037 3678 3287 3733 videretur
3312 3680 3514 3745 aperui.
3537 3680 3643 3735 Sed
3670 3682 3793 3749 quod

2227 3769 2316 3822 alii
2358 3769 2555 3822 codices
2586 3768 2774 3822 habent
2802 3778 2849 3822 et
2874 3770 3037 3823 verius
3065 3770 3247 3823 habere
3274 3769 3594 3839 perhibentur
3622 3771 3794 3841 (sau-

2228 3858 2327 3911 t'ati
2376 3865 2505 3911 sunt
2548 3856 2711 3927 ﬁliis)
2741 3858 2861 3927 quia
2891 3853 3217 3928 diligentiora
3247 3861 3558 3929 exemplaria
3603 3877 3693 3929 per
3719 3878 3795 3914 ac-

2227 3959 2404 4005 centus
2429 3956 2602 4003 notam
2632 3949 2859 4019 ejusdem
2880 3947 3048 4004 Grazci
3072 3951 3206 4004 verbi
3237 3951 3613 4022 ambiguitatem
3632 3951 3795 4005 Graue

2228 4038 2483 4106 scribendi
2525 4055 2665 4092 more
2705 4039 3025 4104 dissolvunt,
3062 4039 3324 4093 obscurius
3367 4049 3441 4094 est
3466 4040 3694 4108 quidem,
3722 4023 3818 4093 sed.

2232 4130 2455 4187 electiori
2469 4131 2733 4186 sententiae
2751 4131 2946 4183 videtur
2959 4130 3129 4198 aptius
3145 4130 3455 4202 convenire.]
3486 4131 3587 4186 Alii
3619 4146 3795 4199 nempe

2229 4222 2446 4277 codices
2477 4220 2744 4276 habebant
2770 4222 2871 4275 ὑῶν
2901 4236 3193 4291 porcorum,
3219 4231 3311 4275 aut
3336 4224 3523 4293 porcis,
3546 4222 3635 4276 alii
3667 4224 3794 4282 υἱῶν,

2229 4314 2477 4382 ﬁliorum,
2504 4321 2599 4367 aut
2643 4312 2788 4382 ﬁliis,
2816 4330 2934 4382 qua:
2964 4314 3174 4382 putavit
3210 4315 3562 4385 Augustinus,
3592 4332 3690 4385 pro
3716 4328 3795 4369 sua

2234 4404 2426 4473 lingua:
2450 4403 2653 4458 Grzecae
2682 4405 2870 4474 peritia
2889 4443 2905 4468 ,
2949 4404 3166 4459 diﬂ'erre
3203 4415 3403 4469 tantum
3432 4415 3663 4469 accentu,
3692 4418 3794 4459 cum

547 4491 654 4546 est,
691 4480 827 4549 quod
851 4496 954 4533 non
981 4480 1149 4534 solum
1181 4480 1242 4532 ab
1282 4481 1400 4533 aliis
1439 4482 1525 4550 qui
1566 4482 1736 4536 videre
1779 4482 1839 4536 id.
1880 4493 2121 4551 possunt,

2231 4493 2482 4549 tliii'erant
2520 4494 2695 4549 littera
2727 4494 2769 4548 l.
2794 4494 2894 4559 Alii
2925 4503 3102 4549 tamen
3128 4468 3325 4551 habent
3354 4510 3492 4550 nunc
3521 4467 3670 4551 ditus
3693 4511 3795 4564 por-

495 4604 501 4609 -
545 4575 729 4628 merito
758 4572 1379 4642 reprehendatur,rrerum
1414 4578 1628 4628 ctiam-a
1652 4592 1731 4630 me
1748 4577 1888 4646 ipso,
1920 4578 2041 4645 quia
2080 4588 2127 4631 et
2188 4598 2192 4605 υ

547 4681 640 4736 ego
664 4666 845 4720 saltem
870 4666 1036 4719 videre
1063 4664 1237 4729 debeo,
1270 4666 1314 4718 si
1342 4667 1594 4736 proﬁcio;
1622 4682 1711 4720 nec
1740 4668 2032 4720 mirandum
2054 4677 2128 4722 est

495 4775 503 4785 ο
548 4773 641 4811 nec
666 4757 971 4824 dolendum;
996 4757 1086 4811 sed
1112 4756 1283 4823 potius
1302 4756 1667 4823 ignoscendum
1694 4765 1846 4826 atque
1864 4759 2129 4825 gratulan-

497 4874 511 4882 -
548 4846 709 4909 dum,
749 4865 851 4901 non
887 4850 1009 4916 quia
1036 4857 1263 4902 erratum
1302 4855 1406 4911 est,
1464 4845 1555 4900 sed
1588 4846 1708 4916 quia
1736 4846 2126 4920 improbatum]

552 4935 679 4989 lia-c
699 4936 858 4991 habet
875 4938 1222 5006 Augustinus,
1246 4938 1619 5008 explicaturus
1641 4938 1814 4992 locum
1843 4939 2130 5007 quemdam

549 5026 814 5080 librorum
830 5040 1055 5082 suorum
1077 5032 1144 5083 de
1168 5030 1360 5086 Libero
1382 5031 1645 5096 Arbitrio,
1676 5045 1794 5101 quae
1816 5045 1945 5087 sane
1970 5046 2001 5086 a
2032 5047 2130 5088 ne-

550 5117 698 5172 mine
727 5117 819 5186 qui
840 5132 945 5171 non
975 5120 1042 5173 sit
1072 5136 1289 5189 prorsus
1318 5123 1528 5192 iniquus
1559 5123 1847 5193 improbari
1883 5132 2131 5192 possunt.

502 5239 513 5245 »
548 5206 657 5262 Sed
688 5207 857 5261 miror
883 5222 990 5262 non
1014 5209 1199 5277 attingi
1231 5210 1331 5263 alia
1363 5212 1601 5279 ejusdem
1623 5216 1803 5284 operis
1833 5215 1977 5280 loca,
2012 5229 2133 5285 quae

551 5298 782 5355 iudicavi
819 5298 871 5355 in
902 5299 1451 5355 animadversiouibus
1476 5305 1543 5357 ad
1577 5308 1792 5360 tertium
1816 5307 1931 5374 eius
1950 5307 2128 5376 operis

552 5392 771 5448 librum.
808 5391 972 5447 Miror
998 5404 1053 5446 et
1080 5392 1273 5447 similia
1302 5393 1595 5449 sentientes
1623 5404 1730 5450 tam
1760 5402 1953 5455 acerbe
1984 5399 2135 5453 dam-

556 5494 732 5541 natos.

627 5574 779 5641 lbid.,
811 5576 839 5647 §
871 5578 923 5631 7.
955 5576 1016 5632 Si
1042 5578 1175 5631 enim
1196 5578 1332 5632 ratio
1362 5581 1851 5636 contradiuinarum
1885 5583 2128 5655 Scriptu-

552 5679 731 5720 rarum
754 5672 1376 5744 auctoritatemredditur,
1396 5675 1677 5744 quamlibet
1701 5685 1852 5730 acuta
1881 5678 1966 5741 sit,
1992 5677 2130 5747 fallit
2186 5714 2189 5719 -

2234 4586 2383 4639 cinis.
2427 4585 2621 4640 Veram
2672 4585 2885 4655 quidem
2938 4586 3217 4641 lectionem
3269 4588 3459 4656 partim
3508 4587 3659 4651 vidit,
3691 4598 3793 4637 nam

2233 4693 2316 4736 est
2348 4680 2611 4737 Hebraice
2639 4689 2774 4740 nu:
2802 4681 2981 4743 battim
3006 4725 3022 4749 ,
3071 4682 3170 4751 ﬁlii
3195 4724 3209 4749 ,
3259 4683 3353 4737 sed
3401 4697 3527 4737 casu
3556 4698 3620 4737 ac
3651 4692 3794 4750 prava

2233 4771 2537 4841 conjectura
2564 4810 2582 4837 ,
2627 4786 2845 4827 sensum
2894 4773 3037 4835 enim
3084 4772 3245 4826 habet
3290 4773 3449 4840 plane
3486 4766 3794 4825 altentnuab

2235 4862 2337 4917 hoc
2381 4862 2519 4916 loco.
2576 4862 2650 4915 De
2700 4862 3049 4931 sequentibus
3094 4862 3628 4931 interpretationibus
3678 4856 3793 4913 nihil

2240 4954 2455 5020 addam,
2486 4968 2608 5008 nam
2636 4954 2766 5008 satis
2790 4954 2962 5023 liquet
2984 4969 3051 5010 ex
3084 4955 3473 5010 recentioribus
3501 4954 3678 5023 quanti
3703 4951 3794 5003 sint

2239 5044 2519 5102 iacienda}.
2563 5044 2792 5099 Paucula
2847 5052 3051 5098 tantum
3099 5045 3432 5101 observanda
3488 5046 3637 5108 duxi,
3666 5052 3715 5096 ut
3742 5040 3794 5092 lio

2238 5144 2430 5204 queret
2469 5149 2564 5191 eos
2610 5136 2660 5188 in
2692 5133 2928 5189 tenebris
2956 5135 3233 5191 ambulare
3259 5136 3347 5206 qui
3379 5137 3504 5192 olim
3536 5137 3795 5189 voluerunt

2244 5226 2406 5282 Vetus
2455 5226 2859 5281 Testamentum
2908 5227 3024 5281 sine
3070 5227 3349 5283 Hebraicte
3395 5228 3586 5298 lingua:
3631 5221 3793 5291 mgni.

2241 5317 2384 5373 tione
2412 5318 2778 5389 interpretari.
2809 5318 2976 5375 Multo
3004 5319 3234 5385 rectius,
3265 5317 3403 5387 quod
3435 5317 3685 5371 modestia
3713 5326 3795 5380 pu-

2236 5410 2490 5475 stulabat,
2521 5412 2843 5477 tacuissent;
2882 5412 2975 5468 sed
3019 5411 3108 5483 qui
3152 5411 3488 5481 excogitandi
3518 5424 3579 5463 ac
3606 5400 3792 5460 diet'ntli

2240 5502 2547 5559 facultatem
2576 5504 2810 5574 aliquam
2839 5503 2981 5559 nacti
3008 5512 3161 5558 erant
3188 5503 3445 5573 putabant
3475 5517 3532 5556 se
3560 5502 3621 5554 de
3643 5493 3795 5549 mutti-

2235 5595 2335 5649 bus
2366 5592 2549 5649 dicere
2578 5610 2751 5663 posse.

2308 5683 2479 5752 Episl.
2508 5683 2629 5751 157,
2663 5684 2690 5755 §
2716 5685 2774 5740 2.
2818 5685 2878 5740 Si
2895 5685 3089 5755 quieris
3132 5694 3303 5739 utrum
3346 5688 3396 5739 in
3428 5684 3525 5736 Itac
3548 5683 3640 5738 tito
3664 5676 3767 5746 quis
