3908 6372
172 352 256 411 ω
837 342 1191 400 VARIORUM
1232 335 1830 395 EXERCITATIONES
1864 333 1932 389 ΙΝ
1973 334 2031 388 S.
2077 333 2437 390 Al’GUSTINl
2477 333 2723 388 OPERA.

3317 332 3422 386 266

184 478 308 530 quam
330 462 400 513 ita
432 461 646 514 iustitia:
674 454 977 524 perfectione
1001 451 1255 521 proﬁciat,
1288 458 1338 498 ut
1364 447 1444 497 hic
1481 446 1589 498 sine
1627 444 1732 496 ullo
1762 446 1811 504 Α
1841 445 1940 497 hoc
1973 443 2186 495 ntininte
2217 442 2435 509 negabat
2472 442 2734 510 Pelagius,
2768 451 2821 492 ut
2858 440 3034 493 multis
3063 441 3296 495 ostendit
3320 441 3423 497 Pe-

184 556 294 608 virat
332 549 544 602 omnino
592 552 827 613 peccato;
874 541 1078 595 attende
1120 539 1240 607 quid
1285 535 1467 589 dixerit
1511 533 1736 586 Joannes

182 639 454 710 apostolus,
501 649 650 698 quem
700 631 947 683 Dominus
983 630 1113 682 inter
1162 626 1439 695 discipulos
1485 622 1740 690 prarcipue

184 728 399 797 diligebat
446 740 464 777 :
505 724 565 779 Si
594 720 909 784 dixerimus,
942 719 1127 784 inquit.
1170 718 1293 785 quia
1324 722 1603 784 peccatum
1636 727 1737 765 non

180 821 443 879 habemus,
475 829 574 868 nos
604 814 751 876 ipsos
776 810 1092 875 decipimus,
1122 804 1245 877 etc.]
1292 806 1416 859 Haec
1455 802 1746 872 respondet

181 907 495 977 Augustinus
537 900 814 971 qtmstiuni
860 898 1092 951 tllilarii
1136 897 1187 950 in
1233 893 1580 949 antecedente
1626 890 1744 958 epi-

179 1000 299 1054 stula
320 1036 335 1057 ,
361 996 452 1049 ubi
481 994 607 1048 dicit
638 989 893 1058 quosdam
929 985 1265 1043 Christianos
1291 983 1435 1037 varia
1466 979 1745 1050 Syracusis

178 1089 382 1149 docere,
412 1095 467 1138 et
505 1081 733 1150 primum
762 1079 978 1147 quidem
1006 1093 1153 1146 posse
1189 1091 1298 1129 esse
1337 1074 1593 1127 hominem
1638 1072 1746 1125 sine

176 1187 393 1247 peccato.
430 1173 597 1240 Cujus
638 1168 903 1238 dogmatis
952 1167 1039 1221 hic
1085 1174 1170 1221 est
1215 1178 1444 1227 sensus,
1475 1162 1744 1216 hominem

177 1268 349 1322 vivere
379 1264 496 1319 sine
525 1272 745 1331 peccato
782 1274 890 1314 non
928 1267 1182 1327 oportere
1224 1256 1363 1310 inter
1398 1253 1746 1323 impossibilia

172 1356 400 1419 censeri,
424 1352 566 1423 quod
597 1366 701 1405 non
731 1355 909 1418 potest
936 1347 1153 1417 negari;
1180 1360 1299 1400 cum
1331 1359 1416 1398 res
1441 1358 1535 1397 sua
1563 1354 1748 1396 natura

174 1462 275 1503 non
324 1447 395 1501 sit
444 1441 792 1513 impossibilia
817 1481 831 1504 ,
862 1448 955 1506 et,
986 1439 1032 1492 si
1072 1438 1139 1491 ab
1179 1436 1484 1493 hominibus
1529 1433 1750 1487 minime

176 1544 493 1606 praestetur,
540 1531 713 1601 possit
763 1530 953 1584 saltem
1012 1528 1186 1598 gratia
1245 1525 1428 1581 divina
1486 1522 1748 1594 priestari.

177 1627 437 1680 Prmterea
479 1622 764 1676 videndum
806 1618 930 1688 quid
960 1618 1282 1687 intelligatur
1306 1630 1437 1669 voce
1467 1626 1746 1685 peccatum,

179 1732 294 1767 nam
348 1713 485 1766 forte
517 1709 762 1778 Pelagius
815 1708 1040 1775 ejusque
1090 1704 1337 1772 discipuli
1379 1704 1751 1771 intelligebant

1845 533 2013 585 tavius
2044 533 2159 586 loco
2192 545 2508 584 memorato.

1913 619 2111 687 lbid.,§
2134 621 2213 671 11.
2260 619 2410 685 Quod
2436 630 2603 672 autent
2634 619 2807 672 dicunt
2830 620 3071 688 infamem
3100 630 3259 671 morte
3287 638 3416 688 pra:-

1841 718 2040 761 ventum
2068 724 2169 760 non
2198 708 2504 775 baptizatum
2532 711 2696 779 perire
2722 725 2822 761 non
2848 725 3010 778 posse,
3041 712 3280 777 quoniam
3310 710 3419 761 sine

1843 805 2044 864 peccato
2076 797 2321 856 nasritur,
2349 813 2450 849 non
2481 798 2572 849 hoc
2599 797 2723 849 dicit
2754 798 3025 865 Apostolus
3069 836 3084 850 .
3109 835 3125 851 .
3156 838 3168 850 .
3199 838 3210 849 .
3243 840 3254 852 .
3296 801 3420 852 dicit

1843 887 1976 938 enim
2023 886 2112 939 ille
2155 886 2331 937 doctor
2372 889 2593 956 gcnt'um
2626 902 2643 939 :
2674 886 2775 942 Per
2804 904 2964 941 unum
3000 890 3267 942 hominem
3302 907 3422 958 pec-

1844 988 2020 1031 catum
2051 978 2269 1031 intravit
2296 979 2345 1031 in
2377 981 2630 1034 mundum
2660 990 2711 1034 et
2741 995 2836 1048 per
2873 989 3142 1048 peccatum
3176 996 3339 1045 mors,
3370 994 3423 1035 et

1845 1068 1919 1122 ita
1942 1070 1993 1122 in
2024 1084 2209 1124 omnes
2238 1069 2478 1123 homines
2505 1072 2839 1139 pertransiit,
2870 1076 2919 1125 in
2948 1087 3053 1139 quo
3082 1089 3268 1127 omnes
3298 1088 3422 1141 pec-

1846 1157 2145 1230 caverunt.]
2169 1158 2274 1214 Sed
2324 1163 2464 1215 hunc
2491 1162 2665 1215 locum
2698 1162 2846 1214 Pauli
2878 1165 3144 1230 pertinere
3174 1166 3238 1218 ad
3267 1165 3420 1218 adul-

1851 1260 1931 1305 tos
1969 1258 2169 1304 tantum
2200 1251 2288 1320 qui
2325 1261 2602 1320 peccatum
2641 1252 2828 1305 Adami
2863 1252 3135 1307 imitantur
3170 1255 3421 1306 ostende-

1849 1348 1975 1390 runt
2003 1337 2199 1392 dudum
2223 1339 2321 1393 viri
2346 1339 2661 1406 dortissimi,
2703 1356 2802 1395 nec
2838 1342 3157 1411 Augustinus
3190 1360 3416 1411 unquam

1853 1428 2090 1493 probavit
2139 1428 2433 1484 infantibus
2479 1429 2800 1498 baptismum
2852 1432 3175 1500 prn'srribia
3205 1433 3421 1485 Christo

1850 1530 1941 1575 aut
1970 1522 2245 1591 apostolis,
2281 1539 2346 1577 ne
2387 1534 2627 1592 pereant.
2660 1524 2774 1578 Alia
2824 1541 2925 1578 non
2957 1526 3127 1579 dicam
3159 1541 3275 1593 quin
3323 1528 3420 1581 hac

1851 1612 1919 1666 de
1948 1628 2007 1667 re
2042 1614 2179 1667 dicta
2227 1624 2351 1668 sunt
2378 1631 2405 1667 a
2436 1615 2564 1671 viris
2612 1616 3017 1683 eruditissimis;
3061 1633 3231 1684 neque
3278 1619 3418 1671 enim

1851 1706 2028 1757 scribo
2073 1708 2284 1760 scholas
2332 1708 2676 1778 tlteolngicas,
2711 1710 2802 1764 sed
2853 1710 3042 1763 breves
3087 1712 3422 1765 animadver-

179 1820 281 1858 non
313 1803 515 1857 leviora
547 1799 737 1853 delicta
765 1797 1012 1851 humanae
1049 1794 1370 1848 infirmitatis
1392 1832 1408 1858 ,
1437 1808 1555 1859 quae
1582 1808 1612 1845 a
1643 1795 1751 1847 Deo
1781 1785 1825 1843 B
1854 1800 2050 1849 siones.
2102 1798 2212 1849 lloc
2237 1814 2401 1852 unum
2443 1800 2613 1854 dicam
2644 1816 2706 1855 eo
2754 1801 3104 1854 conﬁdentius
3152 1802 3233 1854 hic
3281 1803 3422 1869 loqui

178 1909 512 1965 nequaquam
563 1894 913 1959 imputantur,
947 1887 1038 1943 sed
1081 1903 1144 1942 ea
1171 1902 1289 1954 qua:
1315 1901 1422 1939 non
1451 1885 1752 1939 consistunt

178 2001 295 2041 cum
353 1985 593 2036 omniunt
651 1982 905 2033 virtutum
960 1977 1381 2032 Christianarum
1448 1974 1748 2036 habilibus;

181 2079 294 2130 sine
324 2074 519 2142 quibus
550 2070 783 2139 peccatis
811 2068 1039 2137 apostoli
1070 2066 1269 2134 aliique
1313 2064 1484 2119 sancti
1516 2065 1612 2117 viri
1653 2065 1751 2116 ali-

182 2166 412 2235 quandiu
461 2163 649 2214 saltem
696 2159 898 2213 vixisse
942 2158 1211 2211 videntur.
1255 2156 1384 2210 Vide
1430 2170 1546 2223 qua:
1595 2153 1754 2208 habet

182 2256 332 2309 Joan.
370 2252 661 2306 Garnerius
703 2265 776 2305 ex
824 2248 918 2303 lib.
965 2247 1165 2317 Pelagii
1196 2247 1263 2301 de
1292 2245 1488 2313 Natura
1513 2285 1528 2309 ,
1563 2245 1615 2297 in
1659 2259 1752 2310 ap-

184 2343 406 2413 peudice
433 2340 499 2394 ad
530 2340 748 2394 dissert.
782 2336 834 2402 6,
864 2346 917 2391 et
943 2335 1136 2390 ibidem
1171 2334 1462 2403 fragmenta
1492 2330 1749 2386 CoeleStii.

186 2434 309 2487 llaec
336 2446 457 2485 cum
484 2430 752 2498 pensitare
797 2426 1073 2482 debuisset
1111 2425 1457 2494 Augustinus,
1493 2421 1753 2477 invidiose

186 2523 326 2576 illico
350 2522 730 2588 interpretatur
759 2516 1181 2571 enuntiationem
1201 2514 1571 2583 Pelagianam;
1601 2513 1753 2583 quasi

183 2613 495 2681 simpliciter
540 2609 798 2671 dixisset,
842 2621 964 2662 esse
1010 2606 1252 2660 homines
1285 2604 1376 2674 qui
1416 2620 1522 2661 non
1564 2618 1754 2673 pecca—

182 2715 333 2768 rent;
373 2717 494 2757 eum
526 2702 592 2756 de
620 2700 954 2772 possibilitate
983 2705 1184 2752 tantum
1207 2739 1222 2764 ,
1260 2709 1319 2751 ut
1343 2697 1649 2751 scholastici
1676 2696 1755 2750 lo-

181 2808 440 2868 quuntur,
488 2805 626 2864 agat.
679 2791 835 2846 Aliud
888 2792 1046 2860 plane
1092 2798 1176 2845 est
1226 2790 1405 2844 dicere
1455 2803 1601 2857 posse
1638 2787 1755 2854 fieri

183 2890 495 2959 quidpiam,
554 2887 695 2939 aliud
753 2885 862 2950 ﬁeri
911 2900 1102 2939 revera.
1158 2881 1323 2935 Forte
1372 2894 1439 2934 ne
1488 2877 1554 2932 de
1609 2879 1753 2932 omni

182 2981 398 3049 quidem
472 2985 811 3048 peccatorum
887 2988 1084 3044 genere
1170 2970 1521 3041 loquebantur
1594 2964 1753 3022 Pela-

180 3085 345 3138 grant.

1855 1888 2229 1955 Augustinum,
2263 1892 2546 1959 quominus
2575 1892 2800 1957 probare
2832 1901 3038 1960 poterat
3066 1908 3184 1961 qua:
3215 1894 3300 1947 hic
3329 1893 3422 1948 ha-

1856 1977 1964 2030 bet.
2013 1978 2183 2030 Locus
2230 1980 2379 2034 Pauli
2426 1981 2585 2053 Rom.
2618 1997 2650 2033 v
2677 1982 2957 2035 obscurior
2998 1992 3078 2036 est
3121 1998 3277 2051 quam
3308 1992 3366 2037 ιιι
3392 1999 3422 2038 a

1858 2077 1961 2120 tam
1994 2069 2283 2135 proletario
2328 2072 2620 2139 interprete
2646 2074 2899 2140 explicari
2931 2074 3126 2142 possit;
3167 2077 3304 2144 quod
3337 2075 3423 2129 vel

1853 2171 1915 2210 ex
1950 2171 2205 2224 sequente
2235 2161 2692 2216 animadversione
2724 2163 2965 2231 liquebit.

1928 2246 2159 2313 Epistula
2194 2246 2311 2303 164.
2346 2249 2413 2302 Et
2438 2249 2711 2303 Dominum
2738 2253 2936 2320 quidem
2960 2270 3111 2307 carne
3141 2256 3423 2323 mortiﬁca-

1855 2344 1962 2388 tum
1978 2339 2172 2391 uenisse
2198 2340 2249 2391 in
2278 2340 2531 2408 infernum
2556 2343 2679 2394 satis
2700 2352 2913 2395 constat.
2939 2343 3118 2414 Neque
3144 2350 3273 2396 enim
3298 2362 3422 2398 con-

1856 2427 2039 2481 tradici
2068 2438 2248 2496 potest,
2281 2431 2361 2484 uel
2388 2433 2669 2501 prapltetire
2695 2449 2810 2502 qua:
2836 2434 3008 2488 dixit:
3038 2435 3285 2503 quoniam
3320 2452 3424 2491 non

1853 2514 2195 2583 derelinques
2222 2519 2451 2573 animam
2481 2536 2652 2575 meam
2686 2525 2735 2575 in
2763 2525 2997 2587 in'erno;
3039 2526 3253 2592 quodne
3278 2528 3423 2578 aliter

1854 2608 2118 2677 quisquam
2149 2626 2327 2676 sapere
2353 2611 2581 2677 auderet,
2608 2610 2659 2665 in
2685 2613 2887 2666 Actibus
2917 2616 3261 2681 apostolorum
3292 2617 3423 2667 idem

1856 2696 2040 2751 Petrus
2082 2700 2325 2767 exponit;
2365 2701 2446 2752 vel
2473 2702 2697 2769 ejusdem
2736 2702 2875 2755 Petri
2914 2702 3018 2756 illis
3046 2705 3204 2755 verbis
3244 2707 3423 2773 quibus

1855 2801 1970 2839 eum
1998 2787 2220 2851 asserit,
2270 2787 2496 2843 solvisse
2526 2788 2716 2843 inferni
2748 2789 2981 2853 dolores,
3016 2791 3067 2844 in
3100 2793 3289 2859 quibus
3320 2795 3423 2847 im-

1857 2875 2109 2943 possibile
2139 2884 2255 2931 erat
2281 2893 2402 2932 eum
2441 2878 2629 2933 teneri.
2666 2878 2791 2945 Quis
2830 2896 2951 2950 ergo
2976 2926 2988 2949 ,
3034 2883 3134 2935 nisi
3172 2884 3420 2953 inﬁdelis,

1855 2969 2109 3040 negaverit
2141 2971 2297 3041 fuisse
2325 2972 2465 3040 apud
2493 2973 2679 3042 inferos
2702 2970 2955 3029 Christum
2973 2975 3018 3046 ?]
3058 2968 3147 3031 Vel
3194 2978 3317 3034 hinc
3347 2982 3425 3033 in-

1857 3062 2094 3129 telligere
2126 3061 2251 3116 licet
2276 3078 2432 3130 quam
2460 3064 2812 3131 periculosum
2844 3068 2912 3120 sit
2932 3067 3258 3133 Scrii-turatn
3290 3074 3425 3126 velle

252 3160 385 3213 Ibid.
408 3199 423 3225 ,
478 3158 506 3229 ς
544 3159 599 3212 4.
648 3157 752 3212 Sed
790 3156 875 3210 isti
899 3197 929 3220 ,.
963 3155 1158 3224 inquit,
1205 3164 1455 3220 utcunque
1503 3150 1755 3205 tolerandi
1780 3133 1825 3193 ο
1860 3150 2234 3219 interpretari,
2284 3154 2327 3207 si
2377 3156 2693 3209 necessariis
2718 3156 2970 3210 subsidiis
3001 3157 3094 3212 des
3123 3162 3283 3215 itutns
3319 3164 3421 3227 sis;

178 3262 333 3314 sunt,
380 3251 585 3320 quando
614 3250 785 3301 dicunt
824 3248 898 3301 vel
943 3264 1049 3301 esse
1090 3248 1168 3301 vel
1211 3246 1369 3315 fuisse
1404 3245 1484 3297 Itic
1510 3245 1749 3310 aliquem,

183 3350 369 3407 preter
408 3354 566 3391 unum
613 3347 840 3389 sanctum
867 3344 1178 3398 sanctorum,
1215 3335 1301 3401 qui
1326 3332 1523 3385 nullum
1553 3332 1753 3385 haberet

182 3432 389 3483 omnino
414 3438 694 3497 peccatum.
718 3426 872 3496 Atqui
900 3427 998 3481 hoc
1025 3441 1130 3480 non
1158 3425 1421 3492 dicebant,
1445 3433 1501 3477 ut
1528 3424 1753 3477 vidimus

182 3522 245 3573 ad
274 3519 609 3588 superiorem
640 3518 1009 3586 quaestionem.
1055 3515 1202 3569 Illud
1240 3531 1378 3578 rero,
1428 3513 1598 3584 pergit
1628 3514 1755 3583 Hip-

182 3607 437 3676 ponensis
476 3608 773 3673 episcopus,
800 3606 935 3672 quod
964 3605 1139 3658 dicunt
1167 3605 1388 3671 sufficere
1414 3590 1605 3655 homini
1632 3603 1754 3654 libe-

181 3716 296 3751 rum
323 3699 590 3751 arbitrium
619 3698 686 3748 ad
712 3695 965 3748 dominica
994 3701 1246 3772 praecepta
1267 3691 1546 3761 implenda,
1562 3691 1756 3745 etiamsi

182 3789 277 3842 Dei
304 3790 473 3861 gratia
499 3796 544 3841 et
569 3786 792 3857 Spiritus
819 3785 980 3839 sancti
1018 3786 1153 3839 dono
1190 3784 1258 3838 ad
1302 3800 1456 3853 opera
1497 3783 1626 3838 bona
1655 3799 1755 3837 non

181 3881 475 3947 adjuvetur,
502 3878 725 3930 ‘omnino
770 3876 1308 3929 anathematizandum
1348 3886 1421 3929 est
1449 3885 1496 3929 et
1525 3876 1755 3928 omnibus

178 3966 611 4023 exsecrationibus
655 3964 1027 4019 detestandum.
1076 3964 1199 4020 Hmc
1244 3965 1402 4019 habet
1429 3965 1496 4018 de
1526 3964 1627 4018 hoc
1654 3964 1753 4018 do-

179 4067 383 4126 gmate,
415 4056 687 4110 hominem
718 4055 958 4108 nanndata
1002 4053 1097 4108 Dei
1133 4055 1283 4124 facile
1306 4054 1574 4117 custodire,
1602 4055 1647 4106 si
1674 4069 1753 4106 ve-

181 4150 274 4215 lit;
316 4163 427 4218 quo
452 4149 776 4218 signiﬁcatur
808 4148 968 4201 homo
998 4147 1084 4217 qui
1115 4147 1180 4200 ad
1222 4146 1486 4200 saniorem
1519 4156 1751 4200 mentem

179 4241 359 4296 redire
385 4240 535 4303 velit,
570 4254 727 4307 posse
754 4237 1040 4293 emendare
1069 4251 1247 4292 mores
1282 4249 1429 4302 suos,
1458 4244 1511 4289 et
1542 4243 1756 4290 contra-

179 4331 296 4386 rios
337 4332 598 4384 virtutum
644 4327 853 4382 habitus
896 4327 1235 4392 contrahere,
1265 4340 1371 4395 quo
1416 4324 1557 4379 facto
1583 4323 1752 4378 facilis

180 4421 287 4474 erit
319 4419 693 4473 mandatorum
723 4417 814 4471 Dei
842 4416 1175 4481 observatio;
1215 4424 1270 4468 at
1305 4430 1409 4469 non
1440 4416 1597 4468 unico
1636 4416 1754 4483 qui-

183 4513 310 4565 dem
352 4521 649 4575 momeuto,
681 4509 832 4578 quasi
861 4508 1050 4563 sceleri
1078 4507 1169 4562 diu
1208 4514 1476 4570 assuetus,
1519 4504 1661 4558 illico
1688 4504 1754 4558 ad
1785 4490 1838 4553 Β

182 4614 454 4655 summum
483 4598 693 4652 virtutis
723 4598 942 4667 gradum
969 4595 1266 4666 transgredi
1296 4600 1603 4663 posset,sed
1634 4606 1757 4647 sen-

180 4690 311 4744 sim.
342 4690 496 4757 Quod
525 4688 739 4742 additur
765 4691 874 4741 s’ne
902 4688 1066 4757 gratia
1095 4684 1213 4750 Dei,
1242 4684 1385 4739 nulla
1417 4683 1757 4738 distinctione

180 4782 448 4846 adhibita,
480 4780 531 4835 id
557 4779 897 4849 'pernegabat
940 4778 1220 4847 Pelagius,
1271 4777 1362 4846 qui
1407 4777 1754 4844 multiplicem

176 4873 413 4936 gratiam
444 4870 533 4923 Dei
565 4868 902 4937 agnoscebat,
923 4876 981 4921 ut
1004 4866 1238 4921 ostendit
1263 4864 1481 4935 Dionys.
1508 4864 1755 4921 Petavius

183 4960 376 5029 Dogm.
396 4959 611 5024 Theoi.,
638 4968 767 5011 tom.
792 4958 879 5021 lll,
903 4957 994 5012 lib.
1016 4958 1084 5014 de
1104 4957 1303 5012 “tBI’CSi
1330 4956 1531 5024 Pelag.,
1556 4972 1674 5025 cap.
1697 4954 1752 5011 2.

180 5054 251 5102 At
302 5051 520 5104 nolebat
565 5049 851 5103 admittere
895 5063 1017 5104 eam
1060 5049 1285 5118 gratiam
1331 5047 1594 5101 internam
1625 5062 1751 5117 qua,

176 5141 349 5194 veluti
396 5138 576 5193 allato
620 5138 848 5207 quodam
889 5137 1235 5203 ineluctabili,
1265 5151 1361 5190 seu
1390 5136 1472 5191 cui
1503 5137 1754 5190 resistere

179 5244 290 5284 non
341 5231 579 5297 licebat,
629 5229 781 5297 pauci
807 5228 1019 5298 quidam
1062 5230 1215 5283 electi
1245 5229 1310 5282 ad
1340 5228 1494 5282 tidem
1527 5227 1754 5282 adduce-

179 5316 404 5375 bantur.
433 5319 585 5385 Quod
614 5334 679 5374 ex
705 5319 1001 5387 Scriptura,
1028 5332 1134 5373 non
1161 5318 1419 5387 ambiguis
1449 5317 1600 5381 locis,
1632 5333 1752 5385 pru-

178 5410 423 5463 handum
452 5408 547 5462 fuit
566 5409 1176 5477 Augustino,antequam
1200 5407 1572 5461 incenderetur
1611 5417 1754 5463 tanto

175 5500 323 5563 zelo,
354 5501 447 5569 qui
478 5499 598 5553 sine
642 5513 887 5553 amatore
936 5513 1042 5552 non
1086 5496 1203 5551 fuit.
1245 5496 1377 5551 Nam
1403 5499 1540 5565 quod
1574 5492 1760 5565 probat

173 5589 429 5658 indigere
457 5588 700 5641 homines
728 5601 831 5641 non
862 5597 1062 5641 tantum
1094 5585 1373 5655 praceptis
1400 5587 1581 5650 Dei,ut
1613 5596 1760 5640 recte

171 5682 402 5742 vivant,
451 5679 546 5733 sed
576 5688 631 5731 et
652 5679 916 5744 adiutorio
944 5682 995 5731 ln
1042 5678 1245 5749 legibus
1269 5689 1600 5749 nequaquam
1631 5678 1757 5745 sito,

472 5774 755 5832 PATBOL.‘
776 5770 1003 5833 XLVII

1858 3242 2087 3307 primum
2117 3244 2258 3297 enim
2306 3245 2355 3297 in
2393 3260 2452 3298 ea
2485 3246 2750 3300 invenitur
2779 3249 2918 3317 quod
2950 3266 3053 3303 non
3084 3262 3199 3317 est,
3232 3255 3426 3311 deinde

1857 3332 2052 3387 acerbe
2077 3334 2396 3389 damnantur
2426 3336 2515 3403 qui
2559 3353 2674 3392 eam
2707 3340 2894 3394 melius
2923 3342 3241 3411 intelligunt.
3276 3347 3425 3401 Post-

1857 3438 2014 3488 quam
2045 3424 2188 3477 enim
2235 3435 2436 3479 temere
2465 3428 2724 3495 quiSpiatn
2772 3430 2997 3483 credidit
3047 3432 3096 3484 ἰιΙ
3144 3438 3427 3503 perspicue

1858 3526 1978 3566 esse
2008 3513 2056 3565 in
2087 3513 2361 3579 Scriptura
2393 3516 2533 3581 quod
2566 3531 2669 3567 non
2715 3526 2795 3569 est
2820 3561 2834 3583 ,
2884 3517 3036 3572 facile
3075 3519 3291 3576 damnat
3333 3540 3426 3579 eos

1858 3602 1946 3669 qui
1980 3616 2083 3654 non
2114 3616 2233 3656 esse
2260 3611 2467 3669 putant.
2495 3603 2586 3657 Sic
2619 3604 2935 3672 Augustinus
2966 3622 3022 3659 se
3046 3609 3209 3674 gessit
3243 3613 3340 3664 hoc
3373 3614 3426 3667 in

1860 3692 1998 3746 loco.
2052 3691 2185 3746 Cum
2230 3693 2371 3747 enim
2420 3693 2470 3746 in
2517 3707 2763 3747 sermone
2810 3693 3231 3751 Christianorum
3284 3700 3426 3756 illius

1859 3783 1956 3836 teri
1988 3783 2176 3839 Latine
2209 3783 2540 3853 loquentium
2559 3784 2825 3855 infernum
2855 3785 3075 3855 erinferi
3104 3788 3427 3858 significaret

1861 3874 2034 3929 locum
2083 3875 2134 3928 in
2165 3890 2269 3944 quo
2316 3874 2685 3929 damnatorum
2733 3874 3005 3931 hominum
3045 3879 3206 3933 animi
3241 3897 3425 3949 poenas

1859 3966 2019 4031 dant;
2061 3969 2179 4036 quia
2225 3968 2426 4022 invenit
2470 3968 2675 4034 psalmo
2704 3984 2790 4034 xv,
2825 3968 2911 4032 10,
2946 3969 3064 4024 Νοη
3112 3972 3428 4037 det'clittques

1857 4060 2082 4110 animam
2124 4074 2285 4111 meam
2323 4058 2375 4110 in
2406 4058 2608 4124 inferno
2628 4098 2641 4119 ,
2669 4058 2757 4124 qui
2789 4060 2935 4112 locus
2966 4057 3178 4113 Christo
3208 4064 3234 4113 Et
3269 4062 3429 4117 Petro

1859 4157 2090 4216 aptatur,
2129 4148 2381 4202 continuo
2419 4147 2741 4201 existimavit
2791 4149 2929 4215 (nec
2975 4149 3155 4215 solus,
3190 4166 3255 4205 ne
3299 4155 3425 4219 quid

1860 4240 2191 4294 dissimulem
2222 4279 2236 4303 ,
2283 4238 2376 4292 sed
2411 4252 2509 4290 una
2540 4254 2661 4291 cum
2710 4239 3004 4292 innumeris
3041 4241 3154 4293 alii-
3183 4242 3199 4307 )
3229 4242 3431 4298 Christi

1861 4332 2093 4384 animum
2138 4331 2190 4383 in
2241 4331 2414 4383 locum
2456 4330 2838 4397 suppliciorum
2870 4330 3248 4394 descendisse,
3298 4334 3424 4387 dum

1858 4433 2052 4488 corpus
2083 4418 2198 4486 ejus
2224 4419 2275 4470 in
2300 4419 2543 4487 sepulcro
2568 4418 2789 4487 iaceret.
2811 4419 3009 4473 Deinde
3031 4436 3100 4488 qu
3121 4421 3179 4473 ~si
3212 4422 3421 4488 impios,

1862 4511 1950 4579 qui
1981 4510 2135 4564 aliter
2161 4511 2438 4573 sentirent,
2467 4511 2719 4563 traduxit.
2738 4509 2932 4564 Verum
2966 4520 3089 4564 ante
3116 4512 3290 4564 omnia
3319 4521 3428 4565 sta-

1863 4599 2115 4654 tuendum
2150 4599 2362 4653 Petrum
2396 4613 2503 4651 non
2545 4600 2854 4668 quaesivisse
2900 4599 2952 4652 in
3000 4601 3115 4651 loco
3158 4601 3339 4665 psalmi
3373 4601 3425 4655 id

1862 4689 2001 4758 quod
2035 4689 2252 4743 minime
2280 4699 2390 4752 est;
2432 4689 2656 4757 ideoque
2684 4707 2748 4744 ex
2779 4691 2895 4744 loco
2928 4690 3107 4757 psalmi
3140 4690 3429 4761 intelligen-

1863 4779 1961 4833 dns
1996 4780 2202 4844 Petrus,
2232 4795 2381 4848 irque
2408 4794 2472 4834 ac
2519 4781 2715 4848 psaltes
2745 4794 2807 4833 ex
2839 4793 3086 4832 sermone
3117 4779 3286 4845 Petri;
3330 4798 3429 4838 nec

1864 4869 2003 4922 nllus
2028 4878 2112 4924 est
2140 4871 2278 4923 inter
2306 4885 2397 4924 eos
2418 4869 2711 4931 dissensus,
2729 4866 2968 4935 quamvis
2991 4881 3110 4922 cum
3135 4871 3429 4941 Augustino

1862 4959 2006 5012 nullo
2050 4959 2208 5012 modo
2252 4960 2501 5013 sentiant.
2550 4958 2657 5010 Nec
2695 4953 2912 5009 dubium
2961 4967 3043 5012 est
3087 4964 3212 5028 quin
3242 4962 3429 5019 Petrus

1861 5050 2162 5105 recitaverit
2193 5049 2363 5102 locum
2392 5045 2649 5101 llebraice
2676 5055 2767 5099 aut
2795 5045 3216 5117 Cltaldaice,qua
3251 5052 3427 5123 lingua

1863 5139 2124 5193 utebatur.
2153 5135 2240 5191 Sic
2268 5145 2444 5189 autem
2471 5134 2668 5189 habent
2699 5136 2855 5191 verba
2881 5138 3065 5206 psaltaa
3089 5142 3137 5193 in
3167 5141 3426 5197 Hebraico

1861 5233 2044 5288 codice
2076 5249 2091 5285 :
2136 5228 2255 5284 Non
2284 5226 2535 5298 relinques
2561 5230 2783 5283 animam
2810 5246 2968 5283 meam
2995 5233 3222 5302 sepulcro
3250 5217 3428 5302 (ΗΝωῆ

1863 5321 2088 5393 liscltol),
2112 5336 2201 5374 nec
2216 5321 2419 5387 patieris
2440 5328 2667 5372 sanctum
2684 5330 2825 5372 suum
2840 5320 3005 5373 videre
3029 5323 3425 5389 corruptionem.

1863 5411 2033 5467 Voces
2062 5410 2272 5479 quidem
2303 5410 2472 5462 anima
2501 5424 2609 5461 mea
2635 5408 2856 5476 perinde
2886 5422 3008 5464 sunt
3038 5424 3100 5462 ac
3125 5425 3233 5477 ego,
3260 5408 3427 5460 idem«

1865 5515 1968 5570 que
2013 5508 2204 5554 sonant
2247 5513 2308 5552 ac
2360 5498 2409 5551 in
2458 5498 2627 5552 altero
2658 5497 2899 5552 membro
2924 5506 3127 5551 sanctus
3173 5506 3307 5551 tuus.
3351 5498 3425 5553 Ita

1860 5591 2072 5656 solent,
2118 5599 2175 5643 ut
2217 5603 2404 5644 omnes
2451 5595 2684 5652 norunt,
2714 5588 2857 5656 loqui
2890 5587 3119 5641 llebrzei.
3156 5587 3267 5642 Vox
3294 5605 3426 5646 vero

1858 5666 2003 5745 ἥκω,
2036 5690 2291 5749 perpetuo
2330 5678 2521 5749 linguae
2567 5676 2836 5731 Hebraicis
2866 5691 3001 5733 usu.
3051 5678 3307 5747 significat
3334 5692 3426 5738 aut

2954 5769 2993 5829 9
