3908 6302
468 356 562 416 16⁸1

470 471 793 542 sepulcrum,
838 470 928 517 aut
956 461 1130 514 locum
1171 454 1401 523 aliquem
1429 446 1530 502 sub
1559 450 1717 498 terra:
1745 431 2048 506 superficie,

472 568 727 617 autcerte
748 564 944 627 statum
971 566 1031 603 ac
1055 545 1415 602 conditionem
1434 543 1790 597 mortuorum,
1812 537 2057 596 quaecun-

475 667 583 724 que
629 650 737 715 sit,
770 622 1037 713 nunquam
1073 641 1247 693 locum
1279 630 1606 704 peculiarem
1641 622 1904 677 malorum
1938 630 2063 683 sup-

476 745 628 817 plicis
675 739 1017 797 attributum;
1075 739 1131 785 ut
1178 725 1423 783 examine
1478 722 1717 774 locorum
1768 714 1821 765 in
1871 708 2063 777 quibus

480 802 718 895 occurrit
753 830 991 900 liquebit.
1025 822 1196 879 Cra-ci
1224 832 1349 873 vero
1376 817 1694 880 interpretes
1725 804 1813 873 qui
1843 802 2067 871 Septua-

481 931 625 1000 ginta
657 926 793 978 dicu'
824 934 926 979 tur.
958 929 1010 970 ct
1036 912 1319 984 gentilibus
1350 921 1459 961 non
1499 916 1603 957 una
1634 900 1689 954 in
1738 912 1793 951 re
1840 908 1961 950 sese
1990 900 2070 945 at-

484 1020 895 1087 temperarunt,
948 1012 1221 1062 verterunt
1269 1011 1480 1067 semper
1526 992 1672 1068 ᾄδης,
1721 998 1813 1042 aut
1838 987 2067 1046 θάνατον,

486 1121 755 1178 nunquam
784 1104 961 1171 τάφον,
994 1095 1305 1164 sepulcrum,
1342 1101 1461 1157 qua:
1506 1091 1687 1137 tamen
1713 1076 1927 1148 propria
1956 1081 2073 1127 erat

486 1200 631 1253 vocis
673 1189 1010 1263 significatio.
1062 1188 1241 1251 Itaque
1286 1179 1374 1231 hic
1421 1175 1579 1230 etiam
1620 1174 2073 1225 verterunt:‘0ox

488 1284 864 1361 ἐγκαταλείψεις
902 1282 989 1336 τήν
1016 1275 1195 1345 ψυχήν
1240 1291 1336 1339 μου
1367 1271 1437 1327 εἰς
1466 1262 1607 1336 ᾅδην,
1639 1258 1750 1315 οὐδέ
1786 1256 1960 1314 δώσεις
1991 1255 2075 1308 τὸν

489 1346 626 1434 Betim
651 1396 745 1430 σου
773 1371 894 1426 ἰδεῖν
922 1366 1210 1439 διαφθοράν.
1243 1362 1371 1426 Qum
1397 1354 1573 1410 versio
1604 1346 1941 1405 incommoda
1967 1351 2072 1409 est,

490 1484 615 1523 nam
647 1464 809 1532 liquet
838 1460 941 1513 hoc
964 1435 1525 1522 vellevpsalten,sensu
1551 1438 1889 1502 translatitio,
1907 1435 2075 1489 Deum

494 1574 598 1612 non
629 1565 907 1623 passurum
939 1555 997 1601 ut
1024 1543 1382 1604 occideretur,
1416 1550 1537 1590 nam
1579 1532 1865 1601 relinquere
1903 1524 2075 1595 sepul-

494 1664 602 1711 cro,
631 1658 721 1699 aut
747 1643 854 1712 pati
888 1639 1055 1694 videre
1083 1633 1490 1702 corruptionem,
1524 1634 1607 1681 est
1630 1624 1808 1679 sinere
1832 1619 2079 1674 vulnera-

498 1750 610 1792 tum
635 1732 958 1805 quempiam,
990 1735 1081 1782 aut
1110 1726 1249 1779 male
1279 1720 1523 1774 allectum
1555 1714 1712 1768 mori.
1748 1711 1873 1765 Haec
1900 1718 2077 1761 tamen

1350 322 1905 391 SUPPLEMENTUM
1948 318 2037 373 AD
2076 307 2303 368 OPERA
2344 306 2398 362 S.
2442 298 2827 359 AUCUSTINI.

2081 429 2129 485 Α
2158 423 2297 477 Petri
2332 434 2513 490 parum
2543 414 2836 472 attendisse
2855 455 2868 475 ,
2902 424 2968 464 cx
3012 419 3112 477 qua
3142 403 3447 470 iitteutgere
3477 391 3737 464 potuisset

3624 277 3735 334 268

2166 511 2447 569 locutionis
2495 509 2611 578 ejus
2657 518 2892 561 sensum.
2923 500 3036 553 Non
3072 510 3207 566 nego
3248 493 3382 546 alios
3414 487 3577 556 vulgo
3602 484 3737 539 scri-

2165 614 2344 675 ptores
2375 597 2778 655 Ecc’lesiasticos
2823 593 2923 645 hoc
2954 590 3008 644 in
3056 584 3269 654 negotio
3316 578 3567 635 similiter
3590 575 3745 628 aber-

2166 673 2354 758 rasse,
2398 691 2466 746 de
2506 703 2614 760 quo
2661 684 2889 757 symboli
2934 676 3214 750 apostolici
3258 674 3582 738 interpretes
3620 673 3748 718 sunt

2167 781 2525 849 consulendi,
2578 780 2718 832 inter
2765 789 2898 845 quos
2944 770 3149 826 eminet
3192 766 3346 821 Joan.
3392 760 3745 821 Pearsonius;

2168 878 2263 934 sed
2315 890 2421 931 non
2466 874 2641 928 minus
2685 878 2769 925 est
2816 866 3004 920 falsum
3064 862 3167 915 hoc
3212 858 3749 925 interpretamentum

2169 968 2311 1040 quod
2340 976 2445 1022 tam
2476 968 2848 1020 asseveranter
2894 956 3097 1027 profert
3137 946 3496 1017 Hipponensis
3544 942 3752 1011 episco—

2172 1033 2301 1131 pus,
2340 1058 2433 1127 qui
2463 1056 2579 1111 hrec
2625 1054 2785 1108 habet
2830 1050 2895 1104 ad
2944 1041 3317 1117 explicandum
3359 1039 3649 1093 obscurum
3679 1033 3756 1087 lo-

2173 1125 2296 1207 cum
2323 1125 2483 1203 lPet.
2516 1162 2607 1209 tn,
2644 1144 2731 1200 i8.
2780 1141 2874 1207 Qui
2905 1140 2970 1194 ad
3013 1151 3134 1192 eum
3186 1128 3565 1198 confugiebant
3608 1125 3758 1196 quasi

2175 1242 2241 1295 ad
2267 1238 2564 1305 oraculum,
2598 1236 2684 1290 ubi
2711 1234 2965 1304 agebatur
2984 1225 3357 1296 interpretatio
3380 1220 3702 1289 Scriptum,
3726 1218 3759 1270 ii

2176 1330 2417 1403 profecto
2449 1327 2754 1382 nesciebant
2783 1322 2910 1394 quid
2937 1321 3008 1375 sit
3034 1318 3365 1387 Scripturam
3398 1309 3765 1380 interpretari.

2248 1419 2444 1491 lbid.§
2486 1421 2539 1473 7.
2586 1417 2670 1472 Ne
2704 1418 2841 1486 ipsos
2890 1410 3094 1483 quidem
3131 1408 3321 1477 inferos
3366 1404 3570 1475 uspiam
3619 1400 3765 1456 Scri-

2179 1487 2450 1585 pturarum
2477 1511 2531 1563 in
2558 1509 2687 1563 bono
2710 1504 2997 1577 appellatos
3027 1500 3172 1571 potui
3209 1487 3502 1571 iuvenum]
3529 1490 3599 1553 λι
3630 1498 3775 1565 lingu

2180 1605 2420 1669 Grotius,
2448 1603 2532 1655 vir
2558 1598 2697 1654 haud
2728 1596 2887 1666 paulo
2915 1594 3150 1660 doctior,
3181 1592 3475 1660 meliorque
3511 1591 3777 1657 interpres

2187 1698 2512 1766 Scripturae,
2539 1692 2744 1747 nullum
2774 1688 2961 1750 locum
2990 1685 3232 1741 invenire
3261 1684 3434 1753 potuit
3471 1682 3565 1736 ubi
3595 1683 3644 1735 in
3676 1696 3779 1734 ma-

499 1769 610 1792 ιυιιι
635 1769 958 1805 ιίυιιιιγιυιιιι,
990 1769 1081 1782 ιη.-
1110 1769 1248 1779 ..ι-..ν
1279 1769 1484 1774 ν------ν-

498 1828 686 1893 verba,
720 1838 882 1879 sensu
911 1818 1152 1891 proprio,
1184 1813 1373 1869 melius
1412 1810 1466 1864 in
1494 1805 1765 1862 Christum
1794 1797 2081 1869 quadram,
2111 1778 2159 1838 Β
2186 1789 2292 1844 lam
2323 1794 2528 1857 partem
2572 1786 2842 1843 sumatur,
2894 1791 2995 1832 nec
3024 1790 3123 1830 nos
3152 1773 3333 1829 etiam.
3378 1772 3509 1827 Vide
3538 1769 3779 1826 Grotiutn

1885 1890 1895 1893 -
2236 1880 2250 1893 ι
2280 1878 2330 1893 ι.
2369 1877 2437 1893 ..ιγ
2503 1888 2584 1893 λέ...
2640 1871 2711 1893 ια
2765 1878 2812 1893 ,ι
2845 1869 2956 1893 In-
3007 1882 3095 1893 ..ι--
3150 1865 3220 1893 οἳ

502 1934 661 1991 quem
692 1917 831 1971 Deus
874 1927 1060 1983 passus
1106 1922 1212 1963 non
1252 1916 1335 1960 est
1379 1905 1431 1955 in
1478 1897 1725 1967 sepulcro
1762 1893 1851 1947 diu
1880 1890 2079 1959 jacere,

504 2025 681 2081 neque
712 2008 765 2061 itt
797 2021 861 2060 eo
889 2002 1180 2071 corrumpi.
1205 1993 1561 2065 Quamobrem
1592 1989 1779 2043 Petrus
1808 1984 1993 2038 Actor.
2027 1994 2084 2045 tt,

2186 1880 2253 1936 ad
2280 1877 2471 1934 Matth.
2502 1888 2610 1937 xvr,
2638 1871 2731 1936 18,
2761 1878 2817 1925 et
2845 1869 2978 1923 Luc.
3007 1882 3118 1935 xvi,
3150 1865 3243 1920 25.

2259 1966 2501 2038 Epistola
2533 1962 2664 2036 ιω,
2697 1962 2725 2033 §
2768 1960 2820 2015 5.
2861 1960 3039 2015 Certus
3068 1957 3220 2011 etiam
3245 1971 3358 2010 sum
3388 1956 3615 2008 animam
3640 1953 3781 2007 nulla

506 2044 681 2081 Ιιῠιιιιυ
713 2044 765 2061 III
797 2044 861 2060 vv
890 2044 1180 2071 \VOqulur-u
1210 2044 1467 2065 κ--..---,,.-
1488 2044 1519 2045 κν

506 2106 599 2169 ‘27,
650 2115 772 2155 cum
818 2098 993 2153 locum
1023 2093 1092 2147 de
1135 2086 1529 2145 resurrectione
1558 2078 1758 2135 Christi
1785 2091 1815 2129 e
1842 2071 2090 2143 sepulcro
2192 2061 2290 2116 Dei
2318 2057 2474 2128 culpa
2497 2097 2513 2123 ,
2558 2054 2703 2109 nulla
2727 2051 2824 2105 Dei
2846 2049 3159 2115 necessitate,
3188 2046 3267 2101 vel
3293 2062 3417 2112 sua,
3458 2044 3548 2098 sed
3575 2045 3783 2114 prapria

1854 2166 1866 2169 Δ
1944 2164 1971 2169 Δ
2264 2153 2276 2169 ¹
2318 2158 2456 2169 ⁷⁸ί⁸⁴
2489 2150 2535 2169 ²“
2570 2151 2827 2169 ““⁴⁸·⁴·¹“·
2863 2157 2963 2169 ιιι-⁸
2993 2139 3267 2169 anulum-nm
3339 2144 3423 2169 nln
3448 2133 3467 2169 Ἰ
3506 2133 3783 2169 ηηηητηδη

511 2209 671 2264 agere
694 2185 1054 2257 ostendit.'.Sic
1074 2181 1309 2251 loquitur
1333 2174 1623 2245 Apostolus
1645 2183 1786 2225 vers.
1804 2166 1875 2220 24
1896 2180 1910 2217 :
1933 2164 2093 2228 Quem

514 2285 575 2340 υ.
598 2299 653 2338 us
682 2278 977 2343 suscitavit,
1028 2250 1209 2327 solutis
1251 2267 1511 2321 doloribus
1550 2260 1738 2330 inferni
1777 2258 1892 2325 (τοῦ
1924 2250 2092 2326 idm),

514 2382 661 2451 juxta
699 2373 833 2441 quod
880 2342 1190 2435 impossibile
1233 2366 1340 2413 erat
1386 2353 1545 2409 teneri
1585 2350 1730 2403 illum
1768 2345 1934 2398 abeo.
1970 2342 2097 2409 Quae

517 2434 722 2522 iocutio
759 2434 1036 2524 desumpta
1065 2462 1232 2508 estex
1270 2448 1460 2524 psaltn.
1493 2456 1641 2506 xvnt,
1685 2438 1740 2504 5,
1770 2436 1859 2491 ubi
1889 2436 1968 2489 sic
2000 2434 2099 2486 Da-

519 2560 608 2614 vid
646 2577 658 2609 :
705 2554 921 2611 Dolores
955 2522 1145 2617 inferni
1183 2526 1345 2606 (Sum
1389 2522 1522 2598 i‘nn
1566 2533 1707 2605 quod
1761 2538 1934 2599 potest
1970 2527 2103 2580 verti

522 2654 721 2708 dolores
744 2658 797 2705 et
835 2651 981 2717 funes
1022 2636 1280 2712 sepulcri)
1320 2629 1759 2688 circumdederunt
1788 2638 1886 2684 me,
1916 2634 2106 2691 prwac-

524 2708 847 2816 t‘upaverunl'
877 2752 976 2791 me.
1029 2708 1161 2789 Cum
1210 2729 1401 2783 Petrus
1442 2719 1793 2790 Jerosolymte
1820 2708 2110 2767 Chaldaice

522 2796 856 2903 loqueretur,
885 2839 1043 2895 quam
1073 2822 1309 2887 linguam
1338 2812 1509 2870 Judaei
1534 2820 1743 2871 omnes,
1771 2809 1967 2873 praeter
1989 2796 2115 2852 Hel-

527 2888 748 2979 lenistas
774 2959 789 2985 ,
822 2888 1190 2981 intelligebant
1214 2950 1229 2975 ,
1260 2905 1449 2960 eadem
1496 2900 1616 2954 haec
1658 2893 1817 2951 verba
1858 2888 2110 2959 protulit;

530 3029 594 3066 ac
626 3007 847 3081 proinde
894 3001 1162 3057 intellexit
1199 2994 1401 3049 vincula
1453 2989 1660 3053 mortis,
1704 2997 1822 3081 qua:
1848 2988 1970 3033 sunt
2000 2978 2115 3031 sine

535 3060 1109 3162 ditbiohintelligenda.
1178 3087 1307 3141 Nam
1355 3080 1600 3152 quamvis
1646 3060 1823 3134 :t'nn
1856 3070 2117 3141 significet

538 3192 703 3245 etiam
733 3186 956 3248 dolores,
997 3189 1228 3234 attamen
1260 3175 1423 3231 verba
1448 3170 1639 3227 solvere
1669 3179 1723 3223 et
1751 3165 1904 3221 teneri
1944 3172 2120 3218 osten-

538 3291 672 3339 ttant
715 3281 784 3335 de
825 3275 1051 3331 vinculis
1094 3272 1211 3342 agi;
1254 3272 1405 3336 isque
1443 3273 1527 3320 est
1566 3262 1728 3317 etiam
1774 3257 1957 3328 psaltcc
2002 3268 2123 3308 sen-

541 3391 658 3436 sus,
689 3382 745 3426 ut
777 3381 1004 3439 sequens
1034 3361 1335 3419 membrum
1363 3354 1616 3411 ostendit.
1668 3349 1776 3406 Sed
1806 3349 1975 3403 Lucas
2007 3358 2129 3399 ver-

540 3463 682 3520 sioni
709 3461 908 3516 Grazcze
938 3464 1203 3519 assuetus,
1240 3458 1294 3506 et
1320 3446 1562 3503 scribens
1588 3445 1641 3498 in
1669 3439 1892 3512 gratiam
1916 3436 2129 3493 Graeco-

548 3572 666 3614 rum
686 3596 701 3623 ,
730 3548 972 3610 adhibuit
1015 3547 1338 3603 locutionem
1370 3539 1515 3596 LXX
1545 3539 1917 3604 interpretum.
1951 3530 2133 3584 Voluit

551 3662 678 3719 ergo
706 3647 897 3701 Petrus
928 3642 1093 3696 Deum
1144 3636 1364 3692 solvisse
1404 3629 1617 3684 vincula
1665 3625 1852 3680 mortis
1878 3660 1894 3687 ,
1940 3620 2133 3689 quibus

552 3739 725 3797 teneri
756 3735 1023 3793 Christum
1070 3744 1165 3797 par
1206 3741 1311 3780 non
1360 3731 1494 3777 erat.
1527 3719 1651 3772 Scio
1680 3713 2015 3784 Augustinum
2054 3706 2137 3762 di-

548 3847 679 3887 cere
703 3831 756 3883 in
782 3822 1128 3895 sequentibus
1166 3837 1180 3871 :
1223 3814 1374 3887 facile
1400 3828 1505 3867 esse
1535 3807 1793 3863 intellectu
1820 3807 1893 3860 sic
1937 3805 2137 3857 dolores

551 3916 748 3989 inferni
769 3914 959 3967 solutos
983 3924 1111 3975 esse,
1136 3902 1564 3975 quemadmodum
1590 3899 1714 3951 solvi
1744 3909 1949 3964 possunt
1975 3894 2140 3962 laquei

557 4005 872 4069 venantium,
901 4018 964 4055 ne
986 4007 1207 4062 teneant,
1236 4012 1337 4048 non
1362 3993 1485 4064 quia
1522 3997 1809 4044 tenu.runt.
1835 3987 1940 4042 Sed
1968 3985 2140 4055 primo

557 4094 904 4153 falsissimum
954 4100 1037 4145 est
1086 4102 1307 4157 usquam
1353 4069 1480 4144 Sient
1523 4074 1826 4150 significare
1856 4077 2137 4145 infernum,

562 4189 670 4245 hoc
698 4194 781 4239 est
826 4183 999 4238 locum
1050 4179 1431 4249 suppliciorum
1456 4215 1472 4242 ,
1519 4182 1574 4228 et
1610 4171 1725 4240 ipsa
1771 4167 1952 4238 psaltaa
1983 4167 2142 4221 verba

565 4276 855 4335 ostendunt
893 4274 1094 4328 vincula
1133 4271 1309 4324 mortis
1349 4281 1470 4322 esse
1518 4260 1893 4331 intelligenda;
1951 4257 2144 4314 deinde

565 4370 657 4425 ubi
687 4368 825 4423 Deus
872 4364 1064 4419 dicitur
1089 4360 1296 4416 solvisse
1327 4355 1527 4411 dolores
1573 4353 1800 4423 inferni,
1848 4366 1914 4406 ne
1942 4348 2143 4406 Christi

565 4461 742 4516 anima
768 4472 860 4512 eos
889 4451 1148 4510 sentiret?
1188 4450 1480 4517 Nusquam.
1541 4445 1730 4500 Petrus
1779 4444 2013 4513 loquitur
2058 4441 2145 4495 hic

2192 2153 2457 2209 voluntate
2484 2150 2536 2201 in
2568 2151 2830 2214 peccatum
2858 2157 2963 2197 esse
2990 2139 3270 2207 collapsam
3293 2178 3308 2204 ,
3339 2133 3469 2207 etc.]
3506 2133 3783 2202 Quomodo

2197 2245 2314 2299 haec
2338 2240 2549 2312 possint
2573 2252 2693 2293 cum
2722 2243 2942 2306 peccato
2970 2230 3244 2300 originali,
3273 2236 3336 2282 ut
3358 2239 3500 2280 nunc
3525 2240 3555 2279 a
3580 2224 3787 2280 theolo-

2197 2334 2278 2402 gis
2325 2329 2665 2399 explicatur,
2714 2325 3013 2381 consistere
3059 2318 3276 2384 nescio,
3329 2332 3452 2372 nam
3502 2316 3669 2370 animi
3730 2330 3786 2370 eo

2200 2422 2386 2479 infecti
2434 2436 2537 2474 non
2590 2426 2814 2487 possunt
2863 2414 2967 2470 dici
3017 2411 3226 2483 propria
3275 2410 3533 2463 voluntate
3576 2421 3641 2462 eo
3676 2421 3787 2460 esse

2202 2512 2504 2580 inquinati,
2555 2526 2644 2563 nec
2691 2507 2802 2561 ulla
2848 2504 3143 2560 necessitate
3189 2500 3324 2555 inid
3355 2508 3627 2570 peccatum
3676 2511 3789 2553 esse

2206 2603 2465 2674 prolapsi.
2491 2593 2548 2655 Si
2573 2597 2774 2654 dixeris
2803 2597 2890 2651 hic
2919 2595 2987 2651 de
3014 2592 3205 2648 actuali
3237 2600 3455 2661 peccato
3486 2588 3589 2659 agi,
3621 2596 3789 2644 osten-

2210 2691 2442 2747 dendum
2474 2688 2576 2744 erit
2614 2702 2711 2742 cur
2734 2686 2973 2756 iniquum
3003 2688 3092 2749 sit,
3124 2682 3191 2737 ad
3221 2682 3323 2736 hoc
3351 2688 3627 2751 peccatum
3656 2677 3791 2748 quod

2211 2785 2439 2849 attinet,
2465 2790 2740 2850 peccatum
2770 2778 2823 2832 id
2852 2775 3035 2831 haberi
3063 2775 3204 2844 quod
3232 2787 3336 2827 non
3364 2773 3575 2841 propria
3607 2769 3791 2824 velun-

2217 2884 2347 2942 tate,
2386 2872 2481 2929 sed
2523 2870 2843 2926 necessitate
2874 2867 3119 2937 imposita
3148 2863 3478 2927 admittitur;
3518 2860 3585 2916 ad
3616 2874 3795 2929 pecca—

2219 2977 2330 3022 tum
2371 2978 2499 3020 vero
2545 2963 2767 3033 originis
2795 2961 2934 3031 quod
2970 2968 3195 3029 spectat,
3224 2972 3332 3011 non
3362 2957 3509 3010 item.
3560 2952 3668 3008 Sed
3704 2954 3797 3006 Au-

2220 3056 2464 3127 gustinus
2489 3094 2505 3120 ,
2552 3061 2606 3106 ut
2654 3052 2864 3123 propria
2902 3050 3160 3103 voluntate
3183 3087 3198 3113 ,
3240 3061 3344 3102 nec
3369 3045 3478 3099 ulla
3516 3045 3798 3098 necessitate

2146 3136 2194 3199 C
2225 3159 2472 3219 peccasse
2500 3143 2745 3198 homines
2776 3141 3223 3210 intelligerentur,
3268 3152 3333 3194 eo
3363 3135 3731 3207 propendebat
3754 3142 3799 3187 ut

2226 3238 2473 3295 crederet
2496 3236 2702 3290 animas
2728 3247 2918 3289 omnes
2946 3232 3111 3286 fuisse
3137 3231 3190 3285 in
3213 3229 3389 3284 anima
3420 3227 3630 3294 Adami,
3648 3235 3801 3294 atque

2229 3348 2295 3389 ex
2321 3348 2383 3389 ea
2415 3338 2733 3402 propagatas
2757 3366 2773 3393 ,
2805 3335 2863 3381 ut
2893 3325 3003 3395 jam
3031 3324 3158 3379 alibi
3186 3321 3593 3377 observavimus
3619 3360 3634 3383 ,
3664 3317 3799 3389 quod

2232 3426 2362 3480 satis
2386 3432 2569 3493 aperte
2602 3420 2628 3492 §
2657 3422 2722 3475 10
2749 3417 2984 3474 ostendit
3009 3435 3023 3471 :
3048 3415 3144 3469 Dic
3170 3415 3316 3479 mihi,
3341 3413 3531 3483 inquit,
3561 3413 3605 3467 si
3628 3414 3803 3465 anima

2232 3512 2537 3585 singillatim
2564 3509 2784 3581 singulis
2826 3509 3077 3576 hodieque
3110 3506 3433 3560 nascentibus
3460 3504 3612 3573 ﬁunt,
3648 3503 3737 3555 ubi
3763 3502 3805 3553 in

2190 3608 2194 3611 ’
2235 3607 2459 3677 parvulis
2504 3615 2743 3676 peccent,
2776 3612 2828 3658 ut
2865 3603 3129 3673 indigeant
3170 3600 3223 3653 in
3262 3606 3576 3652 sacramento
3620 3594 3803 3649 Christi

2236 3700 2530 3754 remissione
2578 3698 2809 3767 peccati,
2852 3703 3113 3767 peccantes
3150 3693 3203 3746 in
3241 3690 3431 3758 Adam,
3471 3703 3534 3741 ea:
3574 3703 3672 3756 quo
3704 3700 3808 3739 caro

2238 3800 2521 3863 pmpagata
2550 3798 2623 3843 est
2654 3789 2881 3860 peccati;
2924 3796 3014 3841 aut
3044 3786 3088 3841 si
3115 3800 3215 3838 non
3246 3790 3473 3853 peccant,
3503 3796 3603 3849 qua
3619 3778 3808 3847 iustitia

2241 3882 2498 3938 Creatoris
2538 3881 2609 3933 ita
2654 3886 2860 3948 peccato
2904 3876 3194 3946 obligantur
3235 3874 3435 3938 alieno,
3486 3885 3599 3923 cum
3637 3866 3810 3922 exinde

2242 3974 2541 4049 propagatis
2573 3970 2807 4024 membris
2828 3967 3129 4024 mortalibus
3154 3966 3473 4029 inseruntur,
3502 3970 3557 4015 ut
3587 3976 3693 4024 eos,
3726 3958 3810 4010 nisi

2243 4083 2332 4139 per
2360 4064 2641 4118 Ecclesium
2662 4058 2957 4115 sub’ventum
2978 4058 3156 4129 fuerit,
3173 4054 3434 4109 damnatio
3456 4062 3810 4121 consequatur;

2245 4178 2360 4215 cum
2389 4161 2441 4213 in
2469 4173 2645 4213 earum
2691 4164 2937 4225 pateslate
2976 4168 3079 4207 non
3119 4151 3213 4215 sit,
3260 4157 3317 4201 ut
3344 4148 3417 4201 eis
3461 4145 3615 4214 possit
3659 4142 3812 4214 gratia

2248 4251 2483 4322 baptismi
2525 4246 2778 4302 subveniri
2804 4287 2820 4311 ,
2851 4252 2957 4299 etc.
2997 4242 3105 4297 Seu
3133 4242 3223 4310 qui
3248 4237 3442 4293 animo:
3467 4236 3704 4291 omnium
3732 4232 3813 4285 ho-

2249 4342 2452 4397 minum
2484 4338 2683 4395 iuerint
2709 4337 2761 4391 in
2792 4333 2983 4391 Adami
3013 4332 3420 4396 anima,utcum
3450 4341 3512 4381 ea
3535 4323 3812 4395 peccarim,

2251 4452 2356 4492 non
2385 4434 2591 4490 facilius
2618 4430 2952 4500 intelligitur,
2997 4422 3539 4488 absurdissimumque
3576 4427 3661 4472 est
3685 4429 3815 4470 com-

570 4570 679 4610 non
723 4551 790 4606 de
839 4550 943 4603 ulla
991 4542 1253 4615 ejusmodi
1300 4540 1509 4595 actione
1541 4537 1674 4600 Dei,
1716 4533 2055 4604 impedientis
2082 4548 2149 4587 ne
2176 4503 2230 4565 θ
2256 4536 2517 4585 mentum.
2548 4526 2733 4594 Itaque
2779 4522 2949 4579 satius
2995 4520 3163 4573 multo
3208 4514 3396 4569 fuisset
3432 4510 3709 4578 diligenter
3730 4519 3815 4559 ex-

574 4644 823 4700 Christus
869 4638 1128 4709 supplicia
1178 4634 1547 4689 damnatorum
1596 4634 1886 4698 pateretur,
1941 4625 2035 4681 sed
2082 4624 2151 4679 de

574 4738 690 4791 sola
720 4732 1113 4790 resurrectione
1140 4727 1369 4789 Christi;
1408 4738 1573 4794 quem,
1616 4718 1804 4789 inquit,
1832 4718 1970 4771 Deus
1994 4718 2157 4771 susci-

579 4828 721 4891 tavit,
755 4828 1025 4889 ἀνέστησε,
1047 4820 1247 4883 solutis,
1269 4828 1398 4881 etc.,
1430 4821 1589 4882 atque
1618 4811 1690 4865 ita
1716 4809 1891 4879 pergit
1926 4824 1939 4860 :
1984 4805 2153 4859 David

581 4917 710 4968 enim
740 4917 861 4969 dicit
887 4917 940 4967 in
964 4930 1076 4967 eum
1094 4912 1251 4983 (psal.
1280 4922 1385 4975 xvi,
1407 4907 1463 4970 8,
1481 4919 1543 4957 ex
1570 4901 1833 4957 divisione
1850 4897 2152 4967 ilebraica):

584 5004 917 5058 Providebam
958 5001 1229 5055 Dominum
1256 5002 1309 5053 in
1345 5003 1616 5066 conspectu
1655 5008 1763 5047 meo
1788 5006 1999 5061 semper,
2032 5005 2156 5057 quo-

586 5096 723 5146 niam
749 5108 780 5144 a
806 5091 1023 5143 dexteris
1049 5091 1173 5143 mihi
1201 5100 1295 5153 est,
1319 5104 1379 5142 ne
1407 5099 1721 5141 commovear
1906 5079 2158 5145 Quoniam

585 5201 687 5239 non
729 5180 1042 5249 derelinques
1068 5181 1289 5234 animam
1326 5194 1494 5231 meam
1515 5217 1530 5243 ,
1561 5187 1665 5233 etc.
1693 5175 1853 5240 Tum,
1886 5188 2025 5227 vers.
2047 5173 2111 5226 51
2140 5187 2156 5225 :

587 5274 869 5332 Providens
895 5269 1091 5324 locutus
1123 5280 1196 5324 cst
1222 5269 1285 5323 de
1304 5268 1666 5322 resurrectione
1686 5265 1896 5331 Christi,
1927 5264 2050 5335 quia
2071 5278 2161 5317 ne-

587 5383 682 5437 que
708 5362 976 5421 derelictus
1006 5369 1077 5414 est
1104 5361 1156 5413 in
1187 5359 1409 5429 inferno,
1436 5372 1594 5427 neque
1613 5373 1730 5411 caro
1758 5358 1871 5426 ejus
1898 5355 2022 5409 vidit
2046 5370 2161 5407 cor-

589 5461 897 5525 ruptionem.
944 5451 1099 5508 Hunc
1146 5449 1323 5506 Jesum
1362 5448 1624 5504 suscitavit
1667 5445 1826 5516 Deus,
1878 5455 1981 5503 etc.
2030 5445 2166 5499 Hinc

592 5549 875 5603 manifcs‘o
904 5546 1070 5616 liquet
1100 5541 1451 5613 Augu~tinum
1481 5554 1586 5595 non
1633 5546 1841 5600 tantum
1871 5535 2165 5607 ignorantia

596 5638 791 5707 lingua:
820 5637 1095 5692 llcbraicte
1124 5637 1312 5707 dogma
1342 5649 1409 5691 ex
1440 5631 1717 5701 Scriptura
1753 5629 1996 5685 hausisse
2025 5626 2168 5698 quod

594 5730 650 5785 in
678 5742 739 5785 ea
783 5740 1114 5796 nequaquam
1161 5737 1276 5793 est,
1318 5726 1413 5785 sed
1463 5724 1621 5781 etiam
1670 5721 1862 5778 seriem
1912 5719 2169 5776 orationis

2257 4620 2490 4690 pendere
2516 4618 2631 4672 loca
2661 4615 2955 4684 Scriptuite
2974 4652 2991 4679 ,
3019 4625 3090 4665 ex
3121 4607 3313 4677 quibus
3340 4601 3605 4673 ejusmodi
3628 4598 3815 4667 opinio-

2258 4728 2355 4769 nes
2381 4711 2600 4767 lluxisse
2629 4708 3004 4773 censebantur,
3036 4712 3091 4759 et
3118 4701 3277 4755 ﬁniam
3307 4711 3371 4751 ac
3398 4705 3639 4749 naturam
3669 4686 3817 4757 baptio

2259 4804 2398 4868 smi;
2437 4801 2579 4873 quod
2607 4800 2652 4856 si
2680 4799 2912 4870 penitius
2943 4796 3140 4850 factum
3189 4790 3406 4853 fuisset,
3450 4782 3817 4839 intellexissent

2262 4896 2387 4952 boni
2420 4871 2520 4949 viri
2570 4906 2670 4958 se,
2722 4896 3001 4958 postquam
3050 4884 3102 4936 in
3151 4879 3426 4946 Scriptura
3470 4871 3817 4944 quaesivissenl

2263 4986 2404 5058 quod
2437 4986 2491 5040 in
2530 4998 2594 5039 ea
2628 4994 2732 5035 non
2777 4986 2899 5042 est,
2951 4968 3413 5040 inexplicabilibus
3463 4960 3815 5018 difﬁcultatum

2264 5075 2551 5133 maeandris
2598 5070 2873 5125 intricatos
2917 5064 3109 5127 fuisse;
3152 5073 3250 5114 nec
3282 5054 3536 5111 articulos
3571 5049 3693 5105 ﬁdei
3718 5055 3820 5100 esse

2267 5177 2375 5222 tam
2408 5163 2563 5219 facile
2590 5176 2654 5215 ex
2683 5158 2815 5214 locis
2840 5154 3083 5212 obscuris
3111 5146 3435 5214 eliciendos,
3479 5152 3644 5213 atque
3671 5142 3819 5203 iunpo.

2268 5255 2474 5315 nendos
2514 5249 2830 5307 ChriStianis
2875 5257 3084 5302 terrore
3127 5239 3524 5296 anathematum
3570 5244 3628 5288 et
3673 5223 3822 5285 omnis

2270 5345 2484 5419 generis
2530 5354 2808 5412 poenarum
2850 5354 2865 5391 :
2914 5331 3366 5406 quemadmodum
3408 5328 3606 5382 factum
3652 5333 3725 5380 εει
3766 5331 3823 5368 00

2274 5449 2518 5506 tempore
2546 5433 2614 5488 ab
2639 5430 2893 5486 Ecclesiis
2922 5424 3210 5480 Africanis.

2347 5527 2505 5593 Ibid.,
2536 5524 2564 5596 ς
2591 5522 2678 5579 i0.
2722 5521 2977 5588 Quoniam
3006 5517 3164 5588 igitur
3190 5526 3352 5583 neque
3373 5511 3438 5563 de
3460 5507 3569 5562 Deo
3593 5511 3827 5595 possumus

2276 5623 2441 5677 dicere
2459 5586 2593 5687 quod
2616 5614 2693 5670 vel
2713 5586 2858 5685 cogat
2883 5586 3080 5662 animas
3102 5606 3214 5674 ﬁeri
3239 5600 3563 5671 peccatrices,
3585 5595 3659 5649 sel
3674 5586 3828 5661 puniat

2279 5718 2601 5774 innocentes;
2643 5719 2801 5774 neque
2841 5714 3025 5769 negare
3054 5697 3134 5765 {as
3165 5693 3305 5748 nobis
3344 5699 3417 5748 est
3461 5704 3546 5743 eas
3593 5698 3700 5756 qua
3737 5679 3826 5731 sine
