3908 6302
460 300 563 356 971

1352 279 1911 340 SUPPLEMENTUM
1952 277 2042 332 AD
2082 274 2311 332 OPERA
2352 277 2408 331 S.
2453 276 2841 336 AUGUSTINI.
3624 273 3723 326 272

468 416 596 468 riter
619 407 1012 479 cogitationem,
1046 412 1097 454 ut
1122 400 1281 470 probe
1314 399 1487 461 noris,
1520 394 1646 447 olim
1697 392 1912 452 abiisse,
1958 386 2291 447 at-Astolre
2368 388 2601 443 brevitas
2660 387 2856 457 patitur
2918 397 2967 440 ut
3034 401 3123 454 per
3188 384 3363 438 inania
3434 385 3720 452 exSpaticr.

468 521 569 565 que
595 477 767 554 eidem
795 495 940 563 operi
974 491 1166 545 acriter
1194 488 1385 556 stylum
1442 483 1753 544 intendisse,
1796 493 1913 533 cum
1944 477 2043 530 Pe-

469 597 731 661 lagianam
758 587 1028 641 historiam
1069 579 1463 635 concinnarem.
1518 574 1710 625 Verum
1758 570 1883 622 licet
1928 566 2043 633 pln-

2218 480 2487 533 AURELIUS
2543 482 3017 535 Cauruscmeusrs.
3090 475 3341 531 Successit
3416 471 3723 535 Cenethlio,

2145 584 2234 621 seu
2262 566 2509 635 Genedio,
2534 578 2586 621 ut
2606 578 2799 621 constat
2819 564 2880 620 ex
2900 565 3165 634 Augustini
3195 562 3410 634 epistola
3449 562 3576 627 165,
3609 564 3725 613 scri-

471 689 727 737 rinmrum
751 680 1118 745 episcoporum
1144 670 1299 722 sedes
1320 680 1386 720 ex
1420 662 1627 717 laudata
1655 659 1936 714 collatione
1957 656 2049 708 de.
2148 669 2234 728 pta
2276 675 2363 711 an.
2418 657 2558 722 412;
2606 659 2657 710 in
2691 673 2791 726 qua
2837 668 3003 710 tamen
3034 653 3321 707 σεηευιιῑυε
3345 652 3536 705 dicitur
3561 651 3727 704 δείλη

470 776 743 834 ducerem,
805 780 923 819 cum
983 764 1139 829 longe
1189 758 1419 825 plurium
1472 751 1632 805 urbes
1672 751 1866 819 ignota:
1918 745 2046 799 mihi

474 876 689 933 prorsus
732 856 1037 914 evaderent,
1073 862 1286 903 manum
1327 861 1357 899 e
1386 842 1559 897 tabula
1589 840 1781 902 amovi,
1813 836 1939 891 dum
1970 834 2050 888 di-

475 956 656 1007 vinare
687 950 860 1019 potius
886 957 1038 1013 quam
1067 938 1334 1009 quidpiam
1363 949 1447 987 me
1491 931 1598 984 veri
1628 929 1861 982 scribere
1890 924 2050 978 intel-

478 1047 715 1114 Iigerem.
746 1037 894 1105 Quod
939 1048 1067 1087 vero
1094 1042 1269 1083 meum
1292 1037 1502 1095 quoque
1530 1035 1589 1073 ea
1622 1019 1686 1072 de
1714 1034 1772 1071 re
1796 1015 2051 1084 judicium

480 1133 738 1204 postulas.
774 1124 1013 1197 quamvis
1056 1116 1386 1189 gravioribus
1437 1112 1579 1167 curis
1621 1109 1885 1161 distentus
1921 1104 2053 1166 sini,

482 1238 535 1278 ut
577 1239 675 1277 nec
704 1218 828 1273 inde
860 1211 1119 1270 machinis
1155 1223 1183 1261 a
1222 1217 1486 1274 quoquam
1511 1200 1664 1254 evelli
1699 1196 1916 1266 possim,
1946 1194 2057 1246 ani-

482 1309 881 1371 madversiones
910 1306 961 1359 in
986 1299 1226 1358 Garnerii
1256 1303 1408 1349 notas
1433 1293 1634 1346 calamo
1654 1290 1723 1342 ad
1749 1287 1851 1341 alia
1870 1298 2059 1355 prope-

482 1416 635 1461 rante
666 1397 996 1469 scriptitavi;
1053 1404 1223 1460 neque
1272 1386 1413 1441 enim
1442 1380 1650 1451 jubenti
1673 1378 1788 1443 tibi,
1822 1376 1908 1431 cui
1936 1375 2058 1444 plu-

482 1499 671 1552 rimnm
704 1491 893 1551 debeo,
943 1479 1198 1549 refragari
1218 1489 1451 1547 possum.
1483 1471 1595 1524 Erit
1623 1470 1674 1523 id
1707 1481 1900 1522 novum
1932 1478 2060 1517 mea:

484 1605 604 1656 erga
636 1595 686 1639 te
724 1575 1075 1635 observantire
1098 1577 1465 1639 argumentum
1486 1609 1498 1632 ,
1527 1564 1722 1632 quippe
1754 1558 1840 1628 qui
1880 1557 2062 1609 volens

484 1696 542 1734 ea
597 1687 854 1742 exsequor
901 1682 1017 1736 quae
1069 1664 1171 1717 alio
1216 1662 1528 1729 imperante,
1580 1667 1686 1707 non
1728 1650 1899 1703 dicam
1932 1647 2064 1700 invi-

2151 750 2442 814 memoriae,
2471 764 2583 801 cum
2609 756 2772 801 tamen
2795 747 3027 799 Aurelius
3050 746 3240 798 sederet
3278 744 3466 805 adhuc,
3499 742 3606 794 imo
3638 751 3729 793 tre-

2151 840 2313 892 decim
2368 848 2479 907 post
2515 838 2663 891 annis
2707 839 2903 905 synodo
2951 835 3206 903 Africante
3258 832 3549 901 prtesederit
3575 871 3590 891 ,
3644 847 3726 885 an.

2152 931 2279 985 425.
2297 928 2549 982 Baronius
2570 930 2728 1000 igitur
2749 926 2916 980 audiri
2946 941 3044 979 non
3070 932 3233 992 potest
3261 922 3584 976 Geneth.'ium
3630 924 3731 974 Au-

2155 1022 2281 1073 relio
2305 1020 2627 1073 substituens.
2683 1017 2898 1071 Rectius
2947 1015 3160 1068 fecisset
3209 1012 3254 1067 si
3295 1026 3395 1066 nec
3441 1010 3733 1064 audivisset

2160 1112 2441 1164 Baronium
2469 1111 2730 1164 dicentem
2762 1114 3106 1162 memoratam
3138 1106 3414 1173 epistolam
3449 1102 3553 1156 165
3600 1103 3733 1155 scri-

2160 1212 2300 1272 ptam
2330 1201 2489 1257 fuisse
2514 1203 2581 1255 ab
2606 1201 2895 1270 Augustino
2935 1212 3074 1252 anno
3099 1197 3224 1261 412,
3270 1211 3390 1250 cum
3434 1196 3639 1248 Cirtam
3670 1193 3733 1246 ad

2160 1294 2422 1364 synodum
2455 1300 2712 1361 pergeret.
2744 1291 2958 1346 Certum
3012 1297 3094 1343 est
3132 1286 3398 1341 laudatam
3454 1286 3735 1355 epistolam

2164 1400 2267 1437 non
2324 1398 2443 1437 esse
2500 1383 2749 1450 scriptam
2779 1391 2899 1449 post
2944 1394 3138 1432 annum
3192 1379 3295 1433 597
3326 1392 3487 1440 ,nam
3538 1376 3736 1429 ibidem

2166 1474 2475 1528 Ambrosius
2531 1470 2935 1526 Mediolanensis
2990 1469 3162 1522 adhuc
3214 1480 3486 1536 superstes
3530 1480 3737 1518 memo-

2166 1575 2334 1617 ratur.
2392 1563 2599 1617 Etenim
2645 1577 2762 1617 cum
2809 1560 3133 1629 Augustinus
3176 1558 3289 1611 llaec
3323 1557 3471 1610 initio
3528 1555 3737 1622 praemi-

2168 1656 2345 1721 sisset,
2361 1653 2689 1717 Fortunium,
2708 1668 2854 1721 quem
2868 1650 3201 1703 Tubursicicm
3220 1646 3407 1700 habeth
3423 1647 3737 1713 spiswpuu,

486 1786 568 1824 tua
587 1812 599 1833 ,
618 1770 709 1823 sed
734 1764 875 1819 nulla
906 1761 1059 1829 plane
1088 1756 1292 1809 ratione
1312 1759 1636 1820 praestarem.
1698 1744 1759 1798 Et
1790 1753 1842 1796 ut
1884 1738 2057 1807 magni
2091 1741 2136 1801 Β
2165 1764 2252 1817 ρει-
2282 1746 2508 1800 eamdem
2529 1746 2797 1810 civitatem,
2830 1756 3116 1810 quanquam
3146 1737 3580 1808 festinwnissime,
3629 1750 3740 1786 cum

488 1859 767 1916 voluminis
801 1858 850 1907 in
882 1862 1069 1906 manus
1098 1844 1320 1901 subinde
1348 1836 1633 1908 recipiendi
1666 1834 1919 1889 molestia:
1941 1831 2054 1884 exi-

489 1954 671 2013 maris,
696 1950 807 2016 ipsa
856 1940 1099 1999 Garncrii
1155 1935 1315 1991 verba
1344 1932 1628 2003 praemitto,
1688 1926 1881 1993 quibus
1906 1931 2057 1975 nota-

490 2048 660 2101 tiones
680 2038 952 2096 censorias
996 2031 1295 2101 suppositas
1352 2025 1517 2094 leges.
1571 2021 1833 2075 Cazterum
1883 2027 2057 2083 operte

492 2135 717 2202 pretium
742 2128 866 2184 duxi
910 2122 1231 2194 epigraphen
1268 2115 1517 2185 Epismlte
1548 2108 1814 2181 synodicm
1845 2105 2057 2159 Patrum

492 2198 950 2295 proconsularium
978 2229 1044 2269 ex
1073 2212 1226 2267 titulo
1242 2209 1399 2277 epist.
1421 2204 1491 2260 90
1519 2202 1658 2271 apud
1710 2198 2059 2268 Augustinum

495 2316 816 2380 exscriptam
849 2311 1104 2361 inserere.

570 2401 783 2455 Domino
812 2397 1093 2450 beatissimo
1123 2398 1168 2444 et
1205 2382 1647 2440 honorandissimo
1696 2377 1844 2447 fratri
1890 2383 2063 2427 sancto

499 2490 791 2548 Innocentio
814 2500 979 2558 papae,
1004 2480 1261 2541 Aurelius,
1294 2472 1560 2534 Mundius,
1605 2469 1946 2526 Rusticanus,
1977 2461 2066 2513 ἰθέα

498 2586 714 2647 dentius,
751 2555 1027 2648 Eugarius,
1078 2568 1349 2629 Antonius,
1411 2561 1703 2621 Palatinus,
1752 2555 2065 2613 Adeodatus,

505 2643 1154 2735 VincentiusiPublianus,
1190 2655 1458 2717 Theasius,
1510 2651 1689 2714 Tutus,
1726 2643 2067 2707 Panthonius,

513 2767 698 2829 Victor,
736 2732 1037 2823 Restitutus,
1064 2752 1322 2811 Rusticus,
1348 2742 1775 2802 Fortunatianus,
1811 2736 1942 2788 alius
1970 2732 2070 2807 Re-

504 2860 707 2912 stitutus
734 2896 746 2918 ,
801 2850 1059 2918 Ampelius
1084 2886 1099 2910 ,
1162 2843 1368 2896 Animus
1390 2879 1404 2903 ,
1458 2834 1613 2887 Felix
1644 2876 1657 2899 ,
1710 2830 2027 2883 Donatianus
2055 2864 2071 2889 ,

506 2917 819 3005 Adcodatus,
856 2939 1115 2998 Octavius,
1156 2934 1442 2992 Serotinus,
1490 2924 1797 2994 Majorinus,
1852 2917 2077 2972 Postha—

505 3039 728 3098 mianus,
762 3028 1050 3098 Trispulus,
1085 3023 1281 3082 Victor,
1309 3018 1438 3070 alius
1464 3013 1663 3078 Victor,
1690 3010 1923 3072 Leucius,
1960 3005 2077 3059 Ha-

2158 1839 2224 1891 ad
2242 1838 2514 1891 Cirtensem
2536 1835 2815 1888 Ecclesium
2845 1846 3179 1902 pergeremus,
3205 1825 3397 1895 experti
3414 1841 3610 1889 sumus,
3633 1824 3741 1875 haec

2157 1930 2229 1983 ait
2262 1947 2273 1980 :
2302 1926 2521 1992 Quwsivi
2548 1925 2610 1978 ab
2660 1940 2717 1978 eo
2763 1932 2936 1975 utrum
2965 1922 3163 1989 justum
3200 1926 3245 1971 et
3276 1916 3623 1970 Christianum
3644 1927 3741 1980 ραι-

2163 2027 2290 2073 taret
2338 2019 2629 2086 episcopum
2671 2010 3063 2066 Mediolanensis
3109 2005 3351 2059 Ecclesia?
3399 2001 3742 2055 Ambrosium.

2162 2109 2445 2181 Cogebatur
2475 2107 2643 2175 utique
2668 2118 2879 2173 negare,
2902 2098 3034 2167 quod
3064 2097 3151 2150 ille
3176 2098 3250 2149 vir
3281 2094 3599 2148 Christianus
3621 2098 3745 2141 esset

2162 2212 2207 2255 et
2232 2206 2397 2271 iustus
2420 2215 2437 2252 :
2453 2198 2572 2268 quia
2586 2196 2629 2250 si
2653 2197 2911 2267 fateretur,
2934 2191 3102 2243 statim
3120 2188 3469 2258 objiceremus,
3483 2181 3621 2250 quod
3631 2196 3745 2232 eum

2163 2292 2582 2359 rebaptizandum
2612 2304 2715 2341 esse
2754 2291 2993 2338 censeret.
3030 2281 3212 2348 Itaque
3226 2278 3272 2331 si
3300 2274 3624 2342 Augustinus
3658 2272 3747 2324 ob~

2166 2383 2328 2438 trudit
2366 2378 2703 2434 Ambrosium
2736 2375 2995 2429 Fortunio
3026 2371 3275 2439 episcopo
3325 2365 3617 2421 Donatistae
3666 2376 3747 2416 re.

2164 2472 2562 2542 baptizandum,
2620 2467 2854 2522 nondum
2894 2479 2959 2519 eo
2984 2476 3123 2516 anno
3151 2460 3356 2513 obierat
3403 2454 3745 2515 Ambrosius,

2167 2565 2253 2620 vel
2278 2564 2420 2619 illius
2441 2561 2628 2616 saltem
2657 2557 2835 2613 obitus
2875 2549 3107 2609 nondum
3159 2548 3452 2619 AuguStino
3505 2546 3748 2598 innotue-

2171 2664 2273 2710 rat.
2326 2651 2476 2722 Quod
2502 2659 2678 2707 autem
2697 2646 2921 2718 epistola
2969 2644 3071 2699 165
3104 2642 3222 2695 data
3252 2642 3319 2693 sit
3349 2650 3489 2691 anno
3528 2634 3658 2700 397,
3688 2647 3748 2685 ex

2174 2749 2238 2803 iis
2263 2762 2381 2816 quae
2430 2756 2620 2798 versus
2654 2740 2816 2796 linem
2862 2735 3046 2792 scribit
3076 2740 3255 2802 aperte
3276 2728 3539 2798 colligitur
3593 2743 3607 2777 ε
3646 2722 3750 2778 Sed

2174 2839 2315 2908 quia,
2342 2837 2530 2905 inquit,
2562 2832 2836 2887 ordinandi
2882 2845 3037 2882 causa
3078 2824 3297 2894 episcopi
3347 2819 3617 2874 necessitas
3666 2830 3752 2867 nos

2176 2906 2315 2989 inde,
2342 2940 2530 2994 nempe
2559 2922 2875 2986 Tubursico,
2892 2922 3005 2991 jam
3020 2921 3232 2989 jamque
3259 2912 3501 2982 rapiebat,
3530 2916 3633 2961 etc.
3658 2906 3753 2957 Ita.

2182 3033 2283 3087 que
2303 3016 2500 3071 Cirtam
2532 3011 2851 3081 properabat
2878 3010 2943 3061 ad
2968 3003 3384 3074 inaugurandum
3410 2996 3755 3053 ibidemFor-

507 3130 698 3190 rianus,
726 3122 1061 3179 Fructuosus,
1102 3110 1490 3171 Faustinianus,
1527 3102 1927 3171 Quodvultdeus,
1951 3097 2083 3153 Can-
2108 3083 2155 3147 C
2188 3115 2426 3162 innatum
2451 3105 2778 3174 episcopum,
2807 3114 2964 3169 quem
2983 3112 3048 3151 eo
3076 3110 3215 3148 anno
3260 3094 3309 3145 in
3340 3088 3603 3143 demortui
3631 3085 3755 3140 Ρι-ο.

506 3217 682 3270 durius
708 3255 722 3276 ,
760 3209 1018 3263 Maximus
1052 3244 1067 3269 ,
1111 3200 1372 3272 Magarius
1401 3241 1415 3265 ,
1468 3195 1709 3249 Rusticus
1732 3232 1749 3259 ,
1793 3190 2040 3259 [tu/ianus
2063 3230 2079 3256 ,

516 3305 871 3367 Proculianus,
921 3300 1161 3359 Thomas,
1217 3292 1521 3355 Ianuarius,
1561 3287 1889 3349 Octavianus,
1942 3283 2086 3336 Prce-

511 3408 725 3453 textatus
758 3434 773 3462 ,
807 3394 983 3447 Sixtus
1011 3431 1025 3455 ,
1056 3384 1442 3454 Quodvultdeus
1468 3424 1481 3449 ,
1521 3377 1860 3440 Penthadius,
1914 3374 2087 3438 Quod-

512 3489 773 3553 vultdeus,
802 3483 1111 3555 Cyprianus,
1172 3475 1436 3538 Servilius,
1486 3468 1747 3539 Pelagius,
1784 3465 2083 3527 Marcellus,

522 3580 818 3641 l’enantius,
876 3573 1150 3643 Didymus,
1202 3566 1530 3627 Saturninus,
1573 3559 1903 3623 Tiazacenus,
1961 3552 2088 3608 Ger-

512 3688 717 3736 manus,
765 3666 1165 3725 Germanianus,
1214 3656 1481 3719 Juvenius,
1530 3649 1837 3721 Majorinus,
1901 3642 2089 3697 Inven-

514 3766 635 3827 tius,
693 3760 979 3823 Candidus,
1012 3753 1321 3821 Cyprianus,
1364 3743 1720 3803 .Emilianus,
1792 3739 2086 3798 Romanus,

516 3856 808 3923 Africanus,
861 3856 905 3899 et
960 3840 1296 3897 Marcellinus
1322 3876 1336 3900 ,
1363 3838 1448 3903 qui
1497 3833 1551 3883 iu
1595 3829 1815 3883 concilio
1847 3826 2092 3882 Ecclesia:

518 3934 928 4007 Cartltaginensis
950 3932 1017 3984 ad
1024 3931 1233 4000 fuimus.

589 4024 879 4083 Garnerius
907 4030 1188 4088 antequam
1237 4015 1568 4068 laudatorum
1624 4009 1837 4065 Patrum
1882 4010 2096 4079 ptovin-

520 4124 615 4175 cia:
646 4111 1042 4171 Proconsularis
1068 4109 1222 4162 sedes
1248 4107 1509 4174 designet,
1539 4102 1653 4158 haec
1674 4102 1926 4171 praefatur
1960 4117 1974 4154 :
2011 4098 2098 4151 Vi-

521 4224 627 4261 sum
650 4212 721 4260 est
743 4217 910 4272 porro,
941 4196 1241 4253 nonnullum
1270 4198 1496 4267 futurum
1510 4208 1674 4265 operae
1693 4192 1938 4263 pretium,
1964 4204 2097 4242 non-

522 4298 811 4365 nullamque
831 4306 973 4363 posse
1014 4288 1076 4342 ab
1120 4288 1332 4341 eruditis
1358 4283 1624 4339 lectoribus
1646 4282 1768 4336 iniri
1786 4281 2026 4353 gratiam,
2055 4278 2100 4331 si

521 4392 866 4458 episcoporum
895 4382 981 4451 qui
1010 4379 1203 4449 synodo
1232 4378 1588 4445 interfuerunt,
1634 4376 1707 4427 ita
1726 4381 2100 4426 recenserentur

522 4479 748 4543 nomina,
780 4482 834 4528 ut
860 4472 995 4541 quod
1024 4470 1259 4522 hactenus
1286 4464 1490 4519 tentavit
1528 4480 1693 4533 nemo,
1730 4479 1836 4517 suae
1859 4460 2095 4531 singulis,

522 4577 766 4637 quantum
798 4562 927 4627 licet,
985 4558 1360 4625 assignarentur
1401 4552 1658 4607 Ecclesia.
1710 4552 1945 4606 Collectte
1982 4559 2102 4604 sunt

524 4660 628 4712 illae
652 4671 789 4720 vero,
812 4651 898 4706 sed
927 4664 1027 4703 non
1046 4647 1153 4701 sine
1180 4660 1303 4697 cura
1321 4650 1369 4697 et
1407 4642 1576 4696 labore
1604 4657 1667 4696 ea:
1711 4641 1922 4693 diversis
1966 4649 2098 4694 vete-

527 4763 641 4800 rum
667 4745 809 4799 libris
827 4743 956 4796 inter
975 4755 1028 4794 se
1047 4736 1267 4799 collatis,
1295 4743 1342 4788 et
1368 4731 1682 4801 potissimum
1710 4729 1891 4794 tribus,
1920 4728 2104 4783 Codice

525 4855 777 4893 canonum
818 4835 1056 4889 Ecclesia:
1094 4831 1372 4901 Africanae,
1425 4833 1567 4896 parte
1601 4824 1768 4894 prima
1819 4821 2104 4876 collationis

526 4927 962 4997 Carthaginensis,
990 4934 1035 4977 et
1066 4922 1262 4976 Notitia
1284 4917 1655 4989 provinciarum
1681 4915 1869 4985 Africa:
1914 4913 2049 4967 edita
2071 4929 2104 4966 a

534 5020 691 5072 Patre
715 5016 1009 5072 Sirmondo.
1044 5014 1239 5069 Verum
1263 5019 1519 5083 quantum
1539 5007 1723 5079 gratiae
1765 5006 1902 5077 apud
1931 5005 2107 5061 erudi-

534 5121 618 5164 tos
672 5108 772 5163 sibi
821 5105 1113 5159 conciliarit
1155 5121 1220 5160 ex
1260 5106 1325 5158 iis
1372 5120 1492 5174 qua:
1547 5101 1824 5170 subjiciam
1882 5098 2102 5168 patebit.

534 5202 778 5259 Profecto
807 5213 982 5251 curam
1019 5206 1062 5251 et
1093 5196 1314 5249 laborem
1366 5196 1579 5250 inanem
1624 5192 1903 5263 impendit,
1961 5205 2106 5245 eam-

534 5311 641 5367 que
670 5292 769 5349 sibi
796 5298 999 5345 tantum
1050 5284 1258 5340 laudem
1309 5284 1668 5353 comparavit,
1720 5282 1859 5353 quod
1902 5281 2105 5350 magnis

535 5386 733 5444 excidit
770 5380 944 5443 ausis;
989 5378 1144 5445 longe
1172 5374 1363 5444 majori
1412 5374 1676 5441 praeconio
1722 5371 2021 5438 donandus,
2061 5372 2110 5425 si

538 5495 693 5549 opus,
717 5480 849 5548 quod
890 5473 1124 5525 hactenus
1152 5468 1356 5522 tentavit
1393 5482 1559 5534 nemo,
1609 5465 1794 5534 majori
1838 5465 2107 5534 diligentia

540 5581 818 5638 aggressus
846 5563 1048 5629 luisset,
1081 5561 1165 5616 vel
1191 5559 1378 5616 saltem
1417 5571 1536 5612 cum
1592 5556 1799 5611 caeteris
1851 5556 2105 5610 intactum

538 5658 859 5727 reliquisset.
889 5652 993 5712 Sed
1018 5654 1081 5710 ad
1119 5668 1229 5710 rem
1257 5651 1552 5720 veniamus,
1608 5663 1779 5717 neque
1827 5649 1969 5704 enim
2000 5649 2109 5718 epi-

2187 3197 2347 3254 futuri
2372 3197 2545 3251 locum
2590 3193 2819 3248 electum
2858 3188 3020 3242 fuisse
3062 3183 3300 3254 pluribus
3344 3179 3554 3236 bslendi
3610 3178 3756 3232 lib."

2189 3290 2312 3344 bist.
2338 3288 2515 3355 Pelag.
2539 3323 2555 3348 ,
2585 3298 2702 3352 cap.
2736 3281 2769 3336 8
2795 3298 2808 3333 :
2839 3294 2959 3349 quae
3002 3292 3121 3329 cum
3144 3272 3336 3327 ibidem
3371 3269 3540 3339 possis
3564 3269 3757 3337 legere.

2188 3379 2373 3435 eadem
2402 3377 2503 3432 huc
2534 3372 2822 3429 transferre
2847 3385 2951 3424 non
2983 3376 3158 3421 vacat.
3190 3365 3279 3417 His
3308 3362 3536 3427 accedit,
3578 3359 3758 3413 te~tari

2189 3470 2538 3541 Augustinum
2568 3481 2627 3521 se
2680 3464 2980 3532 disputasse
3027 3472 3147 3511 cum
3203 3455 3457 3510 Fortunio
3507 3451 3759 3506 Tubursi~

2190 3562 2336 3617 censi
2368 3560 2665 3616 Donatista.
2689 3558 2758 3612 At
2784 3567 2923 3608 anno
2947 3551 3045 3607 411
3074 3551 3211 3603 inter
3235 3546 3539 3601 Donatistas
3568 3546 3619 3598 in
3643 3544 3759 3596 Col-

2192 3654 2389 3708 latione
2417 3668 2535 3721 cap.
2576 3648 2677 3705 201
2710 3647 3010 3703 nominatur
3060 3642 3339 3697 Ianuarius
3387 3640 3649 3711 episcopus
3705 3636 3761 3689 de

2195 3744 2474 3799 Tubursico
2507 3742 2890 3805 Nuntidiarum,
2912 3737 3001 3809 qui
3030 3733 3288 3790 Fortunio
3332 3731 3532 3786 dudum
3578 3728 3761 3784 defun-

2193 3846 2281 3891 ClO
2306 3842 2655 3890 successerat.

2264 3926 2519 3982 Nummus
2549 3924 2950 3978 Mnuuuuus.
2992 3917 3145 3971 Hunc
3183 3915 3405 3985 oportuit
3447 3913 3538 3966 diu
3584 3911 3762 3965 Maxu-

2197 4020 2408 4073 litanam
2437 4015 2717 4069 Ecclesium
2766 4012 2976 4076 rexisse,
3027 4008 3209 4078 quippe
3242 4022 3357 4059 cum
3389 4006 3503 4073 jam
3544 4002 3662 4054 inde
3706 4000 3761 4057 ab

2197 4126 2331 4163 anno
2357 4108 2460 4162 403
2505 4104 2725 4161 secundo
2755 4104 2865 4156 loco
2893 4101 3097 4167 sederit,
3144 4114 3233 4151 nec
3281 4106 3446 4149 tamen
3494 4107 3628 4145 anno
3664 4090 3761 4142 M9

2199 4200 2329 4252 diem
2361 4196 2580 4250 obiisset.
2612 4192 2793 4247 Civitas
2834 4204 2987 4260 porro
3018 4185 3249 4250 Maxula,
3287 4200 3399 4250 qua:
3428 4197 3561 4235 nunc
3596 4178 3761 4232 Massa

2201 4287 2408 4349 dicitur,
2430 4299 2531 4338 non
2552 4282 2764 4335 multum
2794 4280 2946 4333 distat
2970 4277 3030 4329 ab
3059 4276 3266 4343 antiqua
3308 4271 3610 4341 Carthagine
3662 4283 3763 4319 ver-

2202 4395 2288 4431 sus
2317 4384 2505 4430 ortum.
2561 4373 2740 4429 Laudo
2793 4367 3035 4425 Garnerii
3076 4363 3483 4426 correctionem,
3534 4360 3626 4427 qui
3679 4371 3763 4425 pro

2210 4467 2455 4522 Mundius
2494 4465 2620 4532 legit
2651 4461 2947 4517 Numidius.
2971 4457 3235 4512 Cmterum
3287 4452 3467 4507 nescio
3506 4450 3647 4503 unde
3670 4446 3761 4501 sci-

2210 4558 2341 4611 verit
2391 4554 2692 4609 Numidium
2722 4551 2789 4604 ab
2815 4563 2954 4601 anno
2980 4546 3085 4599 405
3123 4541 3357 4599 secundo
3397 4540 3513 4593 loco
3545 4538 3760 4591 sedisse.

2210 4648 2399 4702 Exstat
2435 4645 2668 4715 synodus
2699 4642 2877 4696 habita
2900 4654 2965 4695 eo
2998 4650 3160 4700 anno,
3207 4632 3510 4688 Theodosio
3529 4616 3586 4683 ei
3614 4625 3760 4681 Ituri-

2210 4738 2408 4793 mundo
2445 4751 2610 4800 coss.,
2639 4731 2990 4801 Carthagine,
3031 4729 3085 4783 in
3122 4727 3273 4794 cujus
3316 4724 3460 4779 calce
3486 4721 3635 4775 solus
3670 4719 3763 4771 Au-

2210 4830 2371 4885 relius
2392 4827 2590 4898 primas
2616 4825 2806 4894 legitur
2834 4820 3143 4876 nominatim
3168 4814 3519 4883 subscriptus,
3551 4822 3605 4865 et
3630 4804 3763 4863 addi-

2215 4930 2299 4975 tur
2330 4936 2344 4973 :
2378 4918 2626 4974 Similiter
2649 4924 2695 4969 et
2715 4913 2880 4968 cazteri
2906 4909 3127 4982 episcopi
3144 4905 3570 4973 subscripserunt.
3594 4900 3652 4955 In
3676 4908 3763 4965 qua

2210 5013 2423 5084 quidem
2454 5009 2656 5080 synodo
2681 5018 2938 5074 nusquam
2981 4998 3211 5055 Numidii
3254 5008 3447 5049 nomen
3471 4998 3652 5049 sonat,
3687 4981 3766 5051 qui

2212 5078 2353 5159 forte
2379 5078 2548 5171 potuit
2580 5096 2787 5150 abesse.
2820 5091 3005 5157 Longe
3048 5087 3236 5143 melius
3284 5080 3516 5138 Numidii
3576 5078 3766 5147 episco-

2214 5163 2684 5265 patus-antiquitas
2702 5184 2913 5255 probari
2938 5188 3147 5252 poterat
3170 5193 3200 5232 a
3221 5173 3502 5237 Carnerio,
3534 5172 3583 5225 si
3605 5163 3766 5263 appel-

2215 5253 2378 5339 lasset
2403 5253 2672 5350 synodum'
2689 5253 2829 5329 anno
2854 5272 2957 5329 390
2994 5285 3025 5324 a
3077 5266 3359 5324 Genelblio
3398 5262 3671 5322 indiciam,
3718 5253 3766 5304 in

2213 5389 2315 5444 qua
2363 5349 2556 5439 legitur
2600 5386 2612 5420 :
2664 5364 2938 5419 Numidius
2979 5359 3333 5414 Maxulitanus
3359 5352 3513 5418 dixit,
3541 5360 3676 5409 etc.;
3720 5349 3766 5393 et

2215 5440 2609 5533 Aquileiensem
2661 5472 2751 5513 an.
2776 5456 2901 5521 581,
2941 5452 3026 5507 cui
3082 5443 3553 5505 adfuitNumidius
3593 5440 3767 5508 legatus

2216 5556 2255 5609 Α
2267 5557 2478 5609 Irarum.

2266 5557 2478 5625 frorum.
2586 5598 2593 5613 η

2291 5644 2638 5698 Βυετιοωωε
2695 5637 3073 5693 Tsanscsms.
3128 5630 3255 5684 Fuit
3320 5633 3490 5681 autem
3558 5615 3769 5672 Talna
