3908 6372
182 321 279 379 Ξῖδ

904 313 1212 372 ARIORUM
1252 310 1853 370 EXERCITATIONES
1891 309 1959 364 IN
2000 308 2057 366 S.
2102 308 2473 365 AUGUSTINI
2517 312 2765 368 OPERA.

3345 317 3452 368 9η

183 433 363 489 nobilis
392 447 515 485 cum
552 429 771 495 colonia,
790 427 1082 498 Hipponem
1126 430 1255 483 inter
1284 440 1329 482 et
1354 428 1577 482 Uticam.
1623 425 1759 481 Nolo
1783 425 1837 486 Α
1864 423 1966 478 M6
1993 423 2268 493 synodicae
2295 425 2544 493 pransus
2573 426 2800 495 legitur?
2848 428 2947 496 Qui
2982 437 3155 485 tamen
3206 432 3451 501 Carpi”)-

183 524 414 592 obiicere
446 519 697 574 Carolum
734 534 761 571 a
799 517 856 573 S.
896 518 1082 586 Paulo,
1129 527 1183 574 et
1226 518 1557 573 Holstenium
1605 515 1764 570 ascri-

184 616 307 669 bere
343 611 638 666 Tabracam
688 609 977 674 Numidim;
1018 610 1214 665 etenim
1258 623 1379 664 cum
1424 609 1476 662 in
1518 607 1763 663 conﬁniis

184 709 250 762 sit
287 709 427 760 inter
474 702 770 758 Numidiam
821 711 875 758 et
902 703 1366 768 Proconsularem,
1410 702 1581 770 potuit
1608 716 1761 756 eam-

184 798 301 852 dem
349 796 537 850 urbem
580 808 680 848 suo
717 793 836 862 jure
880 793 1345 862 proconsularibus
1384 793 1637 849 Ecclesiis
1674 807 1764 847 ac-

186 899 426 940 censere.
480 883 614 937 Illud
660 881 874 937 tolerari
901 887 1105 952 nequit,
1128 884 1265 952 quod
1290 883 1545 949 inferius,
1586 893 1645 938 ut
1682 883 1764 938 vi-

186 977 333 1031 debis
354 976 584 1029 alterum
607 973 969 1028 Rusticianum
1001 974 1100 1027 hoc
1123 974 1239 1043 ipso
1270 990 1408 1029 anno
1449 974 1554 1031 416
1608 985 1661 1030 et
1708 974 1762 1030 in

187 1069 283 1122 hac
304 1068 420 1136 ipsa
450 1065 655 1135 synodo
683 1065 1072 1118 Tabracensem
1122 1065 1430 1133 episcopum
1474 1064 1621 1119 dicit.
1670 1065 1764 1120 Vel

188 1175 311 1227 ergo
343 1158 431 1212 hic
459 1156 821 1223 Rusticianus,
854 1156 939 1211 vel
965 1156 1101 1210 alter
1122 1169 1399 1224 perperam
1424 1156 1638 1225 ponitur
1665 1156 1767 1210 Ta-

190 1250 364 1303 brarm
396 1247 640 1301 antistes.

255 1338 546 1392 Frons-rtus
598 1337 956 1391 Cmnuansrs.
1005 1334 1267 1389 Incertum
1314 1352 1426 1405 quae
1474 1337 1626 1405 fuerit
1646 1339 1769 1390 civi-

190 1441 259 1483 tas
302 1430 453 1499 cujus
480 1427 760 1481 Ecclesium
786 1427 935 1481 rexit.
985 1425 1044 1479 In
1097 1426 1382 1480 collatione
1430 1427 1616 1495 prima:
1662 1427 1767 1481 diei

190 1534 302 1587 cap.
330 1518 433 1572 155
457 1517 700 1571 laudatur
727 1515 995 1570 Fidentius
1031 1518 1296 1583 episcopus
1322 1517 1481 1584 plebis
1511 1518 1765 1587 Ctefalen-

191 1613 276 1663 sis.
304 1610 454 1663 Hanc
501 1622 631 1663 vero
671 1606 963 1663 Ecclesiam
1009 1617 1278 1674 spectasse
1328 1606 1395 1660 ad
1442 1608 1769 1675 provinciam

195 1698 629 1755 l’roconsularem
655 1695 983 1765 probandum
1013 1704 1128 1750 erat
1146 1710 1211 1750 ex
1237 1696 1489 1765 synodica
1528 1697 1768 1764 ejusdem

1864 532 1965 571 nus
2001 529 2120 574 esse
2155 533 2261 574 non
2292 518 2486 586 potuit,
2517 532 2639 572 cum
2668 533 2809 572 anno
2833 519 2933 573 H9
2974 520 3294 578 Pentbadius
3321 524 3448 579 Car-

1865 611 1946 680 pis
1975 613 2212 668 sederet.
2242 610 2394 665 'Altrr
2419 609 2694 664 familiaris
2722 611 2841 664 huic
2868 611 3113 681 scriptori
3146 630 3297 667 error
3330 632 3450 670 cor-

1863 702 2115 771 rigendos
2176 711 2277 767 est,
2338 703 2479 772 quod
2511 711 2691 771 postea
2743 704 2793 757 in
2851 703 2949 758 hac
2978 706 3182 776 synodo
3231 709 3451 763 amitti

1867 789 2221 847 Pentbadium
2246 792 2593 861 Carpitanum
2634 794 2942 860 episcopum
2994 798 3318 862 pronuntiat.
3351 800 3456 852 lla-

1865 896 1968 951 que
1995 882 2081 937 vel
2136 884 2399 938 Antonius
2454 883 2542 938 hic
2588 891 2642 938 ct
2679 883 3001 938 Pentbadius
3042 884 3090 939 in
3112 887 3296 941 eodeni
3325 892 3453 944 sede

1866 988 1970 1027 una
1997 974 2303 1044 coepiscopi
2333 974 2473 1042 apud
2503 972 2705 1044 Carpos
2747 986 3032 1043 ponuntur,
3056 979 3136 1031 vel
3170 980 3219 1033 in
3252 982 3453 1034 altern-

1868 1063 2004 1118 trius
2031 1063 2162 1119 sede
2185 1065 2511 1134 designanda
2550 1065 2714 1119 falsus
2744 1064 3032 1121 Garuerius
3061 1067 3176 1120 init.

1939 1152 2238 1208 PALATINUS
2268 1154 2636 1209 BOSSETENSIS.
2668 1153 2899 1207 Palatini
2925 1158 3110 1208 mentio
3158 1157 3217 1224 ﬁt
3268 1160 3321 1212 in
3347 1161 3453 1230 epi-

1867 1243 1999 1296 stola
2028 1243 2209 1313 synodi
2249 1243 2506 1313 Africana:
2552 1242 2619 1295 ad
2649 1242 2709 1297 S.
2756 1242 3101 1311 Cwlestinum,
3144 1243 3455 1300 Bassetensis

1869 1336 2002 1388 sedis
2028 1336 2078 1387 in
2110 1334 2400 1389 collatione.
2429 1334 2485 1389 In
2514 1335 2803 1404 epigraphe
2836 1335 3077 1401 epistola:
3100 1335 3165 1389 ad
3194 1335 3253 1390 S.
3282 1337 3453 1391 thle-

1871 1425 2073 1478 stinum
2111 1425 2343 1493 legitur:
2380 1425 2639 1486 Aurelius,
2680 1422 2974 1484 Palatinus,
3031 1425 3300 1488 Antonius,
3349 1424 3454 1477 Tu-

1870 1522 1970 1577 tus,
1993 1522 2095 1568 etc.
2128 1513 2183 1567 In
2238 1512 2338 1567 hac
2382 1529 2509 1568 vero
2562 1512 2852 1580 epigraphe
2893 1511 3154 1565 Antonius
3201 1513 3456 1578 praecedit

1873 1602 2188 1656 Palatinum.
2236 1603 2409 1665 Quare
2432 1602 2632 1669 optime
2675 1609 2822 1653 notat
2876 1599 3121 1652 Labbeus
3178 1600 3454 1668 legendum

1872 1706 1992 1746 esse
2025 1690 2378 1756 Valentinum,
2414 1691 2501 1759 qui
2544 1679 2781 1757 tempore
2806 1688 3081 1741 Cuslestini
3113 1701 3226 1742 erat
3260 1691 3458 1756 primas

194 1789 479 1857 provinciae
521 1787 754 1851 Patrum,
790 1787 989 1840 inserta
1018 1786 1212 1840 actioni
1257 1785 1504 1841 secundae
1558 1786 1771 1841 concilii
1801 1765 1847 1824 Β
1876 1779 2152 1834 Numidia).
2215 1782 2359 1834 Illius
2404 1780 2558 1834 sedes
2593 1795 2712 1849 cap.
2750 1781 2855 1834 209.
2889 1781 3081 1835 dicitur
3134 1778 3457 1845 Vosetensis,

197 1877 571 1934 Lateranensis
590 1892 731 1931 anno
752 1876 877 1941 619,
898 1890 928 1929 a
956 1875 1010 1930 S.
1036 1876 1261 1930 Martiuo
1315 1891 1444 1945 papa
1492 1877 1769 1946 celebrati,

196 1972 280 2026 ubi
318 1969 653 2039 subscriptus
691 1968 882 2037 legitur
912 1966 1151 2021 Crescens
1187 1968 1354 2037 gratia
1384 1967 1478 2021 Dei
1506 1969 1771 2038 episcOpus

196 2060 255 2115 S.
300 2059 369 2115 E.
405 2056 721 2128 Caefalensis.
756 2056 876 2111 Fuit
899 2070 1025 2126 ergo
1052 2055 1245 2110 Caelala
1280 2056 1464 2110 civitas
1487 2057 1772 2126 provinciae

195 2150 623 2205 Proconsularis.

260 2241 584 2296 Eunomus
604 2242 984 2294 Assuntnnus.
1020 2237 1085 2291 In
1109 2239 1303 2292 excusis
1352 2239 1609 2292 codicibus
1648 2240 1772 2309 legi-

193 2346 271 2387 tur
290 2332 581 2403 Euagrius;
610 2334 699 2386 sed
738 2333 974 2386 mendum
1004 2334 1167 2386 inesse
1200 2349 1261 2385 ea:
1310 2348 1370 2386 eo
1419 2341 1634 2397 constat,
1665 2342 1771 2386 tum

193 2426 324 2493 quod
351 2423 563 2495 Evagrii
586 2439 767 2476 nomen
795 2422 1003 2490 vulgare
1024 2436 1123 2473 non
1169 2423 1267 2490 fuit
1295 2421 1451 2491 Afris,
1480 2423 1634 2491 fuerit
1675 2439 1769 2474 uu-

194 2524 287 2568 tem
319 2513 599 2583 Evangeli;
630 2522 733 2565 tum
748 2511 882 2581 quod
901 2509 1142 2580 Erangeli
1178 2511 1464 2564 Assuritani
1502 2512 1559 2579 fit
1589 2512 1771 2566 mentio

194 2608 243 2657 in
263 2607 557 2659 collatione.
587 2603 881 2673 Utrumque
930 2600 1189 2657 Garuerio
1220 2601 1547 2670 probandum
1578 2604 1719 2657 venit
1754 2621 1769 2658 :

193 2695 407 2765 Evagrii
439 2710 632 2749 nomen
663 2708 762 2749 nec
791 2694 943 2747 unius
993 2692 1225 2745 hominis
1277 2692 1461 2758 fuisse,
1521 2691 1771 2760 Evangeli

197 2802 318 2842 vero
365 2788 581 2842 solitum
634 2787 771 2856 apud
825 2785 980 2839 Afros
1031 2794 1084 2838 et
1124 2783 1400 2837 familiare.
1451 2784 1506 2837 ln
1548 2783 1772 2838 elencho

203 2879 701 2948 quadringentorum
733 2879 1101 2948 episcoporum
1137 2876 1188 2930 in
1221 2875 1414 2929 Notitia
1454 2874 1649 2930 Africae
1677 2891 1775 2930 nec

205 2986 333 3024 unus
381 2969 684 3039 Evangelus
733 2970 1075 3031 nominatur;
1124 2966 1178 3020 in
1221 2966 1464 3021 ducentis
1509 2966 1772 3034 octoginta

204 3075 285 3114 sex
307 3059 577 3127 episcopis
608 3060 658 3113 in
686 3060 968 3119 collatione
993 3056 1396 3127 Carthaginensi
1425 3068 1562 3111 unus
1597 3056 1773 3111 Evan-

1874 1883 1927 1927 et
1945 1889 2063 1943 cap.
2098 1875 2200 1928 125
2228 1874 2533 1929 Bosetensis.
2568 1874 2643 1928 Ex
2684 1875 2876 1943 quibus
2928 1883 3071 1942 patet
3112 1873 3378 1943 pertinere
3400 1874 3457 1927 il—

1878 1966 1980 2019 lam
2006 1967 2299 2020 Ecclesiam
2351 1966 2418 2021 ad
2468 1967 2907 2021 Proconsularem
2928 2008 2944 2032 ,
2975 1981 3131 2034 quam
3164 1975 3340 2019 tamen
3373 1967 3457 2017 in-

1874 2065 2034 2111 certze
2059 2057 2344 2125 provincia:
2375 2057 2623 2111 dixerunt
2647 2056 2872 2110 Carolus
2907 2072 2935 2109 a
2966 2056 3026 2111 S.
3054 2055 3219 2110 Paulo
3247 2065 3303 2109 et
3332 2055 3458 2108 llol-

1874 2147 2098 2213 stenius,
2154 2149 2244 2217 qui
2294 2148 2454 2202 etiam
2492 2147 2673 2216 lapsus
2720 2156 2803 2202 est
2850 2162 2969 2217 pag.
2997 2148 3099 2201 106
3129 2150 3251 2201 dmn
3298 2147 3459 2201 Vose-

1877 2248 2077 2291 tensem
2124 2237 2266 2291 dixit
2308 2237 2680 2303 Visicensem;
2734 2239 2933 2293 etenim
2976 2253 3117 2292 anno
3170 2239 3267 2293 411
3320 2238 3461 2306 apud

1875 2329 2165 2383 Ecclesiam
2200 2330 2544 2384 Bosetensem
2602 2330 2862 2385 sedebant
2921 2330 3193 2385 Palatinus
3242 2329 3460 2383 catholi-

1874 2433 1968 2471 cus
1996 2426 2050 2472 et
2076 2418 2227 2472 Felix
2271 2419 2567 2485 Donatista,
2618 2435 2737 2488 cap.
2801 2421 2904 2475 125
2956 2421 3461 2489 collationis;aputl

1876 2509 2200 2565 Visiccnsem
2252 2525 2378 2567 vero
2419 2510 2606 2565 urbem
2649 2510 2802 2565 Felix
2849 2511 3162 2577 catholicus,
3212 2512 3299 2577 qui
3331 2525 3453 2580 cap.

1875 2600 2061 2655 eodem
2095 2601 2196 2655 125
2226 2602 2357 2655 dixit
2383 2617 2397 2652 :
2425 2599 2732 2671 EpiscOpum
2761 2612 2935 2656 contra
2966 2619 3042 2656 me
3068 2620 3169 2656 non
3211 2603 3389 2655 habeo.

1946 2692 2262 2763 Aosoon'ws
2288 2691 2699 2743 Bnacnnsnxms.
2761 2688 2827 2742 In
2878 2693 3056 2743 notitia
3110 2692 3463 2758 episwporum

1876 2793 1939 2830 ea:
1967 2778 2225 2849 prouincia
2256 2777 2620 2831 Proconsulari
2648 2782 2942 2850 ejectorum,
2991 2778 3169 2833 Gulosi
3210 2778 3461 2833 Beneven-

1878 2868 2028 2921 tensis
2053 2868 2071 2939 (
2099 2869 2211 2937 lege
2231 2867 2596 2922 Bencennensis
2623 2868 2641 2939 )
2666 2870 2719 2922 in
2747 2869 3004 2924 Corsicam
3058 2872 3269 2940 relegati
3316 2889 3459 2923 mm-

1880 2962 2066 3014 tionem
2083 2960 2213 3028 ﬁeri.
2248 2960 2535 3028 Postquam
2584 2962 2818 3033 episcopi
2859 2979 3052 3018 nomen
3100 2964 3342 3029 mutavit,
3377 2981 3461 3018 ur-

1883 3052 1961 3105 bis
1986 3067 2198 3123 quoque
2251 3068 2447 3109 nomen
2500 3056 2740 3126 antiquat
2772 3096 2789 3122 ,
2853 3058 2959 3111 itnn
3014 3057 3145 3111 duas
3191 3059 3243 3111 in
3304 3073 3461 3112 unam

204 3150 345 3219 gntus
375 3150 718 3204 Assuritanus
748 3152 1067 3219 appellatur,
1110 3148 1185 3204 uti
1239 3161 1377 3202 unus
1424 3146 1606 3201 itidem
1636 3147 1775 3201 Eva-
1805 3119 1850 3182 Ο
1882 3146 2151 3201 civitatem
2179 3148 2401 3213 conﬂat,
2433 3148 2789 3205 Beneventum
2823 3151 2875 3206 in
2931 3151 3263 3206 Bencennam
3322 3161 3462 3205 tran-

203 3242 341 3308 grius
368 3243 421 3294 in
450 3241 738 3310 epigraphe
768 3240 1054 3306 synodicze.
1088 3236 1242 3294 Unde
1266 3238 1425 3307 igitur
1452 3237 1613 3293 habet
1644 3236 1777 3291 Eva—

204 3332 292 3398 grii
331 3344 532 3384 nomen
595 3332 806 3399 vulgare
848 3346 955 3384 non
1003 3329 1167 3383 luisse
1214 3328 1377 3392 Afris,
1435 3326 1601 3383 fuisse
1654 3344 1780 3383 vero

205 3418 629 3490 Evangeli?Cum
654 3421 828 3475 nullus
856 3419 1111 3487 Evagrius
1140 3420 1193 3472 iu
1228 3415 1513 3472 Collatinne
1541 3418 1780 3471 nomina-

206 3522 280 3565 tus
309 3512 496 3575 fuerit,
540 3526 602 3563 ac
654 3512 815 3565 vellet
866 3510 1085 3564 omnino
1140 3509 1373 3577 episc0pi
1425 3508 1609 3577 quinto
1665 3507 1782 3561 loco

206 3602 488 3669 subscripti
525 3601 704 3656 sedem
754 3602 1046 3670 assignare,
1105 3615 1169 3655 ex
1203 3600 1429 3669 Evagrio
1460 3599 1781 3667 Evangelum

207 3694 344 3747 iecit.
394 3692 661 3745 Cancrum
687 3705 838 3744 error
867 3691 1186 3744 correctoris
1234 3689 1513 3743 manifest:
1564 3698 1785 3756 appar-t

204 3798 260 3836 ex
290 3782 504 3852 synodo
532 3781 937 3851 Carthaginensi
968 3797 1055 3833 an.
1088 3781 1213 3847 401,
1274 3782 1325 3833 in
1375 3794 1477 3848 qua
1527 3795 1648 3833 can.
1717 3779 1782 3831 77

205 3873 326 3928 Cod.
355 3874 529 3927 Alric.
560 3873 660 3927 hoc
686 3872 894 3928 ordinet
917 3873 1072 3941 legati
1112 3872 1179 3926 ad
1230 3873 1415 3928 urbem
1469 3871 1782 3940 Hipponen-

203 3980 307 4020 sem
342 3965 753 4035 Diarrltytorum
799 3965 1142 4018 nominantur
1188 3982 1199 4015 :
1253 3964 1500 4032 Reginus,
1568 3962 1785 4033 Alipius,

206 4056 515 4128 Augustinus
546 4094 560 4118 ,
594 4054 878 4119 Maternus,
910 4053 1180 4119 Tltcasius,
1212 4053 1460 4118 Evodius,
1485 4051 1783 4115 Ptacianus,

209 4145 465 4212 Urbanus,
503 4144 773 4208 Valerius,
800 4145 1075 4210 Ambivius,
1113 4142 1440 4208 Fortunatus,
1492 4142 1781 4207 Quodvult-

206 4239 345 4300 deus,
374 4236 697 4301 Honoratus,
723 4234 1022 4298 Ianuarius,
1048 4236 1206 4305 Aptus
1231 4277 1246 4301 ,
1277 4234 1576 4287 Honoratus
1598 4273 1613 4297 ,
1664 4236 1783 4286 Amo

208 4330 397 4397 pclius,
426 4326 770 4391 Victorianus,
801 4328 1135 4388 Eunomus,
1164 4336 1209 4378 et
1243 4325 1577 4395 Rogatianus.
1610 4324 1787 4391 Quare

207 4433 318 4471 cum
343 4419 400 4471 in
442 4417 541 4471 bac
556 4417 733 4486 epigra
743 4415 843 4484 pbe
872 4415 1197 4470 Theasiuset
1216 4414 1490 4483 Ampelius
1508 4424 1623 4482 post
1649 4414 1784 4467 Eva-

207 4511 371 4577 grium
398 4510 757 4573 nominentur,
787 4509 904 4562 loco
925 4508 1129 4577 Evagrii
1157 4505 1456 4575 Evangelus
1477 4505 1781 4574 neutiquam

210 4601 329 4665 poni
360 4608 559 4669 potest,
588 4599 675 4668 qui
702 4607 930 4668 utroque
975 4598 1188 4652 laudato
1240 4598 1500 4667 Episc0po
1521 4598 1786 4665 posterior

211 4692 318 4745 luit.

271 4785 547 4837 Antomcs
585 4780 939 4836 CARNTANUS.
996 4780 1174 4834 Sermo
1218 4779 1271 4847 ﬁ:
1306 4780 1369 4831 de
1410 4782 1519 4849 ipso
1548 4779 1599 4831 in
1626 4779 1803 4830 colla--

211 4879 339 4930 tione
365 4893 454 4930 an.
476 4876 610 4940 4H;
667 4874 962 4943 subscripsit
1004 4875 1228 4943 epistola:
1279 4888 1429 4940 quam
1456 4872 1521 4925 de
1546 4870 1781 4941 appella-

210 4967 426 5019 tionibus
455 4974 504 5018 et
530 4981 689 5019 causa
718 4966 915 5034 Apiarii
944 4964 1191 5033 Africana
1219 4965 1441 5033 synodus
1476 4964 1543 5015 ad
1582 4962 1640 5017 S.
1670 4963 1780 5016 C03-

211 5060 441 5111 lestinum
461 5058 679 5126 scripsit.
710 5056 824 5110 Nisi
845 5057 1108 5111 Antonius
1162 5071 1305 5110 anno
1354 5055 1460 5109 425
1504 5054 1672 5109 redux
1723 5055 1779 5109 in

210 5152 366 5205 vitam
392 5151 582 5204 iterum
610 5149 947 5217 Carpitanam
982 5149 1162 5203 sedem
1191 5146 1469 5215 receperit,
1522 5145 1638 5201 hac
1661 5160 1781 5213 pro-

209 5241 286 5295 cul
332 5255 364 5293 a
424 5254 553 5293 vero
578 5238 916 5302 exorbitant,
966 5224 1086 5292 nam
1136 5239 1190 5291 in
1258 5237 1462 5307 synodo
1506 5236 1782 5306 Carthagi-

210 5335 379 5396 nensi,
410 5330 463 5384 in
492 5344 650 5384 causa
688 5330 755 5385 de
788 5330 1249 5400 appellationibus,
1306 5329 1638 5398 subscriptus
1687 5345 1783 5382 no-

212 5425 436 5477 minatur
466 5421 782 5475 Pentltadius
803 5422 1069 5492 episcOpus
1086 5418 1374 5489 Carpitana:
1385 5418 1646 5486 Ecclesia,
1676 5419 1782 5484 vel,

213 5524 259 5566 ut
282 5515 337 5568 in
365 5514 490 5566 aliis
514 5512 805 5575 codicibus,
820 5511 1136 5565 Pent/audias
1151 5508 1476 5579 Carpitanus.
1500 5510 1632 5565 Cum
1657 5525 1785 5564 vero

211 5604 252 5657 in
274 5607 432 5661 titulo
458 5603 703 5673 epistolae
731 5604 796 5659 ad
827 5604 1174 5660 Celestinum
1203 5603 1343 5657 inter
1380 5604 1585 5673 primos
1614 5601 1784 5656 nomi-

211 5706 357 5752 netur
386 5695 675 5761 Antonius,
709 5710 803 5749 cur
827 5709 929 5750 non
962 5694 1059 5749 iste
1119 5693 1257 5748 idem
1304 5691 1464 5747 fuerit
1508 5692 1598 5760 qui
1647 5706 1786 5746 anno

1882 3240 2352 3297 scribens.Verum
2380 3240 2806 3298 Beneventanum
2833 3245 3017 3300 urbem
3038 3244 3199 3304 fuisse
3224 3245 3465 3299 inAl’rira

1882 3341 2077 3402 prazter
2114 3333 2367 3389 Notitiam
2395 3337 2788 3404 episcoporum,
2820 3335 2871 3389 in
2905 3350 3007 3404 qua
3061 3337 3251 3405 legitur
3305 3335 3463 3388 Gulo-

1882 3439 1967 3474 sus
1993 3421 2397 3488 Beneventensis,
2421 3426 2612 3493 colligo
2642 3439 2704 3478 ex
2731 3423 2939 3494 synodo
2968 3425 3134 3489 prima
3164 3425 3464 3481 Arelatensi

1886 3511 2061 3564 habita
2101 3525 2242 3565 anno
2263 3513 2390 3576 514,
2421 3516 2502 3567 cui
2527 3530 2591 3567 ex
2627 3514 2803 3567 Alrica
2853 3528 2973 3567 cum
3023 3514 3305 3567 Cmciliano
3334 3513 3464 3568 Car-

1888 3603 2183 3671 thagincnsi
2212 3603 2450 3658 interfuit
2481 3605 2775 3657 Anastasius
2799 3606 2862 3657 de
2876 3606 3073 3658 civitate
3102 3604 3462 3660 Beneventina.

1888 3694 2150 3748 l‘rmterea
2178 3710 2297 3749 cum
2323 3695 2493 3749 eidem
2520 3695 2787 3748 collatioui
2833 3710 2895 3750 ex
2945 3709 3063 3763 cap.
3090 3696 3192 3750 155
3237 3695 3465 3751 adfuerit

1888 3783 2179 3836 Adeodatus
2233 3783 2611 3838 Sintidiccensis
2649 3800 2710 3839 ex
2742 3786 3012 3854 provincia
3070 3786 3463 3855 Proconsnlari,

1886 3892 1981 3930 cur
2002 3875 2306 3929 Adeodatus
2336 3885 2486 3928 sexto
2525 3877 2640 3929 loco
2688 3878 2740 3928 in
2796 3876 3083 3945 epigraphe
3122 3878 3459 3941 nominatus,

1889 3968 2281 4021 Bencennensis
2309 3969 2484 4035 potius
2511 3984 2665 4037 quam
2692 3966 3087 4022 Situidiccensis
3118 3968 3463 4037 appellandus

1887 4058 1973 4123 sit,
2003 4073 2101 4127 pro
2125 4059 2345 4113 arbitrio
2376 4068 2573 4113 tantum
2630 4060 2885 4115 asseritnr
2926 4077 2939 4112 :
2999 4061 3292 4128 praesertim
3342 4075 3463 4113 cum

1889 4151 2282 4206 Bcncennensis
2325 4150 2557 4205 Ecclesia
2606 4151 2671 4204 iis
2718 4162 3061 4207 accenseatur
3103 4168 3220 4220 quae
3246 4153 3464 4206 incertae

1870 4258 2105 4310 'prorsus
2128 4244 2413 4308 provincia:
2440 4245 2779 4310 deputantur.

1962 4333 2286 4387 VINCENTIUS
2308 4333 2693 4415 Crwsinnus.
2724 4333 2880 4388 Hunc
2903 4330 3100 4402 Oportet
3136 4336 3294 4403 fuisse
3334 4344 3463 4388 stre-

1889 4441 2043 4477 nuum
2065 4425 2116 4477 in
2138 4424 2285 4477 rebus
2314 4426 2542 4495 agendis,
2574 4434 2621 4479 et
2655 4442 2823 4481 acrem
2871 4428 2923 4481 in
2953 4428 3053 4495 ﬁde
3101 4428 3421 4496 defendenda
3444 4468 3460 4492 ,

1888 4525 1992 4567 etc.
2018 4511 2138 4567 Scio
2160 4513 2215 4565 in
2242 4511 2518 4567 Itinerario
2547 4517 2810 4581 Antonini,
2840 4516 2925 4569 ubi
2946 4517 3247 4570 describi‘ztr
3270 4518 3350 4568 via
3371 4516 3462 4568 lit-

1887 4605 2081 4656 toraria
2106 4604 2168 4656 ab
2205 4604 2347 4658 ostiis
2367 4605 2637 4675 Ampsagw
2690 4607 2983 4677 Hipponem
3028 4622 3185 4674 usque
3224 4606 3459 4675 Regium,

1886 4698 2130 4750 recenseri
2156 4696 2482 4764 Paratianas,
2515 4696 2866 4765 Culusitanas,
2886 4700 3183 4761 Tacutunm,
3217 4698 3462 4765 Sullucu,

1887 4797 1933 4838 et
1964 4785 2285 4857 Hipponem;
2332 4806 2421 4841 nec
2446 4790 2590 4842 aliud
2618 4789 2836 4858 intelligi
2878 4805 3021 4856 posse
3050 4787 3462 4844 Culusitanarttm

1887 4879 2087 4933 nomine
2113 4896 2263 4948 quam
2284 4890 2549 4949 utrumque
2583 4879 2838 4946 Colapem,
2872 4877 2948 4931 t'el
2989 4879 3167 4932 saltem
3196 4882 3457 4935 minorem.

1888 4968 2097 5021 Postea.
2122 4967 2199 5020 An
2223 4968 2540 5023 emendanda
2561 4967 2705 5019 lectio
2722 4968 2976 5035 codicum,
2994 4978 3040 5023 et
3083 4986 3175 5037 pro
3203 4970 3464 5025 Culusita.

1889 5074 1973 5122 no,
2001 5072 2088 5109 seu
2108 5056 2396 5110 Colositano
2415 5055 2651 5122 episcOpo
2682 5058 3016 5112 restituendus
3043 5059 3379 5116 Curabitanus
3400 5066 3464 5117 ab

1890 5147 2009 5200 urbe
2028 5146 2208 5201 Curobi
2236 5162 2391 5216 prope
2420 5144 2694 5214 Neapolim
2720 5148 2771 5199 in
2788 5151 3046 5218 provincia
3090 5151 3465 5206 Proconsulari

1889 5236 2140 5313 sita“le
2168 5251 2231 5290 ex
2254 5238 2411 5291 unius
2443 5236 2632 5291 litterae
2665 5238 2955 5293 variatione
2984 5242 3221 5311 ingentes
3269 5243 3465 5313 excitat

1890 5307 2301 5389 controversias,
2333 5342 2452 5395 quae
2480 5326 2640 5381 nulla:
2669 5337 2810 5382 sunt.
2840 5329 3020 5399 Neque
3040 5307 3182 5384 cnim
3237 5307 3463 5382 Antoni-

1892 5433 1990 5471 nus
2030 5417 2215 5472 scribit
2252 5418 2576 5473 Culusitanas
2614 5420 2931 5489 interjacere
2977 5421 3118 5474 inter
3164 5420 3467 5486 Hipponem

1890 5518 1943 5562 et
1970 5509 2245 5578 Ampsagte
2270 5510 2435 5575 ostia;
2465 5510 2565 5565 hac
2597 5512 2738 5564 enim
2770 5511 2977 5564 ratione
2999 5511 3125 5563 urbs
3159 5510 3467 5568 Culusitam

1893 5601 2048 5667 pleno
2072 5600 2193 5669 jure
2220 5600 2285 5654 ad
2315 5600 2615 5656 Numidiam
2658 5610 2945 5670 spectaret,
2985 5615 3107 5656 cum
3138 5601 3463 5661 Mauritania

1892 5690 2124 5745 Sitifensi
2184 5691 2409 5747 vicinior
2460 5701 2602 5756 esset
2646 5704 2801 5760 quam
2850 5690 3139 5758 provincia
3189 5693 3468 5764 Cartbayi-
