  <div class='ocr_page' id='page_1' title='image "/cluster/home/n/w/nwhite01/storage/ocr_20150623/47/uva.x000827107/145.png"; bbox 0 0 3908 6322; ppageno 0'>
   <div class='ocr_carea' id='block_1_1' title="bbox 471 340 576 397">
    <p class='ocr_par' dir='ltr' id='par_1_1' title="bbox 471 340 576 397">
     <span class='ocr_line' id='line_1_1' title="bbox 471 340 576 397; baseline -0.019 0"><span class='ocrx_word' id='word_1_1' title='bbox 471 340 576 397; x_wconf 67' lang='grc'><strong>275</strong></span> 
     </span>
    </p>
   </div>
   <div class='ocr_carea' id='block_1_2' title="bbox 1359 333 3721 393">
    <p class='ocr_par' dir='ltr' id='par_1_2' title="bbox 1359 333 3721 393">
     <span class='ocr_line' id='line_1_2' title="bbox 1359 333 3721 393; baseline -0.002 0"><span class='ocrx_word' id='word_1_2' title='bbox 1359 335 1906 393; x_wconf 57' lang='grc' dir='ltr'>δυνιτωιιεδτυιι</span> <span class='ocrx_word' id='word_1_3' title='bbox 1947 335 2037 392; x_wconf 85' lang='lat' dir='ltr'><strong>AD</strong></span> <span class='ocrx_word' id='word_1_4' title='bbox 2077 335 2305 393; x_wconf 76' lang='lat' dir='ltr'><strong>Ol’ERA</strong></span> <span class='ocrx_word' id='word_1_5' title='bbox 2345 337 2404 393; x_wconf 91' lang='lat' dir='ltr'><strong>S.</strong></span> <span class='ocrx_word' id='word_1_6' title='bbox 2445 336 2835 393; x_wconf 74' lang='lat' dir='ltr'><strong>AUGUSTINI.</strong></span> <span class='ocrx_word' id='word_1_7' title='bbox 3623 333 3721 391; x_wconf 71' lang='grc'><strong>278</strong></span> 
     </span>
    </p>
   </div>
   <div class='ocr_carea' id='block_1_3' title="bbox 475 455 3720 524">
    <p class='ocr_par' dir='ltr' id='par_1_3' title="bbox 475 455 3720 524">
     <span class='ocr_line' id='line_1_3' title="bbox 475 455 3720 524; baseline -0.002 -13"><span class='ocrx_word' id='word_1_8' title='bbox 475 459 644 511; x_wconf 54' lang='lat' dir='ltr'><strong>transi.</strong></span> <span class='ocrx_word' id='word_1_9' title='bbox 679 459 870 513; x_wconf 62' lang='lat' dir='ltr'><strong>Scribit</strong></span> <span class='ocrx_word' id='word_1_10' title='bbox 900 457 1037 512; x_wconf 84' lang='lat' dir='ltr'><strong>Anto</strong></span> <span class='ocrx_word' id='word_1_11' title='bbox 1079 457 1197 510; x_wconf 87' lang='lat' dir='ltr'><strong>inus</strong></span> <span class='ocrx_word' id='word_1_12' title='bbox 1222 455 1549 510; x_wconf 83' lang='lat' dir='ltr'><strong>Culucilanas</strong></span> <span class='ocrx_word' id='word_1_13' title='bbox 1571 500 1584 520; x_wconf 85' lang='lat'><strong>,</strong></span> <span class='ocrx_word' id='word_1_14' title='bbox 1616 466 1667 510; x_wconf 89' lang='lat' dir='ltr'><strong>et</strong></span> <span class='ocrx_word' id='word_1_15' title='bbox 1715 459 2051 510; x_wconf 78' lang='lat' dir='ltr'><strong>consmtiunt</strong></span> <span class='ocrx_word' id='word_1_16' title='bbox 2079 459 2127 517; x_wconf 84' lang='grc' dir='ltr'><strong>Α</strong></span> <span class='ocrx_word' id='word_1_17' title='bbox 2155 455 2246 509; x_wconf 90' lang='lat' dir='ltr'><strong>ubi</strong></span> <span class='ocrx_word' id='word_1_18' title='bbox 2275 471 2367 524; x_wconf 91' lang='lat' dir='ltr'><strong>pro</strong></span> <span class='ocrx_word' id='word_1_19' title='bbox 2396 457 2672 511; x_wconf 78' lang='lat' dir='ltr'><strong>Marazaua</strong></span> <span class='ocrx_word' id='word_1_20' title='bbox 2703 457 2889 524; x_wconf 78' lang='lat' dir='ltr'><strong>legitur</strong></span> <span class='ocrx_word' id='word_1_21' title='bbox 2913 455 3206 520; x_wconf 82' lang='lat' dir='ltr'><strong>Mazaraua,</strong></span> <span class='ocrx_word' id='word_1_22' title='bbox 3233 469 3473 508; x_wconf 87' lang='lat' dir='ltr'><strong>errorem</strong></span> <span class='ocrx_word' id='word_1_23' title='bbox 3498 455 3720 523; x_wconf 81' lang='lat' dir='ltr'><strong>sorbuit,</strong></span> 
     </span>
    </p>
   </div>
   <div class='ocr_carea' id='block_1_4' title="bbox 472 547 2049 618">
    <p class='ocr_par' dir='ltr' id='par_1_4' title="bbox 472 547 2049 618">
     <span class='ocr_line' id='line_1_4' title="bbox 472 547 2049 618; baseline 0 -18"><span class='ocrx_word' id='word_1_24' title='bbox 472 551 688 603; x_wconf 69' lang='lat' dir='ltr'><strong>&#39;t&#39;atmlaa</strong></span> <span class='ocrx_word' id='word_1_25' title='bbox 724 549 1171 618; x_wconf 72' lang='lat' dir='ltr'><strong>l’eutingcrianse,</strong></span> <span class='ocrx_word' id='word_1_26' title='bbox 1200 563 1318 615; x_wconf 76' lang='lat' dir='ltr'><strong>quze</strong></span> <span class='ocrx_word' id='word_1_27' title='bbox 1349 552 1486 601; x_wconf 87' lang='lat' dir='ltr'><strong>inter</strong></span> <span class='ocrx_word' id='word_1_28' title='bbox 1517 548 1828 602; x_wconf 87' lang='lat' dir='ltr'><strong>Pusicadem</strong></span> <span class='ocrx_word' id='word_1_29' title='bbox 1853 557 1906 602; x_wconf 90' lang='lat' dir='ltr'><strong>et</strong></span> <span class='ocrx_word' id='word_1_30' title='bbox 1931 547 2049 600; x_wconf 83' lang='lat' dir='ltr'><strong>Cir-</strong></span> 
     </span>
    </p>
   </div>
   <div class='ocr_carea' id='block_1_5' title="bbox 471 636 2052 708">
    <p class='ocr_par' dir='ltr' id='par_1_5' title="bbox 471 636 2052 708">
     <span class='ocr_line' id='line_1_5' title="bbox 471 636 2052 708; baseline -0.001 -16"><span class='ocrx_word' id='word_1_31' title='bbox 471 650 578 692; x_wconf 86' lang='lat' dir='ltr'><strong>tam</strong></span> <span class='ocrx_word' id='word_1_32' title='bbox 613 651 808 708; x_wconf 80' lang='lat' dir='ltr'><strong>ponunt</strong></span> <span class='ocrx_word' id='word_1_33' title='bbox 848 637 1174 691; x_wconf 76' lang='lat' dir='ltr'><strong>Parantiunis</strong></span> <span class='ocrx_word' id='word_1_34' title='bbox 1201 650 1252 689; x_wconf 90' lang='lat' dir='ltr'><strong>et</strong></span> <span class='ocrx_word' id='word_1_35' title='bbox 1284 637 1590 691; x_wconf 83' lang='lat' dir='ltr'><strong>Culuci’ani.</strong></span> <span class='ocrx_word' id='word_1_36' title='bbox 1649 638 1718 690; x_wconf 90' lang='lat' dir='ltr'><strong>At</strong></span> <span class='ocrx_word' id='word_1_37' title='bbox 1765 636 2052 691; x_wconf 84' lang='lat' dir='ltr'><strong>Garnerius</strong></span> 
     </span>
    </p>
   </div>
   <div class='ocr_carea' id='block_1_6' title="bbox 474 727 2053 800">
    <p class='ocr_par' dir='ltr' id='par_1_6' title="bbox 474 727 2053 800">
     <span class='ocr_line' id='line_1_6' title="bbox 474 727 2053 800; baseline -0.001 -19"><span class='ocrx_word' id='word_1_38' title='bbox 474 730 970 800; x_wconf 62' lang='lat' dir='ltr'><strong>lt-gitCulusitanas,</strong></span> <span class='ocrx_word' id='word_1_39' title='bbox 1009 744 1072 782; x_wconf 79' lang='lat' dir='ltr'><strong>ex</strong></span> <span class='ocrx_word' id='word_1_40' title='bbox 1105 744 1210 796; x_wconf 88' lang='lat' dir='ltr'><strong>quo</strong></span> <span class='ocrx_word' id='word_1_41' title='bbox 1247 743 1428 782; x_wconf 86' lang='lat' dir='ltr'><strong>errore</strong></span> <span class='ocrx_word' id='word_1_42' title='bbox 1476 727 1764 782; x_wconf 67' lang='lat' dir='ltr'><strong>Culu~itam</strong></span> <span class='ocrx_word' id='word_1_43' title='bbox 1793 744 1856 782; x_wconf 85' lang='lat' dir='ltr'><strong>ex</strong></span> <span class='ocrx_word' id='word_1_44' title='bbox 1888 728 2053 781; x_wconf 84' lang='lat' dir='ltr'><strong>Anto-</strong></span> 
     </span>
    </p>
   </div>
   <div class='ocr_carea' id='block_1_7' title="bbox 473 816 2045 874">
    <p class='ocr_par' dir='ltr' id='par_1_7' title="bbox 473 816 2045 874">
     <span class='ocr_line' id='line_1_7' title="bbox 473 816 2045 874; baseline -0.003 -2"><span class='ocrx_word' id='word_1_45' title='bbox 473 822 580 872; x_wconf 80' lang='lat' dir='ltr'><strong>nini</strong></span> <span class='ocrx_word' id='word_1_46' title='bbox 614 819 876 874; x_wconf 90' lang='lat' dir='ltr'><strong>sententia</strong></span> <span class='ocrx_word' id='word_1_47' title='bbox 921 818 1194 872; x_wconf 92' lang='lat' dir='ltr'><strong>contendit</strong></span> <span class='ocrx_word' id='word_1_48' title='bbox 1240 818 1513 872; x_wconf 70' lang='lat' dir='ltr'><strong>locan&#39;lam</strong></span> <span class='ocrx_word' id='word_1_49' title='bbox 1537 833 1656 872; x_wconf 87' lang='lat' dir='ltr'><strong>esse</strong></span> <span class='ocrx_word' id='word_1_50' title='bbox 1697 817 1749 872; x_wconf 90' lang='lat' dir='ltr'><strong>in</strong></span> <span class='ocrx_word' id='word_1_51' title='bbox 1779 816 2045 871; x_wconf 79' lang='lat' dir='ltr'><strong>Numidia.</strong></span> 
     </span>
    </p>
   </div>
   <div class='ocr_carea' id='block_1_8' title="bbox 476 906 2050 970">
    <p class='ocr_par' dir='ltr' id='par_1_8' title="bbox 476 906 2050 970">
     <span class='ocr_line' id='line_1_8' title="bbox 476 906 2050 970; baseline -0.002 -9"><span class='ocrx_word' id='word_1_52' title='bbox 476 910 548 961; x_wconf 73' lang='lat' dir='ltr'><strong>Ita</strong></span> <span class='ocrx_word' id='word_1_53' title='bbox 574 909 628 963; x_wconf 85' lang='grc' dir='ltr'><strong>Τ.</strong></span> <span class='ocrx_word' id='word_1_54' title='bbox 652 921 826 963; x_wconf 80' lang='lat' dir='ltr'><strong>carata</strong></span> <span class='ocrx_word' id='word_1_55' title='bbox 855 917 937 962; x_wconf 89' lang='lat' dir='ltr'><strong>est</strong></span> <span class='ocrx_word' id='word_1_56' title='bbox 963 907 1218 961; x_wconf 81' lang='lat' dir='ltr'><strong>Numidia:</strong></span> <span class='ocrx_word' id='word_1_57' title='bbox 1243 908 1390 970; x_wconf 83' lang='lat' dir='ltr'><strong>urbs,</strong></span> <span class='ocrx_word' id='word_1_58' title='bbox 1413 915 1467 960; x_wconf 89' lang='lat' dir='ltr'><strong>et</strong></span> <span class='ocrx_word' id='word_1_59' title='bbox 1490 909 1540 961; x_wconf 91' lang='lat' dir='ltr'><strong>in</strong></span> <span class='ocrx_word' id='word_1_60' title='bbox 1573 907 1766 960; x_wconf 84' lang='lat' dir='ltr'><strong>Not&#39;tia</strong></span> <span class='ocrx_word' id='word_1_61' title='bbox 1807 906 2050 960; x_wconf 82' lang='lat' dir='ltr'><strong>laudatur</strong></span> 
     </span>
    </p>
   </div>
   <div class='ocr_carea' id='block_1_9' title="bbox 473 998 2049 1067">
    <p class='ocr_par' dir='ltr' id='par_1_9' title="bbox 473 998 2049 1067">
     <span class='ocr_line' id='line_1_9' title="bbox 473 998 2049 1067; baseline -0.002 -13"><span class='ocrx_word' id='word_1_62' title='bbox 473 1001 610 1055; x_wconf 90' lang='lat' dir='ltr'><strong>inter</strong></span> <span class='ocrx_word' id='word_1_63' title='bbox 632 1000 886 1054; x_wconf 84' lang='lat' dir='ltr'><strong>Numidas</strong></span> <span class='ocrx_word' id='word_1_64' title='bbox 906 999 1223 1054; x_wconf 87' lang='lat' dir='ltr'><strong>Crescentins</strong></span> <span class='ocrx_word' id='word_1_65' title='bbox 1241 998 1594 1052; x_wconf 87' lang='lat' dir='ltr'><strong>Tacaratensis</strong></span> <span class='ocrx_word' id='word_1_66' title='bbox 1619 1013 1639 1050; x_wconf 91' lang='lat'><strong><em>:</em></strong></span> <span class='ocrx_word' id='word_1_67' title='bbox 1652 999 1907 1067; x_wconf 79' lang='lat' dir='ltr'><strong>Tagarata</strong></span> <span class='ocrx_word' id='word_1_68' title='bbox 1922 1012 2049 1053; x_wconf 79' lang='lat' dir='ltr'><strong>vero</strong></span> 
     </span>
    </p>
   </div>
   <div class='ocr_carea' id='block_1_10' title="bbox 472 1086 2048 1155">
    <p class='ocr_par' dir='ltr' id='par_1_10' title="bbox 472 1086 2048 1155">
     <span class='ocr_line' id='line_1_10' title="bbox 472 1086 2048 1155; baseline -0.005 -10"><span class='ocrx_word' id='word_1_69' title='bbox 472 1099 554 1145; x_wconf 86' lang='lat' dir='ltr'><strong>est</strong></span> <span class='ocrx_word' id='word_1_70' title='bbox 575 1091 624 1144; x_wconf 91' lang='lat' dir='ltr'><strong>in</strong></span> <span class='ocrx_word' id='word_1_71' title='bbox 653 1088 1046 1152; x_wconf 85' lang='lat' dir='ltr'><strong>Proconsulari,</strong></span> <span class='ocrx_word' id='word_1_72' title='bbox 1067 1090 1118 1141; x_wconf 93' lang='lat' dir='ltr'><strong>in</strong></span> <span class='ocrx_word' id='word_1_73' title='bbox 1145 1103 1246 1155; x_wconf 84' lang='lat' dir='ltr'><strong>qua</strong></span> <span class='ocrx_word' id='word_1_74' title='bbox 1263 1088 1457 1142; x_wconf 88' lang='lat' dir='ltr'><strong>ibidem</strong></span> <span class='ocrx_word' id='word_1_75' title='bbox 1477 1087 1781 1142; x_wconf 86' lang='lat' dir='ltr'><strong>nominatur</strong></span> <span class='ocrx_word' id='word_1_76' title='bbox 1806 1086 2048 1140; x_wconf 86' lang='lat' dir='ltr'><strong>Honora-</strong></span> 
     </span>
    </p>
   </div>
   <div class='ocr_carea' id='block_1_11' title="bbox 470 1176 2043 1251">
    <p class='ocr_par' dir='ltr' id='par_1_11' title="bbox 470 1176 2043 1251">
     <span class='ocr_line' id='line_1_11' title="bbox 470 1176 2043 1251; baseline -0.001 -20"><span class='ocrx_word' id='word_1_77' title='bbox 470 1191 547 1233; x_wconf 91' lang='lat' dir='ltr'><strong>tus</strong></span> <span class='ocrx_word' id='word_1_78' title='bbox 575 1180 952 1251; x_wconf 85' lang='lat' dir='ltr'><strong>Tagaratensis.</strong></span> <span class='ocrx_word' id='word_1_79' title='bbox 986 1180 1166 1245; x_wconf 83' lang='lat' dir='ltr'><strong>Itaque</strong></span> <span class='ocrx_word' id='word_1_80' title='bbox 1189 1179 1314 1232; x_wconf 83' lang='lat' dir='ltr'><strong>licet</strong></span> <span class='ocrx_word' id='word_1_81' title='bbox 1341 1179 1636 1232; x_wconf 89' lang='lat' dir='ltr'><strong>Culucitani</strong></span> <span class='ocrx_word' id='word_1_82' title='bbox 1678 1178 1818 1231; x_wconf 89' lang='lat' dir='ltr'><strong>inter</strong></span> <span class='ocrx_word' id='word_1_83' title='bbox 1862 1176 2043 1230; x_wconf 81' lang='lat' dir='ltr'><strong>Numi-</strong></span> 
     </span>
    </p>
   </div>
   <div class='ocr_carea' id='block_1_12' title="bbox 468 1266 2042 1333">
    <p class='ocr_par' dir='ltr' id='par_1_12' title="bbox 468 1266 2042 1333">
     <span class='ocr_line' id='line_1_12' title="bbox 468 1266 2042 1333; baseline -0.002 -12"><span class='ocrx_word' id='word_1_84' title='bbox 468 1269 564 1321; x_wconf 86' lang='lat' dir='ltr'><strong>das</strong></span> <span class='ocrx_word' id='word_1_85' title='bbox 590 1278 910 1330; x_wconf 72' lang='lat' dir='ltr'><strong>statuantur,</strong></span> <span class='ocrx_word' id='word_1_86' title='bbox 940 1267 1232 1320; x_wconf 88' lang='lat' dir='ltr'><strong>Culusitani</strong></span> <span class='ocrx_word' id='word_1_87' title='bbox 1271 1266 1744 1319; x_wconf 85' lang='lat' dir='ltr'><strong>Proeonsularibus</strong></span> <span class='ocrx_word' id='word_1_88' title='bbox 1783 1266 2042 1333; x_wconf 81' lang='lat' dir='ltr'><strong>deputan-</strong></span> 
     </span>
    </p>
   </div>
   <div class='ocr_carea' id='block_1_13' title="bbox 469 1355 2043 1424">
    <p class='ocr_par' dir='ltr' id='par_1_13' title="bbox 469 1355 2043 1424">
     <span class='ocr_line' id='line_1_13' title="bbox 469 1355 2043 1424; baseline -0.003 -14"><span class='ocrx_word' id='word_1_89' title='bbox 469 1370 574 1420; x_wconf 91' lang='lat' dir='ltr'><strong>tur,</strong></span> <span class='ocrx_word' id='word_1_90' title='bbox 605 1368 656 1411; x_wconf 93' lang='lat' dir='ltr'><strong>et</strong></span> <span class='ocrx_word' id='word_1_91' title='bbox 681 1358 988 1410; x_wconf 72' lang='lat' dir='ltr'><strong>Vincentius</strong></span> <span class='ocrx_word' id='word_1_92' title='bbox 1017 1358 1068 1409; x_wconf 90' lang='lat' dir='ltr'><strong>in</strong></span> <span class='ocrx_word' id='word_1_93' title='bbox 1093 1357 1379 1410; x_wconf 88' lang='lat' dir='ltr'><strong>collatione</strong></span> <span class='ocrx_word' id='word_1_94' title='bbox 1399 1371 1514 1424; x_wconf 85' lang='lat' dir='ltr'><strong>cap.</strong></span> <span class='ocrx_word' id='word_1_95' title='bbox 1542 1356 1643 1410; x_wconf 78' lang='lat'><strong>155</strong></span> <span class='ocrx_word' id='word_1_96' title='bbox 1672 1357 1862 1409; x_wconf 84' lang='lat' dir='ltr'><strong>dicitur</strong></span> <span class='ocrx_word' id='word_1_97' title='bbox 1887 1355 2043 1408; x_wconf 85' lang='lat' dir='ltr'><strong>Culu-</strong></span> 
     </span>
    </p>
   </div>
   <div class='ocr_carea' id='block_1_14' title="bbox 467 1444 2041 1514">
    <p class='ocr_par' dir='ltr' id='par_1_14' title="bbox 467 1444 2041 1514">
     <span class='ocr_line' id='line_1_14' title="bbox 467 1444 2041 1514; baseline 0.003 -20"><span class='ocrx_word' id='word_1_98' title='bbox 467 1460 492 1494; x_wconf 86' lang='lat' dir='ltr'><strong>s</strong></span> <span class='ocrx_word' id='word_1_99' title='bbox 515 1447 685 1509; x_wconf 79' lang='lat' dir='ltr'><strong>trnsis,</strong></span> <span class='ocrx_word' id='word_1_100' title='bbox 717 1452 772 1498; x_wconf 83' lang='lat' dir='ltr'><strong>et</strong></span> <span class='ocrx_word' id='word_1_101' title='bbox 800 1445 850 1496; x_wconf 92' lang='lat' dir='ltr'><strong>in</strong></span> <span class='ocrx_word' id='word_1_102' title='bbox 879 1444 1352 1512; x_wconf 88' lang='lat' dir='ltr'><strong>subscriptionibus</strong></span> <span class='ocrx_word' id='word_1_103' title='bbox 1382 1445 1568 1514; x_wconf 82' lang='lat' dir='ltr'><strong>synodi</strong></span> <span class='ocrx_word' id='word_1_104' title='bbox 1598 1460 1684 1500; x_wconf 90' lang='lat' dir='ltr'><strong>an.</strong></span> <span class='ocrx_word' id='word_1_105' title='bbox 1717 1446 1839 1508; x_wconf 72' lang='grc'><strong>419,</strong></span> <span class='ocrx_word' id='word_1_106' title='bbox 1873 1445 2041 1498; x_wconf 72' lang='lat' dir='ltr'><strong>Culsi-</strong></span> 
     </span>
    </p>
   </div>
   <div class='ocr_carea' id='block_1_15' title="bbox 467 1531 2041 1599">
    <p class='ocr_par' dir='ltr' id='par_1_15' title="bbox 467 1531 2041 1599">
     <span class='ocr_line' id='line_1_15' title="bbox 467 1531 2041 1599; baseline 0.003 -20"><span class='ocrx_word' id='word_1_107' title='bbox 467 1540 614 1582; x_wconf 72' lang='lat' dir='ltr'><strong>Mnus</strong></span> <span class='ocrx_word' id='word_1_108' title='bbox 661 1547 708 1582; x_wconf 76' lang='lat' dir='ltr'><strong>et</strong></span> <span class='ocrx_word' id='word_1_109' title='bbox 756 1533 1100 1584; x_wconf 83' lang='lat' dir='ltr'><strong>Culnsitanus.</strong></span> <span class='ocrx_word' id='word_1_110' title='bbox 1159 1534 1211 1584; x_wconf 90' lang='grc' dir='ltr'>Ιιι</span> <span class='ocrx_word' id='word_1_111' title='bbox 1258 1536 1442 1585; x_wconf 86' lang='lat' dir='ltr'><strong>notitia</strong></span> <span class='ocrx_word' id='word_1_112' title='bbox 1485 1534 1673 1599; x_wconf 79' lang='lat' dir='ltr'><strong>legitur</strong></span> <span class='ocrx_word' id='word_1_113' title='bbox 1726 1531 2041 1585; x_wconf 58' lang='lat' dir='ltr'><strong>Emilfauus</strong></span> 
     </span>
    </p>
   </div>
   <div class='ocr_carea' id='block_1_16' title="bbox 466 1620 2038 1690">
    <p class='ocr_par' dir='ltr' id='par_1_16' title="bbox 466 1620 2038 1690">
     <span class='ocr_line' id='line_1_16' title="bbox 466 1620 2038 1690; baseline 0.003 -19"><span class='ocrx_word' id='word_1_114' title='bbox 466 1620 761 1673; x_wconf 76' lang='lat' dir='ltr'><strong>Culsimnus</strong></span> <span class='ocrx_word' id='word_1_115' title='bbox 804 1621 942 1676; x_wconf 74' lang='lat' dir='ltr'><strong>inter</strong></span> <span class='ocrx_word' id='word_1_116' title='bbox 984 1623 1426 1689; x_wconf 85' lang='lat' dir='ltr'><strong>proconsulares;</strong></span> <span class='ocrx_word' id='word_1_117' title='bbox 1464 1624 1513 1676; x_wconf 90' lang='lat' dir='ltr'><strong>in</strong></span> <span class='ocrx_word' id='word_1_118' title='bbox 1554 1623 1758 1690; x_wconf 81' lang='lat' dir='ltr'><strong>synodo</strong></span> <span class='ocrx_word' id='word_1_119' title='bbox 1788 1624 2038 1677; x_wconf 75' lang='lat' dir='ltr'><strong>Buiit‘acii</strong></span> 
     </span>
    </p>
   </div>
   <div class='ocr_carea' id='block_1_17' title="bbox 464 1711 2035 1778">
    <p class='ocr_par' dir='ltr' id='par_1_17' title="bbox 464 1711 2035 1778">
     <span class='ocr_line' id='line_1_17' title="bbox 464 1711 2035 1778; baseline 0.001 -16"><span class='ocrx_word' id='word_1_120' title='bbox 464 1712 897 1778; x_wconf 69' lang='lat' dir='ltr'><strong>Carthaginemis</strong></span> <span class='ocrx_word' id='word_1_121' title='bbox 939 1725 1078 1763; x_wconf 81' lang='lat' dir='ltr'><strong>anno</strong></span> <span class='ocrx_word' id='word_1_122' title='bbox 1110 1712 1234 1772; x_wconf 70' lang='lat'><strong>5&#39;25,</strong></span> <span class='ocrx_word' id='word_1_123' title='bbox 1273 1711 1565 1763; x_wconf 73' lang='lat' dir='ltr'><strong>Marcianus</strong></span> <span class='ocrx_word' id='word_1_124' title='bbox 1590 1711 1949 1776; x_wconf 83' lang='lat' dir='ltr'><strong>Culusitanns;</strong></span> <span class='ocrx_word' id='word_1_125' title='bbox 1985 1713 2035 1764; x_wconf 88' lang='lat' dir='ltr'><strong>iu</strong></span> 
     </span>
    </p>
   </div>
   <div class='ocr_carea' id='block_1_18' title="bbox 2157 545 3655 616">
    <p class='ocr_par' dir='ltr' id='par_1_18' title="bbox 2157 545 3655 616">
     <span class='ocr_line' id='line_1_18' title="bbox 2157 545 3655 616; baseline -0.001 -16"><span class='ocrx_word' id='word_1_126' title='bbox 2157 555 2234 600; x_wconf 61' lang='lat' dir='ltr'><strong>tot</strong></span> <span class='ocrx_word' id='word_1_127' title='bbox 2261 548 2513 616; x_wconf 78' lang='lat' dir='ltr'><strong>ignoratis</strong></span> <span class='ocrx_word' id='word_1_128' title='bbox 2537 562 2631 614; x_wconf 91' lang='lat' dir='ltr'><strong>pro</strong></span> <span class='ocrx_word' id='word_1_129' title='bbox 2661 547 2938 601; x_wconf 77' lang='lat' dir='ltr'><strong>Mazarana</strong></span> <span class='ocrx_word' id='word_1_130' title='bbox 2968 545 3282 599; x_wconf 83' lang='lat' dir='ltr'><strong>certissimis</strong></span> <span class='ocrx_word' id='word_1_131' title='bbox 3312 546 3655 598; x_wconf 66' lang='lat' dir='ltr'><strong>testimoniis.</strong></span> 
     </span>
    </p>
   </div>
   <div class='ocr_carea' id='block_1_19' title="bbox 2226 631 3727 702">
    <p class='ocr_par' dir='ltr' id='par_1_19' title="bbox 2226 631 3727 702">
     <span class='ocr_line' id='line_1_19' title="bbox 2226 631 3727 702; baseline -0.001 -12"><span class='ocrx_word' id='word_1_132' title='bbox 2226 637 2488 692; x_wconf 70' lang='lat' dir='ltr'><strong>&#39;l‘usssrus</strong></span> <span class='ocrx_word' id='word_1_133' title='bbox 2525 639 2988 691; x_wconf 69' lang='lat' dir='ltr'><strong>Msuensmrsuus.</strong></span> <span class='ocrx_word' id='word_1_134' title='bbox 3044 635 3188 698; x_wconf 82' lang='lat' dir='ltr'><strong>Quod</strong></span> <span class='ocrx_word' id='word_1_135' title='bbox 3234 631 3521 687; x_wconf 77' lang='lat' dir='ltr'><strong>Hembresa</strong></span> <span class='ocrx_word' id='word_1_136' title='bbox 3574 651 3727 702; x_wconf 85' lang='lat' dir='ltr'><strong>porro</strong></span> 
     </span>
    </p>
   </div>
   <div class='ocr_carea' id='block_1_20' title="bbox 2151 723 3728 798">
    <p class='ocr_par' dir='ltr' id='par_1_20' title="bbox 2151 723 3728 798">
     <span class='ocr_line' id='line_1_20' title="bbox 2151 723 3728 798; baseline -0.002 -17"><span class='ocrx_word' id='word_1_137' title='bbox 2151 730 2308 797; x_wconf 82' lang='lat' dir='ltr'><strong>fuerit</strong></span> <span class='ocrx_word' id='word_1_138' title='bbox 2345 727 2646 798; x_wconf 76' lang='lat' dir='ltr'><strong>epist-apalis</strong></span> <span class='ocrx_word' id='word_1_139' title='bbox 2681 726 2888 779; x_wconf 83' lang='lat' dir='ltr'><strong>dubiant</strong></span> <span class='ocrx_word' id='word_1_140' title='bbox 2927 741 3032 779; x_wconf 81' lang='lat' dir='ltr'><strong>esse</strong></span> <span class='ocrx_word' id='word_1_141' title='bbox 3064 741 3165 777; x_wconf 86' lang='lat' dir='ltr'><strong>non</strong></span> <span class='ocrx_word' id='word_1_142' title='bbox 3200 733 3398 794; x_wconf 85' lang='lat' dir='ltr'><strong>potest;</strong></span> <span class='ocrx_word' id='word_1_143' title='bbox 3429 740 3547 776; x_wconf 86' lang='lat' dir='ltr'><strong>nam</strong></span> <span class='ocrx_word' id='word_1_144' title='bbox 3581 723 3728 779; x_wconf 79' lang='lat' dir='ltr'><strong>Lucii</strong></span> 
     </span>
    </p>
   </div>
   <div class='ocr_carea' id='block_1_21' title="bbox 2151 811 3729 884">
    <p class='ocr_par' dir='ltr' id='par_1_21' title="bbox 2151 811 3729 884">
     <span class='ocr_line' id='line_1_21' title="bbox 2151 811 3729 884; baseline -0.002 -14"><span class='ocrx_word' id='word_1_145' title='bbox 2151 817 2533 870; x_wconf 80' lang='lat' dir='ltr'><strong>Membresitani</strong></span> <span class='ocrx_word' id='word_1_146' title='bbox 2567 818 2754 870; x_wconf 79' lang='lat' dir='ltr'><strong>mentio</strong></span> <span class='ocrx_word' id='word_1_147' title='bbox 2789 827 2864 869; x_wconf 87' lang='lat' dir='ltr'><strong>est</strong></span> <span class='ocrx_word' id='word_1_148' title='bbox 2902 815 2955 869; x_wconf 91' lang='lat' dir='ltr'><strong>in</strong></span> <span class='ocrx_word' id='word_1_149' title='bbox 2998 815 3210 869; x_wconf 86' lang='lat' dir='ltr'><strong>concilio</strong></span> <span class='ocrx_word' id='word_1_150' title='bbox 3237 811 3627 884; x_wconf 65' lang='lat' dir='ltr'><strong>Carthagincmi</strong></span> <span class='ocrx_word' id='word_1_151' title='bbox 3669 817 3729 867; x_wconf 83' lang='lat' dir='ltr'><strong>de</strong></span> 
     </span>
    </p>
   </div>
   <div class='ocr_carea' id='block_1_22' title="bbox 2148 903 3726 976">
    <p class='ocr_par' dir='ltr' id='par_1_22' title="bbox 2148 903 3726 976">
     <span class='ocr_line' id='line_1_22' title="bbox 2148 903 3726 976; baseline -0.005 -16"><span class='ocrx_word' id='word_1_152' title='bbox 2148 907 2524 976; x_wconf 74' lang='lat' dir='ltr'><strong>rebaptizandis</strong></span> <span class='ocrx_word' id='word_1_153' title='bbox 2550 906 2800 959; x_wconf 77' lang='lat' dir='ltr'><strong>htereticis</strong></span> <span class='ocrx_word' id='word_1_154' title='bbox 2824 922 2842 958; x_wconf 91' lang='lat'><strong><em>:</em></strong></span> <span class='ocrx_word' id='word_1_155' title='bbox 2867 903 3029 960; x_wconf 73' lang='lat' dir='ltr'><strong>Saleii</strong></span> <span class='ocrx_word' id='word_1_156' title='bbox 3054 903 3430 957; x_wconf 82' lang='lat' dir='ltr'><strong>Membresitani</strong></span> <span class='ocrx_word' id='word_1_157' title='bbox 3454 903 3599 971; x_wconf 85' lang='lat' dir='ltr'><strong>apud</strong></span> <span class='ocrx_word' id='word_1_158' title='bbox 3627 903 3726 955; x_wconf 75' lang='lat' dir='ltr'><strong>An-</strong></span> 
     </span>
    </p>
   </div>
   <div class='ocr_carea' id='block_1_23' title="bbox 2147 993 3726 1064">
    <p class='ocr_par' dir='ltr' id='par_1_23' title="bbox 2147 993 3726 1064">
     <span class='ocr_line' id='line_1_23' title="bbox 2147 993 3726 1064; baseline -0.001 -14"><span class='ocrx_word' id='word_1_159' title='bbox 2147 997 2428 1064; x_wconf 80' lang='lat' dir='ltr'><strong>gustinum,</strong></span> <span class='ocrx_word' id='word_1_160' title='bbox 2475 1006 2581 1051; x_wconf 88' lang='lat' dir='ltr'><strong>etc.</strong></span> <span class='ocrx_word' id='word_1_161' title='bbox 2614 997 2867 1050; x_wconf 85' lang='lat' dir='ltr'><strong>Eumdem</strong></span> <span class='ocrx_word' id='word_1_162' title='bbox 2919 995 3145 1064; x_wconf 89' lang='lat' dir='ltr'><strong>lapidem</strong></span> <span class='ocrx_word' id='word_1_163' title='bbox 3176 995 3418 1058; x_wconf 63' lang='lat' dir='ltr'><strong>ollcndit,</strong></span> <span class='ocrx_word' id='word_1_164' title='bbox 3463 993 3599 1047; x_wconf 88' lang='lat' dir='ltr'><strong>duas</strong></span> <span class='ocrx_word' id='word_1_165' title='bbox 3629 994 3726 1048; x_wconf 83' lang='lat' dir='ltr'><strong>ite-</strong></span> 
     </span>
    </p>
   </div>
   <div class='ocr_carea' id='block_1_24' title="bbox 2149 1083 3727 1152">
    <p class='ocr_par' dir='ltr' id='par_1_24' title="bbox 2149 1083 3727 1152">
     <span class='ocr_line' id='line_1_24' title="bbox 2149 1083 3727 1152; baseline -0.001 -13"><span class='ocrx_word' id='word_1_166' title='bbox 2149 1103 2268 1140; x_wconf 87' lang='lat' dir='ltr'><strong>rum</strong></span> <span class='ocrx_word' id='word_1_167' title='bbox 2299 1087 2459 1140; x_wconf 90' lang='lat' dir='ltr'><strong>urbes</strong></span> <span class='ocrx_word' id='word_1_168' title='bbox 2481 1087 2534 1140; x_wconf 93' lang='lat' dir='ltr'><strong>in</strong></span> <span class='ocrx_word' id='word_1_169' title='bbox 2564 1102 2722 1140; x_wconf 87' lang='lat' dir='ltr'><strong>unam</strong></span> <span class='ocrx_word' id='word_1_170' title='bbox 2754 1084 3106 1140; x_wconf 74' lang='lat' dir='ltr'><strong>confundens.</strong></span> <span class='ocrx_word' id='word_1_171' title='bbox 3131 1083 3393 1152; x_wconf 83' lang='lat' dir='ltr'><strong>Tempore</strong></span> <span class='ocrx_word' id='word_1_172' title='bbox 3419 1083 3727 1137; x_wconf 70' lang='lat' dir='ltr'><strong>collationis</strong></span> 
     </span>
    </p>
   </div>
   <div class='ocr_carea' id='block_1_25' title="bbox 2145 1172 3722 1244">
    <p class='ocr_par' dir='ltr' id='par_1_25' title="bbox 2145 1172 3722 1244">
     <span class='ocr_line' id='line_1_25' title="bbox 2145 1172 3722 1244; baseline -0.004 -16"><span class='ocrx_word' id='word_1_173' title='bbox 2145 1174 2602 1244; x_wconf 78' lang='lat' dir='ltr'><strong>Cartltaginensis,</strong></span> <span class='ocrx_word' id='word_1_174' title='bbox 2637 1175 2927 1228; x_wconf 79' lang='lat' dir='ltr'><strong>Membresa</strong></span> <span class='ocrx_word' id='word_1_175' title='bbox 2953 1189 3045 1226; x_wconf 87' lang='lat' dir='ltr'><strong>seu</strong></span> <span class='ocrx_word' id='word_1_176' title='bbox 3076 1172 3421 1235; x_wconf 59' lang='lat' dir='ltr'><strong>Merubresm,</strong></span> <span class='ocrx_word' id='word_1_177' title='bbox 3456 1181 3511 1224; x_wconf 87' lang='lat' dir='ltr'><strong>ut</strong></span> <span class='ocrx_word' id='word_1_178' title='bbox 3538 1172 3722 1241; x_wconf 74' lang='lat' dir='ltr'><strong>Augu-</strong></span> 
     </span>
    </p>
   </div>
   <div class='ocr_carea' id='block_1_26' title="bbox 2145 1262 3726 1327">
    <p class='ocr_par' dir='ltr' id='par_1_26' title="bbox 2145 1262 3726 1327">
     <span class='ocr_line' id='line_1_26' title="bbox 2145 1262 3726 1327; baseline -0.001 -11"><span class='ocrx_word' id='word_1_179' title='bbox 2145 1264 2320 1318; x_wconf 88' lang='lat' dir='ltr'><strong>stinus</strong></span> <span class='ocrx_word' id='word_1_180' title='bbox 2348 1274 2402 1317; x_wconf 90' lang='lat' dir='ltr'><strong>et</strong></span> <span class='ocrx_word' id='word_1_181' title='bbox 2431 1265 2729 1317; x_wconf 87' lang='lat' dir='ltr'><strong>Antoninus</strong></span> <span class='ocrx_word' id='word_1_182' title='bbox 2755 1263 3013 1327; x_wconf 85' lang='lat' dir='ltr'><strong>scribunt,</strong></span> <span class='ocrx_word' id='word_1_183' title='bbox 3045 1270 3159 1315; x_wconf 85' lang='lat' dir='ltr'><strong>erat</strong></span> <span class='ocrx_word' id='word_1_184' title='bbox 3195 1262 3382 1315; x_wconf 81' lang='lat' dir='ltr'><strong>civitas</strong></span> <span class='ocrx_word' id='word_1_185' title='bbox 3412 1262 3665 1315; x_wconf 88' lang='lat' dir='ltr'><strong>distincta</strong></span> <span class='ocrx_word' id='word_1_186' title='bbox 3690 1276 3726 1315; x_wconf 84' lang='lat' dir='ltr'><strong>a-</strong></span> 
     </span>
    </p>
   </div>
   <div class='ocr_carea' id='block_1_27' title="bbox 2145 1351 3724 1417">
    <p class='ocr_par' dir='ltr' id='par_1_27' title="bbox 2145 1351 3724 1417">
     <span class='ocr_line' id='line_1_27' title="bbox 2145 1351 3724 1417; baseline -0.001 -12"><span class='ocrx_word' id='word_1_187' title='bbox 2145 1351 2499 1405; x_wconf 74' lang='lat' dir='ltr'><strong>blemldosita.</strong></span> <span class='ocrx_word' id='word_1_188' title='bbox 2529 1351 2641 1404; x_wconf 84' lang='lat' dir='ltr'><strong>lloc</strong></span> <span class='ocrx_word' id='word_1_189' title='bbox 2668 1351 2732 1404; x_wconf 87' lang='lat' dir='ltr'><strong>ad</strong></span> <span class='ocrx_word' id='word_1_190' title='bbox 2760 1352 2968 1405; x_wconf 88' lang='lat' dir='ltr'><strong>oculmn</strong></span> <span class='ocrx_word' id='word_1_191' title='bbox 3010 1359 3151 1417; x_wconf 88' lang='lat' dir='ltr'><strong>patet</strong></span> <span class='ocrx_word' id='word_1_192' title='bbox 3190 1366 3253 1404; x_wconf 81' lang='lat' dir='ltr'><strong>ex</strong></span> <span class='ocrx_word' id='word_1_193' title='bbox 3286 1360 3580 1404; x_wconf 86' lang='lat' dir='ltr'><strong>memorata</strong></span> <span class='ocrx_word' id='word_1_194' title='bbox 3612 1352 3724 1406; x_wconf 76' lang='lat' dir='ltr'><strong>col-</strong></span> 
     </span>
    </p>
   </div>
   <div class='ocr_carea' id='block_1_28' title="bbox 2145 1440 3723 1509">
    <p class='ocr_par' dir='ltr' id='par_1_28' title="bbox 2145 1440 3723 1509">
     <span class='ocr_line' id='line_1_28' title="bbox 2145 1440 3723 1509; baseline 0.001 -15"><span class='ocrx_word' id='word_1_195' title='bbox 2145 1440 2363 1507; x_wconf 87' lang='lat' dir='ltr'><strong>latione,</strong></span> <span class='ocrx_word' id='word_1_196' title='bbox 2411 1442 2461 1494; x_wconf 92' lang='lat' dir='ltr'><strong>in</strong></span> <span class='ocrx_word' id='word_1_197' title='bbox 2493 1456 2593 1509; x_wconf 91' lang='lat' dir='ltr'><strong>qua</strong></span> <span class='ocrx_word' id='word_1_198' title='bbox 2629 1456 2746 1508; x_wconf 85' lang='lat' dir='ltr'><strong>cap.</strong></span> <span class='ocrx_word' id='word_1_199' title='bbox 2780 1443 2887 1496; x_wconf 75' lang='grc'><strong>155</strong></span> <span class='ocrx_word' id='word_1_200' title='bbox 2923 1453 3231 1495; x_wconf 84' lang='lat' dir='ltr'><strong>recensetur</strong></span> <span class='ocrx_word' id='word_1_201' title='bbox 3267 1440 3568 1494; x_wconf 77' lang='lat' dir='ltr'><strong>Gennadius</strong></span> <span class='ocrx_word' id='word_1_202' title='bbox 3612 1443 3723 1509; x_wconf 85' lang='lat' dir='ltr'><strong>epi-</strong></span> 
     </span>
    </p>
   </div>
   <div class='ocr_carea' id='block_1_29' title="bbox 2142 1527 3718 1600">
    <p class='ocr_par' dir='ltr' id='par_1_29' title="bbox 2142 1527 3718 1600">
     <span class='ocr_line' id='line_1_29' title="bbox 2142 1527 3718 1600; baseline 0.003 -20"><span class='ocrx_word' id='word_1_203' title='bbox 2142 1527 2325 1596; x_wconf 77' lang='lat' dir='ltr'><strong>scopus</strong></span> <span class='ocrx_word' id='word_1_204' title='bbox 2347 1531 2504 1600; x_wconf 85' lang='lat' dir='ltr'><strong>plebis</strong></span> <span class='ocrx_word' id='word_1_205' title='bbox 2529 1529 3000 1590; x_wconf 81' lang='lat' dir='ltr'><strong>Metnbressitensis.</strong></span> <span class='ocrx_word' id='word_1_206' title='bbox 3020 1531 3252 1598; x_wconf 84' lang='lat' dir='ltr'><strong>itemque</strong></span> <span class='ocrx_word' id='word_1_207' title='bbox 3280 1531 3476 1583; x_wconf 91' lang='lat' dir='ltr'><strong>ibidem</strong></span> <span class='ocrx_word' id='word_1_208' title='bbox 3505 1532 3718 1598; x_wconf 88' lang='lat' dir='ltr'><strong>ponitur</strong></span> 
     </span>
    </p>
   </div>
   <div class='ocr_carea' id='block_1_30' title="bbox 2146 1619 3716 1691">
    <p class='ocr_par' dir='ltr' id='par_1_30' title="bbox 2146 1619 3716 1691">
     <span class='ocr_line' id='line_1_30' title="bbox 2146 1619 3716 1691; baseline 0.001 -18"><span class='ocrx_word' id='word_1_209' title='bbox 2146 1619 2393 1674; x_wconf 71' lang='lat' dir='ltr'><strong>Tlrcasius</strong></span> <span class='ocrx_word' id='word_1_210' title='bbox 2429 1622 2692 1690; x_wconf 87' lang='lat' dir='ltr'><strong>episcopus</strong></span> <span class='ocrx_word' id='word_1_211' title='bbox 2727 1620 3371 1689; x_wconf 54' lang='lat' dir='ltr'><strong>plebis&#39;Memblositensis.</strong></span> <span class='ocrx_word' id='word_1_212' title='bbox 3416 1619 3474 1674; x_wconf 88' lang='lat' dir='ltr'><strong>lu</strong></span> <span class='ocrx_word' id='word_1_213' title='bbox 3511 1622 3716 1691; x_wconf 84' lang='lat' dir='ltr'><strong>synodo</strong></span> 
     </span>
    </p>
   </div>
   <div class='ocr_carea' id='block_1_31' title="bbox 2143 1709 3715 1780">
    <p class='ocr_par' dir='ltr' id='par_1_31' title="bbox 2143 1709 3715 1780">
     <span class='ocr_line' id='line_1_31' title="bbox 2143 1709 3715 1780; baseline 0.003 -17"><span class='ocrx_word' id='word_1_214' title='bbox 2143 1709 2304 1780; x_wconf 87' lang='lat' dir='ltr'><strong>Cypri</strong></span> <span class='ocrx_word' id='word_1_215' title='bbox 2325 1712 2392 1764; x_wconf 66' lang='lat' dir='ltr'><strong>ani</strong></span> <span class='ocrx_word' id='word_1_216' title='bbox 2415 1712 2551 1780; x_wconf 88' lang='lat' dir='ltr'><strong>apud</strong></span> <span class='ocrx_word' id='word_1_217' title='bbox 2584 1712 2931 1780; x_wconf 78' lang='lat' dir='ltr'><strong>Augustinum</strong></span> <span class='ocrx_word' id='word_1_218' title='bbox 2958 1711 3049 1764; x_wconf 66' lang='lat' dir='ltr'><strong>lib.</strong></span> <span class='ocrx_word' id='word_1_219' title='bbox 3069 1727 3138 1764; x_wconf 79' lang='lat' dir='ltr'><strong>vn</strong></span> <span class='ocrx_word' id='word_1_220' title='bbox 3159 1711 3224 1763; x_wconf 89' lang='lat' dir='ltr'><strong>dc</strong></span> <span class='ocrx_word' id='word_1_221' title='bbox 3249 1711 3604 1780; x_wconf 83' lang='lat' dir='ltr'><strong>Baptis.,cap.</strong></span> <span class='ocrx_word' id='word_1_222' title='bbox 3625 1713 3715 1777; x_wconf 81' lang='lat'><strong>‘26,</strong></span> 
     </span>
    </p>
   </div>
   <div class='ocr_carea' id='block_1_32' title="bbox 461 1795 3712 1870">
    <p class='ocr_par' dir='ltr' id='par_1_32' title="bbox 461 1795 3712 1870">
     <span class='ocr_line' id='line_1_32' title="bbox 461 1795 3712 1870; baseline 0.002 -20"><span class='ocrx_word' id='word_1_223' title='bbox 461 1800 863 1868; x_wconf 67' lang='lat' dir='ltr'><strong>Carthaginensi</strong></span> <span class='ocrx_word' id='word_1_224' title='bbox 888 1799 986 1853; x_wconf 88' lang='lat' dir='ltr'><strong>sub</strong></span> <span class='ocrx_word' id='word_1_225' title='bbox 1014 1797 1306 1853; x_wconf 46' lang='lat' dir='ltr'><strong>Crat-scan.</strong></span> <span class='ocrx_word' id='word_1_226' title='bbox 1337 1801 1392 1862; x_wconf 87' lang='lat'><strong>6,</strong></span> <span class='ocrx_word' id='word_1_227' title='bbox 1425 1800 1660 1854; x_wconf 74' lang='lat' dir='ltr'><strong>Nicasius</strong></span> <span class='ocrx_word' id='word_1_228' title='bbox 1684 1800 2028 1854; x_wconf 73' lang='lat' dir='ltr'><strong>Culnsinrnns.</strong></span> <span class='ocrx_word' id='word_1_229' title='bbox 2069 1795 2110 1852; x_wconf 82' lang='grc' dir='ltr'><strong><em>Β</em></strong></span> <span class='ocrx_word' id='word_1_230' title='bbox 2143 1799 2444 1856; x_wconf 75' lang='lat' dir='ltr'><strong>nominatur</strong></span> <span class='ocrx_word' id='word_1_231' title='bbox 2485 1803 2674 1855; x_wconf 77' lang='lat' dir='ltr'><strong>Lucius</strong></span> <span class='ocrx_word' id='word_1_232' title='bbox 2712 1819 2744 1854; x_wconf 91' lang='lat' dir='ltr'><strong>a</strong></span> <span class='ocrx_word' id='word_1_233' title='bbox 2772 1800 3088 1868; x_wconf 74' lang='lat' dir='ltr'><strong>Mcmbresa,</strong></span> <span class='ocrx_word' id='word_1_234' title='bbox 3137 1817 3294 1870; x_wconf 88' lang='lat' dir='ltr'><strong>quam</strong></span> <span class='ocrx_word' id='word_1_235' title='bbox 3324 1803 3566 1856; x_wconf 84' lang='lat' dir='ltr'><strong>eamdem</strong></span> <span class='ocrx_word' id='word_1_236' title='bbox 3598 1819 3712 1856; x_wconf 89' lang='lat' dir='ltr'><strong>cum</strong></span> 
     </span>
    </p>
   </div>
   <div class='ocr_carea' id='block_1_33' title="bbox 460 1890 2037 1960">
    <p class='ocr_par' dir='ltr' id='par_1_33' title="bbox 460 1890 2037 1960">
     <span class='ocr_line' id='line_1_33' title="bbox 460 1890 2037 1960; baseline 0.002 -16"><span class='ocrx_word' id='word_1_237' title='bbox 460 1890 730 1958; x_wconf 77' lang='lat' dir='ltr'><strong>Nusquam</strong></span> <span class='ocrx_word' id='word_1_238' title='bbox 753 1891 946 1960; x_wconf 83' lang='lat' dir='ltr'><strong>legitur</strong></span> <span class='ocrx_word' id='word_1_239' title='bbox 967 1891 1325 1945; x_wconf 62' lang='lat' dir='ltr'><strong>Culueitanus.</strong></span> <span class='ocrx_word' id='word_1_240' title='bbox 1363 1893 1467 1946; x_wconf 89' lang='lat' dir='ltr'><strong>Sed</strong></span> <span class='ocrx_word' id='word_1_241' title='bbox 1506 1911 1568 1945; x_wconf 79' lang='lat' dir='ltr'><strong>ne</strong></span> <span class='ocrx_word' id='word_1_242' title='bbox 1591 1909 1674 1959; x_wconf 63' lang='lat' dir='ltr'><strong>:ue</strong></span> <span class='ocrx_word' id='word_1_243' title='bbox 1689 1895 1938 1947; x_wconf 73' lang='lat' dir='ltr'><strong>varianda</strong></span> <span class='ocrx_word' id='word_1_244' title='bbox 1960 1905 2037 1947; x_wconf 80' lang='lat' dir='ltr'><strong>est</strong></span> 
     </span>
    </p>
   </div>
   <div class='ocr_carea' id='block_1_34' title="bbox 460 1980 2040 2054">
    <p class='ocr_par' dir='ltr' id='par_1_34' title="bbox 460 1980 2040 2054">
     <span class='ocr_line' id='line_1_34' title="bbox 460 1980 2040 2054; baseline 0.005 -22"><span class='ocrx_word' id='word_1_245' title='bbox 460 1980 640 2040; x_wconf 82' lang='lat' dir='ltr'><strong>lectio.</strong></span> <span class='ocrx_word' id='word_1_246' title='bbox 672 1988 730 2034; x_wconf 87' lang='lat' dir='ltr'><strong>ut</strong></span> <span class='ocrx_word' id='word_1_247' title='bbox 756 1996 849 2049; x_wconf 90' lang='lat' dir='ltr'><strong>pro</strong></span> <span class='ocrx_word' id='word_1_248' title='bbox 871 1980 1179 2036; x_wconf 90' lang='lat' dir='ltr'><strong>Culusitano</strong></span> <span class='ocrx_word' id='word_1_249' title='bbox 1201 1983 1554 2038; x_wconf 76' lang='lat' dir='ltr'><strong>(Iurobitanus</strong></span> <span class='ocrx_word' id='word_1_250' title='bbox 1579 1985 1860 2054; x_wconf 90' lang='lat' dir='ltr'><strong>episcopus</strong></span> <span class='ocrx_word' id='word_1_251' title='bbox 1884 2002 2040 2054; x_wconf 81' lang='lat' dir='ltr'><strong>repo—</strong></span> 
     </span>
    </p>
   </div>
   <div class='ocr_carea' id='block_1_35' title="bbox 461 2071 2040 2133">
    <p class='ocr_par' dir='ltr' id='par_1_35' title="bbox 461 2071 2040 2133">
     <span class='ocr_line' id='line_1_35' title="bbox 461 2071 2040 2133; baseline 0.004 -11"><span class='ocrx_word' id='word_1_252' title='bbox 461 2081 644 2133; x_wconf 85' lang='lat' dir='ltr'><strong>natur;</strong></span> <span class='ocrx_word' id='word_1_253' title='bbox 674 2085 793 2124; x_wconf 91' lang='lat' dir='ltr'><strong>nam</strong></span> <span class='ocrx_word' id='word_1_254' title='bbox 825 2071 1058 2125; x_wconf 86' lang='lat' dir='ltr'><strong>Culusita</strong></span> <span class='ocrx_word' id='word_1_255' title='bbox 1088 2081 1142 2126; x_wconf 91' lang='lat' dir='ltr'><strong>et</strong></span> <span class='ocrx_word' id='word_1_256' title='bbox 1175 2073 1398 2127; x_wconf 87' lang='lat' dir='ltr'><strong>Curobis</strong></span> <span class='ocrx_word' id='word_1_257' title='bbox 1428 2071 1577 2128; x_wconf 82' lang='lat' dir='ltr'><strong>fuere</strong></span> <span class='ocrx_word' id='word_1_258' title='bbox 1621 2074 1881 2128; x_wconf 73' lang='lat' dir='ltr'><strong>distinetre</strong></span> <span class='ocrx_word' id='word_1_259' title='bbox 1913 2077 2040 2129; x_wconf 81' lang='lat' dir='ltr'><strong>civi-</strong></span> 
     </span>
    </p>
   </div>
   <div class='ocr_carea' id='block_1_36' title="bbox 459 2162 2039 2233">
    <p class='ocr_par' dir='ltr' id='par_1_36' title="bbox 459 2162 2039 2233">
     <span class='ocr_line' id='line_1_36' title="bbox 459 2162 2039 2233; baseline 0.004 -21"><span class='ocrx_word' id='word_1_260' title='bbox 459 2167 592 2214; x_wconf 84' lang='lat' dir='ltr'><strong>tates</strong></span> <span class='ocrx_word' id='word_1_261' title='bbox 618 2163 1069 2227; x_wconf 80' lang='lat' dir='ltr'><strong>proconsularium</strong></span> <span class='ocrx_word' id='word_1_262' title='bbox 1089 2164 1311 2216; x_wconf 91' lang='lat' dir='ltr'><strong>:ctenim</strong></span> <span class='ocrx_word' id='word_1_263' title='bbox 1338 2163 1389 2216; x_wconf 93' lang='lat' dir='ltr'><strong>in</strong></span> <span class='ocrx_word' id='word_1_264' title='bbox 1414 2162 1618 2232; x_wconf 59' lang='lat' dir='ltr'><strong>synodo</strong></span> <span class='ocrx_word' id='word_1_265' title='bbox 1633 2163 2039 2233; x_wconf 70' lang='lat' dir='ltr'><strong>Carthaginiensi</strong></span> 
     </span>
    </p>
   </div>
   <div class='ocr_carea' id='block_1_37' title="bbox 457 2251 2038 2322">
    <p class='ocr_par' dir='ltr' id='par_1_37' title="bbox 457 2251 2038 2322">
     <span class='ocr_line' id='line_1_37' title="bbox 457 2251 2038 2322; baseline 0.004 -18"><span class='ocrx_word' id='word_1_266' title='bbox 457 2253 558 2304; x_wconf 81' lang='lat' dir='ltr'><strong>sub</strong></span> <span class='ocrx_word' id='word_1_267' title='bbox 609 2251 874 2306; x_wconf 82' lang='lat' dir='ltr'><strong>llilderico</strong></span> <span class='ocrx_word' id='word_1_268' title='bbox 890 2267 1014 2321; x_wconf 78' lang='lat' dir='ltr'><strong>rege</strong></span> <span class='ocrx_word' id='word_1_269' title='bbox 1043 2267 1184 2306; x_wconf 86' lang='lat' dir='ltr'><strong>anno</strong></span> <span class='ocrx_word' id='word_1_270' title='bbox 1221 2252 1345 2315; x_wconf 68' lang='lat'><strong>5:25,</strong></span> <span class='ocrx_word' id='word_1_271' title='bbox 1375 2253 1660 2320; x_wconf 73' lang='lat' dir='ltr'><strong>subseripti</strong></span> <span class='ocrx_word' id='word_1_272' title='bbox 1714 2255 1958 2322; x_wconf 75' lang='lat' dir='ltr'><strong>leguntur</strong></span> <span class='ocrx_word' id='word_1_273' title='bbox 1986 2267 2038 2310; x_wconf 91' lang='lat' dir='ltr'><strong>et</strong></span> 
     </span>
    </p>
   </div>
   <div class='ocr_carea' id='block_1_38' title="bbox 459 2331 2038 2412">
    <p class='ocr_par' dir='ltr' id='par_1_38' title="bbox 459 2331 2038 2412">
     <span class='ocr_line' id='line_1_38' title="bbox 459 2331 2038 2412; baseline 0.001 -16"><span class='ocrx_word' id='word_1_274' title='bbox 459 2331 768 2412; x_wconf 78' lang='lat' dir='ltr'><strong>Peregrinus</strong></span> <span class='ocrx_word' id='word_1_275' title='bbox 789 2343 1055 2410; x_wconf 70' lang='lat' dir='ltr'><strong>cpiscopus</strong></span> <span class='ocrx_word' id='word_1_276' title='bbox 1086 2340 1243 2406; x_wconf 83' lang='lat' dir='ltr'><strong>plebis</strong></span> <span class='ocrx_word' id='word_1_277' title='bbox 1273 2341 1616 2400; x_wconf 75' lang='lat' dir='ltr'><strong>Curobitame.</strong></span> <span class='ocrx_word' id='word_1_278' title='bbox 1657 2352 1708 2395; x_wconf 87' lang='lat' dir='ltr'><strong>et</strong></span> <span class='ocrx_word' id='word_1_279' title='bbox 1745 2343 2038 2396; x_wconf 79' lang='lat' dir='ltr'><strong>Marcianus</strong></span> 
     </span>
    </p>
   </div>
   <div class='ocr_carea' id='block_1_39' title="bbox 457 2429 2038 2503">
    <p class='ocr_par' dir='ltr' id='par_1_39' title="bbox 457 2429 2038 2503">
     <span class='ocr_line' id='line_1_39' title="bbox 457 2429 2038 2503; baseline 0.002 -18"><span class='ocrx_word' id='word_1_280' title='bbox 457 2434 722 2502; x_wconf 84' lang='lat' dir='ltr'><strong>episcopus</strong></span> <span class='ocrx_word' id='word_1_281' title='bbox 743 2435 898 2503; x_wconf 77' lang='lat' dir='ltr'><strong>p&#39;obis</strong></span> <span class='ocrx_word' id='word_1_282' title='bbox 917 2431 1247 2485; x_wconf 67' lang='lat' dir='ltr'><strong>Culusitanar.</strong></span> <span class='ocrx_word' id='word_1_283' title='bbox 1278 2431 1435 2484; x_wconf 67' lang='lat' dir='ltr'><strong>Vides</strong></span> <span class='ocrx_word' id='word_1_284' title='bbox 1464 2429 1711 2485; x_wconf 90' lang='lat' dir='ltr'><strong>Curobim</strong></span> <span class='ocrx_word' id='word_1_285' title='bbox 1741 2449 1768 2485; x_wconf 91' lang='lat' dir='ltr'><strong>a</strong></span> <span class='ocrx_word' id='word_1_286' title='bbox 1800 2433 2038 2488; x_wconf 86' lang='lat' dir='ltr'><strong>Culosita</strong></span> 
     </span>
    </p>
   </div>
   <div class='ocr_carea' id='block_1_40' title="bbox 455 2522 2039 2593">
    <p class='ocr_par' dir='ltr' id='par_1_40' title="bbox 455 2522 2039 2593">
     <span class='ocr_line' id='line_1_40' title="bbox 455 2522 2039 2593; baseline -0.001 -14"><span class='ocrx_word' id='word_1_287' title='bbox 455 2540 550 2579; x_wconf 78' lang='lat' dir='ltr'><strong>seu</strong></span> <span class='ocrx_word' id='word_1_288' title='bbox 581 2523 813 2578; x_wconf 79' lang='lat' dir='ltr'><strong>Culusita</strong></span> <span class='ocrx_word' id='word_1_289' title='bbox 838 2523 1177 2577; x_wconf 68' lang='lat' dir='ltr'><strong>distinctam?</strong></span> <span class='ocrx_word' id='word_1_290' title='bbox 1206 2522 1308 2577; x_wconf 86' lang='lat' dir='ltr'><strong>Sed</strong></span> <span class='ocrx_word' id='word_1_291' title='bbox 1339 2538 1402 2577; x_wconf 87' lang='lat' dir='ltr'><strong>ex</strong></span> <span class='ocrx_word' id='word_1_292' title='bbox 1457 2524 1566 2593; x_wconf 92' lang='lat' dir='ltr'><strong>ipsa</strong></span> <span class='ocrx_word' id='word_1_293' title='bbox 1605 2525 1888 2578; x_wconf 82' lang='lat' dir='ltr'><strong>collatione</strong></span> <span class='ocrx_word' id='word_1_294' title='bbox 1938 2525 2039 2579; x_wconf 88' lang='lat' dir='ltr'><strong>hoc</strong></span> 
     </span>
    </p>
   </div>
   <div class='ocr_carea' id='block_1_41' title="bbox 456 2615 2039 2685">
    <p class='ocr_par' dir='ltr' id='par_1_41' title="bbox 456 2615 2039 2685">
     <span class='ocr_line' id='line_1_41' title="bbox 456 2615 2039 2685; baseline 0.001 -16"><span class='ocrx_word' id='word_1_295' title='bbox 456 2617 630 2684; x_wconf 85' lang='lat' dir='ltr'><strong>ipsum</strong></span> <span class='ocrx_word' id='word_1_296' title='bbox 663 2615 1081 2682; x_wconf 87' lang='lat' dir='ltr'><strong>demonstratur,</strong></span> <span class='ocrx_word' id='word_1_297' title='bbox 1106 2617 1158 2669; x_wconf 92' lang='lat' dir='ltr'><strong>in</strong></span> <span class='ocrx_word' id='word_1_298' title='bbox 1188 2631 1287 2685; x_wconf 91' lang='lat' dir='ltr'><strong>qua</strong></span> <span class='ocrx_word' id='word_1_299' title='bbox 1312 2630 1428 2684; x_wconf 91' lang='lat' dir='ltr'><strong>cap.</strong></span> <span class='ocrx_word' id='word_1_300' title='bbox 1466 2617 1568 2672; x_wconf 76' lang='grc'><strong>158</strong></span> <span class='ocrx_word' id='word_1_301' title='bbox 1600 2616 1906 2671; x_wconf 77' lang='lat' dir='ltr'><strong>Vi-.centius</strong></span> <span class='ocrx_word' id='word_1_302' title='bbox 1933 2615 2039 2671; x_wconf 87' lang='lat' dir='ltr'><strong>Cu-</strong></span> 
     </span>
    </p>
   </div>
   <div class='ocr_carea' id='block_1_42' title="bbox 455 2689 2034 2774">
    <p class='ocr_par' dir='ltr' id='par_1_42' title="bbox 455 2689 2034 2774">
     <span class='ocr_line' id='line_1_42' title="bbox 455 2689 2034 2774; baseline 0.001 -15"><span class='ocrx_word' id='word_1_303' title='bbox 455 2705 719 2760; x_wconf 86' lang='lat' dir='ltr'><strong>lusitanus</strong></span> <span class='ocrx_word' id='word_1_304' title='bbox 745 2705 811 2760; x_wconf 88' lang='lat' dir='ltr'><strong>de</strong></span> <span class='ocrx_word' id='word_1_305' title='bbox 838 2720 932 2761; x_wconf 87' lang='lat' dir='ltr'><strong>sua</strong></span> <span class='ocrx_word' id='word_1_306' title='bbox 963 2704 1182 2762; x_wconf 63' lang='lat' dir='ltr'><strong>dioecesi</strong></span> <span class='ocrx_word' id='word_1_307' title='bbox 1200 2705 1332 2760; x_wconf 80' lang='lat' dir='ltr'><strong>dixit</strong></span> <span class='ocrx_word' id='word_1_308' title='bbox 1365 2724 1377 2758; x_wconf 87' lang='lat'><strong>:</strong></span> <span class='ocrx_word' id='word_1_309' title='bbox 1411 2703 1674 2760; x_wconf 80' lang='lat' dir='ltr'><strong>Catholica</strong></span> <span class='ocrx_word' id='word_1_310' title='bbox 1701 2716 1792 2759; x_wconf 84' lang='lat' dir='ltr'><strong>est.</strong></span> <span class='ocrx_word' id='word_1_311' title='bbox 1823 2705 1886 2759; x_wconf 94' lang='lat' dir='ltr'><strong>At</strong></span> <span class='ocrx_word' id='word_1_312' title='bbox 1915 2689 2034 2774; x_wconf 80' lang='lat' dir='ltr'><strong>cap.</strong></span> 
     </span>
    </p>
   </div>
   <div class='ocr_carea' id='block_1_43' title="bbox 455 2794 2038 2866">
    <p class='ocr_par' dir='ltr' id='par_1_43' title="bbox 455 2794 2038 2866">
     <span class='ocr_line' id='line_1_43' title="bbox 455 2794 2038 2866; baseline 0 -20"><span class='ocrx_word' id='word_1_313' title='bbox 455 2794 560 2849; x_wconf 69' lang='grc'><strong>198</strong></span> <span class='ocrx_word' id='word_1_314' title='bbox 589 2797 726 2850; x_wconf 82' lang='lat' dir='ltr'><strong>inter</strong></span> <span class='ocrx_word' id='word_1_315' title='bbox 757 2797 1062 2851; x_wconf 61' lang='lat' dir='ltr'><strong>D&#39;vnatistas</strong></span> <span class='ocrx_word' id='word_1_316' title='bbox 1090 2797 1348 2852; x_wconf 74' lang='lat' dir='ltr'><strong>recitatur</strong></span> <span class='ocrx_word' id='word_1_317' title='bbox 1383 2795 1558 2850; x_wconf 79' lang='lat' dir='ltr'><strong>Victor</strong></span> <span class='ocrx_word' id='word_1_318' title='bbox 1581 2799 1844 2866; x_wconf 60' lang='lat' dir='ltr'><strong>episcopus</strong></span> <span class='ocrx_word' id='word_1_319' title='bbox 1873 2799 2038 2851; x_wconf 82' lang='lat' dir='ltr'><strong>Curu-</strong></span> 
     </span>
    </p>
   </div>
   <div class='ocr_carea' id='block_1_44' title="bbox 458 2886 2036 2954">
    <p class='ocr_par' dir='ltr' id='par_1_44' title="bbox 458 2886 2036 2954">
     <span class='ocr_line' id='line_1_44' title="bbox 458 2886 2036 2954; baseline 0 -16"><span class='ocrx_word' id='word_1_320' title='bbox 458 2887 686 2939; x_wconf 84' lang='lat' dir='ltr'><strong>bitensis.</strong></span> <span class='ocrx_word' id='word_1_321' title='bbox 722 2887 824 2940; x_wconf 79' lang='lat' dir='ltr'><strong>Res</strong></span> <span class='ocrx_word' id='word_1_322' title='bbox 855 2897 936 2942; x_wconf 88' lang='lat' dir='ltr'><strong>est</strong></span> <span class='ocrx_word' id='word_1_323' title='bbox 957 2887 1274 2952; x_wconf 86' lang='lat' dir='ltr'><strong>clarissima,</strong></span> <span class='ocrx_word' id='word_1_324' title='bbox 1314 2887 1382 2942; x_wconf 87' lang='lat' dir='ltr'><strong>de</strong></span> <span class='ocrx_word' id='word_1_325' title='bbox 1436 2902 1536 2954; x_wconf 85' lang='lat' dir='ltr'><strong>qua</strong></span> <span class='ocrx_word' id='word_1_326' title='bbox 1570 2903 1702 2939; x_wconf 87' lang='lat' dir='ltr'><strong>unus</strong></span> <span class='ocrx_word' id='word_1_327' title='bbox 1751 2886 2036 2940; x_wconf 70' lang='lat' dir='ltr'><strong>Garnerius</strong></span> 
     </span>
    </p>
   </div>
   <div class='ocr_carea' id='block_1_45' title="bbox 456 2977 914 3044">
    <p class='ocr_par' dir='ltr' id='par_1_45' title="bbox 456 2977 914 3044">
     <span class='ocr_line' id='line_1_45' title="bbox 456 2977 914 3044; baseline -0.009 -13"><span class='ocrx_word' id='word_1_328' title='bbox 456 2977 627 3044; x_wconf 86' lang='lat' dir='ltr'><strong>potuit</strong></span> <span class='ocrx_word' id='word_1_329' title='bbox 653 2977 914 3032; x_wconf 66' lang='lat' dir='ltr'><strong>dubitare.</strong></span> 
     </span>
    </p>
   </div>
   <div class='ocr_carea' id='block_1_46' title="bbox 533 3063 2035 3134">
    <p class='ocr_par' dir='ltr' id='par_1_46' title="bbox 533 3063 2035 3134">
     <span class='ocr_line' id='line_1_46' title="bbox 533 3063 2035 3134; baseline 0 -17"><span class='ocrx_word' id='word_1_330' title='bbox 533 3067 825 3118; x_wconf 73' lang='lat' dir='ltr'><strong>PunLtaNus</strong></span> <span class='ocrx_word' id='word_1_331' title='bbox 884 3066 1402 3119; x_wconf 60' lang='lat' dir='ltr'><strong>Bszsuaotmczanm.</strong></span> <span class='ocrx_word' id='word_1_332' title='bbox 1470 3063 1554 3116; x_wconf 87' lang='lat' dir='ltr'><strong>Ita</strong></span> <span class='ocrx_word' id='word_1_333' title='bbox 1604 3066 1804 3133; x_wconf 67' lang='lat' dir='ltr'><strong>quidem</strong></span> <span class='ocrx_word' id='word_1_334' title='bbox 1854 3067 2035 3134; x_wconf 68' lang='grc' dir='ltr'>Ιίῃιιιιν</span> 
     </span>
    </p>
   </div>
   <div class='ocr_carea' id='block_1_47' title="bbox 2142 1890 3712 1956">
    <p class='ocr_par' dir='ltr' id='par_1_47' title="bbox 2142 1890 3712 1956">
     <span class='ocr_line' id='line_1_47' title="bbox 2142 1890 3712 1956; baseline 0.001 -13"><span class='ocrx_word' id='word_1_335' title='bbox 2142 1891 2469 1945; x_wconf 73' lang='lat' dir='ltr'><strong>Memblosita</strong></span> <span class='ocrx_word' id='word_1_336' title='bbox 2500 1892 2788 1947; x_wconf 89' lang='lat' dir='ltr'><strong>Garnerius</strong></span> <span class='ocrx_word' id='word_1_337' title='bbox 2816 1892 3160 1946; x_wconf 58' lang='lat' dir='ltr'><strong>existimavit.</strong></span> <span class='ocrx_word' id='word_1_338' title='bbox 3196 1891 3294 1956; x_wconf 84' lang='lat' dir='ltr'><strong>Qui</strong></span> <span class='ocrx_word' id='word_1_339' title='bbox 3328 1890 3488 1946; x_wconf 89' lang='lat' dir='ltr'><strong>etiam</strong></span> <span class='ocrx_word' id='word_1_340' title='bbox 3517 1891 3712 1946; x_wconf 84' lang='lat' dir='ltr'><strong>ibidem</strong></span> 
     </span>
    </p>
   </div>
   <div class='ocr_carea' id='block_1_48' title="bbox 2143 1981 3711 2052">
    <p class='ocr_par' dir='ltr' id='par_1_48' title="bbox 2143 1981 3711 2052">
     <span class='ocr_line' id='line_1_48' title="bbox 2143 1981 3711 2052; baseline 0.003 -20"><span class='ocrx_word' id='word_1_341' title='bbox 2143 1982 2334 2048; x_wconf 81' lang='lat' dir='ltr'><strong>probat</strong></span> <span class='ocrx_word' id='word_1_342' title='bbox 2359 1981 2733 2036; x_wconf 70' lang='lat' dir='ltr'><strong>Membressam</strong></span> <span class='ocrx_word' id='word_1_343' title='bbox 2759 1990 3027 2050; x_wconf 85' lang='lat' dir='ltr'><strong>spectasse</strong></span> <span class='ocrx_word' id='word_1_344' title='bbox 3049 1982 3114 2036; x_wconf 89' lang='lat' dir='ltr'><strong>ad</strong></span> <span class='ocrx_word' id='word_1_345' title='bbox 3143 1981 3574 2050; x_wconf 80' lang='lat' dir='ltr'><strong>praeonsularcs,</strong></span> <span class='ocrx_word' id='word_1_346' title='bbox 3591 1986 3711 2052; x_wconf 84' lang='lat' dir='ltr'><strong>quia</strong></span> 
     </span>
    </p>
   </div>
   <div class='ocr_carea' id='block_1_49' title="bbox 2142 2071 3722 2127">
    <p class='ocr_par' dir='ltr' id='par_1_49' title="bbox 2142 2071 3722 2127">
     <span class='ocr_line' id='line_1_49' title="bbox 2142 2071 3722 2127; baseline 0.003 -5"><span class='ocrx_word' id='word_1_347' title='bbox 2142 2085 2206 2123; x_wconf 80' lang='lat' dir='ltr'><strong>ex</strong></span> <span class='ocrx_word' id='word_1_348' title='bbox 2240 2071 2509 2124; x_wconf 84' lang='lat' dir='ltr'><strong>Antonino</strong></span> <span class='ocrx_word' id='word_1_349' title='bbox 2539 2081 2730 2124; x_wconf 65' lang='lat' dir='ltr'><strong>constat</strong></span> <span class='ocrx_word' id='word_1_350' title='bbox 2757 2073 3005 2125; x_wconf 71' lang='lat' dir='ltr'><strong>civimtem</strong></span> <span class='ocrx_word' id='word_1_351' title='bbox 3041 2072 3173 2125; x_wconf 80' lang='lat' dir='ltr'><strong>hanc</strong></span> <span class='ocrx_word' id='word_1_352' title='bbox 3211 2072 3340 2125; x_wconf 84' lang='lat' dir='ltr'><strong>inter</strong></span> <span class='ocrx_word' id='word_1_353' title='bbox 3381 2071 3722 2127; x_wconf 74' lang='lat' dir='ltr'><strong>Hustitanam.</strong></span> 
     </span>
    </p>
   </div>
   <div class='ocr_carea' id='block_1_50' title="bbox 2139 2162 3711 2234">
    <p class='ocr_par' dir='ltr' id='par_1_50' title="bbox 2139 2162 3711 2234">
     <span class='ocr_line' id='line_1_50' title="bbox 2139 2162 3711 2234; baseline 0.002 -20"><span class='ocrx_word' id='word_1_354' title='bbox 2139 2171 2188 2214; x_wconf 81' lang='lat' dir='ltr'><strong>et</strong></span> <span class='ocrx_word' id='word_1_355' title='bbox 2224 2162 2520 2216; x_wconf 60' lang='lat' dir='ltr'><strong>Sirilibbam</strong></span> <span class='ocrx_word' id='word_1_356' title='bbox 2552 2164 2726 2234; x_wconf 74' lang='lat' dir='ltr'><strong>fuisse.</strong></span> <span class='ocrx_word' id='word_1_357' title='bbox 2763 2165 2825 2218; x_wconf 91' lang='lat' dir='ltr'><strong>At</strong></span> <span class='ocrx_word' id='word_1_358' title='bbox 2856 2164 3135 2217; x_wconf 81' lang='lat' dir='ltr'><strong>Mustitana</strong></span> <span class='ocrx_word' id='word_1_359' title='bbox 3175 2163 3474 2232; x_wconf 86' lang='lat' dir='ltr'><strong>pertinebat</strong></span> <span class='ocrx_word' id='word_1_360' title='bbox 3503 2165 3568 2218; x_wconf 89' lang='lat' dir='ltr'><strong>ad</strong></span> <span class='ocrx_word' id='word_1_361' title='bbox 3605 2165 3711 2218; x_wconf 85' lang='lat' dir='ltr'><strong>Nu-</strong></span> 
     </span>
    </p>
   </div>
   <div class='ocr_carea' id='block_1_51' title="bbox 2143 2249 3708 2323">
    <p class='ocr_par' dir='ltr' id='par_1_51' title="bbox 2143 2249 3708 2323">
     <span class='ocr_line' id='line_1_51' title="bbox 2143 2249 3708 2323; baseline 0.003 -19"><span class='ocrx_word' id='word_1_362' title='bbox 2143 2249 2268 2304; x_wconf 86' lang='lat' dir='ltr'><strong>midi</strong></span> <span class='ocrx_word' id='word_1_363' title='bbox 2289 2271 2356 2304; x_wconf 90' lang='lat' dir='ltr'><strong>uu</strong></span> <span class='ocrx_word' id='word_1_364' title='bbox 2387 2269 2450 2306; x_wconf 76' lang='lat' dir='ltr'><strong>ex</strong></span> <span class='ocrx_word' id='word_1_365' title='bbox 2482 2254 2675 2305; x_wconf 81' lang='lat' dir='ltr'><strong>Notitia</strong></span> <span class='ocrx_word' id='word_1_366' title='bbox 2707 2253 2920 2318; x_wconf 58' lang='lat' dir='ltr'><strong>Africae,</strong></span> <span class='ocrx_word' id='word_1_367' title='bbox 2951 2254 3001 2306; x_wconf 92' lang='lat' dir='ltr'><strong>in</strong></span> <span class='ocrx_word' id='word_1_368' title='bbox 3029 2269 3131 2323; x_wconf 88' lang='lat' dir='ltr'><strong>qua</strong></span> <span class='ocrx_word' id='word_1_369' title='bbox 3163 2254 3299 2307; x_wconf 89' lang='lat' dir='ltr'><strong>inter</strong></span> <span class='ocrx_word' id='word_1_370' title='bbox 3327 2253 3584 2307; x_wconf 87' lang='lat' dir='ltr'><strong>Numidas</strong></span> <span class='ocrx_word' id='word_1_371' title='bbox 3615 2270 3708 2308; x_wconf 88' lang='lat' dir='ltr'><strong>no-</strong></span> 
     </span>
    </p>
   </div>
   <div class='ocr_carea' id='block_1_52' title="bbox 2142 2342 3713 2406">
    <p class='ocr_par' dir='ltr' id='par_1_52' title="bbox 2142 2342 3713 2406">
     <span class='ocr_line' id='line_1_52' title="bbox 2142 2342 3713 2406; baseline 0.004 -12"><span class='ocrx_word' id='word_1_372' title='bbox 2142 2342 2372 2395; x_wconf 87' lang='lat' dir='ltr'><strong>minatur</strong></span> <span class='ocrx_word' id='word_1_373' title='bbox 2412 2344 2732 2396; x_wconf 82' lang='lat' dir='ltr'><strong>Antonianus</strong></span> <span class='ocrx_word' id='word_1_374' title='bbox 2772 2342 3116 2406; x_wconf 81' lang='lat' dir='ltr'><strong>Mustitanus;</strong></span> <span class='ocrx_word' id='word_1_375' title='bbox 3154 2343 3196 2397; x_wconf 87' lang='lat' dir='ltr'><strong>si</strong></span> <span class='ocrx_word' id='word_1_376' title='bbox 3234 2360 3360 2399; x_wconf 78' lang='lat' dir='ltr'><strong>vero</strong></span> <span class='ocrx_word' id='word_1_377' title='bbox 3391 2344 3713 2400; x_wconf 79' lang='lat' dir='ltr'><strong>Membressa</strong></span> 
     </span>
    </p>
   </div>
   <div class='ocr_carea' id='block_1_53' title="bbox 2140 2433 3712 2502">
    <p class='ocr_par' dir='ltr' id='par_1_53' title="bbox 2140 2433 3712 2502">
     <span class='ocr_line' id='line_1_53' title="bbox 2140 2433 3712 2502; baseline 0.003 -16"><span class='ocrx_word' id='word_1_378' title='bbox 2140 2434 2278 2487; x_wconf 91' lang='lat' dir='ltr'><strong>inter</strong></span> <span class='ocrx_word' id='word_1_379' title='bbox 2302 2433 2432 2486; x_wconf 88' lang='lat' dir='ltr'><strong>duas</strong></span> <span class='ocrx_word' id='word_1_380' title='bbox 2451 2434 2606 2487; x_wconf 88' lang='lat' dir='ltr'><strong>urbes</strong></span> <span class='ocrx_word' id='word_1_381' title='bbox 2631 2435 3040 2502; x_wconf 70' lang='lat' dir='ltr'><strong>proconsulares</strong></span> <span class='ocrx_word' id='word_1_382' title='bbox 3064 2434 3269 2500; x_wconf 63' lang='lat' dir='ltr'><strong>luisset,</strong></span> <span class='ocrx_word' id='word_1_383' title='bbox 3294 2440 3427 2490; x_wconf 73' lang='lat' dir='ltr'><strong>forte</strong></span> <span class='ocrx_word' id='word_1_384' title='bbox 3446 2436 3712 2490; x_wconf 86' lang='lat' dir='ltr'><strong>intentum</strong></span> 
     </span>
    </p>
   </div>
   <div class='ocr_carea' id='block_1_54' title="bbox 2140 2522 3712 2595">
    <p class='ocr_par' dir='ltr' id='par_1_54' title="bbox 2140 2522 3712 2595">
     <span class='ocr_line' id='line_1_54' title="bbox 2140 2522 3712 2595; baseline 0.004 -20"><span class='ocrx_word' id='word_1_385' title='bbox 2140 2522 2436 2590; x_wconf 80' lang='lat' dir='ltr'><strong>probasset.</strong></span> <span class='ocrx_word' id='word_1_386' title='bbox 2485 2522 2608 2575; x_wconf 85' lang='lat' dir='ltr'><strong>Haec</strong></span> <span class='ocrx_word' id='word_1_387' title='bbox 2651 2523 2719 2578; x_wconf 88' lang='lat' dir='ltr'><strong>de</strong></span> <span class='ocrx_word' id='word_1_388' title='bbox 2757 2524 3043 2578; x_wconf 87' lang='lat' dir='ltr'><strong>Mustitana</strong></span> <span class='ocrx_word' id='word_1_389' title='bbox 3083 2524 3212 2578; x_wconf 89' lang='lat' dir='ltr'><strong>urbe</strong></span> <span class='ocrx_word' id='word_1_390' title='bbox 3248 2525 3398 2594; x_wconf 76' lang='lat' dir='ltr'><strong>juxta</strong></span> <span class='ocrx_word' id='word_1_391' title='bbox 3437 2527 3712 2595; x_wconf 78' lang='lat' dir='ltr'><strong>vulgarem</strong></span> 
     </span>
    </p>
   </div>
   <div class='ocr_carea' id='block_1_55' title="bbox 2139 2611 3714 2682">
    <p class='ocr_par' dir='ltr' id='par_1_55' title="bbox 2139 2611 3714 2682">
     <span class='ocr_line' id='line_1_55' title="bbox 2139 2611 3714 2682; baseline 0.003 -16"><span class='ocrx_word' id='word_1_392' title='bbox 2139 2611 2457 2666; x_wconf 66' lang='lat' dir='ltr'><strong>sententiam</strong></span> <span class='ocrx_word' id='word_1_393' title='bbox 2490 2611 2697 2679; x_wconf 63' lang='lat' dir='ltr'><strong>loquar.</strong></span> <span class='ocrx_word' id='word_1_394' title='bbox 2733 2613 2923 2666; x_wconf 86' lang='lat' dir='ltr'><strong>Debuit</strong></span> <span class='ocrx_word' id='word_1_395' title='bbox 2951 2628 3076 2682; x_wconf 78' lang='lat' dir='ltr'><strong>ergo</strong></span> <span class='ocrx_word' id='word_1_396' title='bbox 3107 2615 3220 2668; x_wconf 66' lang='lat' dir='ltr'><strong>haec</strong></span> <span class='ocrx_word' id='word_1_397' title='bbox 3247 2614 3617 2669; x_wconf 86' lang='lat' dir='ltr'><strong>demonstrare</strong></span> <span class='ocrx_word' id='word_1_398' title='bbox 3647 2630 3714 2670; x_wconf 73' lang='lat' dir='ltr'><strong>ex</strong></span> 
     </span>
    </p>
   </div>
   <div class='ocr_carea' id='block_1_56' title="bbox 2139 2702 3716 2772">
    <p class='ocr_par' dir='ltr' id='par_1_56' title="bbox 2139 2702 3716 2772">
     <span class='ocr_line' id='line_1_56' title="bbox 2139 2702 3716 2772; baseline 0.004 -17"><span class='ocrx_word' id='word_1_399' title='bbox 2139 2702 2390 2770; x_wconf 79' lang='lat' dir='ltr'><strong>synodica</strong></span> <span class='ocrx_word' id='word_1_400' title='bbox 2415 2709 2518 2755; x_wconf 89' lang='lat' dir='ltr'><strong>act.</strong></span> <span class='ocrx_word' id='word_1_401' title='bbox 2550 2703 2583 2754; x_wconf 78' lang='grc'>2</span> <span class='ocrx_word' id='word_1_402' title='bbox 2610 2702 2816 2755; x_wconf 81' lang='lat' dir='ltr'><strong>concilii</strong></span> <span class='ocrx_word' id='word_1_403' title='bbox 2839 2702 2894 2756; x_wconf 91' lang='lat' dir='ltr'><strong>S.</strong></span> <span class='ocrx_word' id='word_1_404' title='bbox 2928 2703 3137 2757; x_wconf 86' lang='lat' dir='ltr'><strong>Martini</strong></span> <span class='ocrx_word' id='word_1_405' title='bbox 3165 2718 3332 2772; x_wconf 65' lang='lat' dir='ltr'><strong>papae,</strong></span> <span class='ocrx_word' id='word_1_406' title='bbox 3365 2705 3414 2756; x_wconf 90' lang='lat' dir='ltr'><strong>in</strong></span> <span class='ocrx_word' id='word_1_407' title='bbox 3445 2721 3550 2771; x_wconf 88' lang='lat' dir='ltr'><strong>qua</strong></span> <span class='ocrx_word' id='word_1_408' title='bbox 3575 2706 3716 2761; x_wconf 83' lang='lat' dir='ltr'><strong>inter</strong></span> 
     </span>
    </p>
   </div>
   <div class='ocr_carea' id='block_1_57' title="bbox 2140 2792 3718 2861">
    <p class='ocr_par' dir='ltr' id='par_1_57' title="bbox 2140 2792 3718 2861">
     <span class='ocr_line' id='line_1_57' title="bbox 2140 2792 3718 2861; baseline 0.005 -17"><span class='ocrx_word' id='word_1_409' title='bbox 2140 2793 2544 2861; x_wconf 46' lang='lat' dir='ltr'><strong>proconsulare</strong></span> <span class='ocrx_word' id='word_1_410' title='bbox 2570 2793 2815 2846; x_wconf 81' lang='lat' dir='ltr'><strong>laudatur</strong></span> <span class='ocrx_word' id='word_1_411' title='bbox 2847 2792 3017 2846; x_wconf 82' lang='lat' dir='ltr'><strong>Victor</strong></span> <span class='ocrx_word' id='word_1_412' title='bbox 3046 2793 3519 2861; x_wconf 78' lang='lat' dir='ltr'><strong>Membressitanus,</strong></span> <span class='ocrx_word' id='word_1_413' title='bbox 3564 2809 3619 2851; x_wconf 92' lang='lat' dir='ltr'><strong>et</strong></span> <span class='ocrx_word' id='word_1_414' title='bbox 3648 2813 3718 2852; x_wconf 80' lang='lat' dir='ltr'><strong>ex</strong></span> 
     </span>
    </p>
   </div>
   <div class='ocr_carea' id='block_1_58' title="bbox 2139 2882 3718 2954">
    <p class='ocr_par' dir='ltr' id='par_1_58' title="bbox 2139 2882 3718 2954">
     <span class='ocr_line' id='line_1_58' title="bbox 2139 2882 3718 2954; baseline 0.004 -20"><span class='ocrx_word' id='word_1_415' title='bbox 2139 2883 2345 2952; x_wconf 73' lang='lat' dir='ltr'><strong>synodo</strong></span> <span class='ocrx_word' id='word_1_416' title='bbox 2379 2882 2630 2935; x_wconf 69' lang='lat' dir='ltr'><strong>Bonifatii</strong></span> <span class='ocrx_word' id='word_1_417' title='bbox 2659 2883 3094 2951; x_wconf 80' lang='lat' dir='ltr'><strong>Carthaginensis</strong></span> <span class='ocrx_word' id='word_1_418' title='bbox 3119 2899 3206 2937; x_wconf 89' lang='lat' dir='ltr'><strong>an.</strong></span> <span class='ocrx_word' id='word_1_419' title='bbox 3238 2885 3362 2951; x_wconf 71' lang='lat'><strong>525,</strong></span> <span class='ocrx_word' id='word_1_420' title='bbox 3397 2901 3556 2954; x_wconf 89' lang='lat' dir='ltr'><strong>quam</strong></span> <span class='ocrx_word' id='word_1_421' title='bbox 3587 2886 3718 2941; x_wconf 86' lang='lat' dir='ltr'><strong>sub—</strong></span> 
     </span>
    </p>
   </div>
   <div class='ocr_carea' id='block_1_59' title="bbox 2137 2973 3155 3030">
    <p class='ocr_par' dir='ltr' id='par_1_59' title="bbox 2137 2973 3155 3030">
     <span class='ocr_line' id='line_1_59' title="bbox 2137 2973 3155 3030; baseline 0.003 -3"><span class='ocrx_word' id='word_1_422' title='bbox 2137 2975 2323 3027; x_wconf 84' lang='lat' dir='ltr'><strong>scribit</strong></span> <span class='ocrx_word' id='word_1_423' title='bbox 2353 2973 2656 3027; x_wconf 74' lang='lat' dir='ltr'><strong>Paschasius</strong></span> <span class='ocrx_word' id='word_1_424' title='bbox 2685 2974 3155 3030; x_wconf 82' lang='lat' dir='ltr'><strong>Membressitanus.</strong></span> 
     </span>
    </p>
   </div>
   <div class='ocr_carea' id='block_1_60' title="bbox 2207 3062 3718 3124">
    <p class='ocr_par' dir='ltr' id='par_1_60' title="bbox 2207 3062 3718 3124">
     <span class='ocr_line' id='line_1_60' title="bbox 2207 3062 3718 3124; baseline 0.005 -8"><span class='ocrx_word' id='word_1_425' title='bbox 2207 3062 2381 3116; x_wconf 57' lang='lat' dir='ltr'><strong>Turris</strong></span> <span class='ocrx_word' id='word_1_426' title='bbox 2413 3063 2765 3117; x_wconf 68' lang='grc' dir='ltr'>Μειιιιτιιιιιτς.</span> <span class='ocrx_word' id='word_1_427' title='bbox 2801 3064 3052 3118; x_wconf 87' lang='lat' dir='ltr'><strong>Scribitur</strong></span> <span class='ocrx_word' id='word_1_428' title='bbox 3079 3067 3130 3118; x_wconf 89' lang='lat' dir='ltr'><strong>in</strong></span> <span class='ocrx_word' id='word_1_429' title='bbox 3157 3067 3429 3121; x_wconf 83' lang='lat' dir='ltr'><strong>collatione</strong></span> <span class='ocrx_word' id='word_1_430' title='bbox 3471 3069 3718 3124; x_wconf 78' lang='lat' dir='ltr'><strong>Melzita-</strong></span> 
     </span>
    </p>
   </div>
   <div class='ocr_carea' id='block_1_61' title="bbox 458 3141 3719 3228">
    <p class='ocr_par' dir='ltr' id='par_1_61' title="bbox 458 3141 3719 3228">
     <span class='ocr_line' id='line_1_61' title="bbox 458 3141 3719 3228; baseline 0.003 -21"><span class='ocrx_word' id='word_1_431' title='bbox 458 3155 513 3207; x_wconf 82' lang='lat' dir='ltr'><strong>in</strong></span> <span class='ocrx_word' id='word_1_432' title='bbox 543 3153 811 3205; x_wconf 84' lang='lat' dir='ltr'><strong>collatione</strong></span> <span class='ocrx_word' id='word_1_433' title='bbox 843 3169 860 3205; x_wconf 92' lang='lat'><strong><em>:</em></strong></span> <span class='ocrx_word' id='word_1_434' title='bbox 899 3152 1002 3205; x_wconf 69' lang='lat' dir='ltr'><strong>Sed</strong></span> <span class='ocrx_word' id='word_1_435' title='bbox 1033 3148 1151 3221; x_wconf 77' lang='lat' dir='ltr'><strong>quia</strong></span> <span class='ocrx_word' id='word_1_436' title='bbox 1177 3141 1389 3217; x_wconf 59' lang='lat' dir='ltr'><strong>nullibr’,</strong></span> <span class='ocrx_word' id='word_1_437' title='bbox 1413 3155 1548 3222; x_wconf 83' lang='lat' dir='ltr'><strong>quod</strong></span> <span class='ocrx_word' id='word_1_438' title='bbox 1585 3155 1760 3217; x_wconf 82' lang='lat' dir='ltr'><strong>sciant,</strong></span> <span class='ocrx_word' id='word_1_439' title='bbox 1791 3155 2022 3223; x_wconf 63' lang='lat' dir='ltr'><strong>hujusre~</strong></span> <span class='ocrx_word' id='word_1_440' title='bbox 2057 3147 2100 3208; x_wconf 90' lang='lat' dir='ltr'><strong>C</strong></span> <span class='ocrx_word' id='word_1_441' title='bbox 2133 3171 2248 3218; x_wconf 84' lang='lat' dir='ltr'><strong>nus,</strong></span> <span class='ocrx_word' id='word_1_442' title='bbox 2276 3153 2366 3205; x_wconf 75' lang='lat' dir='ltr'><strong>sed</strong></span> <span class='ocrx_word' id='word_1_443' title='bbox 2396 3155 2567 3207; x_wconf 81' lang='lat' dir='ltr'><strong>vitiose</strong></span> <span class='ocrx_word' id='word_1_444' title='bbox 2594 3156 2776 3223; x_wconf 75' lang='lat' dir='ltr'><strong>Opinor</strong></span> <span class='ocrx_word' id='word_1_445' title='bbox 2806 3171 2824 3208; x_wconf 92' lang='lat'><strong><em>:</em></strong></span> <span class='ocrx_word' id='word_1_446' title='bbox 2854 3172 3012 3223; x_wconf 83' lang='lat' dir='ltr'><strong>neque</strong></span> <span class='ocrx_word' id='word_1_447' title='bbox 3041 3158 3172 3210; x_wconf 89' lang='lat' dir='ltr'><strong>enim</strong></span> <span class='ocrx_word' id='word_1_448' title='bbox 3203 3160 3266 3212; x_wconf 85' lang='lat' dir='ltr'><strong>ab</strong></span> <span class='ocrx_word' id='word_1_449' title='bbox 3296 3161 3402 3213; x_wconf 91' lang='lat' dir='ltr'><strong>ullo</strong></span> <span class='ocrx_word' id='word_1_450' title='bbox 3433 3163 3491 3228; x_wconf 82' lang='lat' dir='ltr'><strong>ﬁt</strong></span> <span class='ocrx_word' id='word_1_451' title='bbox 3524 3165 3719 3216; x_wconf 80' lang='lat' dir='ltr'><strong>mentio</strong></span> 
     </span>
    </p>
   </div>
   <div class='ocr_carea' id='block_1_62' title="bbox 459 3241 2032 3310">
    <p class='ocr_par' dir='ltr' id='par_1_62' title="bbox 459 3241 2032 3310">
     <span class='ocr_line' id='line_1_62' title="bbox 459 3241 2032 3310; baseline 0.001 -15"><span class='ocrx_word' id='word_1_452' title='bbox 459 3243 599 3295; x_wconf 85' lang='lat' dir='ltr'><strong>modi</strong></span> <span class='ocrx_word' id='word_1_453' title='bbox 621 3241 834 3294; x_wconf 84' lang='lat' dir='ltr'><strong>civitatis</strong></span> <span class='ocrx_word' id='word_1_454' title='bbox 859 3243 1043 3295; x_wconf 84' lang='lat' dir='ltr'><strong>mentio</strong></span> <span class='ocrx_word' id='word_1_455' title='bbox 1071 3243 1150 3310; x_wconf 81' lang='lat' dir='ltr'><strong>fit,</strong></span> <span class='ocrx_word' id='word_1_456' title='bbox 1181 3243 1433 3310; x_wconf 85' lang='lat' dir='ltr'><strong>suspicari</strong></span> <span class='ocrx_word' id='word_1_457' title='bbox 1463 3253 1626 3310; x_wconf 82' lang='lat' dir='ltr'><strong>posset</strong></span> <span class='ocrx_word' id='word_1_458' title='bbox 1656 3245 1843 3308; x_wconf 78' lang='lat' dir='ltr'><strong>aliquis</strong></span> <span class='ocrx_word' id='word_1_459' title='bbox 1873 3245 2032 3296; x_wconf 69' lang='lat' dir='ltr'><strong>iuraac</strong></span> 
     </span>
    </p>
   </div>
   <div class='ocr_carea' id='block_1_63' title="bbox 458 3329 2031 3400">
    <p class='ocr_par' dir='ltr' id='par_1_63' title="bbox 458 3329 2031 3400">
     <span class='ocr_line' id='line_1_63' title="bbox 458 3329 2031 3400; baseline -0.001 -16"><span class='ocrx_word' id='word_1_460' title='bbox 458 3329 717 3395; x_wconf 78' lang='lat' dir='ltr'><strong>mendum,</strong></span> <span class='ocrx_word' id='word_1_461' title='bbox 764 3333 1206 3400; x_wconf 80' lang='lat' dir='ltr'><strong>reponendnmque</strong></span> <span class='ocrx_word' id='word_1_462' title='bbox 1256 3332 1750 3392; x_wconf 70' lang='lat' dir='ltr'><strong>Mazaranacennm:</strong></span> <span class='ocrx_word' id='word_1_463' title='bbox 1791 3343 1864 3387; x_wconf 83' lang='lat' dir='ltr'><strong>est</strong></span> <span class='ocrx_word' id='word_1_464' title='bbox 1899 3337 2031 3387; x_wconf 87' lang='lat' dir='ltr'><strong>enim</strong></span> 
     </span>
    </p>
   </div>
   <div class='ocr_carea' id='block_1_64' title="bbox 457 3420 2033 3496">
    <p class='ocr_par' dir='ltr' id='par_1_64' title="bbox 457 3420 2033 3496">
     <span class='ocr_line' id='line_1_64' title="bbox 457 3420 2033 3496; baseline 0.002 -20"><span class='ocrx_word' id='word_1_465' title='bbox 457 3420 743 3476; x_wconf 74' lang='lat' dir='ltr'><strong>Mazarana</strong></span> <span class='ocrx_word' id='word_1_466' title='bbox 760 3424 934 3476; x_wconf 75' lang='lat' dir='ltr'><strong>civitas</strong></span> <span class='ocrx_word' id='word_1_467' title='bbox 955 3423 1008 3475; x_wconf 82' lang='lat' dir='ltr'><strong>in</strong></span> <span class='ocrx_word' id='word_1_468' title='bbox 1026 3425 1284 3490; x_wconf 79' lang='lat' dir='ltr'><strong>provinc&#39;a</strong></span> <span class='ocrx_word' id='word_1_469' title='bbox 1310 3424 1672 3477; x_wconf 78' lang='lat' dir='ltr'><strong>Proronsulari</strong></span> <span class='ocrx_word' id='word_1_470' title='bbox 1694 3427 1820 3478; x_wconf 65' lang='lat' dir='ltr'><strong>inter</strong></span> <span class='ocrx_word' id='word_1_471' title='bbox 1839 3424 2033 3496; x_wconf 80' lang='lat' dir='ltr'><strong>Bagra-</strong></span> 
     </span>
    </p>
   </div>
   <div class='ocr_carea' id='block_1_65' title="bbox 458 3514 2028 3589">
    <p class='ocr_par' dir='ltr' id='par_1_65' title="bbox 458 3514 2028 3589">
     <span class='ocr_line' id='line_1_65' title="bbox 458 3514 2028 3589; baseline 0.003 -22"><span class='ocrx_word' id='word_1_472' title='bbox 458 3516 577 3567; x_wconf 86' lang='lat' dir='ltr'><strong>dam</strong></span> <span class='ocrx_word' id='word_1_473' title='bbox 598 3514 830 3582; x_wconf 81' lang='lat' dir='ltr'><strong>ﬂuvium,</strong></span> <span class='ocrx_word' id='word_1_474' title='bbox 856 3523 901 3566; x_wconf 77' lang='lat' dir='ltr'><strong>et</strong></span> <span class='ocrx_word' id='word_1_475' title='bbox 931 3515 1119 3584; x_wconf 76' lang='lat' dir='ltr'><strong>fontem</strong></span> <span class='ocrx_word' id='word_1_476' title='bbox 1147 3514 1375 3583; x_wconf 77' lang='lat' dir='ltr'><strong>Catadrr,</strong></span> <span class='ocrx_word' id='word_1_477' title='bbox 1399 3532 1498 3586; x_wconf 83' lang='lat' dir='ltr'><strong>quo</strong></span> <span class='ocrx_word' id='word_1_478' title='bbox 1526 3516 1738 3570; x_wconf 86' lang='lat' dir='ltr'><strong>alluitur</strong></span> <span class='ocrx_word' id='word_1_479' title='bbox 1761 3516 2028 3589; x_wconf 80' lang='lat' dir='ltr'><strong>Carthago.</strong></span> 
     </span>
    </p>
   </div>
   <div class='ocr_carea' id='block_1_66' title="bbox 455 3606 2032 3678">
    <p class='ocr_par' dir='ltr' id='par_1_66' title="bbox 455 3606 2032 3678">
     <span class='ocr_line' id='line_1_66' title="bbox 455 3606 2032 3678; baseline 0 -15"><span class='ocrx_word' id='word_1_480' title='bbox 455 3606 705 3663; x_wconf 76' lang='lat' dir='ltr'><strong>Proferto</strong></span> <span class='ocrx_word' id='word_1_481' title='bbox 738 3607 922 3661; x_wconf 89' lang='lat' dir='ltr'><strong>urbem</strong></span> <span class='ocrx_word' id='word_1_482' title='bbox 949 3606 1461 3663; x_wconf 69' lang='lat' dir='ltr'><strong>Bazaradidaeenam</strong></span> <span class='ocrx_word' id='word_1_483' title='bbox 1497 3623 1558 3664; x_wconf 77' lang='lat' dir='ltr'><strong>ex</strong></span> <span class='ocrx_word' id='word_1_484' title='bbox 1587 3624 1707 3678; x_wconf 88' lang='lat' dir='ltr'><strong>cap.</strong></span> <span class='ocrx_word' id='word_1_485' title='bbox 1742 3609 1843 3664; x_wconf 70' lang='lat'><strong>19.5</strong></span> <span class='ocrx_word' id='word_1_486' title='bbox 1871 3611 2032 3664; x_wconf 79' lang='lat' dir='ltr'><strong>colla-</strong></span> 
     </span>
    </p>
   </div>
   <div class='ocr_carea' id='block_1_67' title="bbox 457 3701 2031 3770">
    <p class='ocr_par' dir='ltr' id='par_1_67' title="bbox 457 3701 2031 3770">
     <span class='ocr_line' id='line_1_67' title="bbox 457 3701 2031 3770; baseline 0.003 -18"><span class='ocrx_word' id='word_1_487' title='bbox 457 3701 619 3755; x_wconf 89' lang='lat' dir='ltr'><strong>tionis</strong></span> <span class='ocrx_word' id='word_1_488' title='bbox 662 3701 939 3756; x_wconf 85' lang='lat' dir='ltr'><strong>habemus.</strong></span> <span class='ocrx_word' id='word_1_489' title='bbox 971 3701 1238 3770; x_wconf 75' lang='lat' dir='ltr'><strong>Nusquam</strong></span> <span class='ocrx_word' id='word_1_490' title='bbox 1267 3712 1443 3757; x_wconf 88' lang='lat' dir='ltr'><strong>tamen</strong></span> <span class='ocrx_word' id='word_1_491' title='bbox 1476 3718 1631 3756; x_wconf 71' lang='lat' dir='ltr'><strong>novre</strong></span> <span class='ocrx_word' id='word_1_492' title='bbox 1663 3704 1811 3757; x_wconf 86' lang='lat' dir='ltr'><strong>urbis</strong></span> <span class='ocrx_word' id='word_1_493' title='bbox 1852 3705 2031 3757; x_wconf 88' lang='lat' dir='ltr'><strong>Maza-</strong></span> 
     </span>
    </p>
   </div>
   <div class='ocr_carea' id='block_1_68' title="bbox 455 3792 2034 3865">
    <p class='ocr_par' dir='ltr' id='par_1_68' title="bbox 455 3792 2034 3865">
     <span class='ocr_line' id='line_1_68' title="bbox 455 3792 2034 3865; baseline 0.003 -21"><span class='ocrx_word' id='word_1_494' title='bbox 455 3808 596 3845; x_wconf 76' lang='lat' dir='ltr'><strong>ranw</strong></span> <span class='ocrx_word' id='word_1_495' title='bbox 626 3807 840 3849; x_wconf 81' lang='lat' dir='ltr'><strong>nomen.</strong></span> <span class='ocrx_word' id='word_1_496' title='bbox 861 3792 962 3845; x_wconf 90' lang='lat' dir='ltr'><strong>nisi</strong></span> <span class='ocrx_word' id='word_1_497' title='bbox 996 3793 1046 3845; x_wconf 92' lang='lat' dir='ltr'><strong>in</strong></span> <span class='ocrx_word' id='word_1_498' title='bbox 1076 3793 1220 3846; x_wconf 90' lang='lat' dir='ltr'><strong>Nova</strong></span> <span class='ocrx_word' id='word_1_499' title='bbox 1249 3792 1489 3846; x_wconf 89' lang='lat' dir='ltr'><strong>Garnerii</strong></span> <span class='ocrx_word' id='word_1_500' title='bbox 1521 3792 1856 3864; x_wconf 80' lang='lat' dir='ltr'><strong>Geograpbia</strong></span> <span class='ocrx_word' id='word_1_501' title='bbox 1884 3811 2034 3865; x_wconf 83' lang='lat' dir='ltr'><strong>repe-</strong></span> 
     </span>
    </p>
   </div>
   <div class='ocr_carea' id='block_1_69' title="bbox 456 3879 2034 3953">
    <p class='ocr_par' dir='ltr' id='par_1_69' title="bbox 456 3879 2034 3953">
     <span class='ocr_line' id='line_1_69' title="bbox 456 3879 2034 3953; baseline 0.005 -20"><span class='ocrx_word' id='word_1_502' title='bbox 456 3883 613 3933; x_wconf 83' lang='lat' dir='ltr'><strong>ritur.</strong></span> <span class='ocrx_word' id='word_1_503' title='bbox 647 3879 704 3932; x_wconf 87' lang='lat' dir='ltr'><strong>in</strong></span> <span class='ocrx_word' id='word_1_504' title='bbox 734 3880 939 3949; x_wconf 85' lang='lat' dir='ltr'><strong>synodo</strong></span> <span class='ocrx_word' id='word_1_505' title='bbox 965 3881 1022 3934; x_wconf 92' lang='lat' dir='ltr'><strong>S.</strong></span> <span class='ocrx_word' id='word_1_506' title='bbox 1059 3880 1307 3950; x_wconf 88' lang='lat' dir='ltr'><strong>Cypriani</strong></span> <span class='ocrx_word' id='word_1_507' title='bbox 1351 3884 1488 3950; x_wconf 70' lang='lat' dir='ltr'><strong>apud</strong></span> <span class='ocrx_word' id='word_1_508' title='bbox 1537 3883 1672 3953; x_wconf 84' lang='lat' dir='ltr'><strong>Aug.</strong></span> <span class='ocrx_word' id='word_1_509' title='bbox 1726 3885 1818 3938; x_wconf 92' lang='lat' dir='ltr'><strong>lib.</strong></span> <span class='ocrx_word' id='word_1_510' title='bbox 1868 3903 1936 3940; x_wconf 83' lang='lat' dir='ltr'><strong>vu</strong></span> <span class='ocrx_word' id='word_1_511' title='bbox 1968 3889 2034 3941; x_wconf 74' lang='lat' dir='ltr'><strong>de</strong></span> 
     </span>
    </p>
   </div>
   <div class='ocr_carea' id='block_1_70' title="bbox 457 3967 2033 4040">
    <p class='ocr_par' dir='ltr' id='par_1_70' title="bbox 457 3967 2033 4040">
     <span class='ocr_line' id='line_1_70' title="bbox 457 3967 2033 4040; baseline 0.01 -24"><span class='ocrx_word' id='word_1_512' title='bbox 457 3967 751 4034; x_wconf 80' lang='lat' dir='ltr'><strong>Baptismo,</strong></span> <span class='ocrx_word' id='word_1_513' title='bbox 793 3982 912 4034; x_wconf 89' lang='lat' dir='ltr'><strong>cap.</strong></span> <span class='ocrx_word' id='word_1_514' title='bbox 946 3968 1032 4033; x_wconf 75' lang='lat'><strong>10,</strong></span> <span class='ocrx_word' id='word_1_515' title='bbox 1066 3968 1368 4024; x_wconf 89' lang='lat' dir='ltr'><strong>nominatur</strong></span> <span class='ocrx_word' id='word_1_516' title='bbox 1399 3971 1550 4024; x_wconf 74' lang='lat' dir='ltr'><strong>Felix</strong></span> <span class='ocrx_word' id='word_1_517' title='bbox 1586 3989 1617 4025; x_wconf 91' lang='lat' dir='ltr'><strong>a</strong></span> <span class='ocrx_word' id='word_1_518' title='bbox 1647 3972 1947 4040; x_wconf 71' lang='lat' dir='ltr'><strong>Marazana,</strong></span> <span class='ocrx_word' id='word_1_519' title='bbox 1981 3987 2033 4030; x_wconf 85' lang='lat' dir='ltr'><strong>et</strong></span> 
     </span>
    </p>
   </div>
   <div class='ocr_carea' id='block_1_71' title="bbox 457 4055 2027 4130">
    <p class='ocr_par' dir='ltr' id='par_1_71' title="bbox 457 4055 2027 4130">
     <span class='ocr_line' id='line_1_71' title="bbox 457 4055 2027 4130; baseline 0.007 -21"><span class='ocrx_word' id='word_1_520' title='bbox 457 4058 512 4110; x_wconf 85' lang='lat' dir='ltr'><strong>in</strong></span> <span class='ocrx_word' id='word_1_521' title='bbox 556 4056 749 4108; x_wconf 75' lang='lat' dir='ltr'><strong>tabulis</strong></span> <span class='ocrx_word' id='word_1_522' title='bbox 785 4055 961 4110; x_wconf 80' lang='lat' dir='ltr'><strong>Caroli</strong></span> <span class='ocrx_word' id='word_1_523' title='bbox 989 4072 1017 4110; x_wconf 90' lang='lat' dir='ltr'><strong>a</strong></span> <span class='ocrx_word' id='word_1_524' title='bbox 1064 4057 1121 4112; x_wconf 92' lang='lat' dir='ltr'><strong>S.</strong></span> <span class='ocrx_word' id='word_1_525' title='bbox 1156 4059 1319 4112; x_wconf 85' lang='lat' dir='ltr'><strong>Paulo</strong></span> <span class='ocrx_word' id='word_1_526' title='bbox 1360 4061 1632 4114; x_wconf 60' lang='lat' dir='ltr'><strong>Marazana</strong></span> <span class='ocrx_word' id='word_1_527' title='bbox 1676 4063 2027 4130; x_wconf 86' lang='lat' dir='ltr'><strong>describitur;</strong></span> 
     </span>
    </p>
   </div>
   <div class='ocr_carea' id='block_1_72' title="bbox 457 4145 2030 4214">
    <p class='ocr_par' dir='ltr' id='par_1_72' title="bbox 457 4145 2030 4214">
     <span class='ocr_line' id='line_1_72' title="bbox 457 4145 2030 4214; baseline 0.004 -16"><span class='ocrx_word' id='word_1_528' title='bbox 457 4145 718 4214; x_wconf 81' lang='lat' dir='ltr'><strong>synodum</strong></span> <span class='ocrx_word' id='word_1_529' title='bbox 751 4145 1171 4201; x_wconf 77' lang='lat' dir='ltr'><strong>Marazancnsem</strong></span> <span class='ocrx_word' id='word_1_530' title='bbox 1218 4149 1393 4203; x_wconf 87' lang='lat' dir='ltr'><strong>laudat</strong></span> <span class='ocrx_word' id='word_1_531' title='bbox 1440 4150 1741 4204; x_wconf 83' lang='lat' dir='ltr'><strong>Ferrandus</strong></span> <span class='ocrx_word' id='word_1_532' title='bbox 1771 4153 2030 4208; x_wconf 65' lang='lat' dir='ltr'><strong>Diaconos</strong></span> 
     </span>
    </p>
   </div>
   <div class='ocr_carea' id='block_1_73' title="bbox 457 4237 2030 4313">
    <p class='ocr_par' dir='ltr' id='par_1_73' title="bbox 457 4237 2030 4313">
     <span class='ocr_line' id='line_1_73' title="bbox 457 4237 2030 4313; baseline 0.006 -27"><span class='ocrx_word' id='word_1_533' title='bbox 457 4237 892 4307; x_wconf 67' lang='lat' dir='ltr'><strong>tiartbagiuensis</strong></span> <span class='ocrx_word' id='word_1_534' title='bbox 928 4253 1047 4292; x_wconf 91' lang='lat' dir='ltr'><strong>can.</strong></span> <span class='ocrx_word' id='word_1_535' title='bbox 1089 4240 1175 4295; x_wconf 81' lang='lat' dir='ltr'><strong>7G.</strong></span> <span class='ocrx_word' id='word_1_536' title='bbox 1223 4244 1284 4293; x_wconf 86' lang='lat' dir='ltr'><strong>At</strong></span> <span class='ocrx_word' id='word_1_537' title='bbox 1326 4241 1572 4296; x_wconf 86' lang='lat' dir='ltr'><strong>Garnerii</strong></span> <span class='ocrx_word' id='word_1_538' title='bbox 1609 4243 1910 4297; x_wconf 87' lang='lat' dir='ltr'><strong>allucinatio</strong></span> <span class='ocrx_word' id='word_1_539' title='bbox 1939 4261 2030 4313; x_wconf 72' lang='grc' dir='ltr'><strong>ηρ-</strong></span> 
     </span>
    </p>
   </div>
   <div class='ocr_carea' id='block_1_74' title="bbox 461 4328 2027 4404">
    <p class='ocr_par' dir='ltr' id='par_1_74' title="bbox 461 4328 2027 4404">
     <span class='ocr_line' id='line_1_74' title="bbox 461 4328 2027 4404; baseline 0.008 -26"><span class='ocrx_word' id='word_1_540' title='bbox 461 4337 634 4394; x_wconf 83' lang='lat' dir='ltr'><strong>parot,</strong></span> <span class='ocrx_word' id='word_1_541' title='bbox 664 4329 751 4398; x_wconf 91' lang='lat' dir='ltr'><strong>qui</strong></span> <span class='ocrx_word' id='word_1_542' title='bbox 779 4328 1108 4383; x_wconf 79' lang='lat' dir='ltr'><strong>Marazanam</strong></span> <span class='ocrx_word' id='word_1_543' title='bbox 1142 4330 1294 4383; x_wconf 80' lang='lat' dir='ltr'><strong>sitam</strong></span> <span class='ocrx_word' id='word_1_544' title='bbox 1321 4331 1481 4386; x_wconf 51' lang='lat' dir='ltr'><strong>fuisse</strong></span> <span class='ocrx_word' id='word_1_545' title='bbox 1514 4342 1657 4401; x_wconf 90' lang='lat' dir='ltr'><strong>putat</strong></span> <span class='ocrx_word' id='word_1_546' title='bbox 1684 4335 1733 4387; x_wconf 90' lang='lat' dir='ltr'><strong>in</strong></span> <span class='ocrx_word' id='word_1_547' title='bbox 1759 4335 2027 4404; x_wconf 70' lang='lat' dir='ltr'><strong>provincia</strong></span> 
     </span>
    </p>
   </div>
   <div class='ocr_carea' id='block_1_75' title="bbox 459 4416 2026 4494">
    <p class='ocr_par' dir='ltr' id='par_1_75' title="bbox 459 4416 2026 4494">
     <span class='ocr_line' id='line_1_75' title="bbox 459 4416 2026 4494; baseline 0.003 -23"><span class='ocrx_word' id='word_1_548' title='bbox 459 4416 857 4480; x_wconf 77' lang='lat' dir='ltr'><strong>Proronsulari,</strong></span> <span class='ocrx_word' id='word_1_549' title='bbox 915 4433 1034 4472; x_wconf 91' lang='lat' dir='ltr'><strong>nam</strong></span> <span class='ocrx_word' id='word_1_550' title='bbox 1087 4420 1384 4486; x_wconf 79' lang='lat' dir='ltr'><strong>pertinebat</strong></span> <span class='ocrx_word' id='word_1_551' title='bbox 1431 4423 1493 4474; x_wconf 89' lang='lat' dir='ltr'><strong>ad</strong></span> <span class='ocrx_word' id='word_1_552' title='bbox 1549 4424 1850 4494; x_wconf 56' lang='lat' dir='ltr'><strong>Byzacium.</strong></span> <span class='ocrx_word' id='word_1_553' title='bbox 1898 4427 2026 4479; x_wconf 86' lang='lat' dir='ltr'><strong>iline</strong></span> 
     </span>
    </p>
   </div>
   <div class='ocr_carea' id='block_1_76' title="bbox 458 4493 2106 4579">
    <p class='ocr_par' dir='ltr' id='par_1_76' title="bbox 458 4493 2106 4579">
     <span class='ocr_line' id='line_1_76' title="bbox 458 4493 2106 4579; baseline 0.004 -17"><span class='ocrx_word' id='word_1_554' title='bbox 458 4509 512 4562; x_wconf 92' lang='lat' dir='ltr'><strong>in</strong></span> <span class='ocrx_word' id='word_1_555' title='bbox 537 4508 726 4561; x_wconf 83' lang='lat' dir='ltr'><strong>Notitia</strong></span> <span class='ocrx_word' id='word_1_556' title='bbox 743 4509 931 4562; x_wconf 71' lang='lat' dir='ltr'><strong>Africa:</strong></span> <span class='ocrx_word' id='word_1_557' title='bbox 960 4510 1094 4563; x_wconf 90' lang='lat' dir='ltr'><strong>inter</strong></span> <span class='ocrx_word' id='word_1_558' title='bbox 1114 4510 1411 4579; x_wconf 79' lang='lat' dir='ltr'><strong>Byzaceaos</strong></span> <span class='ocrx_word' id='word_1_559' title='bbox 1433 4493 2030 4569; x_wconf 66' lang='lat' dir='ltr'><strong>asseritnrVindici—rans</strong></span> <span class='ocrx_word' id='word_1_560' title='bbox 2061 4493 2106 4550; x_wconf 75' lang='grc' dir='ltr'>ο</span> 
     </span>
    </p>
   </div>
   <div class='ocr_carea' id='block_1_77' title="bbox 459 4597 2024 4671">
    <p class='ocr_par' dir='ltr' id='par_1_77' title="bbox 459 4597 2024 4671">
     <span class='ocr_line' id='line_1_77' title="bbox 459 4597 2024 4671; baseline 0.006 -21"><span class='ocrx_word' id='word_1_561' title='bbox 459 4597 888 4653; x_wconf 68' lang='grc' dir='ltr'><strong>Μαναιαηί”ηεὸε.</strong></span> <span class='ocrx_word' id='word_1_562' title='bbox 922 4599 1031 4652; x_wconf 83' lang='lat' dir='ltr'><strong>lloe</strong></span> <span class='ocrx_word' id='word_1_563' title='bbox 1059 4604 1226 4667; x_wconf 86' lang='lat' dir='ltr'><strong>ipsum</strong></span> <span class='ocrx_word' id='word_1_564' title='bbox 1254 4616 1316 4654; x_wconf 78' lang='lat' dir='ltr'><strong>ex</strong></span> <span class='ocrx_word' id='word_1_565' title='bbox 1345 4604 1610 4656; x_wconf 83' lang='lat' dir='ltr'><strong>Antonino</strong></span> <span class='ocrx_word' id='word_1_566' title='bbox 1631 4605 1910 4668; x_wconf 77' lang='lat' dir='ltr'><strong>evincitur,</strong></span> <span class='ocrx_word' id='word_1_567' title='bbox 1940 4609 2024 4671; x_wconf 76' lang='lat' dir='ltr'><strong>qui</strong></span> 
     </span>
    </p>
   </div>
   <div class='ocr_carea' id='block_1_78' title="bbox 456 4688 2026 4759">
    <p class='ocr_par' dir='ltr' id='par_1_78' title="bbox 456 4688 2026 4759">
     <span class='ocr_line' id='line_1_78' title="bbox 456 4688 2026 4759; baseline 0.003 -16"><span class='ocrx_word' id='word_1_568' title='bbox 456 4688 637 4743; x_wconf 80' lang='lat' dir='ltr'><strong>scribit</strong></span> <span class='ocrx_word' id='word_1_569' title='bbox 668 4690 734 4742; x_wconf 88' lang='lat' dir='ltr'><strong>ab</strong></span> <span class='ocrx_word' id='word_1_570' title='bbox 756 4689 912 4759; x_wconf 76' lang='lat' dir='ltr'><strong>Aquis</strong></span> <span class='ocrx_word' id='word_1_571' title='bbox 943 4688 1113 4758; x_wconf 60' lang='lat' dir='ltr'><strong>Regiis</strong></span> <span class='ocrx_word' id='word_1_572' title='bbox 1145 4689 1494 4743; x_wconf 73' lang='lat' dir='ltr'><strong>Marazaniam</strong></span> <span class='ocrx_word' id='word_1_573' title='bbox 1521 4709 1574 4745; x_wconf 75' lang='grc' dir='ltr'>ιι.</span> <span class='ocrx_word' id='word_1_574' title='bbox 1610 4709 1655 4746; x_wconf 68' lang='grc' dir='ltr'><strong>ι’.</strong></span> <span class='ocrx_word' id='word_1_575' title='bbox 1694 4709 1778 4745; x_wconf 70' lang='grc' dir='ltr'><strong>κν.</strong></span> <span class='ocrx_word' id='word_1_576' title='bbox 1815 4693 2026 4757; x_wconf 70' lang='lat' dir='ltr'><strong>Suﬁbus</strong></span> 
     </span>
    </p>
   </div>
   <div class='ocr_carea' id='block_1_79' title="bbox 459 4781 2024 4852">
    <p class='ocr_par' dir='ltr' id='par_1_79' title="bbox 459 4781 2024 4852">
     <span class='ocr_line' id='line_1_79' title="bbox 459 4781 2024 4852; baseline 0.005 -25"><span class='ocrx_word' id='word_1_577' title='bbox 459 4793 514 4827; x_wconf 87' lang='lat' dir='ltr'><strong>Il.</strong></span> <span class='ocrx_word' id='word_1_578' title='bbox 548 4793 596 4828; x_wconf 73' lang='grc' dir='ltr'>ιι.</span> <span class='ocrx_word' id='word_1_579' title='bbox 629 4789 815 4830; x_wconf 75' lang='lat' dir='ltr'><strong>Xxvut.</strong></span> <span class='ocrx_word' id='word_1_580' title='bbox 849 4781 1024 4844; x_wconf 80' lang='lat' dir='ltr'><strong>Quare</strong></span> <span class='ocrx_word' id='word_1_581' title='bbox 1055 4785 1190 4834; x_wconf 85' lang='lat' dir='ltr'><strong>inter</strong></span> <span class='ocrx_word' id='word_1_582' title='bbox 1231 4784 1510 4832; x_wconf 60' lang='lat' dir='ltr'><strong>Sufetinos</strong></span> <span class='ocrx_word' id='word_1_583' title='bbox 1545 4791 1596 4834; x_wconf 90' lang='lat' dir='ltr'><strong>et</strong></span> <span class='ocrx_word' id='word_1_584' title='bbox 1627 4785 1802 4850; x_wconf 73' lang='lat' dir='ltr'><strong>Aquas</strong></span> <span class='ocrx_word' id='word_1_585' title='bbox 1837 4783 2024 4852; x_wconf 65' lang='lat' dir='ltr'><strong>Regius</strong></span> 
     </span>
    </p>
   </div>
   <div class='ocr_carea' id='block_1_80' title="bbox 457 4863 2023 4939">
    <p class='ocr_par' dir='ltr' id='par_1_80' title="bbox 457 4863 2023 4939">
     <span class='ocr_line' id='line_1_80' title="bbox 457 4863 2023 4939; baseline 0.006 -23"><span class='ocrx_word' id='word_1_586' title='bbox 457 4863 735 4929; x_wconf 73' lang='lat' dir='ltr'><strong>interiacet</strong></span> <span class='ocrx_word' id='word_1_587' title='bbox 783 4867 1077 4922; x_wconf 82' lang='lat' dir='ltr'><strong>Marazaua.</strong></span> <span class='ocrx_word' id='word_1_588' title='bbox 1127 4870 1346 4924; x_wconf 64' lang='lat' dir='ltr'><strong>l‘riorcs‘</strong></span> <span class='ocrx_word' id='word_1_589' title='bbox 1377 4885 1502 4921; x_wconf 80' lang='lat' dir='ltr'><strong>vero</strong></span> <span class='ocrx_word' id='word_1_590' title='bbox 1555 4887 1586 4924; x_wconf 85' lang='grc' dir='ltr'><strong>ιι</strong></span> <span class='ocrx_word' id='word_1_591' title='bbox 1621 4871 1715 4924; x_wconf 84' lang='lat' dir='ltr'><strong>bes</strong></span> <span class='ocrx_word' id='word_1_592' title='bbox 1755 4875 2023 4939; x_wconf 54' lang='lat' dir='ltr'><strong>pvrtinere</strong></span> 
     </span>
    </p>
   </div>
   <div class='ocr_carea' id='block_1_81' title="bbox 457 4954 2024 5030">
    <p class='ocr_par' dir='ltr' id='par_1_81' title="bbox 457 4954 2024 5030">
     <span class='ocr_line' id='line_1_81' title="bbox 457 4954 2024 5030; baseline 0.008 -24"><span class='ocrx_word' id='word_1_593' title='bbox 457 4954 522 5008; x_wconf 84' lang='lat' dir='ltr'><strong>ad</strong></span> <span class='ocrx_word' id='word_1_594' title='bbox 557 4955 857 5023; x_wconf 70' lang='lat' dir='ltr'><strong>Byzacenos</strong></span> <span class='ocrx_word' id='word_1_595' title='bbox 885 4970 1092 5013; x_wconf 86' lang='lat' dir='ltr'><strong>constat</strong></span> <span class='ocrx_word' id='word_1_596' title='bbox 1120 4977 1183 5014; x_wconf 77' lang='lat' dir='ltr'><strong>ex</strong></span> <span class='ocrx_word' id='word_1_597' title='bbox 1215 4961 1407 5015; x_wconf 84' lang='lat' dir='ltr'><strong>Notit&#39;a</strong></span> <span class='ocrx_word' id='word_1_598' title='bbox 1433 4963 1659 5027; x_wconf 69' lang='lat' dir='ltr'><strong>laudata,</strong></span> <span class='ocrx_word' id='word_1_599' title='bbox 1683 4963 1733 5014; x_wconf 92' lang='lat' dir='ltr'><strong>in</strong></span> <span class='ocrx_word' id='word_1_600' title='bbox 1759 4979 1858 5030; x_wconf 85' lang='lat' dir='ltr'><strong>qua</strong></span> <span class='ocrx_word' id='word_1_601' title='bbox 1888 4965 2024 5018; x_wconf 68' lang='lat' dir='ltr'><strong>int&quot;r</strong></span> 
     </span>
    </p>
   </div>
   <div class='ocr_carea' id='block_1_82' title="bbox 456 5045 2020 5121">
    <p class='ocr_par' dir='ltr' id='par_1_82' title="bbox 456 5045 2020 5121">
     <span class='ocr_line' id='line_1_82' title="bbox 456 5045 2020 5121; baseline 0.005 -24"><span class='ocrx_word' id='word_1_602' title='bbox 456 5045 672 5099; x_wconf 70' lang='lat' dir='ltr'><strong>easdem</strong></span> <span class='ocrx_word' id='word_1_603' title='bbox 705 5048 1044 5101; x_wconf 87' lang='lat' dir='ltr'><strong>nominantur</strong></span> <span class='ocrx_word' id='word_1_604' title='bbox 1077 5050 1338 5106; x_wconf 79' lang='lat' dir='ltr'><strong>Liberatus</strong></span> <span class='ocrx_word' id='word_1_605' title='bbox 1369 5055 1624 5121; x_wconf 82' lang='lat' dir='ltr'><strong>Aquarum</strong></span> <span class='ocrx_word' id='word_1_606' title='bbox 1652 5053 1705 5104; x_wconf 70' lang='grc' dir='ltr'><strong>ιι</strong></span> <span class='ocrx_word' id='word_1_607' title='bbox 1725 5055 1945 5120; x_wconf 60' lang='grc' dir='ltr'><strong>σίαιηιιη,</strong></span> <span class='ocrx_word' id='word_1_608' title='bbox 1977 5067 2020 5106; x_wconf 70' lang='lat' dir='ltr'><strong>et</strong></span> 
     </span>
    </p>
   </div>
   <div class='ocr_carea' id='block_1_83' title="bbox 454 5134 2023 5213">
    <p class='ocr_par' dir='ltr' id='par_1_83' title="bbox 454 5134 2023 5213">
     <span class='ocr_line' id='line_1_83' title="bbox 454 5134 2023 5213; baseline 0.007 -25"><span class='ocrx_word' id='word_1_609' title='bbox 454 5134 758 5188; x_wconf 75' lang='lat' dir='ltr'><strong>Eustrasius</strong></span> <span class='ocrx_word' id='word_1_610' title='bbox 781 5136 1076 5204; x_wconf 77' lang='lat' dir='ltr'><strong>Sufetanus.</strong></span> <span class='ocrx_word' id='word_1_611' title='bbox 1109 5139 1213 5194; x_wconf 86' lang='lat' dir='ltr'><strong>Sed</strong></span> <span class='ocrx_word' id='word_1_612' title='bbox 1239 5157 1395 5194; x_wconf 73' lang='lat' dir='ltr'><strong>omne</strong></span> <span class='ocrx_word' id='word_1_613' title='bbox 1423 5145 1638 5197; x_wconf 86' lang='lat' dir='ltr'><strong>dubium</strong></span> <span class='ocrx_word' id='word_1_614' title='bbox 1664 5145 1890 5213; x_wconf 74' lang='lat' dir='ltr'><strong>dispellit</strong></span> <span class='ocrx_word' id='word_1_615' title='bbox 1913 5148 2023 5198; x_wconf 71' lang='lat' dir='ltr'><strong>enl-</strong></span> 
     </span>
    </p>
   </div>
   <div class='ocr_carea' id='block_1_84' title="bbox 455 5227 2023 5298">
    <p class='ocr_par' dir='ltr' id='par_1_84' title="bbox 455 5227 2023 5298">
     <span class='ocr_line' id='line_1_84' title="bbox 455 5227 2023 5298; baseline 0.002 -15"><span class='ocrx_word' id='word_1_616' title='bbox 455 5229 584 5283; x_wconf 88' lang='lat' dir='ltr'><strong>latio</strong></span> <span class='ocrx_word' id='word_1_617' title='bbox 613 5227 1063 5293; x_wconf 68' lang='lat' dir='ltr'><strong>Carthaginiensis.</strong></span> <span class='ocrx_word' id='word_1_618' title='bbox 1099 5229 1150 5279; x_wconf 92' lang='lat' dir='ltr'><strong>in</strong></span> <span class='ocrx_word' id='word_1_619' title='bbox 1178 5245 1275 5296; x_wconf 81' lang='lat' dir='ltr'><strong>qua</strong></span> <span class='ocrx_word' id='word_1_620' title='bbox 1309 5246 1426 5298; x_wconf 76' lang='lat' dir='ltr'><strong>cap.</strong></span> <span class='ocrx_word' id='word_1_621' title='bbox 1451 5233 1550 5286; x_wconf 70' lang='lat'><strong>19.7</strong></span> <span class='ocrx_word' id='word_1_622' title='bbox 1575 5234 1786 5298; x_wconf 88' lang='lat' dir='ltr'><strong>ponitur</strong></span> <span class='ocrx_word' id='word_1_623' title='bbox 1811 5233 2023 5286; x_wconf 71' lang='lat' dir='ltr'><strong>Publio-</strong></span> 
     </span>
    </p>
   </div>
   <div class='ocr_carea' id='block_1_85' title="bbox 454 5314 2023 5391">
    <p class='ocr_par' dir='ltr' id='par_1_85' title="bbox 454 5314 2023 5391">
     <span class='ocr_line' id='line_1_85' title="bbox 454 5314 2023 5391; baseline 0.004 -23"><span class='ocrx_word' id='word_1_624' title='bbox 454 5335 548 5370; x_wconf 76' lang='lat' dir='ltr'><strong>nns</strong></span> <span class='ocrx_word' id='word_1_625' title='bbox 573 5319 839 5385; x_wconf 78' lang='lat' dir='ltr'><strong>episcopus</strong></span> <span class='ocrx_word' id='word_1_626' title='bbox 868 5315 1025 5383; x_wconf 83' lang='lat' dir='ltr'><strong>plebis</strong></span> <span class='ocrx_word' id='word_1_627' title='bbox 1061 5314 1533 5381; x_wconf 76' lang='lat' dir='ltr'><strong>Bazaradidacenre,</strong></span> <span class='ocrx_word' id='word_1_628' title='bbox 1567 5333 1618 5373; x_wconf 82' lang='lat' dir='ltr'><strong>et</strong></span> <span class='ocrx_word' id='word_1_629' title='bbox 1641 5337 1756 5388; x_wconf 81' lang='lat' dir='ltr'><strong>cap.</strong></span> <span class='ocrx_word' id='word_1_630' title='bbox 1793 5323 1895 5375; x_wconf 73' lang='lat' dir='ltr'><strong>l55</strong></span> <span class='ocrx_word' id='word_1_631' title='bbox 1932 5340 2023 5391; x_wconf 89' lang='lat' dir='ltr'><strong>ap-</strong></span> 
     </span>
    </p>
   </div>
   <div class='ocr_carea' id='block_1_86' title="bbox 455 5407 2018 5480">
    <p class='ocr_par' dir='ltr' id='par_1_86' title="bbox 455 5407 2018 5480">
     <span class='ocr_line' id='line_1_86' title="bbox 455 5407 2018 5480; baseline 0.001 -18"><span class='ocrx_word' id='word_1_632' title='bbox 455 5410 555 5473; x_wconf 75' lang='lat' dir='ltr'><strong>pell</strong></span> <span class='ocrx_word' id='word_1_633' title='bbox 577 5421 680 5460; x_wconf 66' lang='lat' dir='ltr'><strong>stur</strong></span> <span class='ocrx_word' id='word_1_634' title='bbox 713 5407 996 5459; x_wconf 77' lang='lat' dir='ltr'><strong>Eunomins</strong></span> <span class='ocrx_word' id='word_1_635' title='bbox 1017 5409 1278 5477; x_wconf 65' lang='lat' dir='ltr'><strong>cpiscopus</strong></span> <span class='ocrx_word' id='word_1_636' title='bbox 1304 5409 1460 5474; x_wconf 78' lang='lat' dir='ltr'><strong>p’ebis</strong></span> <span class='ocrx_word' id='word_1_637' title='bbox 1495 5410 1902 5466; x_wconf 73' lang='lat' dir='ltr'><strong>lilaramnensis.</strong></span> <span class='ocrx_word' id='word_1_638' title='bbox 1922 5414 2018 5480; x_wconf 71' lang='lat' dir='ltr'><strong>lgi-</strong></span> 
     </span>
    </p>
   </div>
   <div class='ocr_carea' id='block_1_87' title="bbox 456 5499 2022 5571">
    <p class='ocr_par' dir='ltr' id='par_1_87' title="bbox 456 5499 2022 5571">
     <span class='ocr_line' id='line_1_87' title="bbox 456 5499 2022 5571; baseline 0.004 -23"><span class='ocrx_word' id='word_1_639' title='bbox 456 5509 538 5548; x_wconf 87' lang='lat' dir='ltr'><strong>tur</strong></span> <span class='ocrx_word' id='word_1_640' title='bbox 564 5501 708 5549; x_wconf 87' lang='lat' dir='ltr'><strong>stulti</strong></span> <span class='ocrx_word' id='word_1_641' title='bbox 740 5499 910 5552; x_wconf 85' lang='lat' dir='ltr'><strong>solum</strong></span> <span class='ocrx_word' id='word_1_642' title='bbox 944 5499 1199 5564; x_wconf 75' lang='lat' dir='ltr'><strong>suSpirari</strong></span> <span class='ocrx_word' id='word_1_643' title='bbox 1231 5508 1447 5566; x_wconf 76' lang='lat' dir='ltr'><strong>possunt</strong></span> <span class='ocrx_word' id='word_1_644' title='bbox 1488 5516 1642 5553; x_wconf 90' lang='lat' dir='ltr'><strong>unam</strong></span> <span class='ocrx_word' id='word_1_645' title='bbox 1675 5503 2022 5571; x_wconf 77' lang='lat' dir='ltr'><strong>eamdemque</strong></span> 
     </span>
    </p>
   </div>
   <div class='ocr_carea' id='block_1_88' title="bbox 453 5587 2022 5659">
    <p class='ocr_par' dir='ltr' id='par_1_88' title="bbox 453 5587 2022 5659">
     <span class='ocr_line' id='line_1_88' title="bbox 453 5587 2022 5659; baseline 0.006 -24"><span class='ocrx_word' id='word_1_646' title='bbox 453 5599 572 5636; x_wconf 67' lang='lat' dir='ltr'><strong>esse</strong></span> <span class='ocrx_word' id='word_1_647' title='bbox 601 5587 806 5652; x_wconf 84' lang='lat' dir='ltr'><strong>urbem,</strong></span> <span class='ocrx_word' id='word_1_648' title='bbox 835 5604 953 5641; x_wconf 89' lang='lat' dir='ltr'><strong>cum</strong></span> <span class='ocrx_word' id='word_1_649' title='bbox 988 5590 1180 5644; x_wconf 82' lang='lat' dir='ltr'><strong>ibidem</strong></span> <span class='ocrx_word' id='word_1_650' title='bbox 1224 5588 1453 5642; x_wconf 70' lang='lat' dir='ltr'><strong>distincti</strong></span> <span class='ocrx_word' id='word_1_651' title='bbox 1486 5592 1612 5656; x_wconf 58' lang='lat' dir='ltr'><strong>epis</strong></span> <span class='ocrx_word' id='word_1_652' title='bbox 1634 5592 1718 5652; x_wconf 64' lang='lat' dir='ltr'><strong>oni</strong></span> <span class='ocrx_word' id='word_1_653' title='bbox 1751 5589 2022 5659; x_wconf 78' lang='lat' dir='ltr'><strong>Itlriasqno</strong></span> 
     </span>
    </p>
   </div>
   <div class='ocr_carea' id='block_1_89' title="bbox 451 5674 2018 5744">
    <p class='ocr_par' dir='ltr' id='par_1_89' title="bbox 451 5674 2018 5744">
     <span class='ocr_line' id='line_1_89' title="bbox 451 5674 2018 5744; baseline 0.017 -27"><span class='ocrx_word' id='word_1_654' title='bbox 451 5674 628 5742; x_wconf 52' lang='lat' dir='ltr'><strong>oppidi</strong></span> <span class='ocrx_word' id='word_1_655' title='bbox 645 5675 839 5728; x_wconf 62' lang='lat' dir='ltr'><strong>diserte</strong></span> <span class='ocrx_word' id='word_1_656' title='bbox 855 5680 1255 5732; x_wconf 58' lang='lat' dir='ltr'><strong>asscrantnrﬁx</strong></span> <span class='ocrx_word' id='word_1_657' title='bbox 1272 5680 1456 5731; x_wconf 72' lang='lat' dir='ltr'><strong>()rtelii</strong></span> <span class='ocrx_word' id='word_1_658' title='bbox 1472 5679 1786 5731; x_wconf 71' lang='lat' dir='ltr'><strong>Tabularum</strong></span> <span class='ocrx_word' id='word_1_659' title='bbox 1806 5682 2018 5744; x_wconf 64' lang='lat' dir='ltr'><strong>tuend“,</strong></span> 
     </span>
    </p>
   </div>
   <div class='ocr_carea' id='block_1_90' title="bbox 2137 3241 3719 3312">
    <p class='ocr_par' dir='ltr' id='par_1_90' title="bbox 2137 3241 3719 3312">
     <span class='ocr_line' id='line_1_90' title="bbox 2137 3241 3719 3312; baseline 0.008 -18"><span class='ocrx_word' id='word_1_660' title='bbox 2137 3241 2189 3294; x_wconf 83' lang='grc' dir='ltr'><em>Μ</em></span> <span class='ocrx_word' id='word_1_661' title='bbox 2197 3243 2358 3294; x_wconf 74' lang='lat' dir='ltr'><strong>elzitre</strong></span> <span class='ocrx_word' id='word_1_662' title='bbox 2385 3243 2593 3295; x_wconf 55' lang='lat' dir='ltr'><strong>civitatis</strong></span> <span class='ocrx_word' id='word_1_663' title='bbox 2628 3245 2680 3295; x_wconf 84' lang='lat' dir='ltr'><strong>in</strong></span> <span class='ocrx_word' id='word_1_664' title='bbox 2709 3245 2970 3312; x_wconf 80' lang='lat' dir='ltr'><strong>provincia</strong></span> <span class='ocrx_word' id='word_1_665' title='bbox 3002 3245 3363 3301; x_wconf 88' lang='lat' dir='ltr'><strong>Proconsulari</strong></span> <span class='ocrx_word' id='word_1_666' title='bbox 3387 3266 3404 3302; x_wconf 89' lang='lat'><strong><em>:</em></strong></span> <span class='ocrx_word' id='word_1_667' title='bbox 3432 3250 3516 3303; x_wconf 83' lang='lat' dir='ltr'><strong>Fit</strong></span> <span class='ocrx_word' id='word_1_668' title='bbox 3543 3263 3719 3307; x_wconf 80' lang='lat' dir='ltr'><strong>autent</strong></span> 
     </span>
    </p>
   </div>
   <div class='ocr_carea' id='block_1_91' title="bbox 2133 3333 3718 3414">
    <p class='ocr_par' dir='ltr' id='par_1_91' title="bbox 2133 3333 3718 3414">
     <span class='ocr_line' id='line_1_91' title="bbox 2133 3333 3718 3414; baseline 0.008 -28"><span class='ocrx_word' id='word_1_669' title='bbox 2133 3333 2198 3386; x_wconf 86' lang='lat' dir='ltr'><strong>ab</strong></span> <span class='ocrx_word' id='word_1_670' title='bbox 2225 3335 2457 3387; x_wconf 87' lang='lat' dir='ltr'><strong>omnibus</strong></span> <span class='ocrx_word' id='word_1_671' title='bbox 2492 3335 2720 3394; x_wconf 68' lang='lat' dir='ltr'><strong>Mulditrc</strong></span> <span class='ocrx_word' id='word_1_672' title='bbox 2743 3336 2809 3389; x_wconf 91' lang='lat' dir='ltr'><strong>ad</strong></span> <span class='ocrx_word' id='word_1_673' title='bbox 2832 3335 3224 3405; x_wconf 82' lang='lat' dir='ltr'><strong>Hipponitidem</strong></span> <span class='ocrx_word' id='word_1_674' title='bbox 3247 3341 3488 3409; x_wconf 70' lang='lat' dir='ltr'><strong>paludem</strong></span> <span class='ocrx_word' id='word_1_675' title='bbox 3510 3346 3718 3414; x_wconf 68' lang='lat' dir='ltr'><strong>posite,</strong></span> 
     </span>
    </p>
   </div>
   <div class='ocr_carea' id='block_1_92' title="bbox 2133 3424 3721 3498">
    <p class='ocr_par' dir='ltr' id='par_1_92' title="bbox 2133 3424 3721 3498">
     <span class='ocr_line' id='line_1_92' title="bbox 2133 3424 3721 3498; baseline 0.005 -19"><span class='ocrx_word' id='word_1_676' title='bbox 2133 3429 2280 3498; x_wconf 76' lang='lat' dir='ltr'><strong>cujus</strong></span> <span class='ocrx_word' id='word_1_677' title='bbox 2308 3430 2435 3480; x_wconf 85' lang='lat' dir='ltr'><strong>situs</strong></span> <span class='ocrx_word' id='word_1_678' title='bbox 2469 3443 2501 3479; x_wconf 89' lang='lat' dir='ltr'><strong>a</strong></span> <span class='ocrx_word' id='word_1_679' title='bbox 2527 3424 2804 3482; x_wconf 67' lang='lat' dir='ltr'><strong>Ptolemaeo</strong></span> <span class='ocrx_word' id='word_1_680' title='bbox 2831 3427 3151 3484; x_wconf 81' lang='lat' dir='ltr'><strong>describitur.</strong></span> <span class='ocrx_word' id='word_1_681' title='bbox 3190 3429 3263 3482; x_wconf 72' lang='lat' dir='ltr'><strong>lia</strong></span> <span class='ocrx_word' id='word_1_682' title='bbox 3297 3429 3561 3486; x_wconf 85' lang='lat' dir='ltr'><strong>Garnerio</strong></span> <span class='ocrx_word' id='word_1_683' title='bbox 3607 3433 3721 3488; x_wconf 78' lang='lat' dir='ltr'><strong>Pli-</strong></span> 
     </span>
    </p>
   </div>
   <div class='ocr_carea' id='block_1_93' title="bbox 2136 3516 3720 3588">
    <p class='ocr_par' dir='ltr' id='par_1_93' title="bbox 2136 3516 3720 3588">
     <span class='ocr_line' id='line_1_93' title="bbox 2136 3516 3720 3588; baseline 0.006 -20"><span class='ocrx_word' id='word_1_684' title='bbox 2136 3517 2273 3580; x_wconf 87' lang='lat' dir='ltr'><strong>nius,</strong></span> <span class='ocrx_word' id='word_1_685' title='bbox 2305 3530 2367 3569; x_wconf 88' lang='lat' dir='ltr'><strong>ac</strong></span> <span class='ocrx_word' id='word_1_686' title='bbox 2395 3516 2618 3572; x_wconf 81' lang='lat' dir='ltr'><strong>trecenti</strong></span> <span class='ocrx_word' id='word_1_687' title='bbox 2650 3526 2703 3570; x_wconf 89' lang='lat' dir='ltr'><strong>et</strong></span> <span class='ocrx_word' id='word_1_688' title='bbox 2743 3517 2928 3571; x_wconf 80' lang='lat' dir='ltr'><strong>decem</strong></span> <span class='ocrx_word' id='word_1_689' title='bbox 2973 3519 3206 3588; x_wconf 76' lang='lat' dir='ltr'><strong>episcopi</strong></span> <span class='ocrx_word' id='word_1_690' title='bbox 3245 3520 3539 3574; x_wconf 71' lang='lat' dir='ltr'><strong>Donatista:</strong></span> <span class='ocrx_word' id='word_1_691' title='bbox 3582 3523 3720 3579; x_wconf 85' lang='lat' dir='ltr'><strong>nulli</strong></span> 
     </span>
    </p>
   </div>
   <div class='ocr_carea' id='block_1_94' title="bbox 2134 3607 3720 3681">
    <p class='ocr_par' dir='ltr' id='par_1_94' title="bbox 2134 3607 3720 3681">
     <span class='ocr_line' id='line_1_94' title="bbox 2134 3607 3720 3681; baseline 0.005 -21"><span class='ocrx_word' id='word_1_692' title='bbox 2134 3615 2277 3660; x_wconf 89' lang='lat' dir='ltr'><strong>sunt.</strong></span> <span class='ocrx_word' id='word_1_693' title='bbox 2307 3607 2506 3660; x_wconf 68' lang='lat' dir='ltr'><strong>Plinius</strong></span> <span class='ocrx_word' id='word_1_694' title='bbox 2537 3607 2628 3661; x_wconf 92' lang='lat' dir='ltr'><strong>lib.</strong></span> <span class='ocrx_word' id='word_1_695' title='bbox 2656 3622 2707 3671; x_wconf 71' lang='grc' dir='ltr'><strong>ν,</strong></span> <span class='ocrx_word' id='word_1_696' title='bbox 2735 3623 2846 3675; x_wconf 91' lang='lat' dir='ltr'><strong>cap.</strong></span> <span class='ocrx_word' id='word_1_697' title='bbox 2886 3610 2938 3674; x_wconf 76' lang='grc' dir='ltr'>ι,</span> <span class='ocrx_word' id='word_1_698' title='bbox 2965 3610 3142 3664; x_wconf 86' lang='lat' dir='ltr'><strong>laudat</strong></span> <span class='ocrx_word' id='word_1_699' title='bbox 3171 3611 3220 3663; x_wconf 91' lang='lat' dir='ltr'><strong>in</strong></span> <span class='ocrx_word' id='word_1_700' title='bbox 3252 3611 3426 3666; x_wconf 82' lang='lat' dir='ltr'><strong>Africa</strong></span> <span class='ocrx_word' id='word_1_701' title='bbox 3457 3614 3720 3681; x_wconf 69' lang='lat' dir='ltr'><strong>oppidum</strong></span> 
     </span>
    </p>
   </div>
   <div class='ocr_carea' id='block_1_95' title="bbox 2135 3695 3723 3768">
    <p class='ocr_par' dir='ltr' id='par_1_95' title="bbox 2135 3695 3723 3768">
     <span class='ocr_line' id='line_1_95' title="bbox 2135 3695 3723 3768; baseline 0.006 -20"><span class='ocrx_word' id='word_1_702' title='bbox 2135 3695 2492 3750; x_wconf 79' lang='lat' dir='ltr'><strong>Melzitanum.</strong></span> <span class='ocrx_word' id='word_1_703' title='bbox 2537 3697 2780 3766; x_wconf 74' lang='lat' dir='ltr'><strong>Synodus</strong></span> <span class='ocrx_word' id='word_1_704' title='bbox 2812 3698 3116 3768; x_wconf 80' lang='lat' dir='ltr'><strong>Bagaiensis</strong></span> <span class='ocrx_word' id='word_1_705' title='bbox 3143 3700 3534 3755; x_wconf 86' lang='lat' dir='ltr'><strong>Donatistarum</strong></span> <span class='ocrx_word' id='word_1_706' title='bbox 3575 3703 3723 3759; x_wconf 81' lang='lat' dir='ltr'><strong>inter</strong></span> 
     </span>
    </p>
   </div>
   <div class='ocr_carea' id='block_1_96' title="bbox 2134 3787 3721 3859">
    <p class='ocr_par' dir='ltr' id='par_1_96' title="bbox 2134 3787 3721 3859">
     <span class='ocr_line' id='line_1_96' title="bbox 2134 3787 3721 3859; baseline 0.004 -18"><span class='ocrx_word' id='word_1_707' title='bbox 2134 3787 2412 3842; x_wconf 85' lang='lat' dir='ltr'><strong>duodecim</strong></span> <span class='ocrx_word' id='word_1_708' title='bbox 2432 3789 2761 3841; x_wconf 71' lang='lat' dir='ltr'><strong>ordinatores</strong></span> <span class='ocrx_word' id='word_1_709' title='bbox 2779 3790 3024 3844; x_wconf 78' lang='lat' dir='ltr'><strong>Maximia</strong></span> <span class='ocrx_word' id='word_1_710' title='bbox 3053 3792 3082 3844; x_wconf 88' lang='lat' dir='ltr'><strong>.i</strong></span> <span class='ocrx_word' id='word_1_711' title='bbox 3099 3791 3538 3859; x_wconf 82' lang='lat' dir='ltr'><strong>Carthaginensis</strong></span> <span class='ocrx_word' id='word_1_712' title='bbox 3562 3795 3721 3847; x_wconf 81' lang='lat' dir='ltr'><strong>dam-</strong></span> 
     </span>
    </p>
   </div>
   <div class='ocr_carea' id='block_1_97' title="bbox 2138 3876 3720 3949">
    <p class='ocr_par' dir='ltr' id='par_1_97' title="bbox 2138 3876 3720 3949">
     <span class='ocr_line' id='line_1_97' title="bbox 2138 3876 3720 3949; baseline 0.005 -19"><span class='ocrx_word' id='word_1_713' title='bbox 2138 3887 2228 3931; x_wconf 89' lang='lat' dir='ltr'><strong>nat</strong></span> <span class='ocrx_word' id='word_1_714' title='bbox 2260 3876 2520 3931; x_wconf 85' lang='lat' dir='ltr'><strong>Valerium</strong></span> <span class='ocrx_word' id='word_1_715' title='bbox 2561 3876 2912 3931; x_wconf 72' lang='lat' dir='ltr'><strong>Melzilanum.</strong></span> <span class='ocrx_word' id='word_1_716' title='bbox 2947 3879 3095 3947; x_wconf 90' lang='lat' dir='ltr'><strong>Apud</strong></span> <span class='ocrx_word' id='word_1_717' title='bbox 3134 3882 3267 3949; x_wconf 86' lang='lat' dir='ltr'><strong>Aug.</strong></span> <span class='ocrx_word' id='word_1_718' title='bbox 3301 3881 3391 3934; x_wconf 92' lang='lat' dir='ltr'><strong>lib.</strong></span> <span class='ocrx_word' id='word_1_719' title='bbox 3436 3897 3492 3935; x_wconf 83' lang='lat' dir='ltr'><strong>tu</strong></span> <span class='ocrx_word' id='word_1_720' title='bbox 3524 3894 3720 3938; x_wconf 89' lang='lat' dir='ltr'><strong>contra</strong></span> 
     </span>
    </p>
   </div>
   <div class='ocr_carea' id='block_1_98' title="bbox 2133 3968 3721 4041">
    <p class='ocr_par' dir='ltr' id='par_1_98' title="bbox 2133 3968 3721 4041">
     <span class='ocr_line' id='line_1_98' title="bbox 2133 3968 3721 4041; baseline 0.004 -18"><span class='ocrx_word' id='word_1_721' title='bbox 2133 3970 2496 4035; x_wconf 83' lang='lat' dir='ltr'><strong>Cresconium,</strong></span> <span class='ocrx_word' id='word_1_722' title='bbox 2534 3983 2654 4037; x_wconf 88' lang='lat' dir='ltr'><strong>cap.</strong></span> <span class='ocrx_word' id='word_1_723' title='bbox 2687 3968 2752 4022; x_wconf 78' lang='lat' dir='ltr'><strong>l9</strong></span> <span class='ocrx_word' id='word_1_724' title='bbox 2779 3976 2830 4021; x_wconf 89' lang='lat' dir='ltr'><strong>et</strong></span> <span class='ocrx_word' id='word_1_725' title='bbox 2871 3969 2962 4024; x_wconf 80' lang='grc'><strong>55.</strong></span> <span class='ocrx_word' id='word_1_726' title='bbox 2996 3971 3162 4025; x_wconf 82' lang='lat' dir='ltr'><strong>Recte</strong></span> <span class='ocrx_word' id='word_1_727' title='bbox 3185 3986 3313 4041; x_wconf 78' lang='lat' dir='ltr'><strong>ergo</strong></span> <span class='ocrx_word' id='word_1_728' title='bbox 3344 3973 3393 4025; x_wconf 91' lang='lat' dir='ltr'><strong>iu</strong></span> <span class='ocrx_word' id='word_1_729' title='bbox 3425 3973 3721 4030; x_wconf 87' lang='lat' dir='ltr'><strong>collatione</strong></span> 
     </span>
    </p>
   </div>
   <div class='ocr_carea' id='block_1_99' title="bbox 2130 4056 3717 4130">
    <p class='ocr_par' dir='ltr' id='par_1_99' title="bbox 2130 4056 3717 4130">
     <span class='ocr_line' id='line_1_99' title="bbox 2130 4056 3717 4130; baseline 0.003 -18"><span class='ocrx_word' id='word_1_730' title='bbox 2130 4072 2248 4127; x_wconf 88' lang='lat' dir='ltr'><strong>cap.</strong></span> <span class='ocrx_word' id='word_1_731' title='bbox 2295 4059 2382 4114; x_wconf 75' lang='grc'><strong>121</strong></span> <span class='ocrx_word' id='word_1_732' title='bbox 2419 4058 2612 4127; x_wconf 83' lang='lat' dir='ltr'><strong>legitur</strong></span> <span class='ocrx_word' id='word_1_733' title='bbox 2647 4075 2660 4110; x_wconf 90' lang='lat'><strong>:</strong></span> <span class='ocrx_word' id='word_1_734' title='bbox 2696 4056 2854 4110; x_wconf 86' lang='lat' dir='ltr'><strong>Tutus</strong></span> <span class='ocrx_word' id='word_1_735' title='bbox 2894 4060 3160 4126; x_wconf 85' lang='lat' dir='ltr'><strong>cpiscopus</strong></span> <span class='ocrx_word' id='word_1_736' title='bbox 3193 4060 3352 4130; x_wconf 85' lang='lat' dir='ltr'><strong>plebis</strong></span> <span class='ocrx_word' id='word_1_737' title='bbox 3395 4059 3717 4116; x_wconf 66' lang='lat' dir='ltr'><strong>Melzitana’.</strong></span> 
     </span>
    </p>
   </div>
   <div class='ocr_carea' id='block_1_100' title="bbox 2131 4151 3717 4219">
    <p class='ocr_par' dir='ltr' id='par_1_100' title="bbox 2131 4151 3717 4219">
     <span class='ocr_line' id='line_1_100' title="bbox 2131 4151 3717 4219; baseline 0.003 -15"><span class='ocrx_word' id='word_1_738' title='bbox 2131 4151 2244 4205; x_wconf 88' lang='lat' dir='ltr'><strong>Non</strong></span> <span class='ocrx_word' id='word_1_739' title='bbox 2288 4161 2462 4205; x_wconf 90' lang='lat' dir='ltr'><strong>tamen</strong></span> <span class='ocrx_word' id='word_1_740' title='bbox 2495 4151 2963 4219; x_wconf 79' lang='lat' dir='ltr'><strong>reprehendendus</strong></span> <span class='ocrx_word' id='word_1_741' title='bbox 2995 4162 3078 4206; x_wconf 75' lang='lat' dir='ltr'><strong>est</strong></span> <span class='ocrx_word' id='word_1_742' title='bbox 3115 4153 3454 4214; x_wconf 57' lang='lat' dir='ltr'><strong>Ptolemaeus,</strong></span> <span class='ocrx_word' id='word_1_743' title='bbox 3489 4155 3578 4208; x_wconf 92' lang='lat' dir='ltr'><strong>ubi</strong></span> <span class='ocrx_word' id='word_1_744' title='bbox 3607 4155 3717 4209; x_wconf 78' lang='lat' dir='ltr'><strong>hoc</strong></span> 
     </span>
    </p>
   </div>
   <div class='ocr_carea' id='block_1_101' title="bbox 2131 4238 3721 4307">
    <p class='ocr_par' dir='ltr' id='par_1_101' title="bbox 2131 4238 3721 4307">
     <span class='ocr_line' id='line_1_101' title="bbox 2131 4238 3721 4307; baseline 0.004 -15"><span class='ocrx_word' id='word_1_745' title='bbox 2131 4239 2302 4307; x_wconf 83' lang='lat' dir='ltr'><strong>ipsum</strong></span> <span class='ocrx_word' id='word_1_746' title='bbox 2333 4239 2585 4307; x_wconf 91' lang='lat' dir='ltr'><strong>oppidum</strong></span> <span class='ocrx_word' id='word_1_747' title='bbox 2620 4238 2887 4292; x_wconf 85' lang='lat' dir='ltr'><strong>Melditam</strong></span> <span class='ocrx_word' id='word_1_748' title='bbox 2929 4248 3114 4304; x_wconf 80' lang='lat' dir='ltr'><strong>vocat;</strong></span> <span class='ocrx_word' id='word_1_749' title='bbox 3147 4241 3408 4296; x_wconf 78' lang='lat' dir='ltr'><strong>familiare</strong></span> <span class='ocrx_word' id='word_1_750' title='bbox 3441 4245 3587 4297; x_wconf 83' lang='lat' dir='ltr'><strong>enim</strong></span> <span class='ocrx_word' id='word_1_751' title='bbox 3619 4245 3721 4299; x_wconf 82' lang='lat' dir='ltr'><strong>fuit</strong></span> 
     </span>
    </p>
   </div>
   <div class='ocr_carea' id='block_1_102' title="bbox 2130 4327 3716 4397">
    <p class='ocr_par' dir='ltr' id='par_1_102' title="bbox 2130 4327 3716 4397">
     <span class='ocr_line' id='line_1_102' title="bbox 2130 4327 3716 4397; baseline 0.004 -18"><span class='ocrx_word' id='word_1_752' title='bbox 2130 4327 2362 4395; x_wconf 87' lang='lat' dir='ltr'><strong>antiquis</strong></span> <span class='ocrx_word' id='word_1_753' title='bbox 2394 4342 2486 4395; x_wconf 89' lang='lat' dir='ltr'><strong>pro</strong></span> <span class='ocrx_word' id='word_1_754' title='bbox 2512 4327 2551 4379; x_wconf 89' lang='grc' dir='ltr'><strong>Ζ</strong></span> <span class='ocrx_word' id='word_1_755' title='bbox 2581 4343 2835 4396; x_wconf 79' lang='lat' dir='ltr'><strong>usurpare</strong></span> <span class='ocrx_word' id='word_1_756' title='bbox 2869 4329 2932 4394; x_wconf 88' lang='lat' dir='ltr'><strong>D,</strong></span> <span class='ocrx_word' id='word_1_757' title='bbox 2959 4341 3014 4381; x_wconf 89' lang='lat' dir='ltr'><strong>ut</strong></span> <span class='ocrx_word' id='word_1_758' title='bbox 3051 4330 3288 4397; x_wconf 73' lang='lat' dir='ltr'><strong>pluribus</strong></span> <span class='ocrx_word' id='word_1_759' title='bbox 3312 4333 3522 4385; x_wconf 84' lang='lat' dir='ltr'><strong>05tendi</strong></span> <span class='ocrx_word' id='word_1_760' title='bbox 3560 4335 3653 4388; x_wconf 89' lang='lat' dir='ltr'><strong>lib.</strong></span> <span class='ocrx_word' id='word_1_761' title='bbox 3685 4351 3716 4387; x_wconf 91' lang='grc' dir='ltr'><strong>ιι</strong></span> 
     </span>
    </p>
   </div>
   <div class='ocr_carea' id='block_1_103' title="bbox 2134 4415 3714 4490">
    <p class='ocr_par' dir='ltr' id='par_1_103' title="bbox 2134 4415 3714 4490">
     <span class='ocr_line' id='line_1_103' title="bbox 2134 4415 3714 4490; baseline 0.006 -23"><span class='ocrx_word' id='word_1_762' title='bbox 2134 4416 2268 4469; x_wconf 80' lang='lat' dir='ltr'><strong>llist.</strong></span> <span class='ocrx_word' id='word_1_763' title='bbox 2301 4415 2502 4484; x_wconf 80' lang='lat' dir='ltr'><strong>Pclag.,</strong></span> <span class='ocrx_word' id='word_1_764' title='bbox 2533 4431 2651 4484; x_wconf 88' lang='lat' dir='ltr'><strong>cap.</strong></span> <span class='ocrx_word' id='word_1_765' title='bbox 2689 4419 2740 4471; x_wconf 80' lang='grc'><strong>5.</strong></span> <span class='ocrx_word' id='word_1_766' title='bbox 2787 4416 2857 4468; x_wconf 80' lang='grc' dir='ltr'>1ιί</span> <span class='ocrx_word' id='word_1_767' title='bbox 2893 4419 2941 4471; x_wconf 92' lang='lat' dir='ltr'><strong>in</strong></span> <span class='ocrx_word' id='word_1_768' title='bbox 2971 4419 3156 4474; x_wconf 87' lang='lat' dir='ltr'><strong>eadem</strong></span> <span class='ocrx_word' id='word_1_769' title='bbox 3200 4421 3470 4489; x_wconf 85' lang='lat' dir='ltr'><strong>provincia</strong></span> <span class='ocrx_word' id='word_1_770' title='bbox 3507 4426 3714 4490; x_wconf 77' lang='lat' dir='ltr'><strong>[lippo-</strong></span> 
     </span>
    </p>
   </div>
   <div class='ocr_carea' id='block_1_104' title="bbox 2133 4505 3714 4574">
    <p class='ocr_par' dir='ltr' id='par_1_104' title="bbox 2133 4505 3714 4574">
     <span class='ocr_line' id='line_1_104' title="bbox 2133 4505 3714 4574; baseline 0.006 -17"><span class='ocrx_word' id='word_1_771' title='bbox 2133 4519 2251 4557; x_wconf 86' lang='lat' dir='ltr'><strong>nem</strong></span> <span class='ocrx_word' id='word_1_772' title='bbox 2291 4505 2614 4558; x_wconf 75' lang='lat' dir='ltr'><strong>Zarrutltum</strong></span> <span class='ocrx_word' id='word_1_773' title='bbox 2645 4507 2821 4558; x_wconf 87' lang='lat' dir='ltr'><strong>laudat</strong></span> <span class='ocrx_word' id='word_1_774' title='bbox 2852 4505 3182 4574; x_wconf 88' lang='lat' dir='ltr'><strong>Antoninus,</strong></span> <span class='ocrx_word' id='word_1_775' title='bbox 3223 4519 3274 4563; x_wconf 91' lang='lat' dir='ltr'><strong>et</strong></span> <span class='ocrx_word' id='word_1_776' title='bbox 3303 4509 3714 4567; x_wconf 72' lang='grc' dir='ltr'>Ζοιτίιοιιριιενιη</span> 
     </span>
    </p>
   </div>
   <div class='ocr_carea' id='block_1_105' title="bbox 2135 4595 3713 4665">
    <p class='ocr_par' dir='ltr' id='par_1_105' title="bbox 2135 4595 3713 4665">
     <span class='ocr_line' id='line_1_105' title="bbox 2135 4595 3713 4665; baseline 0.006 -18"><span class='ocrx_word' id='word_1_777' title='bbox 2135 4595 2440 4664; x_wconf 79' lang='lat' dir='ltr'><strong>episcopum</strong></span> <span class='ocrx_word' id='word_1_778' title='bbox 2472 4595 2709 4649; x_wconf 91' lang='lat' dir='ltr'><strong>nominat</strong></span> <span class='ocrx_word' id='word_1_779' title='bbox 2739 4597 2953 4650; x_wconf 88' lang='lat' dir='ltr'><strong>collatio</strong></span> <span class='ocrx_word' id='word_1_780' title='bbox 2981 4612 3097 4665; x_wconf 91' lang='lat' dir='ltr'><strong>cap.</strong></span> <span class='ocrx_word' id='word_1_781' title='bbox 3133 4599 3252 4661; x_wconf 67' lang='lat'><strong>179,</strong></span> <span class='ocrx_word' id='word_1_782' title='bbox 3285 4614 3402 4653; x_wconf 91' lang='lat' dir='ltr'><strong>cum</strong></span> <span class='ocrx_word' id='word_1_783' title='bbox 3446 4603 3535 4655; x_wconf 87' lang='lat' dir='ltr'><strong>alii</strong></span> <span class='ocrx_word' id='word_1_784' title='bbox 3569 4620 3713 4657; x_wconf 75' lang='lat' dir='ltr'><strong>earn-</strong></span> 
     </span>
    </p>
   </div>
   <div class='ocr_carea' id='block_1_106' title="bbox 2133 4685 3374 4757">
    <p class='ocr_par' dir='ltr' id='par_1_106' title="bbox 2133 4685 3374 4757">
     <span class='ocr_line' id='line_1_106' title="bbox 2133 4685 3374 4757; baseline 0.005 -19"><span class='ocrx_word' id='word_1_785' title='bbox 2133 4685 2251 4738; x_wconf 90' lang='lat' dir='ltr'><strong>dcm</strong></span> <span class='ocrx_word' id='word_1_786' title='bbox 2277 4687 2459 4739; x_wconf 86' lang='lat' dir='ltr'><strong>urbem</strong></span> <span class='ocrx_word' id='word_1_787' title='bbox 2493 4685 2785 4755; x_wconf 73' lang='lat' dir='ltr'><strong>Hipponem</strong></span> <span class='ocrx_word' id='word_1_788' title='bbox 2815 4689 3148 4757; x_wconf 72' lang='lat' dir='ltr'><strong>Diarrytbum</strong></span> <span class='ocrx_word' id='word_1_789' title='bbox 3179 4699 3374 4744; x_wconf 73' lang='lat' dir='ltr'><strong>Voceut</strong></span> 
     </span>
    </p>
   </div>
   <div class='ocr_carea' id='block_1_107' title="bbox 2205 4763 3711 4850">
    <p class='ocr_par' dir='ltr' id='par_1_107' title="bbox 2205 4763 3711 4850">
     <span class='ocr_line' id='line_1_107' title="bbox 2205 4763 3711 4850; baseline 0.005 -22"><span class='ocrx_word' id='word_1_790' title='bbox 2205 4777 2541 4830; x_wconf 68' lang='lat' dir='ltr'><strong>Psxrttoxtus</strong></span> <span class='ocrx_word' id='word_1_791' title='bbox 2572 4775 2921 4831; x_wconf 66' lang='lat' dir='ltr'><strong>PUN‘ITAVUS.</strong></span> <span class='ocrx_word' id='word_1_792' title='bbox 2954 4778 3016 4830; x_wconf 82' lang='lat' dir='ltr'><strong>In</strong></span> <span class='ocrx_word' id='word_1_793' title='bbox 3056 4763 3325 4832; x_wconf 83' lang='lat' dir='ltr'><strong>collatione</strong></span> <span class='ocrx_word' id='word_1_794' title='bbox 3360 4793 3502 4850; x_wconf 60' lang='lat' dir='ltr'><strong>parte</strong></span> <span class='ocrx_word' id='word_1_795' title='bbox 3543 4784 3711 4849; x_wconf 77' lang='lat' dir='ltr'><strong>prima</strong></span> 
     </span>
    </p>
   </div>
   <div class='ocr_carea' id='block_1_108' title="bbox 2132 4868 3710 4940">
    <p class='ocr_par' dir='ltr' id='par_1_108' title="bbox 2132 4868 3710 4940">
     <span class='ocr_line' id='line_1_108' title="bbox 2132 4868 3710 4940; baseline 0.003 -19"><span class='ocrx_word' id='word_1_796' title='bbox 2132 4870 2312 4940; x_wconf 68' lang='lat' dir='ltr'><strong>legitur</strong></span> <span class='ocrx_word' id='word_1_797' title='bbox 2339 4868 2638 4922; x_wconf 81' lang='lat' dir='ltr'><strong>Pannonius</strong></span> <span class='ocrx_word' id='word_1_798' title='bbox 2670 4868 3006 4938; x_wconf 62' lang='lat' dir='ltr'><strong>Pnpnitanus,</strong></span> <span class='ocrx_word' id='word_1_799' title='bbox 3041 4871 3129 4923; x_wconf 80' lang='lat' dir='ltr'><strong>sed</strong></span> <span class='ocrx_word' id='word_1_800' title='bbox 3169 4873 3367 4939; x_wconf 84' lang='lat' dir='ltr'><strong>gemino</strong></span> <span class='ocrx_word' id='word_1_801' title='bbox 3403 4875 3452 4923; x_wconf 77' lang='lat' dir='ltr'><strong>vi</strong></span> <span class='ocrx_word' id='word_1_802' title='bbox 3478 4876 3548 4938; x_wconf 80' lang='lat' dir='ltr'><strong>io,</strong></span> <span class='ocrx_word' id='word_1_803' title='bbox 3593 4891 3710 4926; x_wconf 68' lang='lat' dir='ltr'><strong>ruat</strong></span> 
     </span>
    </p>
   </div>
   <div class='ocr_carea' id='block_1_109' title="bbox 2133 4959 3713 5031">
    <p class='ocr_par' dir='ltr' id='par_1_109' title="bbox 2133 4959 3713 5031">
     <span class='ocr_line' id='line_1_109' title="bbox 2133 4959 3713 5031; baseline 0.002 -18"><span class='ocrx_word' id='word_1_804' title='bbox 2133 4959 2389 5014; x_wconf 87' lang='lat' dir='ltr'><strong>Pannonii</strong></span> <span class='ocrx_word' id='word_1_805' title='bbox 2434 4979 2610 5013; x_wconf 71' lang='lat' dir='ltr'><strong>nomen</strong></span> <span class='ocrx_word' id='word_1_806' title='bbox 2655 4963 2875 5015; x_wconf 86' lang='lat' dir='ltr'><strong>insolens</strong></span> <span class='ocrx_word' id='word_1_807' title='bbox 2919 4965 2982 5015; x_wconf 84' lang='lat' dir='ltr'><strong>sit</strong></span> <span class='ocrx_word' id='word_1_808' title='bbox 3029 4963 3170 5030; x_wconf 85' lang='lat' dir='ltr'><strong>apud</strong></span> <span class='ocrx_word' id='word_1_809' title='bbox 3209 4963 3380 5031; x_wconf 78' lang='lat' dir='ltr'><strong>Afros,</strong></span> <span class='ocrx_word' id='word_1_810' title='bbox 3431 4963 3713 5016; x_wconf 70' lang='lat' dir='ltr'><strong>Panrhonii</strong></span> 
     </span>
    </p>
   </div>
   <div class='ocr_carea' id='block_1_110' title="bbox 2132 5043 3713 5125">
    <p class='ocr_par' dir='ltr' id='par_1_110' title="bbox 2132 5043 3713 5125">
     <span class='ocr_line' id='line_1_110' title="bbox 2132 5043 3713 5125; baseline 0.002 -21"><span class='ocrx_word' id='word_1_811' title='bbox 2132 5053 2404 5120; x_wconf 69' lang='lat' dir='ltr'><strong>familiare,</strong></span> <span class='ocrx_word' id='word_1_812' title='bbox 2439 5064 2482 5104; x_wconf 71' lang='lat' dir='ltr'><strong>et</strong></span> <span class='ocrx_word' id='word_1_813' title='bbox 2507 5054 2678 5104; x_wconf 76' lang='lat' dir='ltr'><strong>civitas</strong></span> <span class='ocrx_word' id='word_1_814' title='bbox 2706 5056 2853 5120; x_wconf 74' lang='lat' dir='ltr'><strong>cujus</strong></span> <span class='ocrx_word' id='word_1_815' title='bbox 2878 5043 3047 5105; x_wconf 73' lang='lat' dir='ltr'><strong>sedem</strong></span> <span class='ocrx_word' id='word_1_816' title='bbox 3079 5055 3233 5107; x_wconf 82' lang='lat' dir='ltr'><strong>tenuit</strong></span> <span class='ocrx_word' id='word_1_817' title='bbox 3264 5055 3466 5105; x_wconf 68' lang='lat' dir='ltr'><strong>dicafur</strong></span> <span class='ocrx_word' id='word_1_818' title='bbox 3500 5055 3713 5125; x_wconf 58' lang='lat' dir='ltr'><strong>Pnppnt</strong></span> 
     </span>
    </p>
   </div>
   <div class='ocr_carea' id='block_1_111' title="bbox 2131 5142 3712 5212">
    <p class='ocr_par' dir='ltr' id='par_1_111' title="bbox 2131 5142 3712 5212">
     <span class='ocr_line' id='line_1_111' title="bbox 2131 5142 3712 5212; baseline 0.004 -20"><span class='ocrx_word' id='word_1_819' title='bbox 2131 5145 2182 5194; x_wconf 83' lang='lat' dir='ltr'><strong>in</strong></span> <span class='ocrx_word' id='word_1_820' title='bbox 2223 5142 2494 5195; x_wconf 47' lang='lat' dir='ltr'><strong>[intrario</strong></span> <span class='ocrx_word' id='word_1_821' title='bbox 2532 5142 2793 5193; x_wconf 80' lang='lat' dir='ltr'><strong>Antonini.</strong></span> <span class='ocrx_word' id='word_1_822' title='bbox 2834 5143 2943 5195; x_wconf 89' lang='lat' dir='ltr'><strong>ltuo</strong></span> <span class='ocrx_word' id='word_1_823' title='bbox 2974 5146 3173 5212; x_wconf 86' lang='lat' dir='ltr'><strong>gemino</strong></span> <span class='ocrx_word' id='word_1_824' title='bbox 3204 5146 3324 5196; x_wconf 78' lang='lat' dir='ltr'><strong>vitio</strong></span> <span class='ocrx_word' id='word_1_825' title='bbox 3358 5147 3443 5198; x_wconf 86' lang='lat' dir='ltr'><strong>lab</strong></span> <span class='ocrx_word' id='word_1_826' title='bbox 3471 5163 3558 5198; x_wconf 76' lang='lat' dir='ltr'><strong>ra:</strong></span> <span class='ocrx_word' id='word_1_827' title='bbox 3592 5150 3712 5199; x_wconf 65' lang='lat' dir='ltr'><strong>hmc</strong></span> 
     </span>
    </p>
   </div>
   <div class='ocr_carea' id='block_1_112' title="bbox 2129 5231 3712 5304">
    <p class='ocr_par' dir='ltr' id='par_1_112' title="bbox 2129 5231 3712 5304">
     <span class='ocr_line' id='line_1_112' title="bbox 2129 5231 3712 5304; baseline 0.001 -19"><span class='ocrx_word' id='word_1_828' title='bbox 2129 5247 2374 5286; x_wconf 85' lang='lat' dir='ltr'><strong>censura.</strong></span> <span class='ocrx_word' id='word_1_829' title='bbox 2401 5231 2533 5283; x_wconf 87' lang='lat' dir='ltr'><strong>Cum</strong></span> <span class='ocrx_word' id='word_1_830' title='bbox 2571 5239 2744 5284; x_wconf 73' lang='lat' dir='ltr'><strong>textus</strong></span> <span class='ocrx_word' id='word_1_831' title='bbox 2779 5234 3095 5303; x_wconf 78' lang='lat' dir='ltr'><strong>epigraphcs</strong></span> <span class='ocrx_word' id='word_1_832' title='bbox 3126 5236 3398 5304; x_wconf 73' lang='lat' dir='ltr'><strong>synodalis</strong></span> <span class='ocrx_word' id='word_1_833' title='bbox 3426 5252 3491 5288; x_wconf 82' lang='lat' dir='ltr'><strong>ex</strong></span> <span class='ocrx_word' id='word_1_834' title='bbox 3535 5236 3712 5288; x_wconf 69' lang='lat' dir='ltr'><strong>crlla-~</strong></span> 
     </span>
    </p>
   </div>
   <div class='ocr_carea' id='block_1_113' title="bbox 2130 5321 3712 5393">
    <p class='ocr_par' dir='ltr' id='par_1_113' title="bbox 2130 5321 3712 5393">
     <span class='ocr_line' id='line_1_113' title="bbox 2130 5321 3712 5393; baseline 0.002 -19"><span class='ocrx_word' id='word_1_835' title='bbox 2130 5322 2273 5375; x_wconf 90' lang='lat' dir='ltr'><strong>tione</strong></span> <span class='ocrx_word' id='word_1_836' title='bbox 2315 5321 2660 5389; x_wconf 72' lang='lat' dir='ltr'><strong>corrigendos</strong></span> <span class='ocrx_word' id='word_1_837' title='bbox 2699 5334 2874 5386; x_wconf 77' lang='lat' dir='ltr'><strong>esset,</strong></span> <span class='ocrx_word' id='word_1_838' title='bbox 2921 5333 2975 5376; x_wconf 91' lang='lat' dir='ltr'><strong>ut</strong></span> <span class='ocrx_word' id='word_1_839' title='bbox 3007 5325 3202 5391; x_wconf 79' lang='lat' dir='ltr'><strong>ubique</strong></span> <span class='ocrx_word' id='word_1_840' title='bbox 3244 5333 3474 5393; x_wconf 78' lang='lat' dir='ltr'><strong>erraret,</strong></span> <span class='ocrx_word' id='word_1_841' title='bbox 3520 5326 3712 5377; x_wconf 88' lang='lat' dir='ltr'><strong>maluit</strong></span> 
     </span>
    </p>
   </div>
   <div class='ocr_carea' id='block_1_114' title="bbox 2130 5413 3708 5483">
    <p class='ocr_par' dir='ltr' id='par_1_114' title="bbox 2130 5413 3708 5483">
     <span class='ocr_line' id='line_1_114' title="bbox 2130 5413 3708 5483; baseline 0.002 -19"><span class='ocrx_word' id='word_1_842' title='bbox 2130 5419 2332 5464; x_wconf 76' lang='lat' dir='ltr'><strong>textum</strong></span> <span class='ocrx_word' id='word_1_843' title='bbox 2359 5413 2660 5465; x_wconf 63' lang='lat' dir='ltr'><strong>(‘o&#39;lalionis</strong></span> <span class='ocrx_word' id='word_1_844' title='bbox 2683 5414 2878 5466; x_wconf 79' lang='lat' dir='ltr'><strong>erroris</strong></span> <span class='ocrx_word' id='word_1_845' title='bbox 2901 5429 3145 5483; x_wconf 72' lang='lat' dir='ltr'><strong>arguere.</strong></span> <span class='ocrx_word' id='word_1_846' title='bbox 3168 5415 3220 5468; x_wconf 91' lang='lat' dir='ltr'><strong>In</strong></span> <span class='ocrx_word' id='word_1_847' title='bbox 3247 5433 3344 5468; x_wconf 84' lang='lat' dir='ltr'><strong>ms.</strong></span> <span class='ocrx_word' id='word_1_848' title='bbox 3373 5417 3708 5469; x_wconf 48' lang='lat' dir='ltr'><strong>serenissirui</strong></span> 
     </span>
    </p>
   </div>
   <div class='ocr_carea' id='block_1_115' title="bbox 2128 5501 3711 5574">
    <p class='ocr_par' dir='ltr' id='par_1_115' title="bbox 2128 5501 3711 5574">
     <span class='ocr_line' id='line_1_115' title="bbox 2128 5501 3711 5574; baseline 0.003 -22"><span class='ocrx_word' id='word_1_849' title='bbox 2128 5501 2300 5568; x_wconf 80' lang='lat' dir='ltr'><strong>magni</strong></span> <span class='ocrx_word' id='word_1_850' title='bbox 2335 5501 2485 5554; x_wconf 89' lang='lat' dir='ltr'><strong>ducis</strong></span> <span class='ocrx_word' id='word_1_851' title='bbox 2514 5513 2690 5569; x_wconf 86' lang='lat' dir='ltr'><strong>postea</strong></span> <span class='ocrx_word' id='word_1_852' title='bbox 2707 5504 2999 5574; x_wconf 81' lang='lat' dir='ltr'><strong>laudando,</strong></span> <span class='ocrx_word' id='word_1_853' title='bbox 3032 5505 3080 5557; x_wconf 93' lang='lat' dir='ltr'><strong>iu</strong></span> <span class='ocrx_word' id='word_1_854' title='bbox 3106 5505 3395 5574; x_wconf 70' lang='lat' dir='ltr'><strong>epigraplre</strong></span> <span class='ocrx_word' id='word_1_855' title='bbox 3425 5523 3457 5557; x_wconf 89' lang='grc' dir='ltr'><strong>ιι</strong></span> <span class='ocrx_word' id='word_1_856' title='bbox 3499 5522 3530 5558; x_wconf 87' lang='grc' dir='ltr'><strong>ιι</strong></span> <span class='ocrx_word' id='word_1_857' title='bbox 3561 5503 3711 5556; x_wconf 64' lang='lat' dir='ltr'><strong>Porro</strong></span> 
     </span>
    </p>
   </div>
   <div class='ocr_carea' id='block_1_116' title="bbox 2129 5590 3709 5662">
    <p class='ocr_par' dir='ltr' id='par_1_116' title="bbox 2129 5590 3709 5662">
     <span class='ocr_line' id='line_1_116' title="bbox 2129 5590 3709 5662; baseline 0.004 -21"><span class='ocrx_word' id='word_1_858' title='bbox 2129 5590 2350 5648; x_wconf 72' lang='lat' dir='ltr'><strong>(nonius.</strong></span> <span class='ocrx_word' id='word_1_859' title='bbox 2390 5593 2480 5642; x_wconf 85' lang='lat' dir='ltr'><strong>sed</strong></span> <span class='ocrx_word' id='word_1_860' title='bbox 2515 5591 2809 5645; x_wconf 83' lang='lat' dir='ltr'><strong>Pannonius</strong></span> <span class='ocrx_word' id='word_1_861' title='bbox 2843 5605 2988 5648; x_wconf 87' lang='lat' dir='ltr'><strong>recte</strong></span> <span class='ocrx_word' id='word_1_862' title='bbox 3014 5595 3224 5662; x_wconf 81' lang='lat' dir='ltr'><strong>legitur.</strong></span> <span class='ocrx_word' id='word_1_863' title='bbox 3267 5595 3458 5648; x_wconf 82' lang='lat' dir='ltr'><strong>Verum</strong></span> <span class='ocrx_word' id='word_1_864' title='bbox 3485 5595 3601 5662; x_wconf 77' lang='lat' dir='ltr'><strong>quis</strong></span> <span class='ocrx_word' id='word_1_865' title='bbox 3627 5593 3709 5647; x_wconf 85' lang='lat' dir='ltr'><strong>illi</strong></span> 
     </span>
    </p>
   </div>
   <div class='ocr_carea' id='block_1_117' title="bbox 2129 5681 3711 5754">
    <p class='ocr_par' dir='ltr' id='par_1_117' title="bbox 2129 5681 3711 5754">
     <span class='ocr_line' id='line_1_117' title="bbox 2129 5681 3711 5754; baseline 0.001 -20"><span class='ocrx_word' id='word_1_866' title='bbox 2129 5682 2252 5734; x_wconf 82' lang='lat' dir='ltr'><strong>dixit</strong></span> <span class='ocrx_word' id='word_1_867' title='bbox 2287 5681 2541 5736; x_wconf 57' lang='lat' dir='ltr'><strong>l‘auttnttii</strong></span> <span class='ocrx_word' id='word_1_868' title='bbox 2573 5699 2761 5738; x_wconf 88' lang='lat' dir='ltr'><strong>nomen</strong></span> <span class='ocrx_word' id='word_1_869' title='bbox 2795 5685 3028 5738; x_wconf 80' lang='lat' dir='ltr'><strong>insolens</strong></span> <span class='ocrx_word' id='word_1_870' title='bbox 3060 5700 3180 5740; x_wconf 82' lang='lat' dir='ltr'><strong>esse</strong></span> <span class='ocrx_word' id='word_1_871' title='bbox 3204 5685 3339 5754; x_wconf 80' lang='lat' dir='ltr'><strong>apud</strong></span> <span class='ocrx_word' id='word_1_872' title='bbox 3371 5683 3711 5747; x_wconf 68' lang='lat' dir='ltr'><strong>Ai:os,l‘au-</strong></span> 
     </span>
    </p>
   </div>
  </div>
