3908 6310
181 244 286 298 277

878 238 1228 296 VARIORUM
1269 235 1864 293 EXERCITATIONES
1902 236 1966 291 IN
2009 238 2066 294 S.
2111 238 2479 294 AUGUSTINI
2519 241 2768 295 OPERA.

3349 245 3452 301 278

182 359 358 415 thouii
400 371 529 412 vero
571 357 865 412 familiare?
914 358 1115 412 Praeter
1144 358 1474 413 Pannonium
1514 354 1767 423 Puppita-
1795 352 1850 414 Α
1874 353 2064 410 fundit.
2087 355 2260 410 ‘Recte
2291 357 2340 410 in
2366 357 2653 412 collatione
2688 358 2990 414 Restitutus
3013 362 3309 430 appellatur
3340 364 3452 418 Mu-

182 469 343 520 num,
380 452 575 522 legitur
605 452 657 504 in
688 450 883 504 Notitia
916 452 1106 506 Africa:
1135 452 1273 506 inter
1301 451 1620 505 Mauritanos
1647 446 1767 502 (ἰω-
1806 459 1824 479 ·

179 545 458 600 sarienses
487 540 793 594 Pannonius
821 538 1056 594 Bitensis.
1090 539 1264 594 Unum
1298 548 1502 594 tantum
1535 538 1768 592 Pantho-

181 636 337 687 nium
366 647 432 686 ex
463 630 751 699 depravata
784 630 1070 698 cpigraphe
1100 630 1265 696 novit,
1282 630 1509 684 alterum
1531 643 1594 683 ex
1617 628 1768 682 inco-

181 725 350 794 gnitis
379 722 532 776 libris
552 737 615 776 ex
646 721 820 776 Africa
849 721 1098 790 appellet,
1123 730 1176 776 et
1201 731 1325 776 tunc
1349 722 1608 776 familiare
1628 719 1770 790 apud

185 815 350 868 Afros
377 827 572 867 nomen
590 810 871 866 Panthonii
889 812 1185 879 aflirmabo,
1204 821 1258 868 et
1280 814 1382 867 erit
1397 812 1526 868 mihi
1550 824 1773 882 magnus

184 905 407 973 Apollo.
456 902 609 968 Quod
657 916 792 956 vero
839 903 1114 957 contendit
1158 918 1189 957 a
1235 904 1443 973 Puppttt
1491 904 1774 959 dicendum

181 1012 309 1052 esse
338 996 727 1066 Pupputanum,
749 1008 853 1048 non
878 993 1250 1064 Puppitanum,
1274 996 1358 1049 vix
1379 995 1512 1050 citra
1535 995 1778 1064 indigna-

185 1089 392 1141 tionem
438 1087 506 1141 ab
547 1086 694 1141 Afris
733 1083 906 1139 audiri
947 1093 1161 1152 posset,
1212 1085 1365 1154 quasi
1415 1085 1502 1140 hic
1549 1089 1778 1153 scriptor

181 1179 566 1232 Africanarum
609 1177 822 1231 urbium
857 1175 1117 1230 vocabula
1146 1175 1336 1230 melius
1372 1191 1531 1246 quam
1564 1177 1780 1244 ipsimet

181 1269 307 1323 Afri
338 1269 616 1323 declinare
643 1269 799 1322 sciat.
827 1267 884 1322 In
916 1266 1203 1321 collatione
1228 1281 1346 1336 cap.
1379 1268 1480 1323 187
1509 1269 1648 1323 inter
1679 1268 1780 1321 Do-

183 1361 422 1414 natistas
461 1359 768 1412 nominatur
819 1356 1146 1411 Victorianus
1185 1354 1611 1425 Puppitanensis,
1643 1358 1779 1412 Pan-

181 1451 334 1504 nonii
387 1450 634 1503 :emulus.
690 1447 1015 1517 Synodicam
1072 1446 1532 1516 proconsularium
1579 1456 1683 1503 act.
1747 1447 1780 1499 2

183 1542 423 1596 laudatae
449 1541 643 1612 synodi
673 1540 1046 1595 Lateranensis
1075 1539 1366 1596 subscribit
1397 1537 1624 1594 Gulosus
1648 1541 1781 1610 Pup-

184 1634 437 1701 pitanus;
485 1634 539 1685 in
581 1633 788 1702 synodo
834 1632 1094 1687 Bonifacii
1146 1631 1587 1704 Carthaginensis
1637 1649 1779 1688 anno

1871 446 2136 512 zucensis,
2155 447 2306 514 cujus
2323 447 2662 503 adversarius
2689 450 2962 504 DonatiSIa
2990 467 3109 522 cap.
3127 454 3230 508 206
3259 455 3363 509 dici
3390 473 3450 510 ur

1873 532 2090 590 Idaxius
2120 535 2462 593 Muzucensis.
2496 539 2662 594 Porro
2694 541 2808 594 haec
2837 541 2963 596 urbs
2984 553 3101 597 erat
3128 544 3266 598 inter
3288 545 3456 614 Byza-

1873 640 2067 690 cenas;
2115 627 2256 681 unde
2283 628 2338 682 in
2371 629 2566 684 NOtitia
2603 629 2797 685 Africa:
2835 633 2974 686 inter
3017 631 3321 699 Byzacenos
3351 636 3458 702 epi-

1873 731 2066 786 scopos
2115 719 2370 774 recitatur
2415 718 2748 776 Innocentius
2796 721 3140 776 Mazucensis.
3186 723 3455 777 Prmterea

1875 822 2026 862 more
2060 808 2220 862 solito
2255 808 2549 877 divinatur;
2598 826 2721 865 nam
2764 811 2816 866 in
2854 812 3141 868 collatione
3184 829 3304 881 cap.
3355 814 3457 869 155

1876 901 2126 956 scribitur
2185 903 2471 958 Restitutus
2523 905 2791 973 episcopus
2842 906 3000 977 plebis
3053 906 3451 976 Simingitensis.

1879 991 2032 1046 Hunc
2064 1006 2191 1046 vero
2230 1003 2639 1048 annumeratum
2668 995 3141 1063 proconsularibus
3167 998 3363 1067 colligo
3389 1013 3455 1051 ex

1879 1083 2085 1153 synodo
2108 1081 2385 1148 Bonifacii,
2415 1084 2465 1137 in
2488 1099 2590 1154 qua
2619 1085 2918 1153 appellatur
2937 1085 3238 1141 Cresconius
3263 1088 3459 1156 episco-

1879 1190 1972 1243 pus
2020 1174 2180 1245 plebis
2237 1174 2620 1246 Simingitanw.
2684 1176 2867 1246 Itaque
2920 1186 3067 1231 errat
3122 1176 3457 1237 Garnerius.

1881 1266 2005 1318 dum
2034 1264 2298 1320 Restituto
2337 1265 2702 1335 Simingitensi
2734 1267 3023 1336 provinciae
3055 1268 3460 1323 Proconsularis

1882 1355 2104 1419 omisso,
2133 1355 2453 1410 Restitutum
2478 1356 2854 1410 Muzucensem
2883 1372 2946 1410 ex
2980 1357 3204 1426 Byzacio
3230 1358 3296 1411 ad
3332 1358 3460 1412 Pro-

1880 1445 2216 1500 consularem
2243 1446 2588 1511 transferens,
2620 1446 2867 1502 eumdem
2892 1447 2943 1501 in
2972 1446 3326 1502 Muzulensem
3353 1448 3462 1517 epi-

1881 1550 2102 1601 εεοιιιιιιι
2132 1537 2309 1590 vertit.

1956 1627 2238 1692 Rus'rtcus,
2269 1641 2363 1682 seu
2393 1628 2570 1698 potius
2601 1627 2950 1682 RUSTICIANUS
2972 1628 3464 1684 Taunscsusmﬁic

185 1721 294 1777 525
321 1723 583 1776 recitatur
613 1721 930 1776 Fortunatus
958 1721 1305 1793 Puppitanus.
1336 1725 1468 1790 Quis
1492 1734 1669 1779 autem
1695 1724 1778 1778 di.
1811 1711 1855 1770 Β
1885 1719 2019 1771 enim
2049 1718 2230 1787 legitur
2254 1718 2306 1771 in
2334 1719 2625 1772 collatione.
2660 1715 2786 1771 Fuit
2808 1728 2980 1772 autem
3005 1718 3236 1774 Tabraca
3263 1721 3462 1774 colonia

184 1812 331 1866 xerit
366 1812 467 1866 bos
488 1811 774 1882 episcopos
799 1812 1034 1868 nescisse
1056 1829 1163 1869 suae
1186 1815 1338 1870 urbis
1365 1830 1560 1870 nomen
1595 1816 1780 1870 Latine

188 1902 478 1956 inﬂectere
496 1903 518 1954 ‘l

259 1992 472 2047 Vtcron
504 1992 768 2047 VINENSIS.
798 1991 1003 2063 Legitur
1029 1995 1187 2062 ipsius
1208 2011 1390 2048 nomen
1420 1996 1472 2048 in
1494 1996 1782 2049 coll..tionis

185 2085 357 2151 prima
381 2091 550 2152 parte,
567 2092 640 2136 est
661 2090 828 2136 autem
852 2082 981 2136 Vina
1006 2085 1180 2137 civitas
1209 2100 1365 2152 prape
1398 2085 1777 2156 Pupputanam.

184 2177 502 2240 Ariolatur;
535 2189 654 2229 nam
691 2191 811 2229 cum
853 2176 903 2229 in
950 2175 1105 2230 titulo
1141 2177 1406 2245 epistola‘,
1446 2193 1602 2245 quam
1645 2179 1781 2234 adeo

185 2267 420 2324 eruditis
484 2267 626 2324 notis
680 2267 940 2334 illustrat.
984 2277 1091 2326 lrc's
1134 2268 1376 2328 Victores
1414 2275 1776 2343 nominentur,

188 2362 516 2416 eorumdem
556 2363 712 2417 sedes
752 2378 816 2416 ex
852 2363 1141 2419 collatione
1182 2364 1589 2436 Carthaginensi
1631 2368 1780 2438 expi-

186 2462 395 2507 scatur.
433 2453 676 2508 Priorem
706 2453 835 2508 dicit
863 2453 1170 2520 Vinensem,
1199 2455 1424 2511 alterum
1451 2456 1777 2526 Uticensem,

186 2555 532 2609 postremum
583 2543 973 2610 bligirpensem.
1007 2543 1160 2609 Quod
1199 2543 1268 2598 ita
1301 2561 1394 2612 pro
1427 2547 1650 2601 arbitrio
1687 2548 1781 2602 ho-

185 2651 304 2689 rum
334 2635 618 2688 Victorum
643 2634 798 2688 sedes
824 2635 1080 2704 disponit,
1115 2636 1310 2690 nullam
1343 2635 1603 2691 Garnerio
1631 2654 1779 2707 qua:-

185 2729 425 2783 stionetn
461 2725 624 2791 facio,
653 2726 896 2796 quamvis
920 2729 1065 2794 prior
1097 2728 1331 2796 potuerit
1353 2741 1472 2783 esse
1501 2729 1784 2797 Migirpen-

184 2819 278 2876 sis.
302 2827 625 2888 postremus
652 2826 827 2872 autem
869 2817 1160 2883 Uticensis,
1185 2828 1242 2874 et
1270 2819 1476 2875 medius
1503 2819 1779 2875 Vinensis.

190 2908 299 2961 lloc
338 2907 597 2961 eumdem
630 2908 1010 2976 interrogatum
1055 2907 1215 2963 velim
1251 2899 1348 2964 cur
1377 2917 1489 2965 tres
1523 2909 1658 2964 alios
1691 2909 1780 2963 Vi-

183 3008 388 3063 ctores,
419 2999 512 3066 qui
545 2999 598 3051 in
621 2998 903 3053 collatione
931 3010 1296 3062 recensentur,
1324 3001 1522 3066 omisit,
1548 3001 1779 3056 nullum-

1887 1810 1938 1860 in
1967 1809 2078 1878 ipso
2116 1809 2339 1874 conﬁnio
2382 1810 2653 1877 provincia:
2683 1808 3075 1863 Proconsularis
3105 1820 3151 1864 et
3181 1809 3462 1873 Numidia.

1886 1899 2021 1951 unde
2042 1899 2234 1966 factum
2256 1907 2328 1951 est
2357 1910 2409 1951 ut
2434 1916 2533 1951 una
2565 1916 2684 1967 pars
2712 1908 2977 1953 auctorum
3007 1901 3056 1952 in
3088 1900 3357 1967 Numidia,
3376 1903 3463 1953 alii

1885 1990 1937 2042 in
1985 1987 2251 2042 Prouincia
2292 1989 2619 2043 collocarent.
2663 1990 2951 2046 infeliciter
2995 1992 3210 2045 labitur.
3254 1992 3462 2044 Etenim

1886 2095 2007 2132 cum
2033 2079 2082 2132 in
2107 2080 2391 2135 collatione
2423 2080 2626 2134 nullum
2658 2081 2934 2135 Rusticum
2962 2082 3287 2151 appellatum
3317 2083 3463 2151 lege-

1885 2180 1966 2225 ret
2003 2187 2109 2240 quo
2158 2171 2312 2239 hujus
2353 2173 2586 2240 episc0pi
2625 2174 2807 2228 sedem
2847 2175 3170 2244 designaret,
3216 2176 3463 2231 eumdem

1885 2277 1951 2319 ex
1981 2262 2196 2320 Rustico
2229 2265 2279 2320 itt
2311 2263 2681 2322 Rusticiannm
2721 2266 2968 2322 mutavit.
3005 2265 3111 2321 Sed
3139 2267 3190 2320 in
3223 2267 3324 2321 hoc
3348 2275 3462 2320 tur-

1885 2359 2024 2428 piter
2046 2362 2204 2413 etiam
2233 2369 2412 2425 errat;
2460 2375 2579 2413 nam
2619 2359 2865 2428 superius
2897 2361 3204 2429 episcopum
3236 2359 3325 2430 qui
3360 2368 3464 2416 ter-

1886 2453 1991 2506 tius
2016 2452 2084 2505 ab
2120 2452 2337 2506 Aurelio
2368 2453 2591 2521 primate
2626 2454 2677 2506 in
2716 2453 3006 2522 epigraphe
3041 2454 3250 2522 legitur,
3285 2456 3466 2522 appeb

1884 2539 2018 2592 larat
2061 2539 2414 2594 Iiusticianum
2448 2541 2832 2596 Tabracensem.
2866 2542 3049 2612 Itaque
3079 2553 3296 2597 auctore
3328 2543 3464 2597 Gar-

1885 2630 2035 2684 nerio
2081 2645 2224 2684 anno
2273 2632 2395 2696 416,
2444 2632 2694 2686 Tabracze
2746 2633 2851 2687 duo
2893 2634 3183 2687 Rusticiani
3229 2636 3464 2703 episcopi

1885 2719 2131 2772 catholici
2174 2719 2452 2784 sedebant,
2498 2729 2554 2773 ut
2600 2722 2881 2789 Ecclesiae,
2918 2724 3367 2789 quemadmodum
3415 2737 3466 2779 et

1885 2807 2047 2862 urbes
2069 2807 2120 2861 id
2147 2807 2402 2876 temporis
2422 2809 2762 2878 regebantur,
2799 2825 2926 2865 suos
2959 2811 3241 2866 habuerint
3276 2815 3467 2867 dumu-

1887 2912 2047 2952 VII‘OS.
2349 2920 2352 2926 '

1957 2991 2402 3047 FORTUNATIANUS
2440 2993 2850 3050 Nssromrsuus
2893 2997 2973 3052 vel
3011 2997 3298 3055 Siccensis.
3338 3001 3461 3055 For-

185 3103 287 3154 que
307 3102 514 3141 eorum
532 3086 584 3140 in
601 3097 895 3141 memorata
914 3090 1202 3158 epigrapbe
1226 3091 1556 3145 nominatum
1571 3091 1776 3146 voluit?
1805 3078 1851 3141 C
1883 3085 2135 3139 tnnatiani
2151 3085 2485 3156 duoﬁcelebres
2505 3089 2801 3142 exstiterunt
2819 3098 2934 3142 tunc
2957 3094 3195 3156 temporis
3215 3108 3233 3145 :
3259 3094 3465 3165 Neapo-

187 3175 534 3231 Recensetur
575 3191 694 3245 cap;
725 3178 825 3232 116
855 3176 1033 3232 Victor
1062 3178 1442 3233 Libertinensis.
1475 3180 1623 3235 Hane
1652 3169 1808 3236 vero.

189 3266 382 3321 urbem
417 3275 695 3334 spectasse
723 3267 787 3320 ad
819 3269 1227 3335 proconsulares
1259 3277 1404 3338 patet
1433 3283 1496 3323 ex
1528 3271 1781 3339 synodica

189 3357 447 3423 ejusdem
492 3356 778 3425 provincias
816 3369 923 3412 act.
955 3359 990 3410 2
1018 3359 1231 3413 concilii
1264 3359 1660 3427 Lateranensis,
1692 3361 1781 3416 ubi

187 3447 390 3516 legitur
417 3445 709 3500 Ianuarius
728 3449 894 3517 gratia
923 3447 1016 3502 Dei
1036 3450 1303 3521 episcOpus
1324 3451 1383 3504 S.
1404 3449 1466 3503 E.
1487 3449 1780 3504 Libertina.

189 3537 400 3593 Rursus
427 3539 485 3590 in
518 3537 702 3592 eadem
731 3538 1013 3593 collatione
1037 3540 1291 3593 recitatur
1318 3555 1435 3609 cap.
1468 3539 1575 3595 215
1611 3539 1785 3594 Victor

189 3628 534 3682 Abitinensis.
575 3628 640 3682 Et
680 3628 818 3682 hunc
859 3628 1062 3699 pariter
1098 3630 1567 3699 proconsularibus
1597 3645 1785 3686 accen-

189 3719 426 3773 sendum
459 3726 670 3772 constat
697 3734 762 3772 ex
793 3721 1035 3786 proxime
1065 3719 1273 3774 laudata
1304 3720 1577 3790 synodica,
1603 3721 1653 3775 in
1682 3736 1783 3789 qua

191 3811 511 3863 nominatur
537 3808 829 3880 Augustalis
853 3811 1018 3880 gratia
1041 3809 1138 3862 Dei
1159 3811 1421 3881 episcopus
1445 3809 1506 3864 S.
1535 3811 1599 3866 E.
1627 3812 1787 3864 Abiti-

190 3901 407 3962 nensis;
465 3907 520 3952 et
564 3898 702 3967 apud
751 3899 1074 3967 Cyprianum
1119 3899 1343 3954 habetur
1369 3901 1681 3956 Saturninus
1722 3904 1787 3956 ab

191 3991 478 4042 Abbitim’s.
507 3988 744 4058 Denique
777 3992 967 4044 tertius
1011 3991 1193 4045 Victor
1231 3992 1462 4045 occurrit
1492 4007 1612 4060 cap.
1665 3993 1782 4057 155,

193 4082 277 4133 ubi
306 4080 520 4134 dicitur
549 4081 884 4135 subscribere
924 4081 1143 4152 Quintus
1174 4098 1268 4149 pro
1318 4081 1521 4135 Victore
1548 4083 1786 4150 episcopo

197 4171 676 4228 Tuburbitanorum
710 4176 985 4228 minorum.
1023 4175 1210 4231 Fuisse
1237 4190 1365 4231 vero
1391 4175 1699 4232 Tuburbum
1734 4178 1783 4230 in

195 4262 585 4318 l’roconsulari
613 4266 768 4321 docet
787 4266 986 4321 Notitia
1024 4267 1220 4323 Africa:
1239 4311 1252 4337 ,
1283 4271 1335 4324 in
1359 4286 1461 4339 qua
1490 4270 1787 4340 appellazur

196 4354 496 4408 Benenatus
527 4355 942 4423 Tuburbitensis;
973 4366 1026 4412 et
1060 4359 1331 4427 utriusque
1359 4359 1593 4414 Tuburbi
1624 4362 1782 4414 situm

197 4447 245 4499 in
274 4445 663 4501 Proconsnlari
687 4447 942 4502 exhibent
966 4448 1184 4503 Tabul:e
1211 4447 1651 4519 Peutingerianm.
1681 4453 1786 4506 Cur
1813 4431 1862 4489 Ῐ)

197 4553 321 4607 ergo
362 4549 486 4591 tres
514 4537 674 4593 hosce
699 4538 964 4604 Victores,
1005 4541 1094 4609 qui
1127 4555 1268 4594 anno
1290 4541 1389 4594 411
1423 4541 1594 4595 eidem
1623 4543 1784 4595 eolla-

200 4629 323 4681 tioni
362 4643 496 4683 cum
543 4629 710 4681 tribus
738 4629 854 4682 aliis
894 4644 1028 4699 quos
1057 4631 1236 4684 laudat
1267 4630 1587 4696 interfuere,
1639 4647 1666 4684 a
1699 4648 1786 4703 sy-

198 4720 338 4773 nodo
375 4719 512 4771 anni
552 4720 657 4774 “6
695 4722 953 4775 exclusit?
988 4722 1095 4776 Cur
1133 4738 1295 4777 unum
1335 4723 1524 4778 saltem
1569 4739 1633 4778 ex
1680 4726 1786 4779 illis

201 4808 334 4862 intra
363 4810 639 4878 synodum
671 4827 775 4865 non
808 4812 1044 4878 admisit,
1085 4813 1178 4868 sed
1223 4816 1561 4869 solummodo
1588 4816 1785 4870 Vinen-

199 4912 335 4964 sem,
364 4900 696 4965 Uticensem,
728 4912 782 4956 et
804 4902 1210 4972 Migirpensem?
1233 4903 1478 4958 Profecto
1512 4904 1678 4970 vides,
1711 4907 1782 4959 mi

201 4987 444 5055 Antooi,
485 4988 802 5046 Garuerium
844 4993 928 5046 hic
977 5010 1163 5062 purum
1216 5002 1400 5063 putum
1445 4995 1782 5052 ariolatorem

201 5093 384 5148 agere.

271 5172 620 5228 Resrn‘urus
646 5175 998 5232 MUZULENSIS.
1037 5177 1248 5248 Legitur
1282 5179 1335 5231 in
1365 5179 1636 5232 co'lafione
1669 5181 1787 5233 Mu-

201 5265 455 5325 sucensis,
486 5265 575 5316 sed
597 5266 902 5335 Augustinus
925 5268 1012 5321 lib.
1037 5284 1106 5321 vn
1137 5269 1276 5340 (lege
1303 5269 1375 5336 Vt)
1411 5277 1586 5322 contra
1610 5269 1788 5324 Dona-

203 5355 444 5418 natistas,
484 5371 598 5424 cap.
647 5359 732 5421 M,
761 5361 986 5412 meminit
1020 5361 1244 5429 episcOpi
1277 5360 1608 5427 Musulensis,
1638 5380 1783 5432 quem

207 5443 362 5508 fuisse
383 5448 655 5514 provinciae
672 5447 1059 5502 Proconsularis
1086 5450 1270 5518 colligo
1292 5465 1355 5502 ea:
1372 5449 1577 5503 Notitia
1599 5456 1784 5519 sazpius

205 5533 444 5599 laudata,
473 5539 526 5589 in
549 5555 646 5604 qua
675 5550 966 5592 numeratur
995 5540 1125 5591 inter
1150 5542 1332 5609 ejectos
1354 5555 1416 5593 ex
1440 5556 1497 5592 ea
1522 5543 1783 5606 provincia

208 5624 469 5694 episcopos
521 5627 670 5682 Felix
713 5626 1041 5686 Musulrnsis.
1069 5629 1419 5700 Gcographus
1452 5632 1609 5688 urbes
1648 5648 1779 5688 con-

1884 3177 2057 3230 litanti:
2096 3193 2248 3244 unus,
2278 3177 2407 3231 alter
2439 3177 2694 3231 Siccensis
2729 3177 2968 3234 Ecclesia:
2996 3199 3286 3251 episcopus,
3324 3195 3459 3238 uter-

1882 3284 1978 3338 que
2009 3266 2402 3321 Proconsularis
2435 3270 2726 3337 provinciae,
2773 3279 2877 3324 etc.
2925 3271 3144 3342 Uterque
3184 3276 3292 3328 sine
3313 3276 3464 3330 dubio

1883 3361 2111 3430 interfuit
2142 3360 2387 3429 Africano
2409 3362 2626 3414 concilio
2652 3378 2740 3414 an.
2770 3361 2895 3416 418.
2932 3364 3192 3418 Incertum
3224 3376 3332 3420 uter
3357 3366 3462 3420 ele—

1885 3458 1994 3502 ctus
2023 3449 2089 3501 ad
2115 3450 2364 3516 ﬁniendas
2391 3466 2571 3503 causas
2591 3467 2705 3504 cum
2729 3451 2843 3504 aliis
2874 3456 3242 3519 provinciarum
3266 3458 3463 3525 legatis.

1892 3539 2111 3609 Uterque
2149 3541 2341 3609 pariter
2375 3542 2608 3609 interfuit
2644 3543 2858 3595 concilio
2903 3546 3175 3596 universali
3219 3564 3304 3599 an.
3339 3549 3461 3602 419.

1890 3632 2146 3685 Incertum
2169 3632 2333 3685 utrius
2360 3648 2540 3685 nomen
2574 3633 2877 3700 prazferatur
2903 3636 2954 3686 in
2975 3636 3187 3703 epistola
3225 3639 3466 3703 Afrorum

1887 3726 1955 3777 ad
1982 3725 2042 3779 S.
2082 3723 2429 3779 Caelestinum.
2467 3726 2649 3780 Laudo
2690 3725 2919 3780 hominis
2959 3726 3333 3798 eruditionem,
3374 3734 3466 3799 qui

1889 3817 2022 3871 duos
2052 3817 2465 3871 Fortunatianos
2493 3817 2662 3883 novit,
2693 3831 2894 3886 eosque
2926 3818 2979 3872 in
3000 3819 3223 3873 diversis
3246 3821 3466 3876 urbibus

1890 3911 2195 3975 collocavit;
2245 3911 2468 3965 verebar
2492 3911 2633 3965 enim
2666 3925 2733 3964 ne
2774 3909 2908 3965 duos
2941 3910 3348 3968 Fortunatianos
3377 3918 3465 3969 uni

1890 4001 2006 4056 urbi
2033 4000 2350 4070 prtuliceret.
2373 4000 2820 4070 quemadmodum
2843 4000 2976 4054 duos
3007 4000 3346 4056 Rusticianos
3377 4007 3464 4058 uni

1890 4092 2088 4145 civitati
2130 4092 2367 4145 donavit.
2417 4092 2612 4146 Verum
2663 4092 2842 4145 statim
2874 4092 3096 4160 cespitat
3135 4101 3188 4146 et
3227 4109 3466 4161 praeceps

1891 4183 2016 4236 ruit.
2061 4181 2212 4246 Quod
2245 4183 2386 4235 enim
2419 4183 2492 4234 ait
2520 4189 2804 4250 utrumque
2836 4180 3273 4237 Fortunatianqu
3305 4186 3467 4239 inter-

1891 4277 2056 4331 fuisse
2085 4276 2313 4331 concilio
2339 4275 2626 4329 universali
2655 4274 2847 4329 Africa:
2879 4290 2967 4329 an.
2991 4276 3338 4342 bl9,arlmitti
3360 4294 3466 4332 non

1891 4377 2088 4438 potest,
2112 4369 2212 4422 nisi
2244 4377 2482 4423 mortuos
2512 4369 2790 4437 episcopos
2817 4367 3063 4436 suffragia
3091 4366 3217 4419 dare
3246 4383 3308 4420 ac
3338 4383 3466 4422 sen-

1891 4459 2084 4514 tentias
2132 4459 2313 4514 dicere
2362 4459 2642 4528 (ingamus.
2683 4460 2839 4514 Anno
2888 4459 2991 4512 419
3036 4458 3202 4513 Sicca:
3247 4457 3466 4513 sedebat

1892 4550 2137 4607 Urbanus
2170 4553 2220 4605 in
2252 4552 2446 4606 mortui
2493 4552 2860 4607 Fortunatiani
2906 4553 3078 4606 locum
3124 4552 3460 4620 subrogatus,

1888 4641 2009 4712 qui,
2041 4658 2161 4696 cum
2185 4657 2325 4697 anno
2351 4644 2612 4711 superiori
2647 4644 2917 4712 Apiarium
2955 4641 3060 4708 igni
3102 4655 3345 4708 aquaque
3387 4642 3467 4695 in-

1890 4734 2222 4802 terdixisset,
2257 4745 2310 4790 et
2337 4736 2421 4791 hic
2449 4738 2514 4790 ad
2546 4736 2818 4791 Zosimum
2845 4733 3185 4800 appellasset,
3215 4735 3409 4789 acriter
3436 4752 3463 4788 a

1889 4825 2139 4893 pontifice
2160 4828 2517 4894 reprehensus
2546 4827 2678 4891 fuit;
2713 4825 2854 4878 unde
2875 4823 3238 4880 diuturniores
3268 4825 3370 4880 illae
3397 4828 3464 4881 de

1892 4915 2338 4982 appellationibus
2361 4915 2742 4969 controversiae
2765 4913 2922 4968 Afros
2945 4913 3083 4968 inter
3099 4923 3153 4968 et
3170 4915 3466 4971 Romanam

1889 5004 2069 5060 sedem
2106 5004 2380 5058 exordium
2414 5003 2636 5057 duxere.
2679 5003 2732 5058 ln
2766 5004 2956 5057 litteris
2989 5006 3176 5075 synodi
3205 5008 3467 5062 Alricanze

1890 5108 2030 5147 anno
2055 5091 2157 5146 419
2185 5092 2248 5145 ad
2282 5091 2611 5145 Bonifacinm
2640 5094 2945 5162 pontificem
2968 5096 3108 5152 datis
3137 5097 3251 5152 hare
3274 5098 3462 5168 legun-

1891 5194 2003 5237 tur:
2027 5183 2178 5236 Prior
2200 5191 2368 5237 autem
2387 5185 2711 5256 coepiscOpus
2729 5197 2900 5242 noster
2925 5188 3178 5244 Siccensis
3207 5190 3462 5248 Urbanus.

1889 5276 2021 5342 quod
2049 5275 2103 5326 in
2125 5291 2203 5340 eo,
2229 5289 2422 5342 nempe
2445 5275 2682 5344 Apiario,
2712 5280 3068 5347 corrigendum
3098 5290 3189 5347 est,
3222 5281 3330 5332 sine
3360 5279 3468 5331 ulla

1891 5363 2206 5416 dubitatione
2246 5365 2483 5418 correxit.
2531 5364 2678 5420 Unus
2716 5382 2843 5436 ergo
2887 5368 3303 5421 Fortunatianus
3333 5367 3465 5420 Nea-

1888 5456 2154 5523 politanus
2182 5470 2320 5508 anno
2345 5455 2451 5510 418
2478 5466 2530 5511 et
2553 5459 2656 5513 419
2676 5459 2894 5527 synodis
2920 5458 3182 5512 Africanis
3205 5458 3463 5525 interfuit,

1887 5557 2022 5598 unus
2058 5543 2434 5613 Neapolitanus
2464 5545 2526 5597 ad
2577 5546 2834 5600 ﬁniendas
2864 5561 3054 5600 causas
3092 5562 3211 5600 cum
3244 5548 3468 5605 aliarum

1889 5635 2274 5703 provinciarum
2312 5636 2502 5706 legatis
2528 5638 2734 5694 electus
2765 5648 2864 5704 est,
2888 5637 3028 5695 idem
3053 5641 3290 5711 epistola
3312 5643 3375 5698 nd
3400 5642 3460 5708 5,
