3908 6306
512 251 617 305 279

1389 240 1947 297 SUPl’LEMENTUM
1990 239 2081 293 AD
2122 237 2348 294 OPERA
2390 240 2446 297 S.
2490 242 2875 299 AUGUSTINL

3645 245 3745 301 280

511 359 853 415 tlmlestinum
890 370 1075 425 pulpam
1107 355 1414 423 prmligitur.
1445 352 1577 406 Nota
1612 353 1849 418 interim,
1872 352 1955 405 vir
1975 349 2083 403 cla-
2110 352 2161 408 Α
2260 353 2479 406 Annius.
2510 355 2603 407 Sin
2628 356 2790 407 minus
2815 354 2997 409 vitiosa
3021 354 3087 408 sit
3109 352 3273 418 lustio,
3289 355 3426 421 quod
3446 371 3546 409 non
3575 365 3748 417 temer.

510 454 741 518 rissime,
761 448 1001 504 Garnerii
1032 448 1428 512 conﬁdentiam,
1452 448 1541 515 qui
1567 452 1938 499 asseveranter
1964 459 2083 513 pro-

509 546 717 599 nuntiat
743 543 1048 597 Siccensetn
1077 540 1514 595 F0rtunatiauum
1537 540 1644 591 sine
1669 537 1823 589 dubio
1852 532 2080 591 laudatis

507 634 727 703 synodis
763 632 1094 694 interfuisse,
1127 630 1217 699 qui
1258 630 1309 682 id
1343 629 1595 697 temporis
1624 629 1735 680 sine
1761 626 1917 679 dubio
1939 627 2078 681 diem

506 724 734 789 obierat,
773 738 835 777 ac
874 724 927 776 in
966 722 1153 776 eadem
1191 720 1319 774 sede
1351 719 1620 774 Urbanum
1656 733 1720 771 ex
1752 714 2078 784 Hipponensi

506 818 653 872 clero
703 818 1011 885 episcopum
1059 820 1364 881 exceperat.
1419 812 1492 864 De
1538 810 1692 863 initio
1741 807 2079 877 episcopatus

509 907 703 962 Urbani
744 906 931 961 scribit
964 906 1020 960 S.
1053 904 1376 972 Augustinus
1406 902 1565 970 epist.
1598 901 1667 955 59
1703 899 1767 953 ad
1802 898 2075 952 Paulinum

481 1044 485 1049 .
502 998 785 1053 Nolanum.

576 1089 915 1143 RESTITUTUS
945 1083 1577 1155 Ctucsmrrnsrslegitur
1597 1082 1648 1134 in
1680 1082 1950 1135 collatione
1969 1083 2077 1151 epi-

500 1195 684 1249 sc0pus
714 1179 869 1250 hujus
896 1180 1113 1230 nominis
1134 1190 1180 1231 et
1207 1178 1378 1240 sedis;
1416 1173 1656 1226 credibi.’e
1694 1174 1970 1226 admodum
2002 1185 2077 1226 est

502 1270 637 1321 hunc
656 1274 818 1339 ipsum
845 1286 952 1321 esse
971 1285 1072 1337 quo
1092 1269 1156 1322 de
1183 1268 1373 1336 agitur.
1413 1267 1478 1319 Et
1507 1266 1593 1319 hic
1618 1266 1917 1329 divinatur;
1951 1282 2072 1320 nam

499 1358 669 1412 adl'uit
698 1360 855 1411 etiam
886 1359 1153 1411 eollzttinni
1194 1372 1312 1424 cap.
1353 1356 1457 1411 155
1496 1356 1775 1410 Restitutus
1806 1358 2071 1424 episcOpus

499 1450 653 1517 plebis
678 1450 1075 1519 Simingilensis.
1112 1449 1177 1502 Et
1215 1449 1265 1501 in
1305 1449 1531 1501 concilio
1564 1447 1814 1501 Bonifacii
1845 1464 1933 1501 au.
1965 1447 2071 1501 515

497 1554 639 1595 mter
689 1541 1095 1609 prosonsulares
1159 1540 1402 1592 laudatur
1456 1539 1755 1592 Cresconius
1804 1540 2069 1607 episcopus

495 1633 651 1703 plebis
675 1632 1057 1701 Simcng'tantz.
1095 1633 1163 1683 At
1190 1629 1612 1683 Cincariteusem
1661 1628 1949 1684 Ecclesiam
1989 1631 2069 1681 in-

2186 452 2354 495 tamen
2396 445 2645 513 quispiam
2690 446 2927 517 conjiciat
2975 457 3179 517 propter
3220 447 3547 502 insolentiam
3596 456 3742 517 vocis,

2182 530 2359 599 ignota
2392 533 2494 584 dici
2533 534 2673 587 debet
2710 536 2924 604 hujusce
2962 536 3185 606 episcopi
3225 537 3475 592 Ecclesia.
3519 540 3667 604 Quod
3703 544 3747 596 si

2182 620 2354 673 vitium
2379 621 2601 692 irrepsit,
2628 625 2883 691 suspicari
2911 626 3069 695 possit
3098 642 3347 680 nonnemo
3367 631 3547 699 reponi
3577 629 3750 684 debere

2181 726 2276 779 pro
2316 714 2503 767 Animo
2544 715 2856 782 Tintianum,
2902 720 3009 785 qui,
3041 727 3096 771 ut
3127 728 3198 772 est
3226 719 3281 772 in
3303 720 3593 782 collatione,
3623 725 3749 775 rexit

2181 804 2461 861 Ecclesium
2488 810 2658 865 Utinm
2699 813 2933 880 civitatis,
2970 830 3002 865 α
3025 811 3306 867 Ptolemaeo
3326 814 3417 867 sub
3443 815 3749 884 Carthagine

2180 900 2247 953 ad
2272 899 2565 969 Bagradam
2586 904 2798 971 ﬂuvium
2822 904 3070 973 reposita.
3110 903 3166 960 Si
3197 905 3435 960 vitiosam
3468 907 3745 963 lectionem

2178 992 2572 1057 suspicabatur,
2622 1006 2718 1046 cur
2761 994 3035 1061 antiquum
3082 993 3309 1064 aliquem
3353 996 3594 1050 codicem
3643 1013 3747 1053 non

2176 1082 2481 1137 consuluit?
2506 1084 2689 1137 Exstat
2711 1085 2933 1150 epistola
2957 1084 3113 1151 hujus
3141 1084 3325 1154 synodi
3355 1085 3744 1155 Carthaginen-

2176 1175 2252 1226 sis
2277 1175 2326 1226 in
2349 1174 2534 1228 codice
2558 1189 2657 1228 ms.
2684 1173 3020 1229 bibliotheca:
3043 1176 3368 1229 serenissimi
3392 1190 3565 1244 magni
3599 1178 3747 1232 ducis

2173 1266 2241 1319 ad
2270 1266 2329 1319 D.
2363 1266 2633 1320 Laurentii
2663 1267 2715 1320 in
2752 1267 2931 1335 pluteo
2968 1266 3055 1331 12,
3086 1268 3137 1321 in
3165 1283 3269 1336 quo
3298 1283 3401 1323 non
3425 1271 3641 1324 Animus
3673 1275 3749 1326 lc-

2171 1359 2334 1428 gitur,
2361 1359 2453 1413 sed
2482 1362 2753 1424 Auatntus,
2794 1361 2881 1428 qui
2906 1361 2958 1412 in
2989 1360 3248 1427 rescripto
3276 1361 3567 1416 Innocentii
3596 1380 3747 1432 papte

2172 1448 2365 1502 dicitur
2403 1449 2682 1501 Ambivius.
2728 1448 2784 1501 In
2811 1448 3096 1503 collatione
3136 1463 3257 1516 cap.
3307 1451 3405 1505 155
3444 1454 3746 1520 appellatur

2170 1538 2311 1593 inter
2340 1539 2630 1593 catholicos
2660 1538 2846 1592 Patres
2877 1540 3135 1594 Ambibius
3162 1542 3423 1612 episcopus
3463 1542 3623 1607 plebis
3657 1542 3747 1595 Pi-

2171 1635 2392 1689 sitensis.
2413 1634 2643 1689 Evodius
2662 1634 2937 1692 Uzalensis
2958 1635 3015 1692 S.
3030 1636 3307 1703 Augustini
3333 1637 3626 1707 discipulus
3646 1638 3741 1692 lib.

494 1734 657 1777 certe
680 1724 965 1793 provinciae
1001 1724 1253 1790 deputant
1282 1721 1507 1775 Carolus
1534 1736 1562 1773 a
1591 1721 1647 1775 S.
1674 1722 1833 1775 Pau'o
1862 1733 1913 1776 et
1937 1722 2062 1775 1101-
2094 1706 2182 1782 Bt
2212 1730 2277 1781 de
2304 1728 2565 1796 Prodigiis
2675 1729 2953 1795 Stephani,
2976 1743 3094 1797 cap.
3113 1730 3197 1792 15,
3225 1706 3475 1782 meminit
3496 1728 3744 1784 Ρίσῑιωιιε

493 1816 717 1880 stenius,
760 1829 859 1868 nec
893 1813 1180 1883 quidquam
1230 1828 1323 1880 pro
1362 1828 1423 1866 ea
1468 1828 1527 1865 re
1566 1810 1719 1865 allert
1753 1812 2060 1866 Garncrius.

491 1909 604 1978 Ego
636 1919 809 1960 tamen
842 1916 966 1973 puto
991 1906 1134 1959 illam
1166 1904 1456 1959 Ecclesiam
1488 1904 1653 1958 fuisse
1680 1905 1815 1956 inter
1837 1918 2065 1971 procon-

488 2000 725 2061 sularcs;
768 2012 890 2051 nam
920 1998 975 2052 in
1004 1996 1258 2067 synodica
1291 2004 1395 2050 act.
1440 1996 1474 2048 2
1512 1995 1725 2049 concilii
1760 1994 1816 2049 S.
1854 1995 2063 2048 Martini

489 2105 639 2158 parte
675 2090 815 2143 inter
843 2089 1084 2157 ejusdem
1120 2088 1405 2156 provincim
1444 2087 1727 2154 episcopos
1760 2087 2064 2139 nominatur

491 2180 753 2245 Qttobulus
785 2178 1124 2243 Ceciritensis,
1154 2193 1272 2245 qua:
1312 2178 1448 2231 forte
1494 2177 1727 2231 Ecc'esia
1766 2177 1951 2229 eadem
1982 2186 2064 2230 cst

487 2287 604 2323 eum
633 2270 1001 2323 Cincaritt-nsi.

557 2366 844 2413 Anl'ElJUS.
897 2358 1111 2412 Incerta:
1147 2360 1297 2410 sedis.
1347 2358 1483 2409 Nam
1514 2358 1773 2427 Ampelius
1816 2362 1963 2427 Cujus
2003 2360 2063 2425 [it

486 2452 671 2501 tttctttio
699 2465 813 2500 can.
844 2450 910 2502 78
941 2450 1065 2501 Cod.
1099 2449 1259 2517 Afric.
1284 2451 1530 2518 cujusque
1558 2450 1697 2501 sedes
1719 2449 1769 2500 in
1792 2449 2062 2501 collatione

487 2541 567 2591 dic
591 2550 671 2591 tur
694 2540 850 2606 fuisse
881 2539 1024 2607 l’aga
1050 2540 1126 2591 vel
1150 2539 1315 2605 potius
1341 2538 1510 2606 Vada,
1529 2540 1713 2607 quique
1728 2540 2061 2593 interlocutus

486 2636 666 2702 legitur
692 2649 804 2702 cap.
838 2632 955 2697 176,
988 2632 1185 2685 videtur
1209 2634 1367 2700 fuisse
1396 2630 1556 2684 Numi
1576 2636 1741 2683 larum
1765 2648 1919 2697 unus,
1954 2640 2056 2685 etc.

487 2723 633 2778 Unde
652 2724 863 2776 ulterius
886 2724 1214 2791 corrigendus
1235 2739 1432 2790 quoque
1456 2720 1737 2776 collationis
1756 2732 1920 2777 textus
1941 2740 2056 2792 cap.

486 2816 609 2877 2l5,
652 2814 735 2866 ubi
762 2816 864 2866 duo
895 2814 1225 2880 appellantur
1250 2814 1474 2881 episc0pi
1512 2812 1764 2882 Vagenses
1798 2813 2056 2879 catholici,

484 2906 741 2982 Ampelius
768 2915 810 2956 et
842 2905 1133 2965 Primulus;
1165 2903 1262 2969 legi
1290 2904 1420 2954 enim
1445 2903 1585 2954 debvt
1619 2902 1881 2956 l’adensis.
1908 2904 2060 2972 Igno-

484 2997 771 3050 ravitduas
789 2996 952 3049 fuisse
981 2998 1029 3048 itt
1057 2994 1234 3047 Africa
1263 2992 1606 3059 Va,;as,unde
1626 2995 1846 3049 alteram
1869 2998 2055 3051 urbem

484 3087 685 3138 Vadam
724 3085 1000 3139 dicendam
1039 3056 1445 3138 contenditaAt
1478 3082 1703 3151 Plinius,
1739 3086 1823 3140 cui
1867 3086 2057 3142 melius
2084 3056 2131 3118 Ο

485 3178 747 3231 Alricanzc
770 3179 929 3230 urbes
956 3179 1178 3243 cognitae
1208 3177 1449 3241 luerunt,
1478 3177 1569 3231 ΙιΙ).
1598 3194 1649 3243 v,
1681 3193 1798 3247 cap.
1825 3179 1891 3245 4,
1916 3180 2059 3235 inter

484 3269 782 3334 quindecim
826 3270 1016 3337 Oppida
1061 3272 1253 3323 civium
1283 3269 1643 3323 Romanorum
1673 3274 1914 3325 nominat
1955 3274 2054 3324 Va-

484 3374 654 3430 gense,
699 3368 753 3413 et
784 3360 921 3413 inter
951 3362 1160 3430 triginta
1192 3362 1353 3415 libera
1396 3362 1586 3431 oppida
1626 3362 1853 3433 Vagense
1890 3364 2054 3419 aliud.

484 3452 741 3505 Consulto
780 3451 977 3504 addidit
1018 3452 1188 3518 aliud,
1230 3462 1287 3506 ut
1316 3452 1510 3521 Vagam
1542 3462 1819 3522 utramque
1862 3455 2056 3509 distin-

482 3551 686 3609 gueret.
715 3540 825 3597 Una
850 3552 964 3596 erat
998 3542 1146 3595 Latio
1172 3544 1388 3607 donata,
1418 3544 1583 3599 altera
1613 3544 1839 3600 liberant
1879 3548 2056 3599 muni-

481 3634 701 3701 cipiunt.
752 3634 885 3688 llinc
941 3650 1217 3702 perperam
1281 3636 1619 3689 collationem
1681 3638 2054 3705 corrigendam

480 3726 644 3785 ducit.
672 3726 723 3778 in
748 3741 849 3795 qua
872 3727 992 3779 dua:
1019 3725 1172 3792 Vagae
1195 3736 1523 3779 asseruntur.
1548 3726 1670 3779 limc
1700 3727 1912 3793 oppida,
1938 3743 2057 3795 qua:

481 3817 641 3885 Vaga:
669 3819 916 3871 dicuntur
948 3820 996 3869 in
1024 3818 1329 3882 collatione,
1353 3820 1509 3870 ambo
1539 3818 1701 3870 Vada:
1721 3821 2056 3887 appellantur

478 3909 535 3962 in
559 3907 752 3960 Notitia
774 3907 1054 3967 Numidia},
1082 3908 1169 3959 ubi
1198 3908 1487 3961 recitantur
1511 3907 1819 3975 Ruﬁnianus
1854 3911 2057 3965 Vadeu-

480 3996 570 4059 sis,
600 4003 655 4048 et
690 3993 945 4061 Proﬁcius
992 3994 1261 4048 Vadensis.
1303 3996 1413 4050 lmo
1459 3999 1615 4050 tertia
1659 3998 1876 4067 insuper
1912 4002 2055 4071 Vaga

480 4086 696 4153 ponitur
722 4086 775 4138 in
803 4084 991 4140 eadem
1016 4086 1333 4153 collatione;
1375 4104 1496 4141 nam
1526 4103 1645 4142 cum
1678 4104 1791 4157 cap.
1835 4093 1933 4142 177
1962 4110 2056 4144 no-

482 4173 713 4226 minatus
744 4172 930 4228 fuisset
952 4173 1192 4229 Privatus
1222 4179 1482 4247 episeopus
1521 4177 1789 4250 Vagensis,
1823 4180 2055 4249 Rogatus

480 4264 760 4333 episcopus
787 4264 921 4319 dixit
944 4280 961 4323 :
982 4264 1329 4321 Januarianus
1349 4269 1555 4335 dicitur,
1581 4285 1681 4322 non
1708 4269 1966 4323 Privatus.
1985 4274 2053 4327 At

481 4355 755 4423 respondit
785 4354 1086 4409 Primiauus
1117 4358 1315 4424 primas
1356 4358 1748 4413 Donatistarum
1777 4360 2049 4429 Carthagi-

480 4447 660 4501 nensis
706 4447 997 4513 provincia:
1036 4461 1155 4517 cap.
1200 4445 1303 4502 179
1335 4465 1347 4501 :
1385 4447 1497 4502 Est:
1515 4449 1778 4522 Auzagga,
1827 4452 1911 4504 ubi
1953 4454 2050 4520 fuit

476 4539 509 4591 ,1
516 4541 849 4604 anuarianus,
876 4540 963 4608 qui
989 4556 1123 4593 nunc
1144 4540 1414 4609 defunctus
1435 4550 1544 4607 est;
1571 4544 1678 4595 alia
1699 4542 1941 4612 Auzagga
1964 4542 2049 4596 ubi

476 4640 547 4683 est
577 4629 836 4694 Privatus,
860 4631 946 4698 qui
974 4630 1105 4682 nunc
1126 4630 1263 4682 vivit.
1280 4628 1379 4683 Ubi
1406 4639 1547 4699 patet
1570 4630 1663 4685 has
1690 4630 1861 4701 Vagas
1883 4646 2049 4699 agno-

474 4726 704 4776 minatas
732 4723 1021 4794 Ausaggas,
1046 4731 1151 4774 uta
1179 4718 1345 4789 Vaga,
1377 4720 1467 4775 ubi
1496 4721 1769 4788 Ampelius
1801 4722 2040 4791 sedebat,

474 4811 947 4880 distinguerentur.
979 4813 1048 4867 Et
1071 4812 1283 4882 quidem
1321 4822 1517 4879 printer
1549 4811 1683 4864 duas
1712 4809 1883 4879 Vagas
1909 4827 2042 4880 quas

473 4902 682 4956 Plinius
710 4903 763 4955 in
790 4905 988 4971 Africa,
1018 4903 1121 4959 hoc
1143 4910 1228 4959 est
1252 4903 1520 4973 provincia
1550 4901 1843 4972 Zeugitana
1871 4904 2039 4972 ponit,

475 4992 799 5046 Ptolomaeus
822 4995 913 5047 lib.
948 5010 1024 5059 tv,
1058 4999 1176 5064 cap.
1206 4997 1271 5062 ‘2,
1304 4998 1355 5051 in
1393 4995 1797 5051 mediterraneis
1825 4994 2069 5075 urbibus

468 5085 547 5137 Ma
560 5084 801 5137 uritanize
822 5082 1168 5141 Cmsariensis
1194 5087 1390 5158 Vagam
1423 5089 1582 5143 etiam
1618 5086 1863 5149 collocat,
1891 5087 2046 5154 cujus

467 5179 632 5230 situm
655 5174 905 5229 exhibent
928 5174 1145 5229 Tabulae
1167 5179 1397 5246 antiquas
1420 5164 1864 5246 Peutingeriame,
1891 5187 1943 5230 et
1965 5190 2045 5230 re-

467 5276 656 5322 centes
684 5266 859 5322 Caroli
884 5281 913 5318 a
942 5268 997 5322 S.
1028 5266 1213 5320 Paulo.
1235 5268 1507 5337 Ampelius
1527 5268 1618 5337 qui
1649 5268 1895 5321 laudatur
1918 5281 2037 5321 can.

472 5361 537 5413 78
568 5360 750 5416 Codic.
784 5360 951 5414 Afric.
992 5374 1095 5412 non
1131 5368 1209 5411 est
1243 5359 1383 5414 idem
1414 5374 1532 5413 cum
1566 5361 1809 5429 Ampelio
1838 5361 1926 5430 qui
1957 5359 2044 5414 hic

469 5454 791 5518 appellatur;
816 5452 903 5506 ille
926 5452 1067 5505 enim
1090 5450 1337 5505 Ambivio
1357 5450 1607 5505 Pisitensi
1633 5452 1900 5518 posterior
1922 5451 2041 5517 l'uit,

469 5553 526 5593 ut
557 5541 749 5597 ibidem
780 5551 949 5611 patet;
985 5542 1071 5597 hic
1109 5551 1285 5596 autem
1316 5540 1561 5596 eumdem
1596 5539 1955 5609 praecedebat,
1982 5546 2042 5593 ut

469 5628 708 5701 proxime
730 5632 1029 5686 ostendam.

2164 1820 2401 1874 cFvitatis.
2423 1821 2647 1873 Ambibii
2668 1820 2961 1874 Ecclesiam
2986 1820 3161 1873 omisit
3177 1819 3400 1873 Carolus
3418 1836 3447 1873 a
3475 1820 3527 1874 S.
3548 1820 3743 1888 Paulo,

2168 1911 2474 1966 Holstenius
2520 1912 2737 1966 incertat
2784 1911 3074 1979 provinciae
3120 1911 3410 1980 deputavit,
3461 1922 3513 1966 et
3564 1914 3741 1969 minus

2167 2008 2313 2055 recte
2344 2018 2372 2054 a
2406 2001 2637 2054 Pisitana
2668 2000 2939 2066 distinxit,
2968 2016 3085 2069 quae
3109 2009 3283 2055 tamen
3310 2017 3373 2056 ex
3402 2001 3502 2056 hac
3528 2003 3744 2072 epigra-

2165 2091 2269 2159 phe
2294 2092 2556 2155 colligitur
2578 2092 2740 2144 fuisse
2764 2091 2816 2145 in
2844 2092 3234 2146 Proconsulari.
3254 2093 3477 2146 Ambivii
3512 2094 3567 2147 lit
3591 2110 3742 2147 men-

2165 2185 2240 2239 tio
2260 2200 2378 2238 can.
2413 2185 2481 2238 78
2506 2184 2641 2241 Cod.
2670 2184 2859 2247 Alric.,
2882 2184 2970 2237 ubi
2993 2193 3117 2238 ante
3147 2185 3471 2252 Evangelum
3496 2187 3744 2238 nomina.

2164 2283 2438 2341 tur,qucm
2466 2272 2752 2328 Carnerius
2776 2289 2872 2342 pro
2893 2274 3117 2343 Evagrio
3144 2280 3435 2343 supposuit,
3453 2287 3508 2329 ut
3529 2278 3736 2340 vidiSti.

2163 2362 2257 2415 sed
2292 2377 2596 2430 perperam;
2618 2378 2738 2414 nam
2766 2364 2815 2415 in
2839 2364 3053 2417 laudato
3081 2365 3265 2419 codice
3292 2365 3537 2434 Euagrius
3563 2368 3743 2420 nonni-

2162 2467 2341 2518 natur,
2373 2463 2427 2507 et
2463 2470 2559 2523 pro
2589 2455 2868 2519 Mundius,
2903 2466 2960 2508 ut
2992 2456 3044 2509 in
3081 2456 3290 2510 excusis
3320 2457 3595 2512 codicibus
3617 2474 3741 2513 cor-

2162 2556 2316 2612 rupte
2345 2546 2590 2609 habetur,
2610 2546 2867 2599 Nimidius
2883 2556 3030 2601 recte
3045 2547 3240 2601 ibidem
3272 2549 3481 2617 legitur.
3500 2550 3554 2602 ln
3576 2551 3738 2603 nulls

2163 2636 2434 2690 codicibus
2464 2638 2790 2706 cpigraphen
2822 2637 3065 2706 quaesivit
3090 2634 3401 2703 Garnerius,
3430 2641 3518 2708 qui
3557 2650 3739 2697 tamen

2162 2726 2233 2780 ob
2268 2730 2565 2796 exscriptos
2602 2728 2671 2782 ab
2704 2728 2808 2781 alio
2835 2741 2864 2782 e
2899 2728 3167 2782 Vaticanis
3190 2744 3321 2783 mss.
3349 2728 3499 2784 Marii
3530 2730 3739 2785 Merca-

2163 2819 2297 2872 toris
2315 2818 2543 2885 libellos,
2563 2818 2663 2873 vah
2687 2821 2871 2889 quales
2894 2820 3178 2889 tragoedias
3200 2820 3254 2874 in
3275 2820 3421 2876 calce
3446 2822 3527 2874 sui
3555 2823 3739 2890 Operis

2162 2910 2378 2975 excitat,
2409 2921 2466 2965 et
2495 2910 2548 2963 in
2579 2912 2748 2979 quos!

2234 3002 2396 3055 FELIX
2423 3002 2718 3057 Uznexsrs.
2739 3002 2940 3074 Legitur
2966 3004 3017 3055 in
3040 3003 3311 3056 collatione
3332 3002 3630 3064 Visicensis,
3649 3004 3739 3056 sed

2160 3091 2213 3146 in
2245 3091 2444 3145 A’otitia
2466 3094 2813 3165 episc0porum
2841 3094 3113 3165 provincia:
3132 3092 3521 3147 Proconsularis
3547 3095 3739 3147 mentio

2160 3184 2221 3252 ﬁt
2242 3184 2351 3238 Caii
2370 3185 2641 3249 Uzitensis,
2667 3187 2753 3255 qui
2779 3187 2985 3255 periisse
2999 3186 3236 3240 scribitur
3254 3192 3523 3251 antequam
3542 3185 3738 3237 veniret

2158 3276 2228 3327 ad
2256 3276 2423 3329 exsilii
2449 3276 2643 3337 licunt;
2671 3286 2716 3328 et
2744 3274 2929 3329 Uzitha
2958 3276 3133 3328 civitas
3155 3275 3359 3343 ponitur
3379 3274 3431 3326 in
3454 3271 3740 3326 Ptolemai-

2160 3370 2231 3422 cis
2257 3367 2462 3421 Tabulis
2493 3385 2648 3439 prope
2680 3368 3009 3422 Adrumetum
3029 3377 3076 3420 et
3115 3366 3415 3436 Ruspinam.
3456 3364 3587 3417 Cum
3619 3365 3738 3419 ista

2158 3458 2277 3513 diue
2308 3458 2467 3513 urbes
2493 3458 2687 3513 fuerint
2709 3461 2758 3512 in
2782 3458 3025 3528 Byzacio,
3054 3457 3105 3510 in
3126 3458 3308 3511 eadem
3332 3459 3488 3509 etiam
3520 3458 3738 3524 provin-

2158 3549 2239 3603 cia
2259 3548 2443 3603 Uzitha
2469 3548 2740 3602 Ptolemai
2763 3548 2983 3601 locanda
3009 3549 3121 3601 fuit.
3142 3547 3344 3602 Uzithze
3369 3546 3547 3612 Oppidi
3570 3546 3743 3600 situm

2158 3640 2356 3693 diserte
2388 3638 2544 3692 tradit
2574 3639 2637 3694 A.
2666 3638 2863 3692 Hirtius
2886 3638 2977 3692 lib.
3012 3637 3079 3691 de
3099 3638 3248 3690 Bello
3277 3636 3413 3690 civili
3444 3636 3496 3689 in
3530 3636 3735 3700 Africa,

2159 3729 2246 3784 ubi
2270 3730 2340 3782 ait
2370 3726 2633 3783 Cmsarem
2668 3743 2831 3798 prope
2859 3728 3102 3785 llzitbam
3126 3740 3301 3781 castra
3326 3738 3747 3796 metatum,qnar

2156 3822 2362 3875 aberant
2392 3840 2422 3874 a
2449 3832 2597 3887 portu
2622 3822 2802 3890 Leptis
2825 3822 3009 3875 Parva!
3040 3820 3200 3873 millia
3228 3836 3467 3881 passuum
3500 3836 3607 3871 sex.
3636 3819 3735 3873 Le-

2156 3914 2260 3981 ptis
2292 3928 2417 3966 veru
2451 3920 2568 3967 erat
2604 3912 2655 3966 in
2686 3912 2909 3982 Byzacio
2946 3926 3104 3979 supra
3151 3910 3498 3963 Adrumetum
3542 3924 3734 3964 versus

2156 4003 2413 4074 Tripolim
2441 4002 2602 4056 millia
2626 4015 2877 4072 passuum
2910 4000 2996 4066 18,
3027 4015 3093 4055 ex
3123 4001 3410 4053 Antonino.
3444 3998 3525 4052 Ex
3561 3998 3647 4053 his
3680 4000 3729 4051 in

2155 4092 2348 4146 Notitia
2374 4092 2650 4161 legendum
2679 4099 2763 4145 est
2787 4108 2802 4145 :
2825 4090 2977 4145 Caius
3009 4089 3280 4148 Ucitensis,
3313 4104 3415 4140 non
3442 4086 3731 4152 Uzitensis;

2156 4183 2270 4236 haec
2300 4185 2440 4236 enim
2471 4182 2705 4236 Ecclesia
2727 4190 2843 4236 erat
2866 4181 2919 4233 in
2951 4179 3205 4249 Byzacio;
3234 4177 3499 4235 Ucitensis
3524 4192 3656 4231 vero
3678 4178 3728 4231 in

2154 4273 2546 4335 Proconsulari,
2578 4274 2628 4326 in
2650 4274 2803 4341 cujus
2828 4274 3115 4342 provinciae
3134 4270 3385 4342 synodica
3413 4279 3517 4324 act.
3546 4268 3729 4324 Scan-

2154 4364 2263 4419 cilii
2288 4365 2654 4419 Lateranensis
2680 4365 2923 4420 laudatur
2950 4364 3207 4431 Tripolim
3236 4362 3508 4424 Ucitensis,
3540 4362 3611 4414 ah
3636 4361 3727 4416 Uci

2158 4455 2309 4519 urbe,
2332 4465 2386 4509 ut
2404 4470 2468 4510 ex
2486 4455 2658 4509 Plinio
2680 4470 2800 4509 mox
2823 4455 3098 4511 ostendam
3122 4454 3175 4509 in
3201 4454 3339 4507 notis
3360 4452 3424 4505 ad
3449 4452 3728 4507 Faue-ruo-

2155 4560 2276 4598 sun.
2311 4544 2472 4613 Igitur
2504 4559 2778 4612 perperam
2810 4543 3133 4598 Visiceusem
3164 4545 3216 4595 in
3249 4541 3594 4596 Uzitbensem
3630 4541 3727 4593 Ec-

2152 4633 2367 4688 clesium
2400 4641 2585 4685 mutat.
2617 4632 2880 4687 Scribitur
2906 4635 2959 4685 in
2988 4631 3270 4685 collatione
3298 4644 3415 4697 cap.
3444 4628 3547 4682 125
3572 4625 3725 4681 Felix

2150 4725 2417 4794 episcopus
2442 4723 2600 4793 plebis
2630 4723 2927 4777 Visicensis.
2952 4722 3118 4789 Quam
3145 4720 3429 4788 Ecclesiam
3454 4720 3725 4786 pertinere

2149 4814 2213 4867 ad
2239 4815 2638 4881 proconsulares
2663 4814 2854 4882 colligo
2874 4827 2938 4867 ex
2965 4812 3150 4865 eadem
3171 4808 3445 4879 synodica,
3471 4807 3560 4860 ubi
3588 4807 3723 4860 inter

2151 4906 2556 4975 proconsulares
2581 4904 2818 4960 cernitur
2857 4903 3243 4957 Valentinianus
3265 4902 3533 4968 episcopus
3562 4899 3629 4953 S.
3658 4897 3720 4952 E.

2156 4995 2431 5051 Usicensis.
2465 4996 2591 5050 Erat
2617 4996 2729 5050 hinc
2754 4997 2883 5051 urbs
2914 5010 3078 5064 pr0pe
3105 4994 3392 5059 Taboram,
3421 4991 3577 5059 cujus
3608 4992 3717 5059 epi-

2150 5099 2342 5152 scopus
2374 5085 2554 5138 Victor
2584 5084 2857 5138 Donatista
2886 5098 3005 5151 cap.
3050 5083 3155 5138 125
3190 5082 3351 5136 citato
3384 5080 3519 5133 dixit
3561 5078 3720 5134 Felici

2150 5172 2409 5229 Visiceusi
2435 5190 2450 5226 :
2487 5174 2597 5243 Ego
2624 5173 2710 5226 tibi
2740 5173 3036 5226 intervenia.
3066 5172 3132 5226 Et
3172 5185 3292 5239 cap.
3321 5169 3420 5225 201
3456 5168 3602 5223 idem
3640 5168 3720 5219 Vi-

2150 5274 2266 5319 ctor
2290 5264 2364 5318 ait
2386 5279 2398 5314 :
2425 5263 2762 5332 Susceperam
2780 5265 2984 5330 quidem
3006 5263 3336 5326 mandatum;
3360 5260 3449 5313 sed
3474 5260 3601 5329 quia
3622 5259 3718 5311 bea-

2150 5355 2371 5410 tissimus
2394 5364 2540 5423 pater
2562 5363 2609 5407 et
2637 5355 2869 5422 princeps
2891 5363 3060 5408 noster
3078 5353 3376 5406 Primianus
3397 5368 3535 5403 nunc
3553 5364 3717 5404 susce-

2148 5448 2243 5517 pit,
2271 5460 2349 5498 nte
2377 5459 2580 5499 necesse
2605 5452 2677 5500 est
2713 5436 2959 5499 mandare
3001 5444 3082 5498 his
3120 5444 3268 5496 actis.
3306 5442 3490 5510 Itaque
3524 5449 3645 5494 erat
3672 5439 3717 5492 in

2154 5534 2524 5590 Proconsulari
2555 5535 2859 5605 episcopus,
2898 5534 2943 5588 si
2969 5534 3297 5587 Primianum
3336 5529 3715 5598 Carthaginem

2151 5641 2267 5681 seut
2292 5641 2444 5681 suum
2477 5629 2754 5697 primatem
2784 5626 3037 5696 appellat.
3080 5625 3365 5693 Perperam
3406 5624 3457 5675 in
3505 5621 3713 5674 disert.
