3908 6340
140 345 218 402 231
796 341 1144 398 νΑιιιυιιυιι
1187 336 1689 394 EXERCITA'I'ION

1818 338 1883 391 IN
1923 339 1978 392 S.
2018 338 2385 395 AUCUSTINI
2423 338 2666 394 OPERA.

3260 339 3370 401 28‘2

145 457 196 509 de
219 452 429 524 Synodo
459 467 517 517 ν,
547 466 669 520 cap.
708 450 773 504 10
796 490 811 513 ,
851 450 1110 503 Taborain
1142 447 1371 499 Victoris
1406 444 1689 497 Donatisuc
1721 448 1767 504 Α
1797 446 2137 515 episcopum;
2184 462 2305 502 nam
2320 427 2452 517 lcap.
2477 449 2579 503 125
2604 449 2816 517 ponitur
2837 451 3084 506 Antonius
3104 470 3371 524 episcopus

148 544 451 602 cuni'l‘abora
468 543 641 596 altera
660 541 983 596 Mauritania:
1005 538 1240 593 confodi.
1255 538 1429 603 Quare
1449 536 1693 590 addenda

152 634 428 691 est'l'abora
459 633 681 686 Tabulis
704 629 1358 699 proconsulariumﬁaroli
1381 644 1410 680 a
1442 627 1500 681 S.
1530 628 1694 681 Paulo

156 741 200 780 et
222 723 484 778 llolstenii.
525 722 789 775 Caeterum
821 720 888 774 de
916 719 1069 786 hujus
1107 718 1300 771 Felicis
1335 718 1461 771 sede
1489 715 1692 770 Garne-

161 820 246 869 rius
270 815 550 867 divinatur.
586 811 640 864 In
675 811 959 865 collatione
985 824 1106 875 cap.
1140 809 1237 863 127
1269 810 1513 862 laudatur
1546 808 1696 862 Felix

163 907 383 976 epist-opus
419 904 579 969 plebis
619 902 1019 970 Aptnngitensis.
1068 901 1190 952 Erat
1220 902 1460 968 Aptunga
1488 900 1540 952 in
1574 914 1696 967 pro-

164 1003 296 1054 vincis
328 999 722 1063 Proconsulari,
759 1007 815 1052 et
843 998 980 1052 alter
1006 998 1149 1052 Felix
1183 999 1540 1067 Aptnngensis
1566 997 1691 1050 olim

164 1088 461 1144 Cecilianutn
507 1086 985 1155 Carthaginiensem
1033 1098 1474 1153 consecraverat,
1525 1098 1583 1143 ut
1628 1103 1693 1142 ex

166 1180 317 1248 Optato
354 1180 444 1235 lib.
481 1192 522 1241 ι,
565 1189 620 1232 et
658 1178 953 1246 Augustino
990 1179 1149 1247 epist.
1189 1178 1281 1243 68,
1326 1178 1448 1246 {62,
1490 1178 1612 1241 165,
1644 1187 1698 1232 et

166 1273 281 1327 libris
298 1280 477 1326 contra
490 1268 800 1323 Donatistas
815 1269 1012 1336 passim
1035 1270 1277 1323 habetur.
1292 1268 1475 1338 Itaque
1498 1272 1697 1324 omisso

167 1360 303 1416 Felice
332 1360 681 1429 Aptungensi,
714 1359 946 1413 Felicem
977 1360 1306 1415 Visicensem
1338 1362 1542 1431 synodo
1571 1362 1695 1415 anui

166 1452 244 1507 «116
262 1466 346 1518 pro
376 1451 597 1504 arbitrio
628 1458 945 1518 meantem
970 1449 1112 1503 facit.

218 1544 529 1597 DONA'I'IANUS
558 1542 842 1595 ZECGENSI!
875 1542 989 1594 sive
1020 1540 1332 1594 thmrnsts.
1392 1539 1697 1593 Recensetur

166 1636 203 1686 in
224 1633 472 1685 collatione
497 1631 814 1684 Donalianus
833 1629 1099 1686 Zellcnsis.
1125 1630 1187 1683 In
1211 1631 1406 1695 Notitia
1425 1633 1698 1701 provinciae

165 1721 512 1775 Proconsularis
535 1720 594 1788 ﬁt
615 1722 799 1773 mentio
832 1719 1079 1773 Vincentii
1095 1721 1370 1791 Zeggensis
1386 1723 1435 1774 in
1459 1722 1693 1775 exsilium

1797 539 1954 606 plebis
1976 537 2287 605 Carpitame.
2316 539 2390 592 Ex
2415 539 2605 605 quibus
2630 540 2924 608 colligimus
2940 544 3265 599 Adeodatum
3292 547 3370 600 Si-

1799 630 2139 682 mittuensem
2154 629 2421 683 diversum
2439 644 2555 684 esse
2568 646 2595 683 a
2611 631 2995 699 Simidiceensi,
3014 637 3097 701 qui
3112 653 3251 690 anno
3265 640 3367 693 411

1796 719 2067 774 collationi
2112 719 2374 786 interfuit,
2420 732 2475 775 et
2498 722 2737 778 diversas
2781 726 2944 782 fuisse
2970 729 3129 786 urbes
3155 732 3369 787 Simittu

1796 821 1849 863 et
1880 810 2240 875 Simidiceam,
2270 826 2389 865 cum
2422 822 2660 882 tempore
2684 817 2982 873 collationis
3012 820 3096 874 hic
3127 821 3370 878 Adeoda—

1799 910 1905 962 tlte,
1948 900 2058 952 illic
2101 915 2229 953 vero
2258 900 2558 956 Benenatus
2587 917 2734 959 sacra
2765 921 3016 976 suprema
3052 914 3370 968 auctoritate

1794 987 2211 1045 administraret.

1868 1079 2134 1134 OCTAVIUS
2161 1097 2489 1137 mammas.
2524 1083 2767 1153 Interfuit
2791 1090 3072 1159 collationi,
3095 1103 3168 1148 est
3196 1105 3366 1152 autem

1803 1170 1992 1225 Uthina
2024 1173 2199 1226 cit-itas
2224 1174 2275 1225 in
2302 1175 2559 1242 provincia
2591 1175 2954 1233 Proconsulari
2981 1185 3049 1236 ad
3079 1184 3371 1254 Bagradam

1797 1264 2028 1331 ﬂuvium,
2076 1274 2129 1316 ut
2175 1265 2355 1319 habent
2405 1266 2612 1320 Tabula:
2658 1268 3002 1327 Ptolemaicw.
3057 1274 3123 1329 In
3153 1282 3366 1333 concilio

1799 1352 2206 1421 Carthaginensi,
2253 1364 2374 1415 etc.,
2425 1357 2553 1408 dixit
2592 1358 2830 1428 vigesimo
2870 1364 3083 1429 septimo
3114 1365 3224 1419 loco
3251 1386 3366 1422 sen-

1797 1445 2003 1496 tentiam
2026 1442 2258 1497 Felixlab
2285 1444 2497 1510 Utltiua,
2519 1456 2563 1500 et
2580 1447 2890 1515 Lampadius
2911 1452 3126 1508 Uthinus
3147 1460 3369 1514 concilio

1796 1533 2079 1587 Arelatensi
2110 1550 2145 1587 ιι
2171 1535 2483 1605 subscripsit.
2527 1538 2723 1592 Eadem
2748 1541 2943 1595 chorda
2971 1544 3206 1612 oberrat,
3242 1549 3360 1603 Uti-

1798 1638 1992 1675 nunatn
2019 1640 2138 1676 cum
2171 1624 2366 1678 Utltina
2392 1627 2747 1683 confundens.
2781 1632 2835 1683 ln
2859 1646 2975 1701 cap.
3008 1634 3109 1689 133
3131 1638 3367 1692 collatio-

1799 1716 1880 1766 nis
1906 1715 2341 1783 Carthaginensis
2367 1717 2614 1773 editionis
2642 1720 2902 1776 Massonis
2927 1733 2980 1777 et
3018 1727 3361 1795 Albaspinzei,

163 1813 292 1883 cjecti.
323 1813 519 1865 Eodem
550 1814 604 1864 in
633 1811 744 1864 luto
770 1812 954 1873 haeret,
984 1809 1198 1880 Ziggam
1245 1827 1364 1866 cum
1397 1813 1541 1867 Zella
1566 1829 1694 1866 cun-
1726 1801 1768 1858 Β
1801 1806 1989 1870 legitur
2005 1806 2241 1859 Octavius
2263 1808 2522 1877 cpiscopus
2543 1811 2701 1879 plebis
2722 1812 3070 1869 Utinuncnsis.
3090 1817 3211 1871 Scio
3237 1821 3369 1874 duas

160 1904 367 1958 fundens.
401 1904 534 1957 Erat
561 1903 705 1958 Zella
731 1904 784 1957 in
814 1904 1068 1973 Byzacia;
1114 1903 1310 1957 Strabo
1335 1906 1476 1959 enim
1506 1920 1693 1960 recen-

158 2011 259 2050 sens
301 1997 453 2064 hujus
504 1996 793 2065 provinciae
840 1996 1054 2064 oppida,
1102 1995 1199 2054 lib.
1232 2011 1340 2050 xvu
1388 1997 1498 2050 ait:
1530 1997 1697 2064 Prope

158 2089 279 2139 etiam
304 2078 444 2139 crant
463 2086 608 2139 Zella
637 2097 685 2140 et
704 2086 895 2138 Achola
931 2086 1104 2139 liberte
1127 2087 1372 2139 civitates.
1415 2086 1471 2139 In
1505 2088 1697 2142 tabulis

158 2177 552 2246 l'eutingerianis
581 2178 781 2231 Achola
818 2177 1030 2243 ponitur
1056 2177 1193 2230 inter
1221 2177 1448 2246 Tupsttrn
1494 2188 1548 2231 et
1585 2178 1699 2232 Ru-

154 2281 276 2329 spam
312 2268 470 2321 urbes
520 2267 573 2320 in
620 2266 869 2335 Byzacio,
917 2267 969 2319 in
1014 2267 1165 2334 cujus
1208 2266 1397 2321 Notltiu
1442 2267 1699 2322 recitatur

153 2355 400 2410 Restitutus
418 2357 772 2410 Acholitanus.
801 2354 1093 2410 Concilium
1116 2354 1343 2409 Zellense
1364 2358 1539 2409 laudat
1567 2356 1698 2413 Fer-

151 2449 320 2499 randus
361 2448 663 2510 Diaconus,
711 2446 851 2513 quod
901 2445 1220 2513 Teleptense
1266 2459 1543 2514 perpetem
1590 2447 1694 2500 dici

150 2540 338 2592 ostendi
370 2539 457 2592 lib.
489 2555 506 2592 ι
536 2539 674 2591 llist.
706 2536 906 2605 Pelag.,
957 2551 1075 2604 Cap.
1113 2536 1197 2589 i3.
1224 2541 1291 2588 At
1320 2535 1541 2605 Ziggcro
1571 2536 1699 2588 urbs

147 2628 189 2679 in
218 2628 597 2691 Proconsulari,
646 2627 697 2681 in
727 2627 879 2695 cujus
906 2626 1098 2680 Notilia
1131 2635 1439 2681 recensetur
1478 2626 1699 2680 Vincen-

146 2721 231 2774 tius
257 2721 536 2791 Ziggensis,
588 2735 745 2789 quem
776 2719 1066 2774 Carnerius
1096 2718 1420 2786 Zeggensem
1467 2719 1600 2770 dixit
1641 2727 1698 2771 ut

141 2808 330 2865 facilius
354 2811 652 2865 Zellensetn
682 2811 902 2865 faceret.
931 2812 984 2864 ln
1010 2811 1176 2881 gestis
1200 2809 1530 2879 purgationis
1559 2809 1699 2863 Feli-

139 2902 210 2954 cis
231 2917 403 2955 coram
433 2902 628 2955 Africa:
675 2901 993 2970 proconsule
1014 2942 1030 2967 ,
1076 2903 1127 2953 in
1158 2901 1304 2954 calce
1331 2900 1507 2969 Optati
1536 2900 1700 2953 Albi-

150 2996 325 3051 tincse
366 2993 639 3059 editionis,
689 3003 1013 3046 memoratur
1050 2989 1317 3061 Ingentius
1363 2991 1579 3044 Decurio
1611 2986 1697 3043 Zia

149 3087 411 3151 guensium,
434 3100 553 3152 qua:
582 3085 733 3148 urbs,
758 3094 814 3137 ut
841 3084 1033 3137 ibidem
1064 3090 1231 3152 patet,
1255 3092 1371 3136 erat
1391 3084 1441 3135 in
1465 3083 1696 3136 Procon-

148 3175 308 3227 sulavi.
344 3176 397 3229 In
430 3176 624 3230 litteris
648 3175 981 3228 Constantini
1013 3174 1370 3241 imperatoris,
1428 3174 1565 3241 apud
1590 3174 1696 3227 Au-

148 3268 391 3329 gustinum
440 3267 601 3334 epist.
643 3266 734 3330 68,
781 3274 836 3320 et
866 3266 954 3319 lib.
998 3281 1053 3318 ιιι
1101 3274 1285 3319 contra
1330 3264 1692 3327 Cresconium,

146 3368 241 3423 cap.
266 3357 354 3421 70,
382 3358 523 3411 idem
553 3357 744 3410 dicitur
775 3355 992 3408 Decurio
1018 3354 1349 3424 Ziguensium
1369 3355 1605 3407 civitatis.
1633 3354 1698 3407 lit

145 3458 339 3498 montem
369 3445 671 3509 Ziqucnsem
703 3456 961 3499 memorat
991 3444 1167 3498 Victor
1199 3444 1429 3498 Vitensis
1475 3444 1543 3497 de
1573 3443 1699 3496 Pcr-

143 3538 398 3589 seeutione
431 3535 807 3588 Vandalorum.

196 3627 517 3680 Aoaoosrcs
546 3626 831 3680 Suttotcos.
874 3624 1115 3693 Interfuit
1139 3622 1404 3678 collationi
1426 3640 1551 3677 ann.
1571 3625 1665 3677 Ml
1681 3665 1696 3690 ,

139 3727 353 3784 anusque
382 3718 480 3785 fuit
502 3732 585 3768 an.
613 3716 718 3770 419
738 3733 764 3769 e
790 3715 960 3768 decem
980 3716 1160 3784 legatis
1184 3716 1453 3781 provincia:
1471 3714 1700 3768 Procon-

138 3804 315 3858 tularis
345 3807 432 3874 qui
468 3822 581 3857 cum
608 3805 787 3874 legatis
823 3803 1045 3857 aliarum
1070 3805 1443 3873 provinciarum
1476 3821 1697 3860 canones

138 3889 367 3948 Ecclesia:
408 3896 668 3964 Africante
713 3896 1002 3965 recognovit
1050 3905 1097 3948 et
1137 3897 1455 3965 subscripsit.
1500 3895 1563 3949 Et
1614 3897 1700 3950 hic

136 3993 311 4039 rursus
334 3987 620 4055 episcOpos
659 3995 714 4040 et
742 3987 901 4041 urbes
926 3986 1218 4040 confundit.
1258 3987 1566 4041 Adeodatus
1606 3988 1696 4056 qui

135 4085 266 4129 anno
296 4078 403 4131 119
427 4093 661 4132 canones
692 4077 1002 4146 recognovit
1045 4086 1162 4130 erat
1205 4077 1487 4145 episcOpus
1514 4076 1699 4130 Simit-

136 4167 352 4235 iocosis,
382 4184 491 4222 non
522 4169 942 4223 Simidiccensis.
970 4166 1241 4235 Leguntur
1266 4166 1403 4235 apud
1427 4166 1697 4220 Labbeum

134 4256 548 4326 subscriptiones
568 4257 753 4328 synodi
777 4273 916 4310 anno
936 4257 1039 4311 419
1055 4256 1375 4326 Carthagine
1395 4256 1696 4323 celebratur,

134 4341 177 4398 in
203 4349 401 4416 quibus
429 4349 721 4402 Adeodatus
753 4348 1079 4403 Similaensis
1129 4348 1208 4402 vel
1240 4347 1528 4403 Simitensis
1575 4347 1701 4400 dici-

135 4441 231 4489 tur.
282 4436 547 4508 Oppidum
580 4438 910 4493 Simitruense
950 4438 1191 4492 laudatur
1243 4453 1274 4491 a
1322 4437 1490 4491 Plinio
1521 4438 1613 4491 lib.
1648 4453 1699 4502 v,

137 4536 245 4592 cap.
279 4527 342 4586 3;
386 4528 599 4581 Simiuu
642 4527 710 4581 ab
748 4528 1019 4582 Antonino
1058 4526 1268 4580 dicitur.
1321 4526 1375 4579 lu
1419 4525 1701 4580 collatione

138 4627 248 4681 cap.
284 4617 387 4671 155
417 4628 728 4673 recensetur
759 4617 1043 4671 Benenatus
1065 4617 1328 4686 episcOpus
1350 4615 1507 4685 plebis
1528 4616 1704 4670 Simil-

139 4707 309 4768 tensis,
330 4716 385 4761 et
406 4722 527 4775 cap.
560 4708 661 4763 1⁸55
675 4707 968 4760 Adeodatus
994 4706 1260 4773 episcopus
1287 4705 1443 4774 plebis
1459 4705 1702 4760 Simidic-

140 4796 310 4849 censis.
341 4795 517 4861 Quare
547 4796 873 4861 Adeodatus,
917 4795 1007 4864 qui
1051 4810 1191 4849 anno
1231 4796 1334 4848 M9
1360 4809 1593 4848 canones
1618 4810 1703 4849 re-

141 4888 401 4951 cngnovit,
429 4902 568 4940 anno
594 4888 692 4942 411
727 4888 961 4941 nondum
987 4896 1103 4939 erat
1139 4888 1442 4955 episc0pus,
1469 4900 1587 4939 cum
1621 4885 1700 4941 Si-

141 4975 471 5031 mittuensem
494 4977 800 5032 cathedram
826 4986 1030 5031 teneret
1053 4977 1370 5030 Benenatus.
1402 4974 1510 5029 Hoc
1531 4976 1701 5044 ipsum

138 5065 291 5118 etiam
320 5068 599 5123 evidenter
639 5069 939 5123 ostenditur
975 5083 1041 5121 ex
1085 5067 1474 5136 subscriptione
1514 5067 1704 5137 synodi

135 5161 269 5208 anno
296 5159 425 5222 419,
449 5159 537 5213 ubi
568 5159 792 5227 legimus
816 5175 829 5210 :
856 5158 1171 5212 Penthadius
1190 5156 1521 5228 Carpitanus,
1539 5158 1705 5212 Adeo-

132 5240 280 5298 datus
310 5247 678 5302 Simitttuensis.
725 5247 899 5314 Quare
927 5247 1232 5301 Adeodatus
1273 5247 1371 5301 fuit
1420 5248 1704 5316 episcopus

126 5331 370 5401 tempore
419 5336 687 5406 posterior
728 5335 1026 5391 Pentltadio
1068 5352 1082 5388 :
1113 5336 1343 5391 Africani
1375 5337 1515 5391 enim
1553 5338 1703 5405 juxta

116 5420 335 5494 letnpus
360 5424 528 5480 delati
558 5426 899 5494 episcopatus
929 5424 1141 5478 nomina
1170 5424 1387 5494 synodis
1411 5426 1628 5491 dabant,
1650 5436 1707 5481 et

92 5498 175 5568 in
206 5518 485 5572 tractoriis
511 5516 901 5585 scribebantur,
951 5531 1017 5571 ex
1040 5531 1244 5570 canone
1280 5517 1351 5571 53
1376 5515 1504 5572 Cod.
1535 5517 1704 5574 Afric.

76 5604 173 5655 δι
192 5607 503 5676 Augustino
527 5606 688 5674 epist.
717 5606 824 5659 217
865 5605 931 5659 ad
962 5605 1312 5659 Victorinum.
1359 5604 1562 5660 Rursus
1585 5622 1705 5663 cer-

53 5678 225 5750 Kuai
257 5707 346 5753 est
377 5695 737 5754 Penthadium
766 5710 907 5752 anno
935 5695 1032 5756 4H
1068 5711 1176 5750 non
1221 5693 1383 5751 fuisse
1412 5694 1705 5764 Carporum

1802 1894 1965 1949 fuisse
1991 1894 2174 1949 U:inas
2205 1897 2256 1949 in
2284 1897 2491 1963 Africa;
2542 1911 2590 1953 et
2626 1911 2862 1970 tempore
2908 1905 3206 1960 collationis
3245 1925 3365 1978 cap.

1803 1985 1905 2039 123
1933 1988 2155 2056 legitur:
2184 1989 2443 2043 Timianus
2465 1997 2726 2062 episcopus
2762 1993 2917 2063 plebis
2944 1995 3235 2062 Utinensis;
3273 2017 3373 2055 ca-

1800 2077 1907 2145 pite
1927 2090 2052 2131 vero
2077 2078 2197 2140 155,
2227 2077 2379 2133 Isaac
2400 2082 2662 2150 episcopus
2685 2083 2841 2149 plebis
2865 2085 3174 2141 Uthinensis.
3198 2090 3370 2156 Quare

1799 2167 1844 2219 si
1868 2167 2143 2221 Octavius-
2164 2167 2265 2222 fuit
2293 2170 2490 2237 pariter
2517 2172 2799 2241 episcopus
2827 2174 3112 2242 Utinensis,
3160 2180 3371 2235 tertiam

1802 2256 1855 2309 in
1884 2256 2062 2311 Africa
2094 2257 2306 2313 Utinam
2337 2261 2488 2315 nobis
2514 2263 2746 2317 excitare
2771 2263 2949 2329 debet,
2981 2266 3066 2320 vel
3095 2267 3370 2325 Octavium

1800 2345 2052 2415 collegam
2077 2346 2318 2402 Timiano
2349 2359 2439 2403 aut
2466 2350 2644 2405 Isaaco
2675 2354 3133 2421 superimponere.
3173 2358 3368 2412 Contra

1799 2436 1949 2491 Isaac
1967 2438 2276 2505 episcopum
2302 2440 2623 2497 catholicum
2650 2444 2823 2498 stabat
2841 2445 3159 2513 Felicianus,
3189 2461 3371 2506 contra

1800 2526 2098 2583 Titnianum
2127 2529 2273 2584 Felix
2306 2532 2697 2595 Donatistarum
2720 2537 2975 2605 episcopi.
3026 2542 3095 2593 At
3120 2540 3188 2595 de
3217 2542 3369 2594 Octa-

1804 2618 1885 2670 vio
1912 2620 2089 2672 refero
2136 2622 2398 2688 integrum
2450 2634 2648 2676 textum
2682 2642 2743 2677 ev
2788 2629 3070 2683 collatione
3101 2630 3370 2695 Carthagi-

1799 2710 1975 2761 nensi.
2004 2708 2242 2763 Octavius
2272 2714 2536 2782 episcopus
2566 2715 2722 2781 plebis
2744 2716 3072 2772 Utinnneusis
3102 2738 3271 2772 coram
3302 2723 3371 2776 V.

1800 2793 1862 2853 C.
1890 2799 2091 2851 tribuno
2129 2810 2175 2852 et
2213 2803 2413 2852 notario
2446 2801 2748 2856 Marcellino
2789 2808 3023 2872 superius
3053 2812 3292 2863 mandavi
3326 2822 3375 2864 et

1797 2888 2077 2957 subscripsi
2117 2889 2444 2959 Carthagine.
2497 2894 2662 2955 Quare
2700 2896 2830 2947 idem
2878 2896 3003 2949 dixit
3027 2914 3045 2951 :
3073 2898 3371 2955 Econtraria

1799 2977 1924 3029 mihi
1948 2986 2021 3029 est
2050 2976 2370 3047 Bonifacius.
2403 2982 2477 3034 Ex
2512 2983 2680 3036 tritms
2712 2985 2871 3052 igitur
2900 2988 3160 3057 episcopis
3185 2992 3371 3043 catho-

1804 3067 1918 3121 licis
1946 3067 2274 3139 totidemque
2322 3072 2509 3125 iisdem
2549 3074 2865 3131 adversariis
2906 3079 3122 3135 Donatis
3148 3082 3192 3136 is
3241 3083 3373 3137 duas

1808 3155 1992 3213 Utinas
2019 3168 2074 3215 et
2105 3159 2392 3216 Utinunatn
2425 3165 2479 3217 in
2505 3164 2683 3219 Africa
2711 3169 2867 3222 urbes
2899 3170 3173 3226 habemus.
3218 3175 3367 3241 Quod

1802 3250 2021 3318 insuper
2062 3252 2209 3306 addit
2243 3251 2490 3306 Utltinam
2532 3255 2596 3308 ad
2628 3256 2913 3325 Bagradam
2964 3259 3174 3315 ﬂuvium
3215 3265 3367 3317 sitam

1801 3355 1865 3394 ex
1896 3341 2201 3405 Ptolemtco.
2229 3355 2380 3398 notes;
2412 3346 2590 3403 velim.
2626 3349 2708 3402 vir
2736 3350 3114 3415 eruditissime,
3159 3355 3364 3409 Carne-

1802 3430 1936 3482 titnn
1959 3440 2086 3483 ante
2115 3432 2495 3499 septemdecim
2526 3450 2712 3490 versus
2740 3437 2877 3491 idem
2905 3440 3103 3495 dixiSse
3123 3443 3188 3497 de
3212 3446 3365 3498 Utina

1801 3522 1993 3583 altera,
2032 3520 2084 3572 in
2108 3535 2207 3586 qua
2236 3521 2457 3575 sedebat
2481 3524 2772 3578 Titnianus.
2792 3525 3038 3581 Profecto
3056 3530 3371 3588 Ptolcmmus

1802 3626 1959 3664 uuam
1990 3620 2194 3664 tantum
2228 3609 2479 3665 Urblnam
2511 3614 2688 3680 ponit;
2711 3617 2850 3683 quod
2881 3617 2923 3669 si
2951 3628 3131 3673 noster
3152 3636 3373 3690 geogra-

1801 3703 1940 3771 phns
1970 3700 2219 3755 Uthinam
2250 3700 2477 3767 Octavii,
2510 3712 2564 3756 et
2591 3704 2810 3757 alteram
2836 3705 3059 3761 Timiani
3083 3709 3147 3761 ad
3180 3710 3370 3779 Bagra-

1800 3797 1919 3850 dam
1948 3797 2176 3863 reponit,
2205 3797 2272 3850 de
2303 3806 2523 3866 utraque
2554 3797 2823 3852 Ptolemaei
2858 3799 3215 3855 testimonium
3241 3820 3371 3857 nen-

1803 3893 2002 3961 tiquam
2034 3892 2246 3945 laudare
2279 3901 2471 3960 potest.
2501 3891 2698 3945 Scribit
2727 3892 3030 3947 llolstenius
3056 3895 3369 3950 alterutram

1804 3984 2052 4038 Uthinam
2077 3998 2194 4037 cum
2226 3985 2546 4052 aspiratione
2570 3985 2927 4051 scribendam,
2976 3995 3029 4039 et
3070 4003 3195 4044 vere
3231 3991 3375 4056 apud

1804 4074 2155 4140 Augusﬁnum
2188 4074 2278 4125 lib.
2314 4089 2362 4125 γι
2388 4074 2455 4127 de
2486 4072 2665 4142 Bopt.,
2693 4088 2811 4143 cap.
2836 4077 2925 4135 33,
2949 4077 3202 4132 recitatur
3224 4078 3373 4134 Felix

1803 4163 1864 4216 ab
1900 4162 2112 4216 Uthina.
2145 4163 2343 4217 Omitto
2372 4162 2512 4229 quod
2541 4163 2735 4217 ibidem
2762 4167 2834 4218 ait
2855 4165 3199 4235 Lampadium
3226 4170 3374 4224 Uthi-

1762 4316 1767 4325 ³
1804 4267 2023 4332 nenscm
2055 4252 2434 4320 subscripsisse
2460 4254 2742 4308 concilium
2768 4255 3084 4312 Arelatense
3112 4274 3178 4323 tt;
3209 4260 3373 4313 voluit

1803 4344 1981 4398 dicere
2014 4344 2239 4411 primum
2288 4344 2546 4398 indictum
2577 4359 2717 4398 anno
2758 4346 2931 4413 primo
2973 4346 3253 4417 Sylvestri,
3281 4363 3370 4401 an.

1805 4435 1931 4490 514.
1962 4434 2262 4488 Bonifacius
2287 4435 2493 4503 Octavii
2519 4436 2853 4491 adversarius
2887 4452 3008 4507 cap.
3036 4437 3138 4494 198
3184 4438 3366 4492 dicitur

1807 4523 2207 4588 Utummensis;
2236 4524 2339 4577 utri
2372 4526 2537 4577 textui
2566 4539 2718 4579 error
2748 4526 2956 4593 irrepsit
2985 4527 3265 4580 incertum.

1885 4616 2185 4669 SEROTINUS
2224 4614 2623 4669 Tnunznrnnsrs.
2666 4617 2906 4687 Interfuit
2947 4616 3226 4670 collationi.
3267 4615 3377 4669 Po-

1803 4711 1943 4763 nitur
1962 4718 2129 4763 autem
2151 4724 2183 4760 a
2211 4707 2484 4763 Ptolemaeo
2513 4709 2713 4763 Thursa
2740 4724 2896 4780 prope
2926 4706 3107 4761 Vinum
3124 4707 3373 4760 coloniam

1805 4818 1905 4855 non
1936 4801 2084 4870 longe
2104 4818 2135 4854 a
2164 4799 2408 4867 Tunizza,
2451 4809 2599 4869 atque
2626 4800 2753 4854 adeo
2782 4816 2869 4852 nec
2897 4798 3171 4850 admodum
3195 4800 3383 4868 pracni'

1806 4909 1837 4945 a
1862 4892 2187 4962 Carthagine.
2228 4890 2343 4943 Non
2386 4890 2455 4942 ita
2495 4890 2747 4941 scribitur
2789 4888 2841 4940 in
2888 4886 3203 4951 collatione;
3251 4905 3382 4943 nam

1804 4998 1926 5051 cap.
1962 4985 2063 5037 I33
2094 4989 2402 5034 recensetur
2432 4979 2698 5032 Serotinus
2730 4979 2998 5047 episcopus
3027 4980 3181 5049 plebis
3205 4981 3375 5037 Turu-

1803 5072 2174 5136 zitensis.Qu:e
2198 5068 2435 5133 inﬂexio,
2462 5081 2566 5122 uno
2582 5066 2839 5122 Camerio
2868 5080 3102 5136 auctore,
3127 5072 3379 5127 ιιΤΙιιιτθαρ

1806 5160 2074 5215 Ptolemaei
2106 5158 2403 5211 derivatur.
2445 5159 2587 5211 Sane
2614 5158 2928 5222 vapularent
2956 5160 3197 5228 discipuli
3225 5162 3314 5229 qni
3344 5176 3381 5216 π

1807 5252 2011 5306 Thurst
2036 5249 2454 5303 Tlturuzitanurn
2483 5248 2844 5316 declinarent;
2878 5251 2977 5305 hoc
2998 5254 3138 5308 enim
3166 5253 3379 5320 adjecli-

1812 5358 1935 5396 vum
1966 5357 1996 5395 a
2026 5340 2317 5395 Thuruzita
2349 5339 2610 5410 originem
2661 5341 2824 5395 ducit.
2874 5343 3046 5407 Quare
3095 5355 3382 5411 perperam

1810 5430 2131 5484 Ptolemreus
2160 5430 2213 5484 in
2246 5439 2434 5486 testem
2466 5441 2704 5485 vocatur.
2744 5430 2856 5485 lmo
2886 5445 3143 5499 nusquam
3186 5429 3378 5495 legitur

1808 5519 2014 5575 'l'bursa
2047 5519 2098 5573 in
2130 5520 2441 5585 Ptoletnmo,
2468 5521 2561 5577 sed
2594 5532 2796 5575 tantum
2826 5521 3056 5593 Thurza,
3100 5534 3255 5589 quam
3282 5535 3377 5589 po-

1811 5610 1891 5665 nit
1920 5611 1973 5664 in
2005 5610 2230 5680 Byzacio
2263 5626 2426 5680 prope
2451 5610 2824 5665 Adrumetum.
2865 5609 3081 5663 Rectius
3109 5620 3283 5661 autem
3308 5626 3375 5663 es

1811 5700 1933 5767 ipsa
1956 5700 2243 5756 collatione
2264 5698 2556 5754 ostenditut
2595 5697 2936 5752 Thuruzitatu
2982 5697 3143 5754 fuisse
3171 5699 3221 5752 iu
3249 5713 3373 5767 pro-
