3908 6312
523 302 629 358 283

1417 292 1974 351 SUPPLEMENTUM
2014 289 2105 343 AD
2146 287 2372 343 OI‘ERA
2411 287 2468 341 S.
2508 286 2897 342 AUGUSTINI.

3683 280 3778 341 234

528 416 699 468 vincia
732 414 1139 479 Proconsulari;
1187 413 1309 481 quia
1347 427 1467 467 cum
1516 412 1796 466 Serotinns
1825 410 2109 478 episeopus
2141 409 2187 464 Λ
2218 420 2277 458 ea
2309 421 2448 458 anno
2477 406 2580 459 “6
2619 406 2940 459 sententiam
2973 413 3157 459 contra
3202 405 3521 474 Pelagianos
3559 403 3777 458 subscri—

528 508 753 562 dixisset
794 521 852 559 se
882 505 1086 558 nullum
1131 504 1330 557 habere
1359 504 1669 571 episcopum
1718 499 2108 561 adversarium,

534 600 787 653 Primiani
836 600 1075 667 primatis
1123 597 1559 666 Carthaginensis
1604 595 1862 648 diaconus
1910 592 2109 645 [labet-

528 691 685 744 dcum
711 692 949 759 reposuit
973 709 983 741 :
1019 689 1287 757 Presbyter
1312 699 1384 742 est
1412 690 1517 742 illic
1544 687 1739 741 Cattus.
1764 685 1865 751 Qui
1893 684 2108 753 quidem

530 782 787 835 diaconus
821 781 1151 850 frequentius
1184 780 1658 849 interloquebatnr,
1692 776 1779 830 ubi
1810 777 1875 827 de
1904 774 2113 841 episco-

534 877 614 939 pis
646 874 1118 942 proconsularibus
1170 873 1526 942 qumrebatur,
1575 879 1630 921 ut
1676 869 1870 936 passim
1914 865 2108 917 ibidem

534 973 707 1031 patet;
740 964 861 1017 licet
896 964 1063 1016 semel
1104 973 1193 1016 aut
1224 963 1415 1016 iterum
1457 961 1524 1014 de
1569 958 1686 1012 aliis
1724 969 1935 1025 quoque
1965 954 2113 1006 locu-

533 1069 646 1111 tum
675 1057 986 1111 concedam.

604 1146 1267 1200 Muemausluurrsssrs.
1292 1143 1376 1195 Ita
1402 1143 1585 1211 legitur
1610 1158 1662 1192 ιη
1689 1140 1989 1197 collatione;
2012 1154 2115 1189 me-

532 1239 632 1291 lius
651 1237 934 1304 Zamensis,
959 1253 1072 1288 nam
1096 1237 1147 1287 in
1172 1232 1536 1287 Proconsulnri
1554 1231 1813 1298 provincia
1835 1229 1929 1295 fuit
1952 1227 2114 1280 Zama

533 1330 736 1388 civitas,
779 1329 822 1380 si
873 1326 1078 1388 Plinio,
1126 1324 1405 1376 Ptolemteo
1449 1340 1509 1374 ac
1547 1321 1793 1376 Straboni
1840 1321 2110 1373 credimus.

530 1419 672 1483 Quot
700 1418 879 1480 verba,
917 1427 992 1470 tot
1020 1426 1215 1470 errata.
1254 1414 1304 1467 In
1337 1415 1620 1467 collatione
1645 1427 1764 1479 cap.
1802 1413 1900 1464 155
1931 1410 2114 1463 lauda-

531 1517 619 1563 tur
651 1508 937 1573 Maiorinus
966 1511 1230 1576 episcopus
1273 1508 1431 1571 plebis
1458 1505 1739 1558 Zentensis.
1794 1504 1857 1557 Et
1898 1502 2110 1571 quidem

532 1609 678 1653 recte
712 1618 723 1650 :
759 1616 881 1651 nam
915 1600 972 1669 in
998 1598 1251 1668 synodica
1288 1596 1745 1665 proconsularinm
1777 1602 1882 1652 aet.
1914 1593 1949 1644 2
1980 1607 2111 1645 eon-

532 1687 638 1742 cli
685 1688 1061 1742 Lateraneusis
1104 1696 1429 1741 memoratur
1480 1685 1776 1738 Florentius
1823 1684 1988 1753 gratia
2022 1682 2111 1735 Dei

2219 499 2342 566 psit.
2377 499 2578 566 Tagora
2614 500 2666 552 in
2698 498 2943 551 Numidia
2973 497 3247 553 dicebatur
3274 502 3438 553 etiam
3470 498 3696 565 Tagora,
3724 507 3779 551 ut

2216 604 2279 643 ex
2305 588 2493 642 Notitia
2522 588 2714 642 Alricm
2743 599 2905 658 patet.

2286 680 2577 736 Cmseows
2614 681 2951 736 Vomreusns.
2988 696 3053 735 tn
3084 682 3299 752 vulgatis
3323 681 3582 732 codicibus
3610 681 3783 747 legitur

2219 776 2504 845 Trispolus,
2548 776 2634 829 sed
2675 776 2849 828 vitium
2891 792 2979 843 per
3006 791 3058 828 se
3087 776 3375 842 manifestat
3404 772 3678 825 insolentia
3704 789 3786 825 no-

2217 867 2404 929 minis;
2440 881 2598 934 quare
2622 865 2881 917 entendari
2906 864 3047 917 debet
3076 880 3137 917 ea:
3160 864 3448 916 collatione.
3512 864 3613 915 IIc
3653 873 3786 915 recte

2216 958 2445 1024 priorem
2479 958 2709 1009 litteram
2738 956 2976 1024 corrigit.
3010 955 3063 1008 In
3102 968 3202 1008 ms.
3247 954 3577 1007 scientissimi
3625 954 3787 1021 magni

2216 1049 2367 1103 ducis
2395 1049 2656 1117 Crispolus
2687 1049 2901 1118 legitur,
2939 1057 3049 1103 tum
3080 1048 3134 1102 in
3180 1048 3471 1117 epigraphe
3502 1050 3784 1117 synodicae,

2218 1149 2325 1193 tum
2360 1141 2411 1192 in
2444 1140 2705 1209 rescripto
2735 1139 3052 1194 Innocentii.

2288 1229 2493 1283 Vtcron
2520 1229 2821 1284 UTICENSIS.
2842 1228 2964 1283 Non
2981 1229 3070 1283 ille
3084 1228 3289 1299 quidem
3310 1228 3531 1297 scriptor
3554 1229 3791 1281 librorum

2217 1320 2279 1372 de
2311 1318 2662 1373 Persecutione
2692 1318 2973 1373 Vandalica
3013 1335 3151 1372 anno
3181 1317 3288 1372 484
3314 1319 3533 1371 excitata
3561 1320 3792 1370 adversus

2216 1411 2492 1463 catholicos
2525 1412 2585 1463 ab
2612 1410 2663 1463 Η
2671 1412 2896 1476 unerico,
2938 1411 3028 1463 sed
3057 1411 3190 1463 alius
3230 1411 3460 1481 ejusdem
3501 1410 3723 1461 nominis
3749 1419 3793 1463 et

2217 1500 2368 1561 sedis,
2387 1500 2471 1567 qui
2494 1500 2587 1565 fuit
2604 1499 2909 1569 Carthagine
2929 1516 3044 1552 cum
3059 1499 3264 1551 collatio
3286 1499 3577 1551 haberetur.
3600 1498 3787 1559 Victor,

2217 1590 2303 1655 qui
2334 1591 2431 1642 sub
2464 1590 2730 1644 Ilunerico
2761 1590 2893 1644 vixit
2921 1606 2982 1644 ac
3010 1590 3228 1656 scripsit
3266 1589 3431 1642 libros
3454 1589 3520 1642 tle
3545 1589 3793 1642 Persecu-

2222 1683 2364 1736 tione
2400 1682 2705 1745 Vandalica.
2758 1698 2863 1735 non
2920 1682 3021 1735 fuit
3062 1683 3343 1751 episcopus
3372 1681 3662 1743 Uticensis,
3706 1683 3788 1733 sel

532 1780 797 1847 episcOpus
851 1777 912 1831 S.
961 1778 1022 1831 E.
1068 1778 1354 1830 Zentensis.
1406 1778 1521 1841 Quo
1550 1776 1766 1844 egregio
1815 1772 2117 1826 testimonio
2149 1766 2195 1824 Β
2225 1772 2479 1837 Vitensis,
2507 1782 2567 1825 ut
2598 1773 2809 1841 egregie
2831 1786 2861 1825 e
2887 1788 3018 1826 mss.
3042 1771 3391 1826 ostenderunt
3412 1769 3714 1824 Chit'lletius
3736 1784 3791 1819 ac

532 1868 817 1934 evincitur;
842 1877 986 1921 recte
1030 1868 1192 1921 scribi
1240 1870 1292 1919 in
1339 1866 1627 1920 collatione
1665 1865 2003 1925 Zentensem,
2054 1877 2117 1917 ac

537 1957 675 2011 male
704 1957 804 2025 legi
832 1957 1229 2026 Zemptensem,
1257 1966 1310 2009 et
1339 1956 1565 2011 Zentam
1598 1956 1759 2009 fuisse
1790 1956 1929 2007 inter
1955 1954 2115 2008 urbes

537 2050 963 2115 proconsulares.
988 2051 1193 2104 Rursus
1215 2050 1354 2119 quod
1385 2050 1604 2102 Zentam
1630 2049 1682 2101 in
1706 2048 1920 2101 Zamam
1946 2056 2116 2100 mutat

535 2140 619 2192 vix
656 2142 918 2206 j-atientcr
947 2141 1071 2195 ferri
1108 2154 1300 2210 potest.
1339 2142 1394 2194 In
1422 2142 1711 2195 collatione
1742 2156 1860 2208 cap.
1899 2142 1993 2194 121
2037 2140 2119 2193 di-

534 2232 673 2283 citur
701 2231 953 2299 Dialoqus
974 2234 1239 2305 episcopus
1269 2232 1555 2295 Zamensis,
1596 2234 1748 2299 cujus
1778 2233 2119 2285 adversarius

536 2320 818 2373 Montanus
864 2336 998 2373 unus
1024 2337 1055 2375 e
1084 2331 1289 2389 septem
1325 2322 1615 2374 Donatistis
1663 2321 2007 2374 collatoribus
2034 2336 2120 2374 re-

535 2421 807 2481 censetur.
850 2411 1014 2477 Igitur
1058 2428 1161 2465 non
1195 2412 1503 2480 liajorinus,
1551 2413 1643 2465 sed
1686 2412 1940 2479 Dialogus
1977 2427 2119 2465 anno

538 2506 635 2567 411
675 2514 789 2558 erat
813 2505 1088 2559 Zamensis
1115 2508 1417 2574 episc0pns.

560 2640 565 2645 .
609 2595 999 2649 POSTUIIIANL‘S.
1035 2594 1234 2667 Ignota:
1259 2597 1427 2661 sedis;
1463 2614 1582 2649 nam
1611 2599 1696 2666 qui
1722 2598 1909 2651 dicitur
1935 2599 1987 2650 in
2017 2598 2121 2650 col-

534 2688 722 2741 latione
739 2686 1041 2758 Tagorensis
1067 2690 1294 2742 diversus
1315 2700 1388 2741 est
1414 2689 1477 2740 ab
1501 2689 1628 2753 ista;
1653 2690 1901 2758 siquidem
1918 2688 2122 2757 Tagora

534 2779 727 2840 civitas,
760 2796 848 2832 seu
878 2778 1103 2850 Tagura,
1128 2789 1201 2834 est
1239 2782 1291 2832 in
1332 2778 1601 2844 Numidia,
1645 2798 1744 2833 non
1776 2782 1892 2832 item
1915 2783 1965 2833 in
1988 2779 2123 2832 Pro-

535 2871 828 2935 consulari,
869 2880 912 2921 et
954 2873 1083 2922 inter
1130 2871 1390 2939 episcopos
1434 2886 1460 2920 e
1501 2870 1749 2921 Numidia
1788 2871 1841 2921 in
1888 2871 2120 2922 exsilium

536 2971 696 3024 actos,
723 2970 1012 3013 recensetur
1034 2960 1328 3013 Timotheus
1351 2960 1679 3029 Tagurensis.
1698 2962 1961 3029 Ignoravit
1989 2963 2122 3016 duas

538 3052 701 3105 fuisse
731 3054 781 3105 in
810 3052 988 3105 Africa
1020 3053 1277 3120 Tagoras,
1309 3054 1448 3120 quod
1482 3064 1660 3107 tamen
1698 3044 1996 3120 intelligere
2027 3072 2119 3120 po-

540 3150 677 3193 terat
707 3156 771 3195 ex
805 3141 1110 3207 collatione,
1147 3143 1230 3196 cui
1266 3144 1403 3195 inter
1428 3142 1719 3195 catholicos
1746 3145 2010 3197 antistites
2039 3148 2115 3198 in-
2145 3113 2189 3173 C

539 3228 772 3283 terfuere
808 3230 1085 3285 Restitutus
1106 3232 1372 3301 episcopus
1400 3232 1729 3303 Tagorensis,
1776 3235 1865 3302 qui
1905 3234 2003 3287 fuit
2027 3252 2119 3289 cu-

536 3329 651 3376 stos
680 3323 981 3377 tabularum
1014 3340 1131 3394 cap.
1170 3327 1301 3389 “5;
1334 3335 1386 3378 et
1418 3325 1816 3380 Posthumimus
1855 3329 2121 3398 cpiscopus

537 3413 695 3481 plebis
742 3413 1070 3483 Tagorensis,
1118 3431 1236 3485 cap.
1285 3417 1407 3470 I35.
1459 3417 1638 3485 Itaque
1681 3417 2116 3481 Posthumianus,

537 3506 621 3572 qui
657 3508 869 3568 ponitur
897 3505 947 3558 in
978 3506 1290 3575 epigraphe,
1344 3507 1443 3560 fuit
1485 3508 1767 3576 episcopus
1801 3507 2119 3577 Tagorensis

536 3600 601 3651 in-
649 3600 917 3666 provincia
970 3598 1369 3653 Proetmsulari.
1422 3602 1492 3654 At
1539 3600 1705 3653 luisse
1750 3600 2011 3669 Tagoram
2066 3603 2117 3654 in

539 3688 639 3741 hac
672 3691 941 3754 provincia
975 3691 1169 3757 colligo
1200 3707 1265 3742 ex
1296 3690 1513 3743 Tabulis
1538 3689 1979 3758 Peutingcriauis,
2030 3691 2120 3745 ubi

537 3778 652 3830 lucc
678 3779 955 3846 leguntur:
980 3778 1211 3831 Tltacora
1243 3796 1294 3844 v,
1328 3778 1521 3849 Gegetu
1551 3779 1761 3847 (supple
1794 3797 1879 3843 xv,
1916 3796 1980 3833 ex
2010 3784 2120 3834 Au-

539 3867 723 3918 toniuo
753 3883 873 3919 mox
902 3868 1190 3936 laudando)
1225 3866 1525 3936 Narragara
1571 3884 1665 3935 xu,
1710 3868 1863 3921 Sicca
1912 3868 2121 3923 Venetia

538 3969 665 4007 xxx.
715 3957 1014 4010 Antoninus
1048 3958 1115 4011 ita
1162 3958 1353 4011 scribit
1383 3958 1432 4011 in
1484 3959 1675 4013 itinere
1715 3960 1870 4015 Μυειί
1898 3962 2120 4016 Cirtam.

540 4042 746 4097 Siccam
786 4062 954 4112 χχχιι,
1006 4048 1316 4121 Naraggara
1365 4067 1490 4115 xxx,
1542 4050 1742 4122 Tagora
1792 4068 1882 4115 xx,
1935 4052 2125 4121 Tipasa

539 4148 723 4187 xxxiv.
748 4136 965 4190 Certum
996 4150 1079 4193 est
1110 4141 1355 4207 Tipasam
1388 4151 1663 4210 spectasse
1699 4143 1762 4195 ad
1789 4143 2121 4210 Numidiam;

540 4240 663 4278 nam
708 4227 760 4280 in
805 4228 989 4282 notitia
1031 4230 1186 4298 hujus
1214 4232 1507 4300 provincias
1547 4233 1854 4286 nominatur
1888 4234 2125 4287 Rusticus

541 4316 853 4387 Tipasensis.
906 4319 1263 4389 Naraggaram
1297 4322 1508 4389 Tipasae
1551 4323 1827 4377 linitimam
1866 4324 2126 4378 Numidiae

540 4409 837 4477 aseripsere
860 4410 1083 4465 Carolus
1111 4429 1139 4465 a
1171 4415 1227 4468 S.
1259 4413 1421 4467 Paulo
1442 4425 1493 4469 et
1522 4415 1852 4482 Holstenius,
1882 4417 1976 4470 sed
2007 4433 2125 4486 per-

540 4515 763 4571 peram;
799 4516 920 4554 nam
954 4503 1261 4572 synodicam
1293 4507 1749 4572 proconsularinm
1792 4518 1899 4563 act.
1936 4507 1971 4559 2
1994 4524 2125 4563 con-

540 4592 646 4644 cilii
679 4592 1059 4647 Lateranensis
1091 4594 1409 4661 subscripsit
1438 4595 1727 4649 Benenatus
1762 4600 2027 4666 episc0pus
2059 4598 2121 4653 S.

542 4681 611 4734 E.
652 4682 1098 4754 Narragaritanae,
1140 4686 1272 4737 etin
1305 4684 1498 4739 Notitia
1548 4688 1685 4741 inter
1712 4690 2125 4755 proconsulares

540 4782 855 4828 recensetur
876 4772 1195 4826 Maximinus
1219 4772 1271 4825 Μ
1280 4775 1696 4845 araggaritanus.
1724 4775 1811 4829 ubi
1839 4777 1991 4844 plane
2015 4777 2126 4830 Na-

542 4864 905 4928 raggaritanus
934 4865 1214 4934 legendum
1246 4875 1349 4920 est.
1388 4866 1454 4920 Et
1481 4867 1535 4919 in
1558 4867 1843 4920 collatione
1866 4868 2002 4921 inter
2025 4869 2128 4921 Do-

544 4950 768 5002 natistas
794 4968 912 5019 cap.
938 4956 1042 5008 207
1069 4969 1383 5013 numeratur
1412 4956 1693 5013 Faustinus
1721 4959 1988 5029 episc0pus
2015 4960 2129 5013 Na-

545 5040 929 5107 raggariteusis.
982 5043 1130 5098 Ultra
1183 5047 1539 5119 Naraggaram
1593 5066 1781 5104 versus
1830 5050 2125 5105 Numidiam

547 5131 763 5197 ponitur
790 5129 1001 5202 Gegetu.
1030 5134 1196 5189 Porro
1222 5139 1361 5194 hanc
1390 5145 1551 5196 etiam
1583 5144 1771 5209 urbem
1802 5142 1965 5196 fuisse
1989 5143 2126 5196 intra

544 5222 819 5277 dimcesim
854 5227 1315 5292 proconsularium
1362 5242 1507 5301 patet
1543 5250 1608 5289 ex
1650 5235 1863 5290 Victore
1895 5235 2090 5291 Vitensi
2112 5280 2127 5304 ,

544 5320 633 5385 qui
662 5318 755 5372 lib.
782 5333 796 5372 l
828 5319 894 5372 de
925 5318 1198 5374 Persecut.
1236 5323 1407 5379 Vand.
1433 5326 1573 5381 inter
1596 5330 2003 5396 proconsulares
2034 5345 2130 5383 no-

546 5411 713 5463 min:-t
747 5409 1030 5463 Vicentium
1060 5410 1377 5482 Gigs'tanum.
1424 5415 1605 5485 Itaque
1650 5419 1853 5488 Tagora
1897 5420 1930 5472 5
1962 5420 2140 5472 millia‘

548 5512 797 5563 passuum
821 5501 1011 5570 Gigetu
1043 5501 1272 5568 distans,
1319 5517 1436 5558 erat
1467 5508 1652 5561 ultima
1685 5512 1810 5563 urbs
1844 5511 2129 5577 provincia:

545 5588 1000 5657 Carthaginiensis,
1026 5596 1234 5662 Tipasm
1261 5600 1615 5661 contermina,
1640 5601 1793 5669 cujus
1822 5615 1970 5654 sacra
1998 5609 2131 5652 tem-

548 5692 678 5745 pore
707 5681 1002 5737 collationis
1034 5686 1446 5745 Postbumianus
1481 5678 1835 5758 ministrabat,
1866 5692 1952 5760 qui
1980 5702 2128 5760 post-

2223 1864 2548 1920 Ilolstenios.
2601 1866 2712 1920 [Ioc
2742 1867 2912 1935 ipSum
2947 1866 3205 1934 probatur
3233 1880 3298 1918 ex
3337 1864 3568 1918 elencho
3595 1863 3791 1928 episco-

2222 1972 2410 2024 porum
2439 1957 2507 2011 ab
2540 1958 2804 2011 IIunerico
2836 1957 2888 2010 in
2918 1957 3169 2010 exsilium
3205 1956 3639 2023 deportaturum;
3681 1969 3790 2006 nam

2222 2049 2361 2103 inter
2391 2050 2800 2117 proconsulares
2830 2049 3134 2101 nominatur
3158 2045 3491 2100 Florentinus
3522 2042 3791 2101 Uticensis,

2221 2155 2274 2198 et
2300 2145 2439 2197 inter
2465 2144 2771 2213 Byzacenos
2816 2142 2985 2195 Victor
3024 2138 3265 2203 Vitensis,
3315 2140 3403 2206 qui
3452 2137 3619 2191 libros
3667 2139 3795 2190 scri-

2224 2241 2330 2306 psit
2353 2238 2421 2290 de
2452 2238 2829 2291 Persecutione
2852 2234 3157 2288 Vandalica.
3182 2233 3337 2286 Plura
3364 2232 3463 2285 hac
3488 2231 3557 2285 de
3580 2246 3638 2284 re
3660 2232 3793 2299 leges

2222 2328 2274 2381 in
2323 2328 2627 2391 Cbilﬂetio,
2674 2328 2825 2395 cujus
2872 2326 3156 2389 volumen,
3208 2333 3266 2378 ut
3310 2324 3567 2393 pleraque
3606 2321 3732 2387 alia,
3769 2335 3795 2375 e

2222 2420 2589 2488 copiosissima
2624 2428 2710 2473 tua
2741 2420 2825 2473 illa
2845 2418 3170 2473 bibliotheca
3196 2430 3300 2471 non
3318 2415 3485 2471 semel
3507 2415 3637 2469 mihi
3659 2428 3794 2468 com-

2224 2508 2471 2562 modasti.

2296 2601 2497 2653 Vtcron
2518 2600 2872 2655 MIGIRPENSIS.
2904 2601 2990 2654 Ita
3010 2602 3193 2670 legitur
3221 2604 3274 2653 in
3297 2600 3589 2663 collatione,
3615 2608 3721 2651 etc.
3744 2597 3792 2649 In

2226 2691 2325 2744 hoc
2350 2700 2403 2744 et
2426 2691 2744 2759 praecedenti
2780 2691 2992 2746 Victore
3031 2691 3169 2745 redit
3203 2690 3268 2742 ad
3298 2689 3485 2743 solitas
3513 2689 3794 2742 divinatio-

2226 2797 2342 2835 nes.
2372 2782 2609 2836 Adfuere
2636 2783 2910 2836 collationi
2942 2792 3050 2836 tres
3078 2775 3167 2835 alii
3199 2796 3229 2835 e
3269 2780 3646 2834 Proconsulari
3682 2794 3795 2847 pro-

2227 2872 2399 2923 vincia
2434 2871 2705 2936 Victores;
2751 2863 2965 2939 nemjie,
3011 2869 3420 2931 Libertinensis,
3449 2868 3796 2933 Abitinensis,

2224 2968 2279 3013 et
2314 2960 2732 3015 Tuburbitanus.
2793 2958 2939 3015 Itane
2993 2962 3153 3016 hosce
3196 2962 3334 3014 intra
3380 2960 3797 3029 quinquennium

2224 3052 2421 3106 obiisse
2448 3062 2618 3120 putat,
2665 3054 2863 3108 v’ixisse
2892 3070 3019 3108 vero
3048 3054 3448 3123 Migirpensem,
3504 3063 3562 3106 et
3592 3052 3797 3107 Uticen-

2225 3159 2361 3207 sem,
2391 3153 2447 3196 ut
2470 3145 2557 3197 isti
2591 3146 2950 3207 solummodo,
2994 3157 3048 3200 et
3081 3146 3257 3199 nullus
3284 3145 3495 3198 illorum
3526 3144 3691 3197 trium
3720 3156 3797 3213 sy-

2225 3229 2366 3285 nodo
2394 3229 2535 3286 anno
2560 3233 2662 3287 416
2693 3236 3015 3304 Carthagine
3042 3245 3225 3288 contra
3264 3235 3578 3304 Pelagianos
3605 3242 3799 3290 coacta

2224 3322 2486 3377 interesse
2514 3326 2817 3392 potuerint?
2845 3326 2947 3380 Sed
2979 3327 3060 3377 cui
3096 3326 3247 3379 facile
3279 3324 3375 3377 fuit
3405 3325 3568 3380 urbes
3599 3341 3703 3389 pro
3726 3342 3801 3379 ar-

2224 3414 2383 3469 bitrio
2402 3426 2628 3481 mutare,
2652 3417 2998 3481 confundere,
3023 3428 3324 3480 exstruere,
3347 3418 3482 3469 haud
3508 3418 3796 3486 quidquam

2225 3509 2372 3574 pensi
2407 3508 2589 3563 habuit
2620 3510 2900 3577 episcopos
2936 3509 3000 3561 ad
3043 3510 3277 3578 synodos
3323 3508 3613 3561 admittere
3648 3519 3800 3577 prout

2227 3597 2376 3660 libet,
2398 3606 2450 3651 et
2478 3608 2634 3666 prout
2664 3599 2791 3652 libet
2817 3598 3125 3652 excludere.

2297 3686 2491 3739 Luetus
2517 3686 2935 3741 Tacanneusm.
2964 3688 3268 3741 Recensetnr
3289 3690 3398 3757 ejus
3429 3704 3611 3741 nomen
3636 3690 3695 3741 in
3714 3691 3803 3741 σοί-

2227 3778 2435 3829 latione.
2464 3777 2821 3847 Tagnratensis
2844 3780 3067 3849 episc0pi
3098 3780 3323 3831 meminit
3354 3781 3532 3832 notitia
3557 3782 3805 3847 episcopo-

2226 3885 2337 3920 rum
2367 3870 2636 3935 provincia?
2660 3870 3072 3939 Proconsularis,
3105 3873 3323 3941 refertur
3346 3876 3478 3925 enim
3511 3872 3806 3926 Honoratus

2230 3960 2591 4030 Tagaratensis
2619 3964 2797 4032 pulsus
2826 3963 2879 4014 in
2907 3964 3162 4016 exsilium.
3192 3962 3306 4017 Non
3334 3976 3547 4032 [iﬂwSIlllI
3592 3980 3706 4018 non
3740 3966 3807 4015 al-

2225 4054 2259 4108 Ι)
2282 4069 2322 4106 IS
2343 4054 2579 4108 calculos
2607 4055 2859 4123 adjicere.

2298 4144 2574 4199 MARIANUS
2620 4146 3013 4199 Uzurmneusrs.
3062 4146 3376 4200 Nominatur
3419 4149 3470 4197 in
3513 4146 3805 4200 collatione.

2229 4237 2464 4289 Meminit
2497 4240 2678 4290 notitia
2706 4238 3079 4309 Episcoporum
3119 4242 3389 4309 provincitr
3421 4240 3807 4295 Proconsularis

2228 4329 2465 4394 Augentii
2486 4327 2845 4398 Usipparitani
2868 4332 2922 4382 in
2947 4330 3181 4383 exsilium
3208 4330 3424 4397 expulsi.
3457 4330 3508 4381 In
3544 4331 3808 4396 plerisque

2229 4420 2385 4472 elitis
2415 4420 2687 4475 codicibus
2712 4422 2902 4489 legitur
2931 4420 3221 4483 Mucianus,
3252 4421 3343 4473 sed
3371 4421 3637 4473 Garnergo
3680 4421 3807 4475 favet

2236 4525 2334 4563 HIS.
2368 4511 2739 4566 Laurentium:
2773 4512 3130 4566 bibliothecae.
3186 4512 3241 4565 In
3278 4511 3495 4564 Tabulis
3529 4513 3806 4577 I‘eutinge-

2235 4603 2396 4656 rianis
2428 4602 2674 4671 Usippira
2698 4604 2910 4669 ponitur
2936 4619 3093 4672 supra
3116 4604 3309 4670 Putput
3330 4602 3379 4655 in
3405 4602 3807 4657 mediterraneis

2235 4709 2420 4748 versus
2448 4695 2747 4749 meridiem.
2774 4698 2829 4749 In
2858 4695 3073 4765 Synodo
3098 4693 3355 4748 Bonitacii
3390 4695 3698 4761 appellatur
3720 4693 3808 4746 Se-

2234 4786 2449 4839 mentius
2482 4786 2866 4857 Uzipparensis.
2903 4787 3171 4840 Marianus
3213 4786 3311 4840 fuit
3339 4802 3473 4840 unus
3512 4786 3805 4857 legatorum

2234 4877 2690 4945 proconsularinm
2724 4879 2773 4931 in
2801 4877 3027 4932 concilio
3051 4878 3175 4931 anni
3203 4880 3332 4933 419.

2305 4968 2647 5023 Faucruosus
2672 4971 3063 5022 ABZIRITENSIS.
3109 4967 3195 5022 Ita
3223 4971 3406 5039 legitur
3434 4969 3488 5020 in
3517 4968 3801 5027 collatione,

2233 5060 2500 5130 legendum
2530 5068 2695 5111 tamen
2728 5061 2854 5125 forte
2882 5059 3332 5123 estAbderitensis,
3355 5057 3431 5110 vel
3450 5057 3806 5111 Abbiritensis:

2234 5161 2305 5202 est
2339 5152 2473 5202 enim
2508 5151 2646 5213 apud
2694 5148 3027 5203 Ptolemarttm
3058 5152 3272 5203 Abderaa
3316 5151 3507 5202 mentio
3548 5149 3601 5201 in
3645 5150 3809 5214 Africa

2234 5240 2464 5309 prapria,
2499 5254 2585 5291 seu
2614 5240 2873 5307 provincia
2909 5238 3297 5305 Proconsulari,
3330 5239 3579 5306 siquidem
3609 5241 3811 5305 ponitur

2236 5327 2327 5381 sub
2362 5327 2694 5397 Carthagine,
2723 5340 2768 5380 et
2800 5330 2851 5381 in
2887 5328 3086 5381 Notitia
3127 5330 3396 5395 provinciae
3422 5326 3811 5380 Proconsulavit

2236 5419 2295 5486 ﬁt
2343 5419 2530 5471 mentio
2556 5418 2743 5471 Felicis
2774 5419 3039 5471 Abaritani
3065 5420 3307 5487 epierpi.
3340 5417 3495 5471 Hunc
3531 5433 3648 5470 vero
3680 5415 3811 5467 Fru-

2238 5518 2471 5560 cfttosum
2500 5518 2696 5576 aportet
2726 5525 2825 5560 non
2863 5510 2951 5560 diu
2993 5511 3149 5575 fuisse
3186 5511 3534 5580 superstitem;
3580 5524 3704 5559 nam
3731 5522 3813 5557 an.

2237 5600 2341 5653 619
2368 5597 2628 5651 Candidus
2658 5600 2993 5652 Abbnritattus
3012 5610 3293 5653 rerensetur
3316 5602 3447 5653 inter
3474 5602 3669 5667 legatos
3703 5613 3813 5667 pro-

2238 5689 2414 5744 vincia'
2448 5688 2859 5754 I’roconsularis,
2896 5690 2981 5757 qui
3002 5700 3164 5744 tamen
3190 5693 3239 5744 in
3269 5689 3723 5759 subscriptionibus
3743 5688 3811 5739 tli-
