3908 6320
110 360 203 421 εδδ

784 354 1142 412 VARIORUM
1183 354 1784 412 EXERCITATIONES
1826 359 1889 413 ΙΝ
1929 359 1988 414 S.
2031 357 2405 414 AUGUSTlNl
2446 359 2675 414 OPERA

3276 365 3382 421 286

120 479 230 532 situt
247 469 566 536 Germaniae,
583 469 674 523 sed
689 476 1087 525 mendosemam
1105 471 1380 524 Germania
1400 489 1500 526 sive
1522 480 1686 533 uetus,
1717 475 1770 532 Α
1873 475 2210 530 Prtetextatus
2260 494 2528 545 cpiscoms
2576 475 2926 532 Sicilibbeusis
2969 478 3213 534 Ecclesia:
3260 461 3380 536 sufi-

123 573 208 626 siue
231 582 379 628 nova,
415 565 636 634 pertinet
662 564 730 616 ad
760 563 1090 628 Numidiam,
1117 563 1162 617 si
1190 581 1288 634 qua
1321 563 1454 632 ﬁdes
1479 562 1694 617 Notitiw

130 661 292 729 sapius
321 659 514 720 citata',
558 656 613 708 in
647 672 749 724 qua
775 655 834 723 ﬁt
867 656 1056 708 mentio
1074 653 1266 708 Felicis
1287 655 1553 708 Abaritani
1581 655 1692 724 epi-

135 752 268 819 scopi.
308 750 503 803 Parum
546 747 708 801 callet
751 747 1054 801 Africanam
1107 747 1509 817 geographiatn,
1566 748 1693 802 dum

138 840 296 897 urbem
329 837 697 892 Abziritanam
749 852 870 891 cum
913 837 1226 891 Abbiritana
1290 838 1588 892 confundit.
1637 836 1694 891 ln

138 931 394 987 collatione
420 943 544 997 cap.
583 928 686 984 128
717 929 913 983 dicitur
942 926 1266 982 Fructuosus
1295 930 1560 998 episcopus
1588 928 1696 998 ple-

138 1023 554 1078 bisAbzirifensis.
586 1021 786 1075 Plinius
808 1020 903 1074 lib.
925 1036 978 1085 v,
1004 1034 1125 1089 cap.
1149 1021 1206 1084 4,
1231 1020 1412 1075 laudat
1441 1020 1493 1072 in
1513 1018 1694 1073 Africa

137 1114 359 1183 oppidum
406 1113 786 1166 Abziritanum.
835 1112 958 1164 llaec
998 1111 1124 1165 urbs
1163 1110 1456 1164 Ptolemaeo
1502 1109 1697 1164 dicitur

135 1205 337 1265 Abdera,
389 1219 515 1256 nam
568 1202 608 1255 D
656 1217 752 1270 pro
795 1201 834 1254 Ζ
877 1201 1078 1269 passim
1134 1211 1404 1265 sumptum
1451 1200 1696 1268 superius

134 1294 336 1349 osteudi.
368 1293 435 1346 Et
462 1293 515 1346 in
543 1291 750 1362 synodo
777 1291 1048 1346 Genelhlii
1081 1306 1172 1344 an.
1207 1291 1310 1346 590
1343 1290 1519 1344 Victor
1545 1291 1696 1343 Absi-

131 1387 304 1438 n'umus
329 1396 378 1438 et
404 1384 747 1438 Abderitanus
771 1383 823 1436 in
849 1383 1013 1437 variis
1035 1383 1313 1438 codicibus
1339 1384 1555 1454 legitur.
1579 1384 1698 1437 Cte-

133 1487 277 1533 terum
306 1477 482 1531 adhuc
509 1477 562 1531 in
595 1475 774 1530 Africa
798 1477 1215 1530 numerabantur
1235 1477 1352 1530 dum
1383 1477 1543 1534 urbes
1564 1491 1697 1547 qua-

129 1583 220 1622 rum
251 1569 490 1636 episcopi
521 1565 890 1621 Abbiritenses
914 1566 1380 1634 nuncupabantur.
1411 1567 1542 1621 Nam
1567 1582 1690 1638 cap.

128 1660 207 1714 Elii
231 1659 463 1712 laudata:
483 1657 786 1711 collationis
817 1658 1034 1725 ponitur
1063 1657 1383 1710 Annibonius
1407 1659 1694 1714 Abbiriten-

125 1750 207 1818 sis;
236 1751 413 1817 capite
438 1763 572 1802 vero
599 1749 724 1815 155,
749 1747 898 1802 Felix
920 1751 1186 1817 episcopus
1203 1749 1551 1820 Abbirmajus.
1572 1767 1692 1820 qua

1797 563 2000 599 80711181.

1872 565 1895 598 ’τ
1936 565 2000 599 si.

1872 565 2254 691 quollvultdeus
2277 618 2556 691 cpiscopus
2572 618 2802 670 Verensis
2826 618 3070 691 Ecclesite
3090 625 3383 691 subscripsi.

1869 689 2132 742 Candidus
2177 690 2446 755 epismpus
2493 689 2825 743 Abbiritcnsis
2877 689 3385 748 Germanicianorum

1802 754 2051 812 Ecclesia:
2077 754 2369 829 subscripsi.

1871 933 2026 986 Anno
2054 933 2152 987 411
2189 933 2408 988 sedebat.
2457 934 2644 1002 Carpis
2684 935 2970 1003 Antonius,
3018 939 3103 992 cui
3149 939 3385 994 Pentha-

1798 1024 1916 1079 dius
1944 1023 2262 1093 subrogatus
2287 1025 2382 1078 l‘uit
2403 1040 2470 1080 ex
2495 1041 2613 1094 cap.
2641 1026 2744 1081 125
2765 1028 2922 1083 toties
2946 1042 3253 1088 memoratae
3275 1035 3388 1088 eul-

1796 1113 2031 1168 lationis.
2066 1113 2210 1168 Idem
2237 1115 2396 1168 etiam
2421 1115 2821 1180 Quodvultdeus
2842 1119 2892 1173 in
2918 1122 3208 1191 epigraphe
3236 1126 3385 1193 poni-

1799 1215 1885 1258 tur
1914 1212 2039 1259 ante
2061 1201 2386 1258 Candorium
2409 1205 2785 1271 Mullitensem,
2810 1211 2896 1277 qui
2920 1211 3186 1266 collationi
3218 1213 3386 1268 inter-

1799 1297 1920 1352 fuit.
1942 1296 2117 1364 Quare
2137 1297 2382 1352 diversus
2398 1298 2554 1366 plane
2575 1297 2675 1352 fuit
2696 1316 2722 1352 a
2742 1299 3112 1365 Quodvultdeo
3136 1304 3378 1362 Verensi.

1866 1387 2169 1442 CANDORIUS
2198 1389 2578 1441 MULLITENSIS.
2609 1388 2930 1444 Numeratur
2958 1393 3089 1446 inter
3121 1397 3383 1467 episcopos

1795 1478 1882 1548 qui
1908 1476 2220 1548 Carthagine
2247 1477 2456 1547 fuerunt
2490 1489 2714 1548 tempore
2743 1484 3050 1539 collationis.
3090 1484 3234 1541 Inter
3263 1505 3383 1559 pro-

1795 1570 2088 1624 consulares
2109 1571 2292 1640 ejectos
2319 1569 2518 1624 Notitia
2539 1572 2688 1625 habet
2712 1573 3002 1629 Liberutum
3025 1577 3382 1638 Mullftanunt.

1793 1659 2032 1715 Tandem
2063 1660 2357 1715 Garnerius
2383 1678 2484 1715 non
2513 1663 2623 1716 sine
2644 1679 2768 1716 cura
2794 1675 2840 1716 et
2868 1665 3042 1719 labore
3068 1669 3269 1739 aliquid
3293 1687 3384 1726 ex-

1793 1753 2034 1821 piscatus
2063 1762 2163 1806 est.

124 1841 229 1891 urbs
261 1839 333 1892 ita
358 1838 756 1907 appellabatur,
777 1847 835 1891 ut
862 1839 931 1891 ab
953 1837 1321 1906 Abbirminus,
1354 1839 1441 1894 ubi
1469 1841 1693 1896 sedebat
1722 1827 1768 1885 Β
1865 1843 2111 1897 MAXIMUS
2133 1852 2186 1897 et
2214 1843 2510 1899 Mammas.
2535 1841 2737 1917 Ignota:
2765 1847 2926 1902 sedes.
2945 1847 3048 1903 Sed
3076 1858 3129 1904 et
3157 1851 3382 1906 aliorum

124 1928 460 1994 Annibunius,
488 1929 943 1996 distingueretur;
976 1927 1089 1982 Afri
1120 1928 1262 1982 enim
1295 1928 1359 1981 ad
1391 1928 1524 1983 duas
1547 1931 1691 2000 ejus-

123 2020 224 2072 dem
268 2021 503 2073 nominis
540 2019 700 2073 urbes
740 2017 1180 2088 distinguendas,
1241 2019 1534 2096 utebantur
1574 2022 1692 2075 istis

123 2111 376 2164 rmzahulis
400 2111 570 2178 majus
597 2117 650 2161 et
678 2111 876 2174 minus;
908 2108 978 2162 ita
1011 2107 1151 2178 apud
1182 2107 1400 2163 eosdem
1429 2111 1690 2165 habemus

122 2197 446 2267 Leptiminus,
490 2215 715 2269 nempe,
753 2200 981 2253 Parvam
1026 2199 1257 2267 Leptim,
1297 2209 1352 2254 et
1396 2201 1446 2254 in
1494 2201 1688 2256 Notitia

120 2289 240 2344 inter
273 2291 578 2361 Byzacenos
607 2301 686 2345 est
724 2289 1132 2344 Fortunatianus
1161 2290 1553 2360 Leptiminensis
1577 2309 1595 2347 :
1619 2295 1690 2348 ita

120 2379 308 2436 Plinius
346 2381 543 2435 ibidem
573 2390 816 2436 recenset
843 2381 1038 2450 Oppida
1073 2381 1296 2435 Ucitana
1340 2384 1480 2448 duo,
1523 2385 1692 2453 majus

118 2483 149 2523 et
162 2473 351 2533 minus,
383 2483 436 2526 et
461 2487 582 2540 cap.
617 2473 720 2527 155
747 2472 1050 2526 collationis
1081 2475 1339 2527 recitatur
1379 2473 1690 2528 Octavianus

119 2564 370 2629 episcopus
410 2564 568 2631 plebis
615 2562 904 2634 Ucimajus.
956 2563 1137 2631 Itaque
1175 2563 1352 2618 eidem
1414 2564 1690 2618 collationi

119 2639 242 2706 anno
283 2655 384 2708 411
431 2654 726 2709 interfuere
757 2654 1088 2709 Fructuosus
1117 2654 1492 2718 Abziritensis,
1540 2655 1688 2708 Felix

120 2744 478 2814 Abbirntajus,
524 2745 855 2799 Annibouius
901 2745 1271 2800 Abbirminus.
1327 2743 1382 2796 In
1446 2743 1691 2815 synodali

123 2837 570 2901 proconsularium
610 2845 717 2891 act.
757 2837 792 2890 2
832 2837 1044 2890 concilii
1075 2835 1453 2889 Lateranensis
1490 2833 1692 2887 laudati

124 2931 441 2997 appellantur
470 2930 766 2984 Adeodatus
794 2931 1141 2996 Abbiritauus,
1182 2925 1249 2984 et
1275 2928 1562 2982 Victorinus
1592 2929 1692 2982 Ab-

121 3020 374 3085 siiitanus,
396 3037 620 3090 quorum
647 3023 1022 3091 episcoporum
1051 3021 1212 3076 urbes
1241 3021 1433 3074 mirum
1467 3035 1570 3074 non
1609 3028 1693 3074 est

46 3148 50 3156 .
120 3109 418 3167 Garnerium
453 3116 503 3168 iu
530 3131 688 3168 unam
719 3115 1187 3183 confatlisse,cum
1221 3132 1319 3170 nec
1345 3117 1561 3171 easdem
1588 3117 1690 3169 Ca-

121 3204 253 3257 rolus
282 3221 308 3256 a
344 3207 399 3260 S.
429 3206 614 3272 Paulo,
652 3223 748 3260 nec
779 3208 1086 3262 llolsteaius
1115 3219 1302 3262 exacte
1324 3209 1683 3262 distinxerim.

119 3290 208 3346 Sed
241 3295 344 3348 alia
373 3311 560 3349 rutsus
585 3296 830 3350 Garnerii
864 3306 1040 3351 errata
1070 3298 1390 3366 corrigenda
1420 3308 1568 3362 sunt;
1594 3297 1691 3350 fal-

119 3397 221 3437 sum
255 3387 394 3439 enim
421 3388 822 3441 estCanditlum
853 3389 1179 3443 successisse
1199 3389 1528 3453 Fructuose;
1567 3403 1686 3441 nam

119 3474 372 3534 Candidus
400 3479 501 3533 fuit
527 3481 812 3549 episcopus
836 3481 1218 3546 Althiriteusis,
1253 3498 1357 3536 non
1391 3481 1692 3534 Abzirltcn-

118 3565 208 3630 sis;
246 3568 315 3621 ita
355 3571 498 3622 enim
542 3570 736 3639 legitur
783 3573 834 3625 in
877 3571 1272 3640 subscriptione
1315 3573 1505 3641 synodi
1546 3587 1688 3624 anno

117 3656 209 3712 H9
238 3660 559 3731 Carthagine
589 3676 808 3732 coactze,
858 3663 1126 3718 Candidus
1167 3665 1432 3734 episcopus
1455 3661 1684 3717 'Abbiri-

115 3753 264 3803 lcusis
291 3752 825 3817 Germanicianorum,
852 3756 989 3822 apud
1025 3755 1297 3810 Labbeum
1331 3765 1461 3808 tom.
1489 3754 1690 3809 110οη-

115 3841 190 3894 cil.
227 3850 343 3913 pag.
377 3846 535 3901 1670.
570 3847 636 3899 Et
663 3857 846 3911 recte;
890 3863 1011 3900 nam
1041 3845 1182 3915 apud
1213 3848 1567 3916 Augustinum
1591 3847 1688 3900 lib.

117 3947 161 3986 rt
191 3937 260 3990 de
289 3938 464 4006 Bapt.,
495 3952 615 4004 cap.
643 3938 734 4001 9.5,
777 3939 1083 3992 nominatur
1114 3939 1166 3992 in
1199 3938 1405 4008 synodo
1440 3937 1689 4006 Cypriani

110 4023 383 4081 Successus
427 4029 491 4082 ab
525 4028 682 4081 Abbir
721 4029 1132 4083 Germaniciana.
1175 4030 1229 4083 Si
1264 4029 1559 4083 Garnerius
1595 4044 1692 4097 pro

108 4115 392 4174 Germauiw
432 4123 486 4174 in
516 4121 833 4175 melioribus
860 4122 1131 4176 codicibus
1161 4120 1505 4175 Germanicia:
1535 4121 1693 4190 legis-

106 4219 205 4275 set,
237 4213 435 4266 reclius
458 4222 659 4266 textum
687 4213 1035 4268 correxisset.
1056 4213 1250 4267 Verum
1277 4213 1555 4282 plusquam
1581 4213 1692 4281 pal-

107 4303 268 4353 maris
293 4312 377 4357 est
405 4304 647 4371 ejusdem
689 4305 969 4373 scriptoris
1011 4304 1348 4367 allttcinatio,
1400 4305 1488 4358 ubi
1532 4304 1695 4358 tradit

107 4382 462 4444 Fructuosum
497 4400 617 4458 post
647 4409 843 4445 annttm
875 4391 980 4447 416
1010 4391 1149 4445 haud
1181 4391 1271 4444 ditt
1303 4391 1470 4446 fuisse
1497 4407 1692 4460 super-

108 4481 304 4543 stitem.
337 4483 478 4550 quod
511 4483 783 4537 Candidus
813 4499 954 4538 anno
976 4483 1082 4538 419
1113 4485 1163 4536 in
1195 4483 1475 4537 Fructuosi
1508 4485 1692 4539 cathe-

108 4569 199 4624 dra
229 4573 471 4628 sedebat.
490 4575 547 4629 ld
565 4576 652 4628 ubi
677 4576 994 4630 detiaudido
1021 4590 1199 4629 sermo
1222 4577 1442 4631 inferius
1472 4577 1688 4640 incidet,

107 4666 414 4727 ostendam;
449 4681 572 4718 nam
605 4668 790 4720 ambos
823 4667 946 4722 huic
968 4667 1176 4737 synodo
1205 4677 1500 4735 praesentes
1519 4668 1688 4736 tingit.
1717 4733 1719 4736 ,

175 4753 605 4817 Qcoovumoaus
630 4756 906 4810 VERENSIS.
938 4755 1062 4810 Fuit
1084 4773 1216 4810 unus
1235 4773 1298 4810 ex
1319 4759 1488 4810 decem
1514 4757 1694 4828 legatis

113 4847 382 4904 provincia:
416 4847 834 4908 Procousularis.
868 4851 957 4918 qui
988 4865 1104 4902 cum
1142 4850 1362 4901 aliarum
1402 4851 1694 4917 provincia-

113 4948 219 4985 rum
259 4937 441 5005 legatis
492 4952 579 4990 an.
619 4937 746 5004 419,
789 4940 994 4992 nomine
1032 4940 1182 4993 totius
1214 4940 1472 5006 Africana:
1511 4941 1694 5007 synodi

117 5039 326 5080 rationes
354 5039 773 5098 recognoveruut.
800 5030 913 5084 Non
942 5031 1010 5084 ita
1034 5039 1135 5086 est.
1169 5031 1266 5085 Hic
1289 5030 1693 5095 Quodvultdeus

121 5125 234 5169 ante
257 5131 456 5171 annum
489 5117 588 5172 411
616 5131 732 5173 erat.
755 5121 1063 5189 episcopus.
1097 5137 1220 5175 nam
1244 5122 1548 5175 nominatur
1569 5131 1696 5175 aute

126 5204 369 5262 Thomam
422 5209 788 5276 Cttbdensem,
842 5213 930 5280 qui
988 5212 1231 5266 interfuit
1277 5210 1570 5264 collationi.
1629 5215 1697 5264 At

129 5299 520 5365 Quodvultdeus
572 5303 822 5357 Verensis
877 5310 998 5372 post
1039 5318 1127 5356 an.
1175 5303 1270 5358 Ml
1328 5303 1692 5370 episcopatum

132 5390 356 5462 indeptus
387 5406 506 5460 est;
545 5410 665 5450 cum
705 5397 755 5449 in
795 5396 1279 5466 subscriptionibus
1307 5411 1396 5448 an.
1442 5396 1546 5449 419
1575 5404 1695 5463 post

137 5481 468 5539 Peulhadium
485 5485 833 5552 Carpitanum
853 5487 1078 5539 locetur.
1098 5484 1292 5537 Earum
1314 5485 1687 5553 fragmentum,

138 5576 256 5634 quod
286 5577 574 5645 plurimum
606 5576 671 5628 ad
703 5592 814 5629 rem
849 5575 994 5644 facit,
1025 5575 1111 5628 hic
1141 5575 1338 5629 insero.

197 5690 502 5744 l’cutltadius
525 5691 791 5758 episcoiius
807 5688 1100 5756 Carpitana'
1132 5689 1372 5743 Ecclesia!
1400 5688 1698 5752 subscripsi.

198 5761 450 5830 litt/[ianus
481 5763 749 5829 cpiscopus
776 5761 1016 5814 Ecclesia'
1049 5761 1294 5813 Mnsmsis
1329 5762 1624 5828 suist'ripsi.

1715 3175 1761 3233 C

1796 1945 1984 2000 parum
2017 1931 2190 1984 cidem
2219 1942 2379 1987 nota).

1866 2021 2102 2074 RUFINUS
2132 2021 2587 2076 DRUSILIANENSIS.
2640 2023 2946 2094 Quanquam
2981 2027 3056 2079 ita
3103 2029 3287 2098 legitur
3327 2030 3378 2081 in

1795 2111 2085 2179 collatione,
2118 2111 2384 2178 legendum
2415 2121 2579 2167 tamen
2607 2124 2729 2184 puto
2753 2114 3146 2185 Dinisianensis,
3180 2121 3255 2171 vel
3287 2137 3380 2188 po-

1795 2205 1896 2257 tius
1927 2203 2334 2258 Dionisianensis
2357 2223 2374 2259 :
2397 2208 2568 2277 ejusce
2595 2209 2729 2260 enim
2759 2210 2978 2261 nominis
3005 2212 3271 2280 episcopus
3294 2227 3384 2278 po-

1793 2300 1929 2351 nitur
1949 2299 2002 2351 in
2031 2299 2247 2351 concilio
2270 2297 2662 2366 Cartliaginensi
2680 2300 3101 2367 rebaptizantium
3124 2319 3266 2356 nam.
3290 2302 3382 2358 1⁸8.

1795 2389 1870 2442 Λη
1902 2405 2001 2442 non
2032 2388 2124 2442 illa
2147 2390 2293 2442 sedes
2323 2406 2436 2456 qua:
2464 2392 2516 2442 in
2556 2389 2758 2444 Notitia
2789 2393 3062 2459 prouincia:
3091 2391 3383 2446 Proconsu-
3463 2407 3478 2420 '

1792 2481 1915 2534 laris
1936 2490 2170 2552 corrupte
2194 2482 2379 2551 legitur
2402 2479 2868 2537 Duassendelmtﬁ?
2888 2484 3001 2538 Non
3026 2495 3245 2553 possunt
3267 2486 3383 2540 sine

1791 2570 1902 2623 risu
1928 2570 2040 2623 hate
2068 2570 2260 2623 audiri.
2287 2570 2327 2624 A
2355 2587 2574 2625 carcere
2601 2572 2666 2624 ad
2697 2573 2897 2626 calcem
2926 2557 3186 2642 pererrat.
3215 2575 3387 2642 Lege,

1794 2659 1866 2712 mi
1898 2661 2114 2722 Antoni,
2147 2661 2495 2728 epigrapben,
2525 2661 2732 2716 videbis
2777 2665 3042 2717 nominari
3088 2680 3196 2718 non
3236 2665 3382 2719 Rufi-

1796 2767 1944 2813 num,
1975 2752 2068 2805 sed
2100 2751 2394 2806 Rus'rtcuut.
2430 2751 2505 2805 ita
2534 2768 2656 2806 eum
2687 2754 2792 2806 duo
2821 2755 3022 2809 Rustici
3071 2756 3124 2809 in
3175 2757 3384 2826 epigra-

1795 2842 1898 2912 phe
1925 2843 2252 2909 scribantur,
2283 2844 2580 2898 Garnerius
2605 2861 2670 2898 ex
2704 2845 2866 2912 priori
2912 2845 3275 2901 Rusticianum
3306 2849 3382 2904 fa-

1793 2936 1885 2997 cit,
1915 2935 2266 3001 poSteriorent
2312 2935 2363 2987 in
2392 2933 2636 2989 Rufinum
2675 2947 2867 2991 mutat.
2895 2937 3028 2992 Cum
3078 2955 3185 2993 non
3215 2941 3382 3009 possit

1794 3026 2069 3080 Rusticum
2104 3026 2242 3080 inter
2271 3026 2533 3081 ducentos
2562 3037 2614 3081 et
2658 3032 2924 3094 octoginta
2967 3047 3060 3085 sex
3100 3032 3382 3102 episcopos

1793 3119 1882 3184 qui
1914 3117 2184 3170 collationi
2215 3132 2408 3172 nomen
2433 3119 2699 3173 dederunt
2724 3122 2980 3188 reperire,
3019 3107 3148 3176 Satis
3177 3125 3383 3176 urbano

1794 3211 2022 3266 artiﬁcio
2057 3226 2150 3278 pro
2185 3211 2402 3265 Rustico
2433 3210 2679 3265 Rufinum
2729 3214 2987 3268 obtrudit.
3022 3213 3191 3269 Porro
3237 3215 3384 3270 Ruti-

1794 3317 1895 3357 nus
1919 3318 2036 3372 cap.
2068 3301 2159 3356 121
2195 3303 2499 3358 collationis
2529 3314 2750 3359 Vocatur
2780 3308 3044 3373 episcopus
3063 3307 3220 3374 plebis
3248 3307 3384 3360 Dru-

1792 3396 2104 3448 silianensis.
2150 3395 2348 3448 Verum
2394 3397 2890 3463 metamorphoseos
2935 3400 3227 3464 studiosus,
3275 3416 3380 3456 non

1793 3487 1954 3540 modo
1982 3487 2314 3554 episcopum,
2343 3487 2437 3562 sed
2460 3493 2515 3540 et
2545 3486 2896 3542 Drusilianam
2927 3489 3167 3555 ejusdem
3194 3491 3377 3545 sedem

1794 3579 1846 3631 in
1878 3577 2036 3630 aliam
2065 3585 2388 3651 convertens
2416 3577 2492 3628 ait
2519 3593 2531 3626 :
2561 3575 2849 3644 Legendum
2878 3584 3047 3628 tamen
3077 3588 3198 3646 puto
3229 3579 3382 3632 Dini-

1793 3671 2096 3722 siauensem.
2131 3666 2354 3721 Serione
2379 3682 2444 3720 an
2472 3666 2658 3734 jocose
2690 3667 2801 3721 haec
2830 3668 3110 3735 scripsisse
3131 3669 3380 3723 eumdem

1795 3760 1985 3827 putas?
2026 3743 2258 3812 Ubinam,
2302 3756 2563 3825 gentium,
2615 3771 2719 3810 non
2752 3757 2922 3809 dicam
2961 3757 3013 3810 in
3045 3756 3242 3819 Africa,
3288 3758 3384 3814 sed

1794 3851 1926 3904 orbe
1958 3857 2071 3902 toto
2117 3830 2462 3916 episcopatus
2512 3846 2897 3900 Dinisianensis
2940 3847 3155 3915 paruit?
3187 3847 3382 3901 Verum

1794 3941 1918 3995 vide
1948 3939 2215 4010 quomodo
2264 3939 2507 3992 eamdem
2557 3938 2883 3991 Dinisianam
2928 3952 3078 3991 Suam
3117 3939 3259 3990 illam
3292 3954 3384 3991 nr-

1795 4033 1940 4099 hem,
1971 4046 2128 4100 quam
2157 4017 2266 4084 uno
2296 4030 2457 4083 ductu
2505 4030 2694 4084 ealami
2727 4038 2953 4096 repente
2992 4031 3270 4095 excitarat,
3303 4030 3383 4082 al-

1797 4135 1912 4179 tero
1940 4126 2119 4178 S'atim
2148 4122 2377 4190 dejecit;
2408 4123 2483 4175 vel
2505 4125 2696 4192 potius,
2725 4121 2916 4186 inquit,
2953 4121 3381 4176 Dionisianensis.

1796 4213 1900 4269 Sed
1932 4228 2214 4284 perperam
2243 4212 2697 4264 Drusilianensem
2724 4211 3015 4264 Eeclcsiam
3039 4228 3157 4266 cum
3187 4212 3386 4281 Diony-

1796 4305 1946 4358 siana
1978 4303 2282 4366 confundit;
2311 4303 2398 4355 illa
2424 4303 2568 4356 enim
2599 4301 2662 4354 ad
2688 4303 3099 4372 proconsularcs
3132 4305 3381 4367 pertinet,

1796 4405 1855 4450 ut
1883 4410 1949 4449 ex
1991 4392 2210 4447 Tabulis
2262 4393 2686 4457 Peutingerianis
2717 4403 2951 4456 constat,
2988 4392 3103 4445 base
3147 4405 3277 4445 vero
3315 4392 3384 4445 ad

1801 4487 2140 4556 Byzacenos;
2173 4498 2293 4537 nam
2327 4486 2465 4537 inter
2487 4487 2642 4538 sedes
2667 4485 2876 4554 Byzacii
2906 4499 3022 4553 quae
3039 4485 3156 4537 sine
3177 4483 3385 4551 episco-

1800 4578 1879 4647 pis
1901 4582 2056 4630 erant
2083 4590 2224 4628 anno
2251 4574 2382 4639 484,
2411 4575 2627 4642 ponitur.
2653 4576 2703 4627 in
2735 4574 2933 4628 Notitia
2966 4572 3157 4626 Africa:
3187 4569 3385 4638 Diony-

1797 4672 1965 4724 siana.
1992 4669 2216 4722 Easdem
2245 4669 2405 4722 etiam
2429 4666 2677 4720 diversas
2703 4667 2862 4718 urbes
2903 4663 3070 4716 fuisse
3109 4661 3387 4715 evidenter

1798 4778 1868 4818 ex
1901 4762 2188 4818 collatione
2213 4760 2517 4823 deducitur,
2549 4760 2600 4812 in
2629 4774 2730 4828 qua
2763 4773 2881 4822 cap.
2902 4755 2999 4807 187
3021 4754 3160 4806 inter
3180 4753 3386 4819 episco-

1798 4868 1894 4922 pos
1927 4852 2230 4906 Donatistas
2259 4851 2348 4919 qtti
2371 4849 2643 4904 collationi
2677 4845 2962 4900 interfuere
2985 4845 3196 4912 ponitur
3220 4843 3389 4897 Resti-

1798 4955 1934 4998 tutus
1963 4945 2228 5012 episcopus
2258 4939 2681 4999 Drusilianensis,
2710 4945 2764 4988 et
2794 4949 2913 5000 cap.
2947 4935 3048 4990 198
3082 4934 3250 4989 Victor
3281 4939 3374 5007 epi-

1803 5051 1984 5106 scopus
2008 5031 2445 5101 Dionysianensis.
2472 5029 2649 5094 Itaque
2676 5025 2974 5080 Drusiliana
2996 5037 3050 5082 et
3067 5028 3391 5098 Dionysiana

1804 5124 1956 5179 fuere
2005 5122 2254 5182 diversae,
2287 5129 2341 5173 et
2387 5118 2723 5171 diversarum
2770 5119 3161 5186 provinciarum
3205 5120 3389 5179 orbos.

1805 5214 2002 5282 quibus
2029 5211 2261 5265 distincti
2289 5208 2521 5277 episcopi
2548 5208 2836 5262 Donatista:
2858 5211 3242 5277 praesidebant;
3269 5209 3388 5262 illas

1806 5321 1936 5363 vero
1979 5319 2146 5358 novus
2178 5300 2515 5371 geograpltus
2539 5300 2591 5354 in
2619 5317 2778 5354 unam
2826 5302 3123 5365 confundit,
3159 5301 3385 5352 alteram

1808 5411 1873 5451 ex
1903 5395 2128 5465 Byzacio
2157 5393 2209 5446 in
2245 5392 2684 5448 Proconsularem
2716 5393 2831 5446 sine
2860 5391 3121 5445 machinis
3153 5389 3385 5442 transie-

1803 5501 1950 5541 rens.
1983 5485 2052 5539 At
2083 5500 2253 5553 neque
2299 5485 2380 5537 his
2427 5483 2812 5536 mutationibus
2838 5489 3142 5541 contentus,
3172 5492 3290 5530 cum
3323 5492 3386 5532 es

1809 5577 2111 5630 Drusiliana
2169 5576 2356 5629 fecerit
2401 5574 2750 5634 Dinisiauam,
2797 5572 2918 5623 dein
2973 5569 3388 5637 Dionysianam;

1809 5667 2023 5722 tandem
2055 5683 2118 5722 ex
2149 5667 2231 5721 his
2252 5665 2500 5720 omnibus
2524 5676 2771 5730 tanquam
2797 5661 3091 5716 dirutarutn
3113 5663 3384 5716 civitatum

1813 5761 2098 5816 ruderibus
2129 5775 2316 5814 novatn
2352 5757 2532 5812 urbem
2567 5753 2791 5809 (lfdiﬁt‘al
2816 5753 3279 5811 Dua~scndclmaiz
3311 5757 3386 5808 At:
