3908 6312
519 317 628 371 237

1408 307 1957 367 SUPPLEMENTUM
2002 305 2087 360 AD
2127 302 2360 358 OPERA
2399 302 2456 357 S.
2500 301 2885 358 AL'CUSTINI.

3668 296 3771 354 9.88

521 450 644 499 non,
671 430 1037 500 inquiens,illa
1061 430 1199 483 sedes
1228 444 1343 498 qua:
1373 430 1423 482 in
1454 428 1650 480 Notitia
1675 425 1943 494 provinciae
1970 421 2099 474 Pro-
2120 422 2179 479 Α
2204 428 2287 472 tur
2310 416 2662 469 Januarianus
2692 422 2954 485 episcopus
2997 413 3233 468 Ecclesim
3260 414 3568 483 Gisipensis.
3606 412 3663 467 Et
3695 421 3776 467 ta-

522 523 804 575 consularis
832 531 1065 588 corrupte
1106 520 1290 589 legitur
1317 516 1769 571 Dunssendelmai?
1810 515 1918 568 ltno
1950 514 2094 582 ipse-

522 621 630 666 met
659 622 906 679 corrupte
933 612 1085 679 legit;
1118 626 1237 663 nam
1271 613 1319 662 in
1353 609 1547 662 Notitia
1578 608 1788 661 laudata
1828 622 1930 660 non
1962 605 2096 658 dci-

521 713 608 755 tur
658 699 1105 761 Duassendelntai,
1162 698 1255 753 sed
1323 698 1746 761 Duassedentsai;
1795 696 2098 748 nominatur

520 794 660 844 enim
693 792 887 844 ibidem
922 790 1231 844 Mannucius
1280 788 1691 853 Duasscdentsai,
1748 786 1899 853 cujus
1942 784 2098 838 sedes

522 899 639 934 cum
691 892 955 933 statuatur
1000 881 1051 934 in
1108 881 1503 943 l’roconsulari,
1547 880 1728 947 nequit
1764 877 1950 930 eadem
1979 889 2098 928 esse

522 989 641 1026 cum
673 973 1016 1041 Dionysiana,
1044 989 1161 1041 qua:
1185 974 1235 1027 in
1258 971 1444 1026 eadem
1473 970 1665 1024 Notitia
1691 970 1894 1022 locatur
1923 967 1973 1019 in
2000 968 2101 1034 By-

523 1062 693 1115 zacio.
722 1063 891 1116 Porro
940 1063 1231 1116 Ecclesiam
1265 1058 1668 1115 Duassedemsai
1702 1070 1826 1127 puto
1856 1058 2098 1112 eamdem

522 1166 644 1206 esse
670 1167 787 1221 quze
818 1167 937 1221 cap.
955 1153 1061 1207 202
1090 1152 1389 1206 ccillationis
1411 1151 1601 1203 dicitur
1624 1149 2098 1211 Assenemsalensis,

524 1242 615 1295 ubi
644 1243 782 1296 inter
814 1243 1113 1296 Donatistas
1149 1250 1455 1295 rccensetur
1492 1238 1895 1293 Fortunatianus
1948 1240 2100 1289 Asse-

524 1333 876 1396 nemsalensis,
907 1344 957 1387 et
990 1335 1039 1385 in
1071 1333 1273 1399 synodo
1305 1333 1560 1385 Bonifacii
1589 1332 1727 1386 inter
1755 1329 2097 1399 proconsula-

524 1438 611 1475 res
639 1423 851 1489 ponitur
902 1422 1249 1475 Pntronianns
1299 1422 1722 1475 Senemsalensis.
1778 1420 2101 1489 Synodicam

523 1513 977 1581 procunsularinm
1003 1524 1107 1566 act.
1142 1514 1176 1565 2
1198 1514 1385 1583 synodi
1416 1512 1786 1564 Lateraneusis
1817 1508 2103 1564 subscribit

523 1601 765 1654 Julianus
786 1604 949 1673 gratia
979 1602 1072 1654 Dei
1102 1604 1364 1671 cpiswpus
1385 1602 1444 1657 S.
1474 1602 1535 1654 Ε.
1569 1604 1787 1654 duarnnt
1812 1600 2105 1666 Scnepsali-

525 1694 760 1744 tinarum.
801 1693 972 1745 Habes
1004 1708 1131 1760 ergo
1164 1694 1213 1745 in
1244 1704 1469 1760 quatuor
1512 1694 1753 1746 versibus
1803 1700 1879 1744 tot
1927 1699 2102 1744 errata

2202 522 2322 560 men
2353 522 2474 560 cum
2518 505 2795 574 utriusque
2827 506 2977 558 urbis
3004 503 3273 557 distinctio
3321 501 3618 556 meridiana
3662 502 3776 557 luce

2201 597 2400 651 clarior
2443 605 2715 664 appareat,
2758 595 3093 649 conﬁdenter
3138 594 3401 648 exclamat
3450 592 3775 647 Garnerius:

2204 686 2399 738 Nullus
2430 686 2604 738 dubito
2629 687 2752 754 quin
2798 685 2931 738 idem
2971 683 3304 737 Ginesitensis
3354 684 3440 747 qui
3480 681 3783 751 Gisipensis.

2202 776 2352 829 Adde
2379 775 2539 829 etiam
2588 773 2890 827 Proculiani
2927 786 3119 825 nomen
3149 770 3410 825 familiare
3440 770 3604 825 fuisse
3642 774 3783 842 apud

2201 867 2391 929 Afros;
2418 880 2538 918 nam
2569 877 2849 932 episcopus
2871 863 2959 930 qui
2983 865 3035 914 in
3062 861 3385 929 Hipponeusi
3410 862 3631 916 dioecesi
3656 879 3787 915 con-

2203 966 2280 1010 tra
2310 956 2659 1023 Augustinum
2687 954 2992 1007 morabatur
3020 952 3073 1006 in
3097 959 3248 1021 parte
3277 952 3491 1015 Donati,
3510 952 3787 1007 Proculia-

2204 1066 2303 1102 uus
2336 1048 2629 1111 dicebatur,
2666 1047 2729 1101 ad
2760 1062 2916 1115 quem
2942 1046 3065 1099 data
3088 1055 3169 1100 est
3190 1047 3415 1113 epistola
3437 1047 3578 1101 inter
3600 1049 3784 1115 Augu-

2204 1141 2461 1193 stiuianas
2513 1140 2630 1203 147,
2682 1146 2735 1192 et
2788 1139 3095 1191 nominatur
3142 1138 3305 1191 etiam
3350 1137 3403 1190 in
3442 1139 3608 1207 epist.
3662 1140 3783 1195 168.

2208 1229 2401 1283 Fateor
2430 1237 2603 1280 tamen
2628 1230 2679 1280 in
2710 1226 2895 1280 codice
2917 1226 3274 1280 Laurentiano
3297 1224 3579 1279 Proculum
3599 1229 3784 1282 scribi.

2205 1323 2401 1377 Verum
2433 1327 2580 1377 adest
2612 1325 2663 1379 in
2695 1340 2813 1393 cap.
2861 1324 2965 1379 155
2992 1326 3155 1378 etiam
3206 1323 3461 1377 Proculus
3503 1324 3785 1379 Serrensis.

2275 1415 2510 1468 THOIAS.
2556 1415 2749 1468 Mirum
2799 1415 2979 1483 ubique
3032 1415 3185 1483 hujus
3232 1415 3453 1466 nominis
3501 1415 3785 1477 silentium,

2205 1510 2302 1563 nisi
2323 1512 2456 1577 quod
2490 1511 2588 1564 Leo
2619 1510 2839 1581 Magnus
2864 1512 3068 1578 scripsit
3092 1512 3161 1562 ad
3186 1508 3434 1563 Thomam
3480 1510 3786 1576 Africanum

2205 1602 2498 1671 episcopum
2522 1604 2643 1655 :sed
2662 1603 2959 1655 incredibile
2977 1610 3048 1655 est
3071 1602 3261 1653 huncce
3282 1600 3530 1653 Thomam
3556 1608 3785 1653 nostrum

2207 1693 2386 1746 tandiu
2430 1694 2630 1747 vixisse.
2665 1693 2719 1749 Si
2768 1708 3003 1761 prmsens
3042 1693 3313 1747 collationi
3364 1691 3477 1744 haec
3532 1690 3783 1753 dixisset,

524 1782 842 1836 recentioris
890 1783 1109 1851 hujusce
1153 1783 1461 1851 geographi,
1505 1797 1623 1849 qua:
1656 1781 1789 1833 forte
1821 1780 1962 1833 idem
2011 1779 2105 1833 ad-
2135 1777 2181 1834 B
2208 1782 2423 1836 surdum
2457 1784 2603 1837 illum
2647 1783 3036 1845 afﬁrmas-seut;
3071 1796 3189 1835 nam
3221 1795 3341 1850 cap.
3382 1780 3484 1834 155
3512 1780 3621 1833 alta
3650 1796 3787 1834 voce

524 1876 695 1929 deuda
724 1875 926 1941 putavit
954 1875 1302 1945 Geographie:
1330 1875 1651 1940 reformatae,
1686 1888 1843 1944 quam
1886 1872 2097 1941 quidam

519 1966 689 2035 (nosti
722 1964 1012 2034 hominem)
1038 1968 1086 2020 in
1113 1967 1281 2020 lucem
1309 1967 1504 2019 emisit.

596 2055 856 2109 RUFIANUS
890 2058 1180 2110 MAIENSIS.
1212 2055 1413 2110 D.'citur
1441 2058 1492 2109 in
1522 2057 1789 2109 collatione
1821 2055 2101 2107 Muzucen-

524 2150 629 2211 sis;
661 2163 789 2199 unus
818 2148 912 2215 fuit
942 2163 968 2200 e
994 2149 1163 2200 decem
1190 2148 1433 2217 delegatis
1460 2163 1487 2199 e
1518 2148 1774 2214 provincia
1806 2144 2103 2198 Proconsu-

524 2234 623 2288 lari
652 2254 739 2288 an.
772 2237 874 2290 H9
900 2239 967 2287 ad
997 2239 1426 2305 recognoscendos
1465 2253 1699 2297 canones,
1740 2245 1844 2289 etc.
1866 2234 2096 2291 Putabat

524 2343 583 2381 se
614 2330 767 2397 lippis
790 2330 1026 2383 scribere
1049 2346 1110 2382 ac
1142 2331 1464 2391 tonsoribus,
1504 2345 1624 2382 cum
1680 2338 1757 2381 tot
1806 2328 2098 2381 fabularum

528 2426 771 2486 portenta
798 2418 997 2471 chartis
1031 2420 1271 2472 inseruit.
1308 2418 1528 2470 Fallitur
1556 2432 1674 2470 cum
1708 2417 1891 2470 scribit
1925 2416 2101 2468 [lulia-

528 2524 653 2562 num
678 2509 779 2561 dici
820 2508 871 2560 in
912 2509 1197 2563 ccillatione
1250 2510 1639 2563 Muzucensem.
1687 2508 1795 2561 Nec
1845 2508 2099 2560 Rutianus

529 2599 742 2662 dicitur,
775 2614 870 2653 nec
899 2599 1250 2663 Muzucensis,
1302 2599 1396 2653 sed
1453 2613 1570 2665 cap.
1612 2597 1726 2661 19.7,
1769 2605 2100 2663 nuncupatur

529 2694 842 2758 Ruﬁnianus
890 2692 1208 2747 Muzuensis.
1259 2693 1384 2746 Erat
1421 2691 1572 2745 Μυῖα
1618 2691 1667 2743 in
1703 2689 2097 2751 Procousulari,

528 2798 580 2839 et
603 2786 741 2839 inter
766 2785 871 2853 ejet
884 2795 967 2839 tos
992 2798 1056 2837 ex
1089 2784 1187 2839 hac
1211 2782 1800 2851 provinciainexsilium
1831 2781 1897 2833 ab
1923 2779 2101 2832 llune-

530 2876 645 2930 rico
676 2876 925 2929 recitatur
954 2872 1107 2926 Felix
1152 2874 1465 2925 Muzuensis.
1498 2871 1555 2923 in
1588 2870 1773 2924 eadem
1820 2868 2101 2921 collatione

527 2982 643 3033 Cap.
681 2967 782 3020 155
808 2966 1090 3032 episcopus
1108 2961 1427 3013 Muzucensis
1460 2960 1755 3027 appellatur
1778 2959 2091 3010 Restitutus.

533 3056 768 3122 Denique
801 3054 853 3106 in
901 3051 1377 3119 subscriptiouibus
1415 3049 1660 3117 superius
1690 3047 1931 3100 adductis
1959 3061 2098 3100 anno

2203 1874 2504 1926 nominatus
2535 1882 2618 1927 est
2646 1873 2711 1927 ab
2735 1872 2923 1926 Officio
2954 1871 3173 1924 Thomas
3193 1871 3455 1939 episcopus
3474 1871 3633 1938 plebis
3655 1873 3785 1922 Lub-

2202 1966 2387 2026 densis,
2418 1965 2505 2033 qui
2533 1966 2692 2018 etiam
2726 1964 3035 2033 respondit:
3072 1964 3117 2015 E
3143 1973 3318 2016 contra
3360 1965 3608 2016 neminem
3630 1964 3786 2015 habe-

2201 2072 2332 2107 mus.
2366 2056 2511 2108 Hanc
2539 2071 2668 2109 vero
2700 2055 2989 2108 Ecclesiam
3022 2063 3293 2121 spectasse
3334 2053 3400 2106 ad
3433 2053 3783 2118 proconsula-

2202 2160 2286 2200 res
2314 2154 2521 2213 poterat
2546 2146 2835 2201 Garnerius
2862 2146 3069 2200 discere
3095 2159 3159 2200 ex
3185 2145 3433 2213 synodica
3457 2154 3564 2198 act.
3586 2144 3623 2197 2
3656 2160 3783 2199 con-

2201 2238 2306 2290 cilii
2330 2237 2387 2291 S.
2421 2238 2628 2291 Martini
2659 2253 2829 2307 papze,
2853 2252 3008 2306 quam
3037 2236 3351 2304 subscripsit
3368 2235 3584 2289 Gentilis
3610 2237 3782 2305 gratia

2203 2327 2298 2380 Dei
2329 2330 2590 2399 episcopus
2636 2329 2696 2385 S.
2728 2328 2797 2383 Ε.
2824 2328 3122 2383 Cubdensis.
3180 2328 3493 2383 Portentum
3524 2327 3615 2381 tibi
3649 2326 3782 2383 forte

2200 2419 2468 2472 videbitur
2498 2420 2635 2473 hunc
2676 2421 2988 2489 scriptorem
3018 2434 3120 2473 non
3148 2418 3345 2473 vidisse
3386 2417 3647 2472 Thomam
3694 2420 3778 2472 ubi

2201 2518 2316 2564 erat
2359 2511 2410 2563 in
2461 2510 2766 2575 collatione,
2820 2512 3085 2577 reperisse
3135 2523 3262 2563 vero
3302 2510 3443 2562 hunc
3487 2510 3664 2576 ipsum
3699 2510 3781 2562 ubi

2201 2598 2359 2665 plane
2385 2613 2490 2652 non
2519 2606 2655 2662 erat,
2686 2614 2877 2666 nempe
2905 2600 2956 2651 in
2988 2598 3208 2666 epistola
3254 2598 3312 2653 S.
3359 2598 3553 2651 Leonis
3583 2599 3779 2666 Magni.

2204 2688 2378 2743 Semel
2407 2699 2606 2742 tantum
2638 2689 2745 2744 Leo
2773 2689 2988 2756 Magnus
3015 2689 3236 2751 litteras,
3280 2704 3397 2757 qua:
3443 2698 3680 2755 exstent,
3735 2694 3779 2744 in

2202 2781 2434 2836 Africam
2456 2782 2626 2847 misit;
2659 2792 2740 2836 est
2766 2782 2988 2849 epistola
3020 2782 3087 2837 87
3117 2781 3182 2835 ad
3215 2782 3494 2849 episcopos
3521 2781 3781 2835 Maurita-

2202 2876 2304 2930 niae
2343 2873 2709 2940 Caesariensis,
2752 2875 2804 2928 in
2834 2888 2937 2943 qua
2987 2874 3162 2927 nullus
3190 2873 3421 2927 Thomas
3455 2873 3777 2941 appellatur.

2200 2965 2414 3019 interim
2438 2980 2541 3018 nou
2565 2978 2779 3034 possum
2806 2980 2908 3018 non
2933 2964 3114 3018 dolere
3141 2965 3382 3031 supinam
3403 2978 3466 3017 ac
3488 2966 3775 3017 immanem

2203 3070 2422 3124 prorsus
2461 3054 2704 3110 Garnerii
2734 3054 3182 3113 allucinationem.
3218 3054 3329 3122 qui,
3358 3068 3460 3107 non
3491 3066 3778 3107 contentus

527 3145 629 3197 419
657 3120 999 3209 ῐίοιιιιιθάῑυς,
1032 3141 1117 3208 qui
1144 3150 1259 3207 post
1281 3154 1479 3191 annum
1506 3137 1603 3191 411
1633 3137 1833 3190 electus
1857 3134 2099 3189 fuitCar—
2125 3120 2169 3180 ί)
2203 3120 2361 3199 urbes
2397 3156 2451 3199 et
2494 3143 2773 3199 Africanos
2814 3144 3095 3211 episcnpos
3148 3120 3489 3208 contudisse,
3540 3142 3775 3197 Leonem

526 3246 716 3302 porum
746 3231 1046 3298 episcopus,
1088 3227 1370 3282 subscribit
1401 3238 1523 3281 ante
1550 3226 1850 3279 liutiiauunt
1883 3226 2099 3277 Maxen-

527 3336 665 3373 sem.
681 3319 919 3373 Nondum
943 3334 1071 3388 ergo
1095 3318 1177 3372 hic
1197 3333 1334 3371 anno
1354 3318 1413 3371 ii
1432 3318 1451 3370 1
1476 3325 1589 3370 erat
1610 3316 1910 3384 episc0pus,
1926 3328 2098 3381 neque

528 3411 765 3465 interfuit
802 3410 1091 3474 collationi,
1136 3424 1256 3464 Cum
1303 3408 1590 3464 l‘entltadio
1618 3418 1671 3462 et
1702 3406 1920 3461 Thomm
1959 3406 2099 3461 Cub-

528 3501 676 3556 densi
709 3504 758 3556 in
792 3502 890 3556 hac
914 3500 1200 3571 epigraplte
1233 3510 1591 3569 praeponatur.

598 3594 984 3649 Paocuusxus.
1018 3592 1103 3646 Vel
1125 3593 1308 3661 ignota:
1325 3592 1481 3653 sedis,
1506 3592 1600 3657 vel,
1620 3591 1753 3659 quod
1781 3590 1941 3658 magis
1960 3604 2093 3655 reor,

525 3686 625 3756 legi
646 3685 783 3738 debet
816 3683 1069 3738 Proculus
1091 3681 1418 3736 Cincsitensis
1450 3681 1691 3745 Salarice,
1741 3685 1889 3751 cujus
1916 3697 2097 3734 nomen

526 3780 731 3843 ponitur
750 3776 800 3826 in
828 3776 1115 3827 collatione.
1146 3771 1285 3824 Nunt
1306 3773 1360 3823 in
1389 3770 1586 3823 Notitia
1611 3772 1959 3841 episcoporum
1979 3788 2097 3840 pro-

526 3866 705 3926 vincit;
734 3863 1119 3915 Proconsularis
1144 3864 1325 3930 legitur
1346 3863 1650 3913 Carissimus
1674 3860 1972 3929 Gisipensis,
1996 3867 2097 3934 eje-

526 3963 636 4003 ctus
666 3952 716 4001 in
748 3952 998 4003 exsilium.
1037 3950 1231 4003 Nullus
1255 3967 1371 4004 vero
1401 3952 1576 4005 dubito
1603 3954 1719 4021 quin
1744 3957 1874 4007 idem
1905 3954 2099 4009 ϐίηεεὶ-

526 4041 681 4092 tensis
706 4041 791 4108 qui
841 4039 1139 4111 Gisipcnsis.
1183 4042 1383 4095 Vereor
1412 4057 1476 4095 ne
1519 4050 1596 4096 tot
1639 4046 2096 4111 metamorphoses

527 4144 778 4184 nauseam
808 4144 869 4185 ac
892 4131 1156 4185 fastidium
1183 4134 1274 4187 tibi
1300 4135 1563 4203 ingerant,
1587 4134 1667 4187 vir
1686 4134 2012 4203 doctissime,
2035 4150 2098 4191 ac

528 4227 724 4274 memet
754 4235 857 4275 non
890 4222 992 4276 levi
1023 4237 1153 4278 sane
1194 4224 1405 4279 crimini
1434 4225 1723 4279 obnoxium
1755 4227 1961 4292 faciam,
2007 4228 2095 4296 qui

528 4323 582 4367 te
606 4326 636 4365 a
676 4312 1008 4383 gravioribus
1037 4316 1249 4382 studiis,
1278 4318 1468 4384 quibus
1490 4318 1579 4371 diu
1623 4328 1887 4387 noctuque
1913 4334 2094 4373 curam

529 4402 781 4468 intendis,
829 4404 894 4457 ad
927 4405 1037 4457 haec
1069 4406 1224 4473 plane
1255 4407 1492 4462 fabulosa
1524 4408 1805 4463 lectitanda
1838 4410 2096 4478 interpel-

527 4496 653 4549 lem.
677 4494 793 4550 Scis
821 4468 1084 4550 Catonem-
1106 4508 1225 4565 post
1251 4498 1559 4553 difﬁcillima
1607 4468 2094 4555 senatus-consulta
2122 4468 2178 4530 D

527 4587 764 4642 animum
808 4590 875 4642 ad
904 4602 1118 4643 cursum
1166 4589 1426 4659 ludosque
1464 4608 1584 4645 cum
1643 4594 1819 4661 pueris
1852 4597 2095 4647 vertisse.

530 4677 641 4746 Ego
684 4678 899 4747 quidem
932 4679 1103 4736 varias
1149 4680 1374 4735 subinde
1420 4683 1718 4745 hominum,
1758 4683 1991 4748 urbium,
2036 4700 2100 4739 ac

530 4770 918 4834 provinciarum
950 4788 1053 4825 non
1084 4786 1239 4825 secus
1264 4786 1325 4825 ac
1354 4772 1405 4823 in
1437 4786 1595 4825 scena
1630 4772 1741 4826 ﬁeri
1768 4773 1926 4836 solet,
1977 4789 2099 4827 mu-

533 4857 759 4912 tationes
789 4860 1036 4916 exhibeo.
1068 4862 1246 4917 Reﬁce
1272 4863 1483 4917 interim
1508 4872 1578 4925 te,
1609 4878 1672 4917 ac
1709 4864 1891 4917 oculos
1918 4878 2102 4918 aures-

532 4962 635 5014 que
652 4952 952 5017 commoda,
976 4969 1094 5006 nam
1118 4971 1269 5011 nom
1296 4972 1473 5011 rerum
1498 4956 1659 5010 facies
1678 4966 1981 5009 occurrunt.
2006 4956 2102 5009 Hic

534 5035 878 5092 Proculianus
908 5040 959 5091 in
989 5042 1268 5098 Proculum
1300 5047 1547 5110 vertitur,
1572 5062 1633 5101 ac
1663 5044 1836 5113 Gisipa
1866 5046 1918 5098 in
1943 5045 2102 5099 Ginc-

533 5124 691 5177 sitam
722 5125 905 5179 urbem
953 5133 1312 5199 transmigrat.
1344 5137 1493 5201 Quod
1528 5137 1755 5191 hominis
1788 5152 1981 5191 nomen
2009 5152 2099 5189 va-

536 5218 726 5284 rietur,
749 5218 875 5273 dolo
904 5219 1211 5290 plerumque
1236 5225 1289 5275 iit
1319 5228 1402 5279 vel
1428 5230 1674 5294 consilio,
1724 5230 1850 5283 dum
1890 5244 1981 5295 per
2005 5228 2103 5280 ad-

538 5308 806 5373 optionetn
826 5308 1035 5363 familia:
1065 5312 1113 5363 in
1132 5314 1264 5366 alias
1290 5315 1741 5381 transcrbuntur;
1764 5326 1819 5371 at
1842 5318 1999 5370 urbes
2021 5332 2109 5369 ur-

539 5397 695 5454 bibus
717 5399 953 5454 inserore
984 5415 1119 5453 unus
1147 5402 1434 5457 Garncrius
1462 5407 1704 5459 tentavit.
1734 5405 1925 5460 Verum
1948 5420 2103 5471 quam

538 5487 837 5558 infeliciter,
870 5505 939 5547 ne
990 5491 1234 5560 imperite
1278 5493 1446 5547 dicam
1472 5537 1487 5558 ,
1521 5495 1708 5563 collige
1744 5510 1814 5549 ex
1846 5510 1964 5563 cap.
2007 5494 2108 5549 155

538 5577 861 5645 collationis,
884 5583 935 5635 itt
966 5597 1066 5651 qua
1099 5584 1404 5638 nominatur
1432 5584 1686 5638 Proculus
1713 5588 1979 5653 episcopus
2002 5585 2111 5649 ple-

543 5665 615 5718 bis
642 5665 967 5725 Ginuitensis
996 5674 1243 5741 Salaria',‘
1270 5684 1321 5730 et
1350 5690 1411 5731 ex
1437 5690 1554 5744 cap.
1588 5675 1710 5742 I35,
1743 5674 1827 5729 ubi
1861 5688 2111 5729 recenso-

2201 3238 2445 3306 Magnum
2476 3238 2579 3301 pro‘
2598 3235 2777 3290 Leone
2806 3234 2879 3288 IX
2909 3234 3164 3288 obtrudit.
3199 3234 3384 3287 Exstat
3411 3235 3554 3286 inter
3583 3233 3777 3288 Leonis

2198 3328 2268 3381 IX
2297 3329 2552 3397 epistolas
2583 3330 2738 3383 tertia
2767 3344 2885 3383 cum
2932 3329 3030 3381 hac
3075 3328 3359 3397 epigraphe
3392 3345 3403 3378 :
3432 3328 3500 3379 ad
3528 3326 3779 3380 Tltorram

2198 3422 2487 3491 episcopum
2538 3422 2859 3491 Africanum,
2909 3418 3065 3487 quam
3112 3430 3287 3474 tamen
3329 3420 3477 3487 lingit
3517 3434 3547 3471 a
3601 3418 3778 3471 Leone

2198 3513 2390 3580 Magno
2417 3512 2688 3580 scriptam.
2724 3511 2922 3564 Damus
2950 3525 3076 3577 ergo
3106 3510 3455 3563 libentissime
3483 3508 3778 3560 incredibile

2197 3619 2303 3655 esse
2346 3601 2595 3653 Thomam
2627 3600 2955 3654 nominatum
3002 3603 3054 3652 in
3103 3599 3203 3652 hac
3249 3599 3556 3666 epigraphe.
3600 3599 3777 3649 tundit:

2197 3693 2409 3755 vixisse;
2440 3692 2636 3746 etenim
2672 3706 2837 3757 usque
2867 3689 2931 3743 ad
2961 3697 3167 3755 tempus
3199 3690 3491 3743 litterarum
3516 3687 3584 3740 ab
3629 3689 3776 3753 Apo-

2196 3781 2382 3834 stulica
2408 3779 2535 3833 sede
2575 3780 2644 3830 ad
2692 3777 2937 3830 Thomam
2977 3778 3271 3845 episcopum
3314 3778 3614 3844 Africanum
3649 3778 3776 3830 scri-

2197 3883 2429 3940 ptarum,
2460 3872 2699 3923 sexcenti
2725 3878 2779 3921 et
2804 3869 3014 3937 triginta
3046 3879 3153 3922 tres
3178 3868 3297 3920 anni
3326 3868 3453 3931 lapsi
3478 3877 3632 3925 sunt;
3679 3868 3775 3931 pri-

2198 3977 2315 4016 mus
2344 3960 2538 4014 Leonis
2568 3960 2636 4013 IX
2664 3975 2833 4013 annus
2863 3959 2957 4012 fuit
2985 3968 3181 4012 nostra:
3206 3958 3422 4027 epocha:
3450 3958 3603 4009 1049.
3641 3958 3701 4010 Si
3731 3959 3777 4008 iu

2200 4056 2289 4110 lib.
2317 4070 2349 4107 ιι
2372 4054 2598 4108 Victoris
2620 4052 2686 4107 de
2711 4051 2863 4106 Pcrs.
2888 4051 3058 4105 Vand.
3084 4050 3302 4104 vidisset
3324 4049 3484 4102 alium
3513 4047 3774 4102 Thomam

2198 4146 2509 4213 episcopum
2536 4143 2843 4199 Africanum
2868 4142 2891 4193 ‘i

2269 4234 2558 4289 Jsvusatcs
2580 4233 2905 4286 TIIIIDENSIS.
2958 4229 3023 4283 In
3053 4230 3322 4283 collatione
3366 4228 3549 4297 legitur
3594 4226 3773 4279 Tunn-

2199 4325 2390 4386 densis,
2422 4322 2511 4375 sed
2538 4322 2803 4391 legendum
2824 4321 2970 4389 (nota
2991 4317 3387 4383 confidentiam)
3411 4316 3619 4368 omnino
3643 4317 3773 4367 vide-

2200 4423 2282 4466 tur
2307 4411 2610 4464 Timidensis
2637 4430 2656 4465 :
2679 4427 2796 4463 nam
2825 4411 2878 4462 in
2918 4410 3177 4479 provincia
3220 4406 3586 4460 Proconsulari
3633 4406 3774 4459 nul’a

2203 4503 2299 4573 fuit
2320 4501 2542 4554 Tunuda
2569 4502 2763 4564 civitas,
2790 4499 2878 4552 sed
2908 4498 3129 4562 Timida,
3155 4512 3269 4567 qua:
3319 4496 3477 4564 Regia
3502 4497 3773 4554 aliquando

2203 4593 2406 4646 dicitur.
2436 4591 2689 4644 Eamdem
2713 4590 2966 4644 cramben
2995 4588 3226 4655 reponit.
3254 4585 3389 4640 Audi
3419 4585 3635 4639 interim
3662 4599 3773 4652 qua:

2205 4683 2343 4737 idem
2393 4688 2582 4733 auctor
2628 4680 2679 4731 in
2730 4678 2871 4732 notis
2917 4677 2983 4730 ad
3033 4676 3362 4731 VINCENTIUI
3408 4675 3771 4729 Culusitanum

2207 4772 2392 4827 scribit
2419 4772 2487 4826 de
2514 4769 2736 4824 urbibus
2774 4767 3244 4837 proconsularibus
3272 4784 3285 4819 :
3316 4766 3582 4833 Siquidem
3607 4767 3689 4818 vix
3716 4764 3770 4815 il-

2207 4865 2308 4918 lius
2332 4862 2603 4931 provincitz
2623 4860 2795 4924 plures
2818 4875 2971 4929 quam
2992 4860 3258 4930 sexaginta
3281 4866 3394 4911 octo
3414 4855 3670 4909 Ecclesias
3689 4869 3769 4906 no-

2207 4954 2389 5017 vimus,
2418 4968 2510 5006 nec
2538 4952 2655 5005 illas
2683 4950 2791 5002 noti
2815 4952 2963 5013 situs,
3000 4965 3114 5002 cum
3143 4959 3309 5004 tamen
3352 4948 3538 5015 fuerint
3584 4957 3770 4999 centum

2204 5046 2467 5116 sexaginta
2511 5055 2751 5111 quatuor,
2791 5041 2836 5093 si
2882 5056 2981 5107 qua
3007 5039 3134 5106 [ides
3160 5038 3353 5092 Victori
3401 5036 3645 5091 Uticensi.
3672 5035 3770 5088 Cur

2206 5151 2333 5201 ergo
2370 5132 2588 5187 Tunuda
2626 5146 2730 5183 non
2762 5128 2859 5183 fuit
2886 5142 2989 5182 una
3017 5144 3081 5184 ex
3123 5128 3229 5183 illis
3265 5136 3476 5181 centum
3528 5128 3637 5181 iere
3660 5136 3768 5192 quze

2208 5220 2559 5291 ignorantur?
2585 5220 2762 5273 Potuit
2783 5228 2957 5273 tamen
2989 5218 3258 5286 pertinere
3284 5217 3348 5269 ad
3392 5216 3549 5269 aliam
3580 5215 3769 5268 Africa-

2210 5330 2329 5368 nam
2363 5311 2720 5381 provinciam;
2752 5324 2872 5365 nam
2903 5309 3123 5363 Tunuda
3154 5310 3371 5362 incertat
3406 5306 3683 5374 provincia:
3706 5301 3768 5353 ab

2208 5400 2582 5457 ecclesiasticis
2606 5400 2922 5467 geugraphis
2950 5399 3251 5467 deputatur.
3288 5398 3342 5451 In
3385 5398 3603 5451 Tabulis
3642 5396 3766 5447 Peu-

2211 5492 2517 5560 tiugerianis
2546 5492 2599 5543 in
2632 5490 3001 5545 Proconsulari
3033 5489 3224 5559 legitur
3256 5489 3438 5543 Utltica
3471 5503 3561 5554 xx,
3594 5486 3765 5538 Thunu

2209 5598 2305 5641 vn,
2352 5580 2567 5633 Maxula
2598 5595 2705 5633 χιι.
2738 5578 2895 5634 Forte
2934 5595 2962 5632 a
3008 5579 3197 5633 Thunu
3246 5578 3383 5632 dicta
3427 5588 3508 5633 est
3548 5571 3766 5630 Ecelesis

2213 5671 2604 5727 Tlutuudonsis.
2636 5671 2689 5724 In
2710 5670 2925 5725 Tabulis
2954 5670 3285 5725 Ptolemaicis
3309 5670 3521 5739 ponitur
3537 5664 3762 5724 Tanatos;
