3908 6376
177 350 267 411 9.89

829 338 1179 397 VABIORUM
1217 330 1813 391 EXERCITATIONES
1849 329 1913 384 IN
1953 329 2015 385 s.
2057 325 2429 385 AUGUSTINI
2469 326 2720 382 orans.
2794 314 2804 325 ’

3242 328 3245 331 λ
3303 324 3414 384 290

194 465 259 519 ubi
289 462 433 515 unius
464 466 672 513 tantum
706 454 895 508 littera:
935 450 1153 505 variatio
1178 464 1207 503 a
1238 454 1384 501 textu
1428 442 1724 498 collationis
1754 443 1803 503 Α
1831 440 1918 510 qui
1970 449 2144 493 tamen
2198 440 2262 491 ad
2320 437 2645 506 provinciam
2687 435 3157 505 Cartltugiuensem
3198 449 3416 507 specta-

196 563 393 623 apparet.
424 551 490 603 Et
514 545 719 600 Plinius
755 544 846 596 lib.
872 557 940 605 tv,
972 555 1091 605 cap.
1118 540 1168 601 5,
1202 535 1380 591 laudat
1418 535 1471 587 in
1504 533 1731 585 Procon-

195 642 326 697 sulari
342 637 592 710 oppidum
616 634 985 687 Tuuudisense.
1018 631 1091 684 Ex
1117 630 1195 682 bis
1222 635 1428 694 po'crat
1448 620 1736 677 Garnerius

192 738 511 786 metuaratam
543 724 832 779 Ecclesiant
865 721 1069 775 facilius
1116 729 1169 771 ct
1199 715 1522 785 probabilius
1558 721 1735 765 osten-

1833 535 1910 586 vit

1904 622 2137 685 SEXTUS,
2163 622 2349 689 ignotw
2374 620 2531 673 sedis.
2557 619 2611 671 lu
2639 619 2825 673 codice
2848 619 3209 674 Laurentianm
3230 622 3416 678 biblio-

1837 711 2009 764 tltecre
2039 710 2219 763 Sixtus
2252 709 2463 777 legitur,
2495 707 2588 761 sed
2618 723 2873 777 nusquam
2900 722 3224 766 memoratur
3250 716 3299 767 in
3324 730 3416 768 ve-

186 823 318 884 dere,
345 831 499 887 quam
529 815 673 869 illam
711 813 764 865 in
803 809 1163 865 Timidensem
1191 807 1307 860 sine
1352 816 1488 858 te5te
1516 815 1739 855 conver-
1834 803 1993 855 tostis
2022 800 2216 854 Africze
2245 802 2621 854 monumentis.

183 922 301 965 tere.
330 910 461 964 Cum
492 908 633 960 inter
662 902 963 958 Donatistas
992 900 1171 955 nullus
1201 896 1522 951 Timidensis
1564 893 1738 946 nomi-

178 1013 348 1065 netur,
403 1014 511 1054 non
564 995 791 1049 obscure
840 990 1123 1045 deducitur
1167 985 1410 1042 eamdem
1450 982 1740 1036 Ecclesium

176 1095 332 1147 luisse
360 1087 675 1144 catholicam
707 1083 835 1155 (rari
878 1091 1033 1135 erant
1078 1078 1317 1148 episcopi
1363 1073 1649 1129 Donatista:
1689 1071 1743 1123 in

176 1179 570 1243 Proconsutari,
622 1182 756 1228 teste
809 1170 1069 1227 Petiliano
1093 1169 1252 1237 capit.
1288 1167 1390 1220 165
1426 1159 1743 1228 collationis)

1909 893 2335 958 Quoovuc'rnaus
2361 891 2714 947 CtVlttTI-ZNSIS.
2746 892 2868 963 Legi
2891 897 3020 960 forte
3047 895 3119 948 ita
3144 896 3287 948 debet
3313 912 3331 950 :
3363 898 3420 963 ﬁt

1842 984 1975 1034 enim
2005 982 2188 1034 mentio
2217 981 2444 1048 episcopi
2473 983 2696 1051 ejusdem
2722 983 2937 1035 nominis
2958 993 3002 1035 et
3028 985 3161 1037 sedis
3181 984 3235 1036 in
3260 985 3420 1038 colla-

1846 1073 1997 1138 tione,
2028 1086 2118 1123 nec
2146 1078 2313 1122 tamen
2343 1070 2395 1121 in
2425 1071 2541 1122 aliis
2570 1087 2601 1121 a
2639 1070 3004 1125 Proconsula’ri
3042 1075 3313 1137 provinciis
3342 1090 3423 1127 re-

1844 1163 2038 1230 peritur
2063 1161 2206 1214 sedes
2246 1160 2567 1215 Givirtensis.
2614 1162 2754 1214 Sane
2801 1162 3089 1217 Garnerius
3138 1181 3243 1221 non
3294 1166 3424 1235 legit

174 1275 392 1341 ejusque
421 1269 727 1337 episcopum
777 1262 843 1315 ad
890 1260 1155 1331 synodum
1193 1274 1296 1311 non
1352 1256 1592 1316 venisse;
1646 1250 1747 1304 nisi
1844 1249 2263 1318 subscriptiones
2293 1250 2481 1318 synodi
2515 1250 2777 1329 Botiil‘acii
2819 1252 3251 1321 Cir:liagiuensis
3281 1257 3421 1324 apud

178 1364 334 1418 fuerit
370 1376 438 1417 ex
476 1358 547 1414 64
594 1354 848 1410 Ecclesiis
902 1350 1290 1405 catholicorum
1344 1360 1461 1413 quze.
1511 1352 1750 1408 tempore

175 1452 473 1510 collationis
500 1445 767 1518 episcopis
791 1441 1067 1504 carebant,
1098 1438 1332 1492 nondum
1364 1436 1415 1489 in
1447 1434 1747 1488 demortuo-

176 1560 291 1599 rum
345 1543 523 1595 locum
570 1537 723 1592 novis
781 1531 1105 1602 subrogatis,
1135 1544 1198 1582 ex
1243 1526 1428 1582 eadem
1470 1523 1751 1578 collatione

177 1650 292 1703 cap.
316 1632 444 1686 9.15.

242 1702 585 1779 Ocuvuxus
618 1717 1006 1770 RESSIANENSIS.
1044 1710 1124 1763 Ita
1152 1709 1333 1778 legitur
1367 1708 1419 1759 in
1456 1702 1745 1758 collatione.

1855 1340 2120 1394 Labbeum
2145 1348 2275 1392 tom.
2300 1339 2365 1392 ιν
2391 1340 2622 1403 Coneil.,
2649 1355 2769 1407 pag.
2802 1341 2958 1408 1640,
2990 1342 3128 1395 illam
3158 1347 3297 1397 enim
3336 1362 3425 1415 sy-

1850 1429 2050 1483 nodum
2078 1427 2365 1481 subscribit
2400 1427 2688 1482 Vincentius
2720 1430 2988 1498 episcopus
3013 1430 3170 1498 plebis
3198 1432 3427 1487 Cernitu-

1850 1536 1929 1574 πω
1953 1521 2147 1590 legatus
2174 1520 2444 1589 provincia:
2471 1519 2808 1588 Tripolitince.
2861 1524 2966 1590 Itaq
2993 1539 3038 1575 'e
3074 1525 3229 1578 sedes
3254 1525 3427 1580 Givir-

1854 1611 2021 1664 tensis
2058 1620 2176 1663 erat
2203 1618 2351 1662 extra
2385 1611 2642 1663 terminos
2666 1611 3086 1678 Proconsularis,
3132 1614 3242 1669 imo
3290 1618 3426 1669 ultra

1857 1700 2164 1770 Byzacium,
2186 1694 2243 1752 ἐι
2274 1700 2337 1751 ad
2366 1699 2723 1764 Tripolitanos
2756 1701 3070 1766 pertinebat.

178 1817 289 1870 Hoc
322 1811 637 1865 brevissimo
659 1806 864 1859 SCltttlitt
885 1818 996 1857 rem
1017 1817 1073 1854 se
1096 1802 1159 1852 ad
1190 1800 1400 1852 oculum
1425 1805 1752 1848 monstrasse
1782 1787 1829 1847 B
1927 1793 2265 1845 Pemusntus
2293 1790 2650 1845 CARPITANUS.
2680 1790 2805 1844 Fuit
2830 1808 2959 1845 unus
2990 1809 3016 1844 e
3042 1794 3211 1846 decem
3259 1796 3429 1848 electis

177 1903 469 1958 existimat.
518 1899 668 1951 Errat
699 1907 897 1956 autem,
939 1892 1064 1944 dum
1110 1888 1514 1941 Ressianensem
1543 1884 1752 1951 episco—

180 2008 303 2056 pum
333 1984 802 2057 proconsularibus
839 1988 1172 2041 annumerat,
1205 1974 1293 2044 qui
1336 1974 1473 2027 inter
1502 1970 1754 2025 Numidas

177 2080 437 2137 locandus
466 2085 571 2140 est,
604 2089 723 2128 nam
768 2075 820 2125 in
867 2070 1059 2125 Notitia
1092 2067 1286 2120 Africae
1337 2065 1474 2117 inter
1503 2060 1755 2115 Numidas

178 2172 407 2224 habetur
442 2165 660 2235 Vigilius
691 2160 1038 2215 Ressanensis.
1074 2157 1184 2210 Hoc
1212 2154 1371 2209 etiam
1413 2166 1476 2205 ex
1508 2151 1616 2217 ipsa
1647 2149 1757 2202 col-

177 2263 378 2315 latione
420 2255 719 2324 colligitur;
771 2246 895 2304 ndm
937 2263 1053 2315 cap.
1098 2246 1197 2300 19.1
1249 2244 1365 2297 hate
1406 2241 1753 2295 scribuntur:

176 2350 422 2420 Aspidius
458 2347 721 2414 episcopus
770 2340 927 2411 plebis
972 2336 1343 2391 Tacaratensis.
1393 2330 1541 2384 Idem
1587 2329 1757 2382 dixit:

177 2441 381 2495 Prwsto
436 2453 571 2493 sum.
608 2434 910 2489 Verissimus
956 2430 1216 2500 episwpus
1267 2424 1539 2477 Donatista
1582 2422 1756 2475 dixit:

179 2534 421 2602 Agnosco
450 2526 601 2579 illum
625 2541 643 2578 :
672 2532 886 2592 quatuor
925 2528 1041 2573 sunt
1070 2519 1122 2571 in
1154 2517 1295 2586 plebe
1322 2530 1451 2576 mea,
1485 2513 1755 2576 Datianus,

175 2600 450 2689 Aspidius,
476 2617 787 2670 Fortunatus
838 2620 886 2664 et
911 2609 1238 2663 Octavianus.
1269 2605 1396 2658 Erat
1422 2604 1675 2655 Tacarata
1705 2600 1759 2652 in

174 2709 451 2771 Numidia,
487 2704 625 2758 unde
648 2702 839 2756 ibidem
866 2700 915 2752 in
947 2696 1141 2751 Notitia
1172 2694 1423 2747 recitatur
1446 2689 1760 2743 Crescentius

174 2796 568 2852 Tacaratensis.
615 2791 868 2845 Datianus
907 2796 1023 2843 erat
1068 2785 1350 2854 episcopus
1395 2780 1653 2849 Legensis
1693 2791 1762 2830 ex

173 2906 299 2958 cap.
335 2888 462 2953 121,
495 2883 811 2939 Octavianus
851 2878 1221 2935 Ressanensis.
1261 2874 1395 2928 Tres
1433 2873 1534 2926 illae
1565 2871 1766 2925 dioece-

174 2996 266 3036 ses
318 2980 464 3033 intra
507 2974 804 3030 Numidiam
850 2979 1001 3025 erant
1049 2967 1413 3024 conterminm.
1446 2965 1765 3017 Octavianus

174 3086 311 3139 ergo
357 3065 714 3122 ltessaneusis
741 3064 967 3131 pertinet
998 3060 1063 3112 ad
1108 3056 1427 3112 Numidiam.
1476 3053 1764 3108 Garnerius

1855 1901 1916 1938 ea.
1948 1883 2205 1951 provincia
2242 1882 2605 1935 Proconsulari
2634 1884 2701 1934 ad
2746 1889 3169 1949 recognoscendos
3214 1902 3429 1941 canales

1856 1991 1943 2026 an.
1970 1972 2096 2027 419.
2139 1972 2295 2026 Vides
2337 1973 2476 2026 hunc
2518 1974 2829 2039 scriptorem
2867 1976 3063 2041 tingere
3086 1974 3219 2028 duos
3248 1977 3430 2045 Carpi-

1854 2076 2009 2135 tanos
2037 2066 2318 2133 episcopos
2350 2079 2451 2117 una
2482 2065 2636 2117 simul
2677 2066 2899 2127 sedisse,
2956 2075 3009 2119 et
3054 2082 3194 2119 anno
3223 2069 3327 2121 416
3351 2070 3430 2119 υἰ-

1858 2156 1977 2211 dem
2010 2157 2278 2227 synodica:
2309 2156 2521 2211 nomina
2550 2157 2792 2211 dedisse?
2824 2158 2863 2211 Ε
2888 2159 3028 2211 cnim
3055 2161 3295 2226 superius
3325 2164 3431 2215 An—

1861 2248 2085 2310 tonium,
2114 2248 2200 2315 qui
2226 2256 2409 2301 sextus
2439 2247 2489 2299 in
2525 2248 2620 2300 hac
2667 2248 2953 2316 epigraplie
2982 2252 3309 2315 nominatur,
3334 2268 3428 2317 ap-

1861 2338 2083 2405 pellarat
2103 2339 2406 2406 episcopum
2421 2336 2760 2406 Carpitauum
2775 2378 2788 2401 ,
2804 2342 2883 2391 cui
2909 2340 3063 2394 modo
3082 2340 3431 2395 Penzltadium

1859 2427 2378 2481 concathedraueum
2410 2424 2554 2479 facit.

1933 2515 2380 2582 QCODVULTDEUS.
2428 2514 2625 2586 Ignota
2652 2519 2803 2571 sedis.
2839 2518 2985 2573 llunc
3013 2520 3213 2574 rectius
3236 2521 3433 2577 Veren-

1863 2620 1973 2660 sem
2022 2607 2266 2671 dixisset,
2314 2609 2509 2675 quippe
2548 2608 2636 2676 qui
2689 2608 2741 2661 in
2792 2609 2994 2678 synodo
3025 2625 3149 2665 ann.
3179 2610 3283 2665 419
3314 2622 3433 2681 post

1865 2697 2216 2751 Pentltadinm
2249 2698 2581 2765 Subscriptus
2613 2699 2818 2765 legitur.

1935 2789 2229 2841 CYPRIANUS
2258 2788 2676 2841 Tuaunntnxos.
2709 2786 2794 2840 Ita
2834 2789 3018 2858 legitur
3054 2792 3105 2843 in
3144 2792 3431 2847 coltatiune.

1867 2877 1960 2931 Est
1987 2887 2154 2931 autem
2181 2877 2446 2931 Tuburbus
2474 2894 2561 2930 seu
2604 2877 2843 2931 Tuburbo
2882 2880 3057 2932 civitas
3096 2882 3147 2932 in
3181 2886 3434 2944 provincia

1867 2968 2258 3031 Proconsulari,
2289 2969 2482 3039 fuitque
2507 2969 2627 3021 olim
2654 2968 2851 3021 colonia
2874 2968 3046 3023 Plinio
3074 2981 3119 3023 et
3159 2971 3435 3027 Ptolemaro

1868 3069 2008 3112 nota.
2042 3057 2271 3111 Meminit
2301 3059 2529 3130 ejusdem
2567 3060 2852 3113 Antoninus
2893 3060 2943 3113 in
2979 3060 3157 3115 itinere
3201 3064 3437 3132 Hippone

172 3168 364 3212 tamen
398 3172 506 3211 non
538 3153 666 3208 vidit
697 3154 749 3205 in
780 3150 963 3205 eadem
1008 3148 1293 3202 collatione
1332 3145 1553 3198 alterum
1600 3143 1760 3196 Octa-
1790 3136 1836 3196 C
1871 3150 2026 3219 Regio
2052 3148 2430 3217 Carthaginem,
2458 3165 2666 3216 eamque
2697 3151 2839 3220 ponit
2880 3152 3009 3204 inter
3046 3153 3368 3209 Cluat‘ariam
3390 3169 3438 3212 et

174 3249 403 3301 sianum
427 3248 736 3314 episcopum
769 3239 1232 3309 proconsularem;
1262 3237 1306 3288 is
1328 3233 1426 3287 luit
1458 3233 1762 3285 Octavianus

176 3341 456 3407 episcopus
498 3337 657 3405 plebis
707 3332 1003 3402 Ucimajus,
1051 3328 1126 3381 uti
1165 3326 1414 3381 scribitur
1466 3337 1583 3390 cap.
1640 3322 1761 3375 155.

182 3430 395 3482 Plinius
424 3426 671 3495 superius
696 3431 1019 3477 memoratus
1042 3418 1313 3472 recensuit
1333 3414 1522 3483 Oppida
1550 3413 1766 3467 Ucftana

184 3520 315 3583 duo,
340 3520 537 3588 majus,
566 3522 617 3567 et
641 3514 828 3577 minus,
852 3520 905 3565 et
936 3514 987 3563 in
1030 3507 1280 3576 synodica
1312 3502 1765 3573 proconsularium

183 3617 296 3660 act.
328 3608 363 3659 2
395 3604 610 3659 concilii
640 3600 1010 3656 Lateranensis
1050 3596 1294 3651 laudatur
1319 3593 1578 3664 Tripolius
1600 3590 1665 3645 (ἕ.
1700 3590 1765 3643 D.

185 3694 467 3765 episcopus
496 3695 558 3750 S.
583 3692 650 3746 E.
698 3691 950 3747 Ucitance.
992 3689 1169 3756 Quare
1200 3688 1286 3740 hic
1318 3686 1450 3740 forte
1479 3684 1573 3738 luit
1614 3684 1772 3737 Octa-

185 3789 383 3842 vianus
405 3789 691 3857 episcopus
720 3784 1005 3851 Ucimajus.

264 3882 676 3932 vastantes
705 3874 1065 3928 StCtLtnmsts.
1102 3869 1245 3923 Unus
1270 3870 1364 3939 fuit
1384 3885 1410 3921 e
1433 3868 1600 3921 decem
1631 3866 1771 3935 lega-

188 3972 255 4023 tis
291 3971 568 4039 provincia:
594 3963 1007 4029 Proconsularis,
1030 3962 1117 4030 qui
1138 3977 1254 4013 cum
1273 3961 1387 4013 aliis
1402 3958 1631 4011 aliarum
1659 3972 1776 4024 pro-

187 4060 484 4112 uinciarum
515 4056 801 4125 recognovit
845 4068 1059 4105 canones
1103 4068 1227 4106 ann.
1266 4050 1371 4105 419
1400 4049 1601 4102 namine
1627 4048 1775 4100 totius

191 4150 462 4216 Africana:
488 4145 692 4215 synodi.
742 4142 923 4211 Neque
952 4142 1132 4195 sedem
1176 4141 1331 4208 hujus
1368 4137 1603 4207 episcopi
1635 4145 1777 4190 recte

188 4237 507 4302 divinatur;
540 4250 661 4289 nam
691 4233 1041 4287 Praetextatus
1071 4231 1264 4299 prtesul
1290 4228 1396 4283 Sici
1422 4228 1549 4282 ibrte
1577 4242 1671 4282 seu
1695 4226 1779 4282 Si-

192 4328 417 4381 cilibbae
446 4336 562 4381 erat
592 4321 863 4393 dignitatis
908 4331 1149 4391 tempore
1184 4322 1446 4389 posterior
1485 4317 1778 4373 Penthadio

192 4414 526 4481 Carpitano;
580 4411 837 4480 siquidem
882 4411 935 4464 in
985 4408 1460 4476 subscriptionibus
1505 4407 1692 4476 synodi
1747 4422 1773 4459 a

1867 3237 2105 3307 Cigisam.
2130 3238 2271 3292 Duas
2292 3240 2452 3291 urbes
2474 3238 2860 3294 Tuburbitanas
2885 3241 2933 3294 in
2961 3258 3114 3296 unam
3140 3246 3433 3303 confundit.

1868 3328 1996 3380 Nam
2027 3342 2143 3395 cap.
2181 3328 2283 3382 155
2310 3328 2488 3382 collat.
2525 3329 2826 3384 nominatur
2851 3330 3023 3385 Victor
3045 3338 3307 3405 episcOpus
3338 3335 3439 3389 Tu-

1869 3417 2251 3470 burbitanorum
2278 3417 2330 3469 Μ
2338 3420 2534 3471 inorum
2549 3435 2569 3483 ;
2596 3428 2651 3473 et
2667 3434 2784 3488 cap.
2816 3421 2917 3473 155
2939 3421 3225 3491 Cyprianus
3247 3428 3440 3494 episco-

1871 3526 1965 3577 pus
1989 3510 2148 3579 plebis
2191 3508 2653 3563 Tuburbitanorum
2690 3513 2971 3583 Majorum.
3010 3515 3185 3570 Victor
3219 3517 3310 3572 lib.
3342 3520 3437 3572 ult.

1870 3598 1936 3653 de
1960 3600 2228 3653 Persecut.
2257 3598 2423 3651 Vand.
2445 3600 2683 3653 meminit
2714 3600 3071 3655 Tuburbitanaa
3091 3606 3305 3658 civitatis
3332 3623 3439 3661 ma-

1870 3689 2023 3760 joris,
2053 3698 2106 3742 et
2129 3689 2424 3742 Antoninus
2455 3689 2509 3743 in
2540 3690 2898 3760 descriptione
2929 3696 3207 3748 memorati
3237 3697 3441 3751 itineris

1873 3782 1979 3844 ait;
2035 3780 2308 3834 Cluacaria
2353 3796 2440 3834 xv.
2495 3780 2896 3837 Tuburbominus
2955 3800 3135 3839 xxvtu.
3195 3786 3438 3859 Cigisam.

1875 3871 2156 3938 Perperam
2181 3884 2307 3938 ergo
2338 3872 2693 3927 testimonium
2722 3874 2973 3929 Antonini
2998 3876 3297 3945 adducitur,
3320 3882 3442 3949 quia

1876 3960 2170 4033 Cyprianus
2207 3962 2426 4016 sedebat
2464 3965 2601 4025 apud
2649 3965 3090 4035 Tuburbomajus,
3121 3969 3273 4038 cujus
3300 3972 3443 4027 nulla

1876 4053 2015 4121 apud
2058 4054 2378 4106 Antoninum
2407 4055 2607 4106 mentio
2637 4064 2739 4108 est.
2774 4055 2965 4109 Verum
3014 4059 3291 4128 utriusque
3331 4060 3444 4115 Tu-

1878 4142 2031 4196 burbi
2049 4144 2206 4196 situm
2231 4142 2539 4197 describunt
2555 4143 2771 4196 Tabula:
2794 4144 3234 4215 Pcutingeriante,
3254 4149 3340 4204 ubi
3363 4150 3445 4207 Si-

1878 4233 2053 4288 cilliba
2103 4233 2273 4287 media
2324 4234 2511 4287 visitur
2553 4233 2766 4303 oblique
2813 4244 3095 4305 utrumque
3137 4238 3447 4297 Tuburbum

1879 4326 2190 4393 reSpiciens,
2216 4326 2417 4379 distans
2444 4325 2866 4396 Tuburbomajus
2894 4328 3053 4382 millia
3082 4344 3330 4397 passuum
3354 4332 3446 4387 28.

1882 4417 2038 4469 Errat
2088 4417 2304 4482 insuper
2332 4416 2456 4469 dum
2489 4417 2808 4486 Cyprianum
2843 4419 3134 4473 Penthadio
3165 4419 3449 4489 Carpitano

198 4499 470 4557 Garnerio
502 4501 751 4564 laudatae,
780 4498 1068 4551 Penthadio
1113 4497 1468 4564 postponitur,
1500 4506 1556 4548 ut
1584 4508 1647 4548 ex
1681 4498 1776 4546 ll‘l-
1804 4490 1855 4549 D
1882 4506 2230 4577 posteriorem
2264 4508 2429 4574 ponit,
2453 4509 2541 4577 qui
2575 4520 2746 4563 tamen
2797 4524 2937 4564 anno
2965 4510 3063 4564 ,411
3099 4520 3214 4564 erat,
3241 4513 3447 4580 episco-

199 4590 306 4644 bus
332 4588 812 4658 siibscriptionibus
841 4586 980 4656 apud
1010 4586 1280 4640 Labbeum
1315 4594 1444 4639 tom.
1477 4584 1519 4638 ll
1546 4584 1773 4647 Concil.,

199 4697 329 4751 pag.
352 4682 514 4746 1168,
544 4680 698 4745 1669,
725 4680 884 4744 1670,
904 4686 1142 4747 apparet,
1168 4691 1390 4746 quarum
1411 4691 1571 4729 unum
1598 4690 1779 4729 exem-

202 4774 353 4840 plum
381 4774 629 4843 superius
657 4770 955 4839 posuimus;
981 4775 1036 4823 at
1060 4768 1143 4822 liic
1170 4768 1520 4821 Praetextatus
1550 4766 1779 4821 Pentha-

203 4862 298 4917 dio
325 4862 678 4933 prazponitur,
707 4875 825 4915 cum
873 4859 1059 4913 tertius
1088 4859 1141 4913 in
1171 4856 1460 4927 epigraphe
1498 4855 1566 4910 ab
1590 4856 1779 4911 eodem

208 4955 488 5010 recitetur.
518 4955 615 5008 Hic
640 4951 897 5006 Holstenii
926 4950 1185 5005 sententia
1209 4947 1493 5017 rejicienda
1517 4948 1646 5002 mihi
1673 4956 1780 5011 est,

208 5045 303 5111 qui
329 5061 451 5115 pag.
484 5045 554 5100 ’56
582 5044 767 5098 scribit
794 5041 1130 5095 Cilibieusem
1155 5039 1398 5095 eamdem
1424 5051 1546 5091 eum
1572 5036 1779 5091 Sicilib-

212 5134 365 5189 bensi
395 5134 582 5189 urbem
609 5133 802 5195 fuisse;
835 5145 954 5184 nam
982 5130 1153 5185 eidem
1181 5127 1445 5184 collationi
1467 5140 1533 5180 ex
1566 5125 1783 5179 Donati-

212 5225 309 5279 stis
360 5224 650 5279 interfuere
699 5221 1079 5288 Quadratianus
1124 5218 1388 5288 episcopus
1438 5214 1786 5270 Sicilibbensis

214 5332 331 5388 cap.
367 5318 495 5384 198,
528 5326 582 5370 et
610 5314 867 5367 Tertullus
896 5314 1158 5382 episcOpus
1184 5310 1469 5365 Cilibiensis
1511 5324 1626 5377 cap.
1655 5308 1781 5363 206.

214 5407 269 5461 In
299 5406 510 5478 synodo
534 5403 789 5459 Bonifacii
811 5416 898 5455 an.
923 5401 1026 5457 525
1063 5401 1363 5456 nominatur
1390 5399 1673 5454 Restitutus
1698 5399 1785 5455 Ci-

218 5496 441 5552 tibiensis
471 5497 608 5550 inter
641 5493 1064 5562 proconsulares.
1097 5492 1331 5561 Utraque
1368 5492 1606 5547 Ecclesia
1635 5491 1787 5547 deest

218 5590 268 5643 in
292 5587 495 5643 Notitia
525 5584 740 5640 African
770 5583 993 5639 Carolus
1018 5597 1046 5636 a
1093 5582 1150 5638 S.
1181 5582 1343 5637 Paulo
1371 5596 1491 5652 pag.
1520 5582 1622 5635 114
1653 5581 1789 5636 Cili-

219 5684 460 5737 bieusem
508 5679 871 5747 episeOpatutn
926 5677 1137 5731 incertze
1181 5675 1464 5744 provinciae
1518 5673 1785 5743 ascripsit,

1885 4613 2003 4667 pus,
2034 4607 2086 4651 et
2118 4597 2460 4667 Pentliadius,
2491 4600 2933 4668 quemadmodum
2966 4601 3160 4655 dictum
3193 4611 3292 4666 est,
3316 4618 3447 4657 non-

1881 4688 2009 4743 dum
2034 4702 2096 4742 eo
2124 4700 2263 4741 anno
2289 4687 2475 4756 Carpis
2499 4687 2734 4743 εεάθῠιι.

1952 4777 2251 4833 Ssnvmus.
2286 4774 2484 4848 Ignota:
2510 4778 2662 4842 sedis,
2706 4776 3127 4845 quemadmodum
3168 4777 3447 4849 PELAGIUS,

1886 4867 2223 4932 MARCELLUS,
2253 4867 2581 4928 VENANTIUS,
2605 4867 2857 4929 DIBYMUS,
2904 4864 3258 4935 Saronmuns,
3288 4870 3450 4926 Timi-

1884 4971 2132 5019 zsceuus,
2159 4955 2467 5018 Genu/mus,
2510 4954 2905 5017 Gsaumsuus,
2930 4953 3240 5023 Jovaurtos,
3276 4958 3450 5016 Maso-

1883 5063 2053 5111 muns,
2075 5047 2386 5100 Juvas'rius.
2430 5044 2524 5097 llic
2552 5042 2766 5097 collatio
2793 5043 3227 5113 Carthaginensis
3275 5047 3449 5105 bomi-

1886 5152 2006 5192 nem
2034 5134 2294 5198 destituit,
2340 5147 2438 5187 nec
2464 5131 2678 5187 aliunde
2715 5135 2983 5203 suppetias
3031 5150 3212 5203 peere
3242 5140 3449 5207 potuit;

1885 5227 1978 5281 sed
2013 5239 2169 5294 quam
2201 5222 2498 5291 infeliciter;
2516 5220 2701 5277 eadem
2738 5224 3023 5279 collatione
3046 5240 3173 5279 usus
3197 5226 3266 5279 sit
3296 5242 3451 5283 nemo

1886 5331 1992 5370 non
2022 5314 2218 5369 videat.

1957 5407 2219 5461 CANDIDUS
2247 5405 2584 5460 ABIII'I‘ANUS.
2610 5403 2735 5459 Fuit
2756 5422 2881 5459 unus
2907 5422 2934 5460 e
2965 5404 3146 5475 legatis
3182 5404 3453 5471 provincia:

1892 5494 2300 5560 Proconsuiaris,
2330 5504 2425 5550 etc.
2455 5494 2660 5562 Risum,
2683 5496 2871 5558 amice,
2896 5502 3094 5547 teneas.
3121 5492 3376 5560 Superius
3400 5495 3453 5549 in

1893 5585 2224 5648 Fnucruoso,
2254 5599 2410 5653 quem
2440 5586 2808 5639 Abbiritanum
2839 5582 3145 5651 episc0pum
3176 5581 3340 5637 fuisse
3369 5598 3455 5636 as-

1895 5676 2082 5743 seruit,
2125 5675 2239 5731 btcc
2292 5675 2443 5745 plane
2480 5676 2705 5730 dixerat.
2752 5673 2905 5726 Hunc
2943 5687 3060 5725 vero
3107 5670 3452 5727 Fructuosum
