3908 6312
559 288 659 343 ἳ91
1452 279 2006 336 SUPPLEMENTUM
2047 277 2138 332 AD
2175 277 2402 333 OPEilA
2441 280 2498 333 S.
2542 275 2924 332 AUGUSTlNl.
3698 275 3794 329 292

553 409 750 472 Oportet
779 415 879 452 non
910 398 999 450 diu
1026 398 1182 467 fuisse
1206 395 1541 462 superstitem.
1569 411 1689 449 nam
1717 409 1850 446 anno
1873 392 1976 448 M9
2000 391 2133 444 Can-
2162 395 2208 450 Α
2236 399 2316 443 sto
2336 390 2641 442 honorando
2681 405 2828 458 papae
2856 386 3151 440 Innocentio
3179 385 3452 452 Silvanus,
3488 385 3793 452 Valentinus,

557 491 710 542 didus
749 487 1075 540 Abbiritanus
1124 495 1407 539 reccnsetur
1445 488 1574 536 inter
1624 486 1818 554 legatos
1862 481 2132 550 provinciw
2234 479 2492 544 Aurelius,
2519 477 2771 540 Donatus,
2799 477 3105 540 Restitutus,
3129 473 3411 538 Lucianus,
3435 474 3666 544 Alypius,
3699 479 3797 529 Au-

557 577 974 632 Proconsularis.
1004 577 1057 630 Si
1085 576 1409 629 Fructuosus
1438 583 1492 626 et
1511 572 1780 626 Candidus
1807 571 1962 624 ambo
1990 568 2132 638 ejus-

555 668 676 722 dem
706 667 852 720 urbis
895 664 1250 718 Abbiritensis
1293 663 1529 729 episcopi
1557 679 1659 715 una
1708 660 2001 727 eademque
2043 658 2131 712 die

556 759 681 810 anni
723 753 828 810 416
856 756 1012 810 simul
1045 755 1265 808 adfuere
1305 753 1625 820 Carthagine
1669 754 1719 805 in
1768 751 1992 819 synodo,
2036 763 2131 802 cur

559 862 662 901 una
707 847 866 900 simul
899 847 950 898 in
1002 846 1168 898 altera
1211 859 1424 912 quoque
1469 839 1876 909 Cartltaginensi
1925 835 2129 906 synodo

555 953 697 992 anno
725 935 828 991 H9
857 951 976 990 esse
1000 935 1322 1002 nequivere?
1349 933 1480 986 Tam
1508 932 1613 985 cito
1632 932 1712 982 s.li
1743 931 1961 992 oblitus,
1986 925 2128 981 Can-

555 1032 736 1085 didum
765 1028 1023 1094 collegam
1055 1027 1108 1078 in
1130 1026 1435 1092 episc0patu
1465 1023 1761 1075 Fructuoso
1783 1019 1945 1082 dedit,
1971 1033 2128 1086 quem

559 1119 717 1188 paulo
775 1128 932 1171 antea
982 1117 1320 1169 decessm'em
1378 1113 1833 1181 pronuntiaverat.
1900 1109 2131 1162 Putasne

558 1210 872 1265 Garnerium
902 1209 1062 1260 ullam
1112 1206 1192 1258 liis
1224 1203 1624 1272 responsionem
1655 1202 1916 1254 adornare
1950 1212 2126 1266 posse,

555 1303 660 1356 nisi
682 1301 748 1354 ad
774 1298 1023 1351 calendas
1055 1296 1301 1350 Graecas?
1348 1292 1612 1348 Caeterum
1649 1291 1701 1344 id
1743 1289 1901 1342 etiam
1946 1294 2130 1356 peccat

555 1391 696 1460 quod
726 1399 1007 1455 utrumque
1035 1386 1272 1454 ejusdem
1319 1385 1465 1438 urbis
1499 1385 1802 1450 episcopum
1836 1380 1980 1443 facit,
2008 1393 2128 1430 cum

557 1483 879 1535 FI'IICllIOsUS
922 1477 1286 1530 Abziritanum
1317 1474 1568 1527 thronum
1607 1471 1832 1532 sederit,
1859 1467 2129 1520 Candidus

557 1571 712 1625 fuerit
740 1570 1022 1638 episcopos
1067 1566 1421 1620 Abbiritensis
1471 1561 2020 1620 Germanicianorum,
2067 1570 2130 1609 ac

556 1660 739 1720 Felici.
772 1658 862 1725 qui
909 1656 1182 1710 collationi
1219 1653 1476 1716 interluit,
1503 1650 1840 1712 Successcrit,
1878 1644 2132 1715 quemad-

2233 571 2482 637 gustinus,
2520 569 2837 630 Placentius,
2871 567 3107 628 Severus,
3143 563 3483 630 Fortunatus,
3518 565 3794 634 Possidius,

2235 657 2488 722 Novatus,
2523 657 2814 720 Secundus,
2848 655 3189 718 Maunntius,
3232 653 3354 717 Leo,
3403 652 3796 722 Faustinianus,

2233 748 2556 812 Cresconius,
2596 746 2817 810 Maleas,
2857 745 3132 808 Μυονέας,
3163 741 3516 808 Fortunatus,
3553 742 3798 808 Donatut,

2231 835 2572 902 Ponticanus,
2609 835 2954 900 Saturninus,
2995 832 3333 895 Christonius,
3373 830 3669 894 Honorius,
3705 833 3801 884 Lu-

2228 930 2337 981 cius
2359 969 2373 992 ,
2401 929 2697 980 Adeodalus
2723 967 2737 992 ,
2787 925 3063 977 l’rocessus
3086 963 3104 989 ,
3137 923 3437 976 Cresconius
3461 963 3476 987 ,
3508 922 3798 991 Secundus,

2231 1016 2405 1082 Felix,
2430 1019 2684 1070 Asiaticus
2709 1059 2722 1081 ,
2757 1014 3104 1082 Rufﬁnianus,
3134 1011 3447 1078 Faustinus,
3475 1012 3681 1077 Servus,
3711 1011 3803 1064 Te-

2230 1109 2445 1170 rentius,
2479 1105 2798 1170 Cresconius,
2829 1104 3158 1170 Sperantius,
3190 1102 3503 1166 Quadratus,
3540 1099 3798 1166 Lucilius,

2232 1196 2481 1261 Sabinus,
2514 1195 2811 1260 Faustinus,
2851 1193 3178 1255 Cresconius,
3220 1190 3426 1250 Victor,
3460 1188 3796 1260 Cignantius,

2231 1284 2540 1338 Posidonius
2563 1323 2577 1347 ,
2623 1285 2900 1348 Antonius,
2933 1279 3297 1341 Innocentius,
3333 1279 3648 1345 Pransidius,
3691 1280 3803 1334 Cre-

2228 1373 2466 1434 scentius,
2498 1369 2671 1437 Felix,
2703 1372 2948 1423 Antonius
2969 1409 2984 1434 ,
3024 1369 3198 1423 Victor
3218 1409 3234 1435 ,
3267 1367 3600 1435 Honoratus,
3636 1368 3803 1423 Dona-

2230 1473 2331 1528 tus,
2381 1461 2588 1526 Petrus,
2621 1461 2923 1526 Prwsittius,
2957 1459 3278 1525 Cre..conius,
3313 1460 3652 1529 Lampadius,
3689 1457 3802 1513 Del-

2229 1553 2438 1620 phinus,
2456 1567 2519 1604 ex
2541 1553 2753 1605 concilio
2783 1551 2833 1603 Μ
2843 1552 3098 1614 ilevitano,
3117 1549 3172 1602 in
3195 1547 3414 1603 Domino
3437 1549 3679 1603 salutem.

2304 1640 2559 1696 Pcssimis
2583 1641 2770 1696 iisdem
2793 1642 3063 1708 austiiciis,
3082 1640 3270 1706 borum
3297 1655 3505 1709 quaque
3532 1643 3802 1709 episcopo-

557 1753 771 1806 modum
803 1751 888 1803 ubi
913 1749 978 1802 de
1006 1747 1300 1801 Fructuoso
1330 1745 1576 1813 superius
1601 1756 1780 1795 sermo
1807 1740 2011 1803 incidit,
2037 1754 2128 1806 pa-
2157 1727 2206 1788 Β
2233 1748 2349 1786 rum
2389 1734 2546 1788 sedes
2585 1733 2872 1788 Garnerius
2903 1733 3192 1796 describit;
3235 1733 3385 1800 cujus
3413 1733 3633 1801 quidem
3672 1734 3800 1790 notis

554 1843 660 1897 lam
693 1839 924 1896 ostendi.

623 1929 924 1984 CYPRIANUS
967 1937 1020 1982 et
1063 1926 1397 1982 .lEsnLusus.
1440 1923 1640 1984 lanata:
1685 1922 1838 1976 sedis.
1877 1919 1986 1974 Nec
2028 1931 2128 1988 ego

554 2021 688 2083 scio,
720 2036 816 2075 nec
839 2021 1072 2088 inquiro.

626 2109 880 2162 ROMANUS
935 2109 1471 2162 Macuorourssus.
1517 2106 1822 2159 Recensetur
1861 2103 1914 2155 in
1965 2101 2126 2155 colla-

553 2199 704 2252 tione.
731 2196 819 2250 Fit
835 2198 1022 2250 mentio
1045 2199 1096 2250 in
1124 2197 1322 2250 Notitia
1343 2198 1692 2266 episcoporum
1709 2194 1975 2260 provinciw
1997 2190 2129 2243 Pro-

556 2289 846 2340 consularis
873 2287 1081 2340 Coronii
1107 2287 1524 2355 Megalopolitani
1546 2287 1597 2336 in
1620 2285 1850 2336 exsiliunt
1873 2283 2006 2343 acti;
2027 2297 2127 2349 qua

555 2391 670 2428 vero
697 2377 748 2428 in
773 2384 916 2444 parte
939 2376 1212 2443 provincia:
1233 2374 1624 2427 l’roconsularis
1645 2375 1742 2425 sita
1768 2373 1924 2441 fuerit
1949 2371 2128 2439 Mega-

555 2464 738 2534 lopolis
767 2467 998 2534 ignotum
1024 2465 1147 2516 mihi
1175 2474 1268 2517 est.
1295 2464 1404 2516 lmo
1430 2473 1482 2516 ct
1502 2463 1644 2514 Al’ris
1666 2461 1806 2515 illius
1835 2461 2004 2514 :etatis
2024 2460 2126 2514 lto-

553 2553 785 2607 minibus
815 2553 864 2607 id
892 2553 1091 2622 pariter
1123 2554 1354 2621 ignotum
1386 2552 1518 2616 luit;
1550 2551 1692 2603 nulla
1720 2551 1861 2604 enim
1893 2565 2124 2618 unquam

554 2645 758 2700 exstitit
787 2645 840 2697 in
867 2644 1047 2699 Africa
1075 2643 1437 2713 Megalopolis,
1465 2641 1615 2710 cujus
1638 2641 1865 2694 nominis
1888 2640 2013 2694 urbs
2034 2655 2126 2694 ce-

554 2736 716 2790 lebris
751 2735 850 2789 fuit
882 2736 937 2789 in
986 2735 1372 2803 PelOpouneso,
1419 2733 1625 2802 Polybii
1648 2733 1897 2788 llistorici
1934 2731 2124 2798 patria.

554 2825 686 2880 Erat
705 2826 918 2893 quidem
947 2825 1000 2878 in
1022 2825 1198 2878 Africa
1227 2824 1554 2893 Meglapolis.
1583 2824 1736 2878 Unde
1762 2823 1815 2876 in
1843 2822 2128 2876 collatione

555 2931 672 2983 cap.
707 2915 807 2968 155
829 2913 1074 2967 laudatur
1104 2915 1362 2966 Romanus
1384 2915 1648 2982 episcopus
1677 2913 1836 2980 plebis
1865 2912 2129 2982 Meglapo-

553 3007 741 3067 litanw,
773 3016 825 3059 et
857 3006 909 3058 in
934 3005 1130 3058 Notitia
1160 3004 1321 3057 citata
1350 3017 1381 3056 a
1411 3001 1693 3065 Garnerio,
1727 3003 1820 3056 sed
1854 3017 1958 3055 non
1992 3003 2128 3056 bene

2229 1822 2540 1878 reiellendis
2572 1823 2827 1893 temporis
2861 1823 3125 1892 jacturam
3167 1821 3344 1876 facere
3374 1823 3508 1876 forte
3538 1823 3796 1876 videbor:

2229 1917 2325 1970 sed
2368 1917 2469 1970 hoc
2517 1917 2686 1985 ipsum
2738 1917 2791 1968 in
2832 1915 2963 1969 lucri
3012 1913 3130 1968 loco
3174 1912 3536 1980 reponendum
3586 1927 3795 1976 censeo,

2227 2007 2371 2079 quod
2400 2023 2522 2062 cum
2552 2008 2645 2062 tibi
2676 2007 2777 2062 boc
2809 2007 2863 2061 in
2889 2021 3050 2076 opere
3075 2019 3278 2059 morem
3307 2019 3458 2074 gero,
3489 2005 3798 2075 obsequium

2229 2117 2355 2171 erga
2387 2113 2437 2156 te
2475 2117 2650 2156 meum
2679 2101 2952 2163 extendo;
2987 2113 3159 2172 neque
3193 2098 3334 2152 enim
3366 2099 3668 2166 periculum
3695 2110 3796 2164 est,

2229 2207 2298 2246 ne
2336 2192 2404 2246 sit
2447 2193 2691 2256 nimium,
2742 2191 2883 2260 quod
2922 2204 3041 2245 esse
3079 2190 3371 2244 maximum
3397 2190 3577 2245 debet.
3607 2191 3800 2260 Collige

2229 2283 2440 2337 interim
2466 2293 2536 2347 te,
2559 2292 2612 2337 et
2641 2299 2707 2337 ex
2729 2283 3097 2337 Proconsulari
3124 2281 3391 2350 provincia
3424 2281 3476 2336 in
3500 2281 3798 2336 Numidiam

2234 2388 2265 2425 a
2291 2371 2548 2427 Garuerio
2571 2380 2788 2425 vocatus
2805 2372 3026 2441 gradum
3050 2385 3284 2438 moveas,
3311 2380 3366 2424 ut
3390 2371 3571 2438 qualia
3594 2372 3666 2425 de
3685 2372 3798 2426 Car-

2233 2461 2560 2530 tltaginensis
2602 2463 2816 2516 concilii
2859 2463 3137 2548 Patribuse
3181 2463 3365 2546 eadem
3403 2462 3470 2517 de
3513 2462 3797 2516 Milevitani

2227 2567 2514 2608 consessus
2535 2555 2801 2623 episcOpis
2823 2564 3120 2608 commenta
3142 2553 3344 2608 audias.

2300 2643 2557 2698 SILVANUS
2586 2645 2882 2699 Suuunsms
2908 2645 2983 2697 vel
3010 2643 3293 2698 Zuusnsxs.
3331 2641 3562 2712 Utroque
3586 2643 3736 2696 modo
3753 2642 3796 2695 in

2229 2731 2504 2786 collatione
2537 2735 2776 2787 scribitur
2810 2751 2992 2787 nomen
3020 2735 3174 2798 sedis,
3208 2749 3320 2803 qua:
3359 2734 3525 2800 prima
3554 2743 3680 2787 tunc
3706 2743 3798 2786 em

2234 2821 2285 2872 in
2309 2823 2570 2887 provincia
2593 2821 2874 2890 Numidiae,
2902 2833 3007 2878 etc.
3043 2822 3139 2877 Ubi
3159 2838 3273 2876 vero
3295 2823 3393 2875 sita
3413 2824 3569 2891 fuerit
3598 2824 3798 2878 Summa

2228 2909 2304 2964 vel
2331 2911 2494 2965 Zuma
2520 2913 2768 2966 incertunt
2797 2923 2868 2967 est
2889 2955 2904 2980 ,
2937 2914 3034 2966 nisi
3062 2917 3193 2977 forte
3230 2913 3428 2966 dicatur
3459 2929 3571 2968 esse
3603 2914 3761 2968 Zama
3783 2959 3795 2981 ,

2229 3013 2384 3081 quam
2417 2999 2618 3055 Plinius
2647 3012 2692 3056 et
2724 3000 3030 3057 Ptolemaeus
3058 3004 3112 3056 in
3151 3003 3324 3072 Africa
3358 3019 3446 3056 seu
3478 3005 3655 3072 potius
3693 3005 3796 3059 Nu-

553 3095 714 3160 lecla,
746 3094 826 3146 vel
853 3101 997 3147 certe
1026 3105 1299 3159 corrupta,
1327 3092 1630 3145 nominatur
1649 3090 1897 3145 Coronius
1926 3089 2122 3162 Megla-
2151 3071 2196 3131 Ο
2229 3077 2386 3141 midia
2413 3101 2681 3159 reponunt.
2712 3092 2820 3145 Nisi
2851 3091 3042 3161 hospes
3083 3092 3135 3145 in
3162 3071 3410 3146 Africana
3448 3071 3682 3148 historia
3710 3094 3796 3147 Za-

555 3181 853 3251 politanus;
899 3182 1127 3249 denique
1171 3181 1225 3233 in
1267 3180 1518 3250 synodica
1573 3191 1676 3235 act.
1725 3183 1792 3245 2,
1840 3181 2028 3251 synodi
2069 3183 2124 3236 S.

551 3273 757 3328 Martini
788 3287 937 3341 papa:
967 3283 1276 3326 recensetur
1321 3272 1608 3340 Reparatus
1641 3275 1908 3341 episcopus
1948 3274 2011 3328 S.
2060 3271 2126 3326 E.

553 3363 989 3434 Heglapolitanw.
1029 3362 1139 3417 llos
1182 3364 1463 3431 episcopos
1507 3363 1660 3417 unius
1710 3363 1902 3417 littera:
1953 3364 2130 3416 detra-

553 3457 732 3510 ctione
761 3453 1052 3510 Garnerius
1081 3469 1144 3508 ex
1177 3453 1355 3508 Africa
1382 3455 1433 3508 in
1477 3454 1740 3521 Europam
1770 3455 1927 3521 rapit.
1955 3453 2126 3508 Cane-

552 3563 666 3601 rum
697 3547 1039 3601 amanuensis
1067 3545 1148 3599 vel
1183 3545 1551 3615 typograpltus
1581 3545 1784 3599 erroris
1831 3556 2015 3598 auctor
2036 3545 2125 3613 ju-

551 3639 794 3704 dicetur;
831 3640 1099 3708 proprium
1132 3635 1373 3692 Garnerii
1403 3646 1641 3691 erratum
1664 3644 1747 3691 est
1771 3637 1912 3705 quod
1932 3637 2128 3689 Ruina-

551 3745 676 3782 num
708 3739 832 3783 ante
855 3745 1050 3783 annum
1096 3728 1196 3780 411
1227 3731 1537 3799 episcopum
1569 3729 1762 3794 quippe
1786 3766 1802 3790 ,
1839 3728 1927 3793 qui
1962 3728 2123 3780 colla-

551 3818 678 3871 tioni
711 3818 976 3879 interluit,
1006 3816 1212 3869 sedisse
1244 3816 1297 3867 in
1329 3814 1536 3882 synodo
1564 3825 1714 3880 putat
1742 3825 1862 3881 post
1893 3815 2124 3868 Pentha-

555 3907 700 3960 dium
734 3905 1100 3974 Cat-pilatum),
1140 3914 1192 3960 et
1226 3903 1517 3960 Candidum
1551 3903 1619 3956 ab
1647 3904 1814 3958 Abbir
1843 3905 2126 3959 Germani-

555 3995 728 4060 ciaua,
774 3995 863 4056 qui
909 4004 1026 4061 poet
1071 4007 1267 4047 annum
1301 3993 1399 4048 411
1433 3991 1500 4048 ad
1547 4006 1728 4048 sacras
1771 3995 1928 4049 sedes
1955 3996 2124 4051 evecti

553 4093 695 4136 δυιιι.

621 4173 921 4225 AFRICANUS
957 4182 1010 4226 et
1039 4171 1438 4226 MARCELLISUS.
1479 4170 1700 4225 Incerta:
1729 4173 1863 4227 sedis
1916 4173 2122 4228 Marcus

555 4262 836 4331 episcopus
864 4262 1135 4316 Donatista
1164 4277 1281 4331 cap.
1314 4263 1414 4317 187
1439 4263 1738 4316 collationis
1767 4263 2121 4333 interrogatus
2159 4295 2172 4298 —

553 4371 581 4409 tt
608 4365 788 4409 nostro
819 4354 1010 4423 Alypio
1035 4353 1377 4423 Tltagastensi
1404 4372 1417 4407 :
1454 4353 1601 4408 Unde
1627 4371 1676 4407 es
1694 4357 1719 4409 .’
1749 4358 1872 4419 Qus:
1901 4367 1974 4409 est
1999 4357 2121 4410 civi-

2234 3192 2373 3230 tnam
2395 3192 2514 3231 cmn
2543 3178 2762 3232 Zumma
2789 3180 3098 3235 contundet.
3129 3177 3338 3235 Etenim
3364 3194 3506 3234 anno
3539 3183 3669 3249 Mi,
3701 3183 3795 3237 cal.

2229 3269 2256 3325 ,Ι
2268 3270 2394 3334 unii,
2409 3269 2683 3325 collationi
2700 3270 3106 3340 Carthagincnsi
3119 3271 3336 3327 adfuere
3357 3271 3605 3344 Dialogus
3619 3275 3798 3342 episco-

2229 3375 2325 3429 pus
2351 3359 2618 3425 Zamensis
2637 3401 2651 3426 ,
2676 3372 2858 3416 contra
2880 3377 3038 3430 quem
3063 3362 3341 3417 Montanus
3380 3378 3519 3416 unus
3552 3378 3584 3417 e
3605 3373 3796 3433 septem

2235 3451 2526 3506 Donatistis
2550 3451 2897 3506 collatoribus
2923 3453 3096 3507 stabat
3119 3468 3185 3507 ex
3223 3467 3341 3520 cap.
3375 3453 3468 3507 121
3497 3492 3516 3519 ,
3548 3463 3606 3508 et
3633 3455 3796 3507 Sittia-

2230 3557 2323 3592 nus
2353 3542 2618 3609 episcopus
2648 3540 2967 3595 Zummensis
3005 3557 3124 3611 cap.
3153 3544 3224 3599 99
3245 3586 3260 3611 ,
3289 3543 3374 3598 cui
3416 3545 3797 3601 advers::ba:ur

2227 3631 2414 3685 eadem
2449 3634 2502 3684 in
2532 3631 2748 3686 dimcesi
2780 3632 2928 3686 Felix
2954 3633 3248 3698 Donatista,
3279 3633 3366 3704 qui
3398 3648 3511 3705 cap.
3545 3637 3670 3702 tu,
3704 3638 3795 3690 201

2226 3730 2280 3774 et
2307 3720 2444 3787 202,
2473 3722 2665 3776 dicitur
2689 3721 3030 3777 Zummensis.
3061 3723 3157 3780 llic
3192 3727 3422 3794 scriptor
3459 3729 3511 3780 in
3559 3730 3704 3782 notis
3740 3727 3796 3782 ad

2225 3811 2547 3880 epigraplten
2579 3813 3037 3883 proconsularium
3063 3816 3288 3870 dixerat.
3327 3815 3627 3871 Mucnnws
3653 3817 3797 3870 Zem-

2227 3906 2436 3974 ptensis.
2488 3905 2573 3960 Ita
2623 3907 2807 3975 legitur
2845 3909 2898 3961 in
2942 3908 3249 3974 collatione;
3295 3908 3473 3962 melius
3509 3909 3794 3973 Zamensis,

2225 4014 2346 4049 nam
2387 4000 2439 4050 in
2471 3997 2848 4051 Proconsulari
2890 4001 3146 4068 prouincia
3177 4001 3275 4068 fuit
3302 3999 3464 4052 Zama
3500 4001 3717 4065 civitas,
3758 4001 3796 4052 si

2226 4085 2424 4150 Plinio,
2468 4085 2750 4141 Ptolemazo
2777 4104 2836 4141 ac
2863 4088 3103 4143 Straboni
3129 4089 3399 4142 credimus.
3434 4088 3692 4144 Eautdem
3719 4090 3795 4142 in-

2227 4179 2586 4232 constantiam
2614 4195 2714 4246 qua
2739 4179 2936 4247 passim
2959 4179 3180 4245 laborat,
3213 4180 3266 4233 in
3301 4181 3485 4233 borum
3511 4183 3794 4249 cpisc0po-

2224 4283 2342 4322 rum
2376 4268 2590 4322 sedibus
2637 4269 2980 4338 designandis
3033 4269 3160 4324 viris
3202 4269 3525 4324 doctissimis
3565 4270 3792 4331 aﬂ'ricat,

2223 4359 2334 4429 qui,
2386 4360 2440 4413 in
2485 4361 2826 4414 recensendis
2856 4360 3067 4414 illarum
3119 4361 3508 4428 provinciarum
3552 4359 3793 4422 urbibus,

553 4458 629 4500 tas
659 4446 790 4500 tua?
818 4443 1128 4513 respondit:
1168 4443 1354 4497 Secuta
1383 4443 1555 4498 Prura
1584 4446 1862 4502 Amidicca.
1888 4447 2119 4500 Metime-
2146 4416 2201 4476 Β
2225 4460 2466 4505 exactam
2499 4449 2771 4518 utriusque
2801 4449 3086 4518 provinciae
3121 4449 3470 4512 divisionem,
3518 4449 3694 4515 qualis
3732 4447 3793 4498 ab

553 4540 756 4594 limenia
777 4537 976 4590 Nasuta
998 4535 1184 4591 Prura.
1210 4527 1422 4591 Pulcrat
1442 4537 1729 4592 Garnerius
1753 4556 1847 4607 pro
1873 4555 1936 4593 ea
1963 4555 2120 4605 quam

554 4631 610 4685 in
657 4627 997 4697 designandis
1050 4641 1145 4695 pro
1196 4626 1415 4680 arbitrio
1481 4628 1848 4694 episcoporum
1903 4628 2121 4682 sedibus

553 4724 918 4777 auctoritatem
943 4729 1182 4789 usurpat,
1211 4718 1514 4773 Africanum
1538 4719 1742 4772 Secuta:
1767 4719 1946 4773 Prurm
1973 4720 2122 4772 Ami-

555 4811 758 4879 diccaa,
811 4812 1168 4866 Marcellinum
1221 4824 1346 4864 vero
1401 4807 1843 4864 Melimelimenim
1907 4809 2120 4864 Nasnue

555 4899 738 4954 Prurze
767 4902 1040 4969 episcopos
1070 4901 1345 4970 deputare.

625 4988 885 5040 Hactenus
912 4992 978 5042 de
1009 4990 1151 5044 notis
1181 4988 1419 5044 Garnerii
1447 4988 1510 5042 ad
1541 4988 1866 5057 epigraplten
1899 4988 2115 5044 Patrum

555 5076 1030 5145 proconsularvum.
1061 5078 1271 5132 Accedo
1301 5079 1365 5131 ad
1387 5079 1622 5147 ejusdem
1655 5088 1807 5133 notas
1833 5081 1884 5133 in
1913 5082 2119 5134 titulum

555 5167 772 5220 alterius
811 5167 1078 5235 synodica:
1110 5183 1139 5220 a
1168 5168 1424 5223 Numidiae
1457 5171 1720 5238 episcopis
1755 5187 1894 5226 anno
1925 5173 2115 5226 eodem

554 5258 679 5321 416,
712 5257 894 5311 itidem
924 5265 1109 5310 contra
1140 5257 1472 5325 Pelagianos,
1503 5261 1568 5312 ad
1592 5260 1951 5316 Innocentium
1986 5277 2117 5331 pon-

554 5355 749 5424 tiﬁcem
773 5351 968 5406 missae.
996 5381 998 5384 ν

557 5489 854 5547 EIUSDEM
873 5487 1508 5565 ANIMADVERSIONES
1531 5489 1593 5542 IN
1616 5490 1820 5545 EPIST.
1837 5492 2114 5547 CLXXVI.

627 5625 841 5676 Domino
869 5626 1148 5680 beatissimo
1171 5625 1444 5691 meritoque
1473 5625 1765 5689 venerabili,
1801 5638 1844 5678 et
1882 5630 1930 5680 in
1960 5627 2111 5680 Clari-

2226 4540 2600 4594 ccclesiasticis
2630 4549 2838 4593 servata
2860 4546 2962 4605 est,
2988 4554 3092 4592 non
3123 4537 3369 4604 atterunt,
3397 4537 3490 4592 sed
3517 4539 3791 4591 ﬂuntlnum

2225 4631 2461 4684 sectione
2486 4631 2604 4684 illas
2633 4630 2896 4696 dividunt,
2928 4641 2983 4683 ut
3005 4631 3070 4684 ad
3092 4629 3302 4684 oculum
3326 4637 3488 4698 patet,
3522 4631 3597 4682 Ex
3624 4629 3790 4682 colla-

2226 4722 2369 4774 tio.ie
2407 4720 2663 4778 habemus
2694 4721 2968 4788 Dialogum
2999 4720 3308 4787 episcopum
3337 4719 3673 4782 Zamensem,
3707 4717 3788 4770 cui

2201 4867 2204 4870 ,
2227 4808 2518 4871 Garnerius
2545 4809 2858 4879 Majorinum
2887 4817 2941 4862 et
2963 4809 3235 4863 Silvanum
3263 4809 3421 4864 etiam
3453 4808 3684 4876 collegas
3706 4821 3790 4859 su-

2222 4900 2564 4968 petitnpouit,
2601 4909 2655 4953 ut
2679 4901 3051 4968 episcoporum
3082 4899 3267 4954 eadem
3303 4899 3356 4953 in
3389 4899 3520 4953 urbe
3545 4898 3784 4951 triumvi-

2223 5005 2392 5046 ratum
2422 4992 2732 5047 constituat.
2760 4991 2920 5045 Zama
2945 4991 3240 5060 Jugurthm,
3273 4991 3395 5045 dein
3427 4991 3574 5046 Juba:
3599 4991 3652 5042 in
3683 4989 3788 5042 Nu-

2222 5083 2381 5137 midia
2404 5083 2586 5150 Regia,
2613 5081 2770 5136 rebus
2790 5081 2928 5150 apud
2949 5081 3191 5136 eamdem
3216 5098 3244 5133 a
3273 5079 3484 5134 Metello
3506 5089 3557 5134 et
3578 5077 3789 5131 Cazsare

2220 5175 2382 5244 gestis
2421 5173 2720 5227 celebratur
2756 5188 2786 5225 a
2839 5172 3089 5226 SalluStio
3132 5181 3187 5226 et
3223 5176 3282 5224 Α.
3326 5171 3494 5224 llirtio
3522 5187 3536 5234 ;
3567 5167 3788 5221 Zumma

2223 5280 2353 5319 vero
2393 5263 2491 5316 fuit
2528 5263 2774 5331 exiguum
2817 5266 2869 5316 in
2910 5263 3096 5317 eadem
3145 5261 3415 5330 provincia
3444 5261 3694 5330 oppiduni
3727 5273 3789 5308 rx

2224 5355 2338 5408 sola
2360 5352 2641 5407 collatione
2666 5352 3068 5423 Carthaginiensi
3094 5352 3444 5420 scriptoribus
3468 5346 3787 5404 ecclesiasti.

2224 5444 2302 5498 cis
2327 5452 2530 5497 notum.

2294 5534 2630 5588 VALENTINUS
2676 5531 3008 5586 VAJENENSIS.
3042 5531 3123 5585 Ita
3163 5532 3344 5601 legitur
3390 5533 3439 5584 iu
3483 5526 3771 5580 collatione.

2221 5627 2429 5683 Incerta
2467 5627 2605 5679 sedes
2639 5635 2748 5690 est;
2791 5625 2888 5694 fuit
2931 5634 3092 5678 tamen
3125 5640 3280 5694 prope
3323 5619 3628 5693 Vegeselam,
3667 5632 3780 5666 nam
