3908 6318
148 357 232 415 297i

814 331 1172 387 VARIORUM
1213 329 1813 386 EXFRCITATlONES
1855 329 1918 385 IN
1962 331 2018 388 S.
2061 329 2434 388 AUCUSTlNl
2471 329 2725 388 OPERA.

3300 337 3414 400 294

144 455 187 509 in
220 449 494 506 collatione
541 463 637 519 pro
688 444 1043 515 Vegeselitano
1076 444 1311 512 episwpo
1350 441 1713 510 subscripsisse
1743 447 1789 506 Α
1819 441 1870 495 in
1917 443 2137 497 dimcesi
2178 441 2439 496 Adeodati
2472 442 2759 498 Milevitani
2791 443 3105 517 Donatistm,
3137 456 3194 503 ut
3215 450 3416 510 ibidem

141 545 332 600 dicitur.
366 542 420 596 ln
449 555 573 610 cap.
610 537 711 592 155
740 537 1040 590 collationis
1069 536 1183 588 hac
1214 538 1496 604 leguntur:
1540 533 1718 586 Vnien-

139 635 258 686 tinus
285 631 558 700 episcopus
603 625 845 695 Vajensis
873 640 964 694 pro
995 625 1351 676 consat'erdole
1379 641 1488 676 meo
1523 623 1716 692 Regina

140 723 375 779 Ecclesia
408 717 818 791 Vegeselitensis,
853 717 940 784 qui
969 715 1049 767 hic
1072 713 1380 783 Carthagine
1404 715 1718 783 infirmitatis

135 830 281 870 causa
311 812 592 877 detinetur,
617 819 748 871 etc.,
779 806 1076 873 subscripsi.
1105 805 1355 873 Ejusdem
1379 805 1718 858 adversarius

137 903 406 966 Donatista
430 915 551 966 cap.
592 896 696 952 186
729 896 922 949 dicitur
945 895 1239 959 Quintasius
1274 894 1524 964 l’ajeusis.
1552 893 1721 962 Vege-

132 992 241 1049 scla
261 989 453 1044 eratin
475 985 724 1041 conliniis
748 983 1007 1037 Numidia:
1041 996 1226 1036 versus
1252 984 1566 1052 Byzacium;
1596 997 1720 1035 nam

131 1099 189 1138 ex
213 1079 492 1136 Antonium
518 1077 750 1130 distabat
773 1073 1012 1128 Sufetula
1039 1073 1168 1126 urbe
1185 1073 1393 1143 Byzacii
1416 1073 1579 1126 millia
1606 1067 1732 1140 pas?

128 1189 283 1228 suum
305 1170 399 1234 50,
425 1171 477 1221 in
510 1165 925 1220 itinere‘Tbenis
951 1163 1292 1218 Thevestetn.
1315 1163 1464 1232 Vaja,
1483 1178 1576 1216 seu
1601 1161 1723 1228 Baja

129 1281 237 1318 nen
262 1261 434 1316 semel
465 1262 516 1314 in
546 1257 924 1312 ecclesiasticis
956 1256 1148 1309 Africae
1171 1257 1531 1309 monumentis
1559 1255 1728 1307 nomi-

128 1365 308 1408 natur.
347 1349 500 1404 Felia:
523 1347 828 1414 Bajanensis
863 1347 958 1400 fuit
989 1348 1040 1400 in
1071 1347 1301 1399 concilio
1324 1344 1473 1398 Grati
1499 1345 1726 1398 Cartha-

127 1443 394 1513 ginensis,
418 1438 643 1509 Bejanus
667 1435 970 1508 Bejunensis
994 1435 1090 1490 fuit
1115 1452 1252 1489 unus
1283 1451 1312 1489 e
1334 1435 1613 1489 duodecim
1641 1450 1728 1488 or-

129 1532 476 1587 dinatoribus
508 1529 810 1582 Maximiani
841 1526 1127 1580 damnatus
1150 1527 1353 1594 Bagaia:
1385 1542 1413 1579 a
1439 1525 1728 1579 D‘oiiatistis

131 1640 193 1681 es
211 1623 516 1693 Angustino
532 1623 623 1675 lib.
639 1635 827 1673 tttcon.
845 1617 1052 1684 Cresc,
1067 1634 1181 1686 cap.
1199 1619 1286 1672 53.
1304 1617 1420 1684 Per;
1442 1633 1586 1671 θςειιιι
1603 1631 1729 1670 vero

139 1732 206 1772 ex
241 1714 641 1782 subscriptione
677 1711 947 1766 Valentini
994 1711 1276 1764 deducitur
1316 1711 1474 1764 istum
1525 1711 1729 1764 sedisse

1821 536 2110 591 Petilianus
2137 546 2465 603 compiestus
2492 545 2596 589 est.

1891 619 2232 679 Resrtrorus
2258 625 2574 680 NOVASINUS.
2606 625 2688 680 Ita
2712 632 2764 680 in
2789 628 3079 683 collatione.
3105 629 3172 683 In
3205 630 3410 688 Notitia

1819 720 2178 789 episcoporum
2226 717 2492 771 Numidia:
2523 729 2812 773 rccensetur
2841 720 2974 773 inter
3017 723 3256 786 expulsos
3282 723 3416 777 Can-

1821 810 1976 862 didus
2019 808 2406 863 Norasinensis.
2450 808 2691 877 Interfuit
2733 811 2951 864 concilio
2992 821 3097 863 tum
3139 813 3412 883 Carthagi-

1823 900 1966 952 nensi
1989 910 2108 952 ante
2136 899 2462 951 collationem
2489 915 2624 952 anno
2653 899 2752 954 4H
2780 940 2795 965 ,
2824 910 2930 952 tum
2961 900 3012 952 Μ
3039 903 3256 954 tet-itano
3283 920 3417 956 anim

1823 989 1960 1054 “6,
1989 999 2095 1041 tum
2132 990 2377 1057 Africano
2417 991 2691 1042 universali
2718 1007 2804 1042 an.
2839 991 2978 1056 418,
3012 992 3062 1044 in
3111 1009 3210 1061 quo
3241 1006 3299 1047 te.
3318 985 3419 1048 εἶτ-ε

1827 1081 1924 1147 fuit
1957 1081 2243 1150 legatorum
2277 1081 2552 1146 provincia:
2579 1079 2861 1134 Numidiae.
2888 1081 3014 1135 llmc
3047 1085 3238 1152 partim
3271 1097 3416 1139 recte

1827 1169 2159 1234 diceremur,
2196 1168 2239 1222 si
2265 1184 2402 1222 unus
2431 1184 2462 1222 e
2491 1168 2735 1223 Numidia
2771 1172 3064 1227 lle-stitutus
3093 1175 3422 1229 Novasinen-

1828 1259 1906 1313 sis
1936 1259 2335 1328 appellaretur;
2384 1260 2477 1314 sed
2525 1263 2763 1315 occurrit
2812 1262 2863 1316 in
2913 1267 3100 1318 eadem
3133 1269 3419 1324 collatione

1828 1363 1946 1417 Cap.
1986 1351 2082 1403 145
2109 1348 2387 1403 Restitutus
2408 1351 2675 1421 episcopus
2699 1352 3023 1422 Tagorensis,
3050 1374 3206 1424 quam
3237 1359 3413 1411 Eccle-

1829 1441 1962 1494 siam
1991 1441 2054 1493 ad
2075 1441 2376 1495 Numidiam
2405 1456 2650 1511 spectare
2680 1446 2924 1500 concedit
2958 1447 3272 1514 Garuerius,
3295 1452 3419 1518 quia

1830 1532 1906 1585 in-
1932 1532 2126 1585 Notitia
2160 1533 2301 1586 illius
2345 1535 2632 1602 provincia:
2671 1537 2888 1604 ponitur
2919 1537 3213 1593 Timotheus
3244 1541 3419 1610 Tagu-

1831 1626 2006 1676 rensis.
2069 1623 2273 1677 Rursus
2301 1625 2352 1677 in
2384 1625 2590 1693 Synodo
2613 1627 2736 1678 anni
2763 1631 2787 1678 Δ
2805 1627 2866 1680 18
2893 1628 3142 1682 dicuntur
3168 1631 3321 1684 electi
3348 1633 3416 1684 le-

1832 1715 1937 1783 gati
1983 1714 2050 1767 de
2101 1713 2372 1782 provincia
2427 1716 2684 1769 Numidiae
2742 1717 2965 1785 Atip'us,
3017 1721 3330 1790 Augustinus
3377 1732 3425 1774 rt

139 1822 303 1878 prope
338 1807 674 1876 Vegeselatn.
707 1803 763 1856 In
794 1803 1081 1857 collatione
1112 1818 1228 1872 cap.
1263 1802 1369 1856 208
1397 1811 1450 1855 et
1475 1801 1581 1855 209
1609 1803 1726 1870 plu-
1758 1815 1804 1872 Β
1833 1805 2136 1862 Restitutus.
2167 1806 2342 1873 Quale
2371 1823 2492 1860 cum
2544 1809 2628 1861 hic
2668 1809 2965 1862 Restitutus
2994 1815 3196 1864 sederit
3237 1813 3288 1866 in
3336 1829 3425 1883 sy-

140 1912 228 1952 res
247 1895 487 1967 episcopi
519 1895 809 1947 Donatista:
837 1893 1208 1961 subscripsere
1237 1907 1333 1960 p.o
1362 1893 1604 1960 collegis,
1638 1893 1726 1960 qui

142 1991 195 2041 in
227 1990 408 2041 itinere
441 1986 756 2052 inﬁrmitatis
795 2000 950 2036 causa
979 1983 1168 2036 detenti
1201 1984 1468 2048 dicuntur,
1497 1998 1726 2051 quorum

147 2089 318 2136 tamen
342 2080 609 2133 diteceses
631 2092 739 2132 non
770 2087 922 2132 erant
942 2079 1310 2131 conteitninaa.
1341 2077 1546 2131 Etcum
1570 2076 1730 2144 Regi-

148 2187 242 2226 nus
269 2170 596 2239 Carthagine
626 2177 934 2238 aegrotaret,
967 2168 1284 2222 invisentcm
1309 2183 1368 2223 se
1387 2167 1730 2222 Valentinum

150 2275 331 2328 rogare
357 2261 531 2328 potuit
567 2268 622 2312 ut
653 2258 960 2312 mandatum
985 2273 1083 2312 suo
1123 2263 1338 2314 nomine
1367 2261 1728 2328 subsignaret.

150 2349 204 2402 In
245 2351 510 2418 Ephesina
544 2350 752 2419 synodo
785 2365 881 2417 pro
923 2349 1061 2402 Rufo
1090 2349 1558 2404 Thessalonicensi
1603 2350 1732 2404 sub-

152 2441 357 2509 scripsit
396 2439 685 2494 Flavianus
716 2439 1075 2508 Philippensis
1099 2479 1113 2504 ,
1160 2456 1385 2509 quorum
1428 2440 1585 2495 sedes
1624 2456 1728 2494 non

154 2541 297 2584 erant
322 2531 556 2598 vicinae;
607 2531 691 2584 hic
725 2532 867 2585 enim
900 2532 951 2584 iu
985 2515 1294 2585 Macedonia
1324 2534 1598 2599 secunda,
1640 2534 1729 2587 ille

155 2623 202 2674 in
233 2627 396 2691 prima
429 2638 710 2677 Sacrorum
745 2622 1026 2692 praefectos
1051 2623 1300 2692 agebant.

221 2716 490 2770 Annuus
544 2715 994 2769 blscousomnsm.
1039 2713 1127 2767 Bis
1164 2716 1458 2767 Antoninus
1503 2715 1732 2766 meminit

157 2808 394 2860 civitatem
425 2807 789 2860 Macamaiuin
819 2809 870 2860 in
911 2805 1188 2859 ltiuerario
1223 2820 1242 2859 :
1270 2806 1424 2859 semel
1451 2785 1586 2857 'duin
1631 2805 1724 2856 de.

158 2899 321 2951 scribit
347 2899 479 2952 uiam
510 2913 628 2968 quae
663 2900 801 2950 ducit
843 2896 1038 2952 Cirtam
1068 2895 1381 2968 Carthagine
1407 2913 1425 2959 ;
1457 2901 1641 2950 iterum
1677 2897 1730 2950 in

159 2990 328 3044 itinere
358 2992 566 3044 Assuris
591 2989 813 3045 Thenas.
844 2987 966 3042 Illic
994 3006 1096 3044 non
1127 2991 1306 3058 procul
1330 3008 1360 3042 a
1391 2987 1553 3053 Cirta,
1585 2988 1734 3041 isthic

159 3095 309 3147 prope
340 3079 542 3134 Thenas
581 3081 826 3150 ponitur;
856 3096 1014 3150 quare
1049 3096 1249 3133 necesse
1286 3091 1356 3133 est
1387 3081 1503 3150 falli
1539 3078 1730 3134 lcxico-

1835 1895 1975 1948 nodo
2003 1896 2128 1948 anni
2157 1895 2264 1950 416
2305 1907 2428 1950 ante
2458 1897 2690 1964 Alipiutn
2723 1908 2777 1950 et
2813 1900 3161 1967 Augustinum
3185 1943 3215 1968 ,_
3235 1917 3426 1970 perpe-

1834 2001 1946 2038 ram
1969 1986 2162 2040 d;citur
2185 1987 2273 2040 ille
2302 1987 2444 2040 idem
2472 1989 2561 2056 qui
2595 2003 2734 2040 anno
2763 1989 2872 2042 M8
2901 1994 3210 2044 u0minatur
3235 1991 3423 2046 Numi-

1834 2075 2020 2130 darum
2049 2077 2277 2146 legatus,
2309 2083 2431 2146 quia
2459 2080 2542 2130 hic
2575 2086 2696 2146 post
2725 2079 2958 2146 Alipiutn
2989 2089 3044 2133 ct
3068 2081 3423 2150 Augustinum

1836 2167 2056 2234 ibidem,
2085 2179 2331 2236 tanquam
2364 2167 2414 2220 in
2438 2168 2744 2236 episcopatu
2780 2171 3045 2237 posterior
3073 2155 3423 2225 memoratur.

1907 2261 2173 2315 LUCIANUS
2205 2260 2511 2314 Gotucxsts.
2550 2261 2856 2328 Iiecensetttr
2885 2263 3016 2315 inter
3046 2265 3312 2332 episcOpos
3340 2265 3426 2332 qui

1835 2351 2145 2420 Carthagine
2167 2351 2421 2419 synodum
2451 2352 2736 2403 [rubuerunt
2767 2364 2885 2405 ante
2909 2353 3234 2406 collationem
3259 2397 3274 2422 ,
3317 2366 3423 2410 etc.

1835 2440 1915 2492 An
1943 2455 2061 2493 vero
2090 2449 2133 2492 et
2157 2440 2238 2492 llic
2263 2449 2309 2492 et
2336 2439 2445 2492 illic
2467 2451 2704 2507 corrupte
2731 2443 2928 2511 legatur
2947 2441 3194 2497 Ecclesia:
3219 2461 3422 2509 nomen,

1833 2532 2110 2599 reponique
2138 2530 2312 2584 debeat
2343 2548 2435 2598 pro
2474 2531 2712 2584 Cuirensi
2743 2532 2818 2585 uel
2849 2531 3050 2586 Girensi
3073 2574 3089 2598 ,
3131 2515 3422 2602 Cirbeusis,

1835 2624 1982 2690 cujus
2007 2623 2270 2691 episcopus
2291 2624 2488 2675 decimo
2515 2622 2628 2676 loco
2655 2626 2956 2677 sententiam
2983 2627 3112 2678 diiit
3133 2625 3185 2678 in
3203 2628 3422 2680 concilio

1839 2713 2288 2779 reiaptizantium,
2306 2713 2605 2765 dubitaverit
2625 2716 2758 2782 forte
2774 2715 2979 2782 aliquis,
2995 2731 3084 2767 nec
3105 2717 3426 2786 meojudicio

1838 2804 1986 2854 ualde
2010 2815 2212 2856 temere.
2243 2802 2359 2856 Non
2385 2804 2471 2857 ibo
2503 2804 2706 2856 inﬁcias
2726 2803 2929 2872 judicio
2947 2807 3236 2873 geographi
3263 2810 3426 2862 urbes

1837 2894 2062 2950 subinde
2085 2895 2358 2950 miscentis
2380 2911 2483 2948 non
2509 2895 2624 2950 fore
2644 2896 2712 2949 ita
2734 2898 3051 2953 sentiet-tem
3079 2895 3230 2952 i-alde
3261 2909 3428 2953 teme-

1838 2991 2058 3044 rarium.
2087 2991 2191 3045 Sed
2217 2987 2411 3044 eruditi
2437 2989 2676 3043 riderent
2695 2990 2963 3043 hominem
2992 2989 3208 3044 Cit-bam
3237 2993 3288 3044 in
3320 2990 3428 3047 Nu-

1837 3080 1998 3134 midia
2030 3081 2313 3135 locantem.
2346 3080 2445 3147 Qui
2471 3080 2684 3148 ponitur
2716 3080 2977 3134 Moniitlus-
2998 3097 3029 3132 a
3059 3078 3231 3135 Corba
3257 3086 3306 3136 in
3333 3099 3424 3154 sy-

162 3172 368 3241 grophos
396 3175 484 3241 qui
513 3175 614 3244 legi
645 3175 781 3226 ttebe:
799 3189 825 3226 e
863 3181 1043 3243 putant
1091 3172 1446 3225 Macamadmt
1468 3215 1482 3239 ,
1524 3187 1737 3242 eantque
1765 3179 1810 3242 (ζ
1844 3161 2106 3238 ιιοάυςιιρι)
2125 3171 2474 3240 sptizantium,
2493 3182 2694 3241 spectat
2717 3171 2783 3226 ad
2807 3173 3196 3242 Tripolitanos;
3223 3190 3344 3228 nam
3372 3175 3427 3229 iu

165 3266 400 3318 collocant
429 3283 587 3336 prape.
617 3265 799 3320 Sirtim
828 3264 1100 3317 Minorem.
1129 3265 1317 3318 Postea
1336 3283 1345 3315 ;
1364 3261 1579 3316 Gemina
1604 3264 1738 3316 enim

168 3356 255 3422 [ait
285 3356 608 3410 Mucoinudia
639 3357 780 3426 apud
815 3355 1116 3419 Numidas;
1147 3349 1260 3408 una
1284 3357 1432 3424 cujus
1459 3354 1740 3407 Ecclesium

171 3461 345 3515 regeret
387 3447 644 3516 Aurelius,
685 3447 994 3513 traheretque
1035 3447 1389 3498 aduersarium
1428 3445 1740 3500 Sallustium

174 3537 478 3592 Donatistam
505 3556 526 3604 ;
565 3539 726 3593 altera
765 3537 1056 3591 [testiciana
1081 3577 1096 3599 ,
1142 3538 1219 3590 cui
1247 3551 1342 3603 pro
1373 3547 1518 3604 parte
1551 3535 1740 3587 Donati

175 3623 499 3694 Proﬁcentius
534 3636 788 3696 praeesset.
833 3627 943 3680 lmo
985 3635 1094 3680 tres
1130 3625 1466 3680 blacomades
1498 3633 1743 3679 recenset

176 3717 478 3774 Antoninus.
530 3719 775 3774 Priorem
843 3719 896 3772 in
947 3716 1196 3771 Numidia
1254 3718 1401 3786 ponit
1454 3715 1740 3781 distantem

177 3809 306 3864 Cirta
336 3814 496 3866 millia
530 3826 786 3880 passuum
814 3811 926 3875 53;
965 3811 1188 3863 alteram
1227 3811 1278 3864 in
1313 3810 1541 3880 Byzaeio
1579 3825 1743 3878 prope

177 3904 392 3971 'l'benas,
433 3922 552 3976 qua:
577 3909 706 3959 urbs
733 3915 850 3959 erat
877 3905 928 3958 in
963 3904 1221 3975 Byzacio,
1266 3905 1317 3958 in
1347 3907 1500 3973 cujus
1546 3906 1744 3959 Notitia

177 3996 468 4050 nominatur
496 3995 773 4049 Pascasius
798 3995 1112 4048 Tltenitanus
1136 4010 1156 4060 ,'
1177 4003 1233 4048 et
1260 4009 1446 4048 rursus
1472 3995 1524 4047 in
1554 3995 1743 4048 eodem

178 4085 356 4143 itinere
381 4109 409 4142 a
437 4088 624 4154 Magna
654 4088 805 4156 Lepti
824 4129 837 4152 ,
873 4103 989 4154 qua:
1021 4097 1137 4140 erat
1177 4084 1490 4152 metropolis
1519 4084 1747 4153 Tripoli-

179 4187 307 4233 tante
329 4180 640 4247 provinciat,
666 4177 1041 4232 Alenudriatn
1065 4177 1140 4232 ait
1165 4192 1179 4229 :
1204 4173 1532 4228 Macatuades
1557 4173 1745 4243 Syrtis.

178 4273 438 4326 Antonino
482 4272 826 4326 consentiunt
873 4268 1091 4342 Tabula:
1135 4267 1580 4338 Peutingeriauaa,
1629 4282 1749 4335 qua:

181 4379 333 4435 prope
358 4366 572 4420 Thenas
604 4365 657 4418 in
687 4362 911 4434 Byzacio
937 4370 1205 4430 reponunt
1227 4359 1555 4413 Macamades
1580 4357 1753 4411 Mino-

179 4471 268 4510 res.
292 4461 486 4524 Quarta
517 4454 842 4510 Macomadia
885 4452 1028 4520 apud
1058 4450 1314 4505 Numidas
1342 4448 1704 4518 lexicographi
1730 4487 1747 4514 ,

1842 3263 2038 3316 Nutitia
2061 3263 2218 3331 hujus
2232 3263 2519 3331 provincia:
2542 3263 2787 3316 laudatui-
2803 3261 3088 3318 Faustinus
3112 3263 3426 3319 Cirbitanus.

1840 3351 1900 3406 ln
1954 3351 2198 3405 Numidia
2251 3352 2394 3406 nulla
2449 3351 2611 3406 Girba
2665 3353 3010 3418 nominatur,
3072 3357 3168 3409 sed
3222 3366 3428 3412 tantutn

1843 3441 2018 3497 Garbe
2043 3459 2058 3506 ;
2086 3442 2228 3496 unde
2255 3444 2307 3494 in
2334 3427 2541 3507 synodo
2571 3442 2806 3496 Secundi
2833 3443 3110 3512 Tisigitani
3139 3447 3276 3512 apud
3310 3447 3430 3498 Cir-

1843 3544 1950 3588 tam
1981 3534 2151 3586 adfuit
2186 3533 2360 3585 Victor
2389 3548 2418 3582 a
2449 3530 2614 3584 Gurbe
2636 3548 2697 3584 ex
2721 3517 2916 3596 Optato
2943 3534 3248 3588 Milevitano
3275 3536 3364 3590 lib.
3389 3552 3431 3603 ι,

1843 3633 1898 3678 et
1919 3626 2054 3691 Aug.
2090 3621 2186 3674 lib.
2220 3635 2297 3683 tn,
2327 3635 2451 3673 con.
2484 3617 2850 3682 Cresconium,
2883 3634 3002 3688 cap.
3032 3619 3122 3674 27.

1916 3713 2132 3764 Aunus
2159 3709 2577 3763 TIIAGASTENSIS.
2611 3707 2852 3760 Nobilior
2874 3707 2961 3762 ille
2982 3718 3056 3762 est
3085 3724 3199 3762 cum
3228 3711 3433 3781 scriptis

1844 3800 2136 3872 Augustini,
2180 3798 2506 3868 Hieronymi,
2555 3814 2617 3850 ac
2663 3796 2907 3865 Paulini,
2949 3809 2996 3853 et
3034 3800 3276 3865 aliorum,
3324 3810 3432 3854 tum

1844 3895 2066 3946 maxime
2096 3890 2243 3944 rebus
2278 3891 2430 3959 gestis
2461 3890 2701 3957 fastisque
2733 3887 3003 3954 Ecclesiae,
3051 3889 3232 3960 quibus
3277 3893 3434 3945 ascri-

1845 3994 1962 4054 ptus
1979 3991 2050 4035 est
2075 3983 2203 4034 inter
2218 3982 2360 4034 divos
2388 3981 2470 4034 die
2497 3980 2560 4034 15
2583 3981 2819 4049 Augusti,
2851 3989 2956 4034 etc.
2987 3981 3175 4034 Omnia
3199 3981 3433 4052 egregie.

1849 4076 1955 4130 Sed
1982 4075 2188 4143 Alipius
2217 4089 2376 4143 supra
2407 4090 2564 4127 omne
2589 4073 2829 4128 Garucrii
2859 4076 3186 4142 praeconium
3219 4085 3323 4130 est.

1920 4179 2258 4231 Aucusrtsus
2296 4173 2660 4227 lltrroxctvSIs.
2713 4171 2874 4225 Nulla
2917 4173 2998 4224 Itic
3019 4185 3142 4228 nota
3177 4190 3308 4243 apus
3338 4184 3433 4230 est.

1855 4266 2066 4321 Utinam
2102 4262 2550 4335 quemadmodum
2583 4262 2756 4315 nullas
2779 4261 2866 4316 hic
2897 4263 3129 4332 scriptor
3156 4264 3224 4318 de
3257 4268 3436 4334 Augu.

1852 4358 1994 4412 stino
2043 4366 2199 4411 notas
2248 4352 2516 4422 supponit,
2569 4353 2639 4407 ita
2671 4369 2770 4408 nec
2805 4354 2896 4407 ulli
2937 4353 3234 4424 Augustino
3283 4365 3437 4410 notas

1855 4448 2175 4501 innssissent
2202 4461 2217 4510 ;
2252 4459 2424 4512 neque
2453 4443 2600 4498 enim
2630 4443 2784 4497 nobis
2812 4442 3164 4498 vindiciarum
3193 4443 3439 4498 scriben-

181 4559 302 4610 qnos
329 4546 564 4611 vellicat,
591 4560 622 4598 a
653 4542 913 4599 Garnerio
941 4543 1168 4597 discent.
1193 4543 1370 4609 Quare
1398 4539 1751 4594 l’rolicentius
1780 4535 1832 4594 D
1855 4537 2044 4592 darum
2063 4534 2355 4590 necessitas
2375 4533 2620 4602 imposita
2642 4533 2830 4588 luisset
2863 4550 2875 4585 :
2901 4533 3042 4588 unde
3063 4548 3244 4586 eorum
3265 4531 3354 4600 qui
3378 4547 3439 4587 se

181 4634 444 4693 Donatista
483 4636 707 4691 sedebat
726 4635 866 4704 apud
898 4633 1235 4688 Macomades
1264 4633 1604 4702 Byzaceuos;
1637 4631 1752 4682 haec

173 4729 310 4782 enim
352 4728 482 4784 urbs
527 4727 721 4782 dicitur
761 4727 828 4780 ab
871 4725 1147 4780 Antonino
1185 4723 1538 4790 municipium.
1570 4720 1750 4776 Limes

175 4817 612 4874 Macomadicusis
642 4819 695 4871 in
727 4816 922 4870 Notitia
955 4815 1164 4882 imperii
1199 4811 1558 4868 Occidentalis
1594 4811 1751 4880 poni-

175 4917 258 4964 tur
278 4912 380 4966 sub
400 4909 644 4965 custodia
672 4907 824 4962 ducis
844 4905 1184 4976 Tripolitani.

242 5005 496 5057 Donatus
529 5002 887 5056 Auroncnsts.
934 4999 1132 5051 Dicitur
1160 4995 1362 5066 quidem
1391 4995 1444 5047 in
1482 4993 1754 5046 collatione

184 5093 488 5148 Auburensis
507 5135 524 5160 ,
555 5096 644 5147 sed
669 5094 722 5146 in
748 5091 952 5148 Nomia
983 5090 1040 5157 ﬁt
1065 5090 1256 5142 mentio
1283 5085 1541 5141 Cresconii
1564 5084 1757 5155 Ampu-

181 5187 354 5251 rensis,
398 5187 548 5256 ejecti
577 5186 630 5252 in
659 5184 896 5239 exsilium
925 5197 1038 5234 cum
1059 5181 1196 5234 aliis.
1232 5179 1288 5233 In
1317 5177 1604 5233 collatione
1634 5187 1753 5244 cap.

186 5275 269 5331 121
306 5293 416 5330 non
454 5276 783 5330 Auburensis
811 5273 1038 5338 dicitur,
1085 5271 1178 5326 sed
1219 5270 1565 5334 Anburensis,
1602 5268 1754 5337 cujus

183 5368 517 5425 adversarius
553 5367 811 5423 Servatus
851 5380 974 5433 cap.
1008 5364 1110 5418 198
1145 5363 1443 5432 appellatur
1481 5362 1753 5432 episcopus

187 5459 570 5530 Amphorensis.
600 5458 778 5512 Potuit
804 5457 1044 5510 Donatus
1063 5455 1252 5508 sedere
1280 5452 1514 5508 Anbura:
1543 5454 1594 5505 in
1619 5451 1756 5522 dia:-

185 5553 282 5608 eesi
339 5548 697 5620 Amphorcnsi
745 5563 839 5601 seu
893 5544 1232 5617 Amporonsi,
1301 5542 1755 5612 quemadmodum

185 5637 470 5713 Delphinus
489 5656 557 5694 ex
589 5654 705 5708 cap.
733 5637 804 5692 63
831 5638 1068 5707 ejusdem
1098 5633 1420 5695 collationis,
1444 5631 1756 5686 morabatur

183 5728 231 5791 in
252 5733 478 5792 diccesi
500 5729 976 5792 Constmtinieusi,
1009 5740 1061 5781 et
1080 5734 1309 5794 quatuor
1327 5722 1577 5779 catholici
1601 5730 1752 5776 erant

1855 4640 1920 4680 ac
1947 4640 2042 4678 sua
2075 4634 2276 4678 tantum
2307 4621 2555 4692 probant,
2583 4622 2803 4690 querela
2830 4635 2935 4675 non
2958 4636 3063 4674 uno
3095 4621 3212 4674 loco
3241 4622 3436 4688 erupit.

1929 4715 2260 4770 Pucurmus
2291 4713 2682 4766 MADAURENSIS.
2718 4709 2925 4779 Legitur
2949 4708 3154 4779 quidem
3190 4710 3242 4762 in
3271 4711 3431 4762 cotta-

1843 4795 1991 4862 itione
2033 4805 2385 4867 Placentinus,
2430 4806 2533 4858 imo
2577 4814 2623 4855 et
2664 4804 2716 4854 in
2755 4800 2928 4853 codice
2971 4799 3155 4852 Latino
3199 4797 3440 4854 Ecclesia

1857 4901 2139 4969 Africaine,
2183 4913 2355 4952 verum
2397 4898 2447 4948 in
2489 4895 2669 4948 Gra'co
2715 4891 2928 4944 habetur
2970 4891 3287 4955 Placentius,
3327 4909 3440 4962 qua:

1858 5004 1954 5042 uox
1993 4990 2312 5040 communior
2344 4985 2482 5053 apud
2526 4985 2698 5049 Afros.
2749 4978 2995 5052 Interfuit
3038 4985 3254 5037 concilio
3293 4984 3439 5053 Afri-

1856 5094 1984 5132 cano
2013 5092 2148 5128 anno
2175 5074 2302 5138 418,
2327 5085 2694 5141 personamque
2721 5071 2871 5140 gessit
2894 5071 3048 5143 legati
3073 5072 3356 5140 Numidite,
3379 5090 3440 5127 ac

1843 5154 1911 5223 in
1930 5184 2088 5221 causa
2117 5163 2390 5218 Maurentii
2425 5160 2811 5216 Tubursicensis
2839 5174 3018 5222 contra
3045 5165 3268 5218 seniores
3298 5178 3440 5215 nocte

1861 5246 2154 5316 Germania?
2195 5257 2530 5310 interlocutus
2577 5264 2672 5310 est.
2727 5256 3128 5312 Correctionem
3193 5255 3433 5310 admitto.

1863 5351 2080 5406 Interim
2109 5365 2304 5403 annum
2336 5347 2527 5418 synodi
2548 5347 2634 5401 cui
2665 5347 2907 5402 interluit
2928 5349 3231 5403 Plaeentins
3256 5353 3439 5400 contra

1858 5443 2101 5497 ueniores
2129 5456 2280 5495 nova:
2315 5437 2648 5494 Germanica:
2686 5439 2782 5508 (ita
2817 5439 3007 5508 legitur
3036 5452 3154 5505 cap.
3196 5435 3263 5490 67
3304 5436 3434 5492 Cod.

1861 5532 2120 5603 Africani)
2149 5531 2264 5601 ipse
2292 5531 2452 5585 etiam
2484 5531 2714 5600 corrigat
2738 5545 2754 5594 ;
2785 5528 3042 5596 dicendus
3071 5525 3213 5580 enim
3239 5534 3322 5580 est
3345 5540 3440 5580 an-

1862 5643 1962 5682 nus
2004 5626 2125 5692 407,
2174 5640 2296 5679 nam
2339 5625 2390 5678 in
2438 5622 2647 5694 synodo
2681 5621 2877 5677 indicta
2907 5620 3071 5675 Basso
3100 5627 3154 5673 et
3193 5617 3440 5688 Philippo

1860 5731 2034 5786 coss.,
2086 5729 2227 5772 anno
2273 5715 2407 5775 408.
2456 5716 2658 5769 nullum
2703 5714 2963 5772 Placentii
3023 5729 3216 5773 nomen
3263 5724 3440 5770 sonat.
