3908 6312
498 299 603 360 295

1413 278 1965 343 SUPPLEMENTUM
2006 276 2095 331 AD
2135 274 2363 328 OPEBA
2402 273 2458 329 S.
2502 268 2889 329 AUGUSTINL

3645 282 3745 347 996

568 414 808 466 Ssvenns
839 407 1218 461 Mttevnssus.
1264 400 1433 453 Severi
1469 396 1747 447 Ecclesium
1776 392 1889 445 silet
1915 389 2077 442 colla-
2106 392 2156 448 Α
2183 387 2371 441 eodem
2412 388 2623 441 vivebat
2668 386 2825 440 etiam
2872 382 3195 436 Fortunatus
3246 376 3742 436 Constantina.an

501 506 574 557 tia
608 512 757 572 prout
801 500 936 552 edita
963 508 1067 561 est,
1093 492 1317 563 quamvis
1347 498 1407 542 de
1440 490 1623 541 Severo
1655 486 1875 553 loquitur
1914 483 2073 534 serius

500 592 861 661 Carthaginem
890 585 1106 657 appulsa
1132 601 1243 636 cum
1274 579 1610 633 novemdecim
1644 577 1758 628 aliis
1789 574 2073 637 catholicis,

498 700 713 755 quorum
766 681 1030 733 catholica:
1078 676 1319 728 Ecclesia;
1369 673 1717 740 appellantur,
1768 680 1873 721 etc.
1924 664 2073 717 Nulla

506 786 630 826 nuta
662 773 742 824 his
778 770 918 822 nolis
964 766 1146 821 inferri
1188 772 1381 832 potest.
1422 761 1677 827 Loquitur
1716 774 1777 811 ex
1812 772 1929 823 cap.
1972 754 2077 807 215

505 862 827 916 collationis.
854 858 1003 913 Sedit
1047 857 1278 910 Severus
1321 854 1495 906 Milevi
1536 862 1657 903 ante
1701 862 1897 899 annum
1948 844 2073 899 597.

507 955 721 1007 Mileum
750 951 943 1003 dicitur
965 948 1031 1000 ab
1057 948 1347 1007 Antonino,
1379 954 1433 997 et
1459 943 1551 996 luit
1580 942 1788 995 colonia
1812 958 1875 993 cx
1906 938 2079 991 Tabu-

506 1046 575 1099 lis
608 1041 1050 1109 Peutiugerianis.

579 1132 926 1185 Fou‘runs'ms
954 1129 1475 1181 Coxsnsrmeusts.
1509 1120 1633 1172 Fuit
1677 1137 1806 1171 umts
1845 1135 1871 1170 e
1894 1126 2078 1185 septem

507 1220 767 1275 catholicis
810 1218 896 1288 qui
935 1216 1257 1267 collationem
1297 1224 1472 1263 contra
1521 1209 1809 1261 Donatistas
1849 1221 2083 1274 suscepe-

509 1320 627 1365 runt
646 1328 663 1373 ;
682 1312 811 1361 sitne
837 1305 1287 1361 Constantiniensis
1310 1303 1537 1356 Ecclesia
1558 1301 1733 1354 eadem
1752 1314 1864 1365 qua
1886 1296 2082 1349 Cirten-

512 1402 604 1461 sis,
645 1402 905 1467 disputant
931 1397 1137 1448 eruditi.
1170 1395 1234 1447 Et
1271 1392 1512 1447 adductis
1534 1388 1859 1459 argumentis
1891 1386 2082 1455 quibus

513 1493 699 1547 eadem
740 1492 866 1543 urbs
898 1499 1124 1555 utroque
1161 1485 1320 1538 modo
1348 1484 1618 1537 nominata
1658 1488 1913 1547 apparet,
1961 1475 2077 1529 ait:

514 1581 658 1652 Cagit
699 1597 794 1642 me,
825 1578 939 1629 licet
980 1578 1333 1637 reluctantem,
1371 1582 1512 1624 tanta
1552 1572 1623 1623 vis
1664 1578 2080 1638 argumentorum

514 1676 743 1725 assenttr.‘
775 1670 962 1722 Crario
1000 1666 1355 1733 Pamelioque,
1390 1674 1534 1731 quem
1558 1662 1736 1712 ducem
1764 1667 1960 1711 secutus
1987 1665 2076 1708 est.

2180 494 2301 530 nam
2335 477 2424 529 lib.
2457 493 2468 526 ι
2508 488 2650 527 con'.
2686 474 2839 527 Pctil.
2870 512 2884 535 ,
2921 486 3035 537 cap.
3073 471 3130 532 Ι,
3181 467 3291 520 ait:
3336 464 3462 523 Cum
3503 479 3661 515 essem
3692 464 3744 516 in

2179 569 2405 623 Ecclesia
2437 564 2865 626 Constantinensi,
2910 561 3145 613 Absentio
3179 566 3455 627 prasente,
3490 566 3536 608 et
3561 554 3750 623 collega

2177 676 2287 710 meo
2318 657 2623 710 Fortunatio
2645 656 2753 723 ejus
2781 654 3036 723 episc0po.
3067 652 3133 703 At
3166 650 3256 703 lib.
3285 665 3319 702 ιι
3338 689 3353 711 ,
3380 662 3500 715 cap.
3534 647 3569 699 5
3589 686 3604 709 ,
3635 648 3750 699 lau-

2177 749 2309 802 dans
2352 750 2643 801 Romanam
2678 745 2967 799 Ecelesiam
2998 743 3072 795 ait
3098 760 3109 794 :
3141 742 3194 793 in
3218 757 3317 809 qua
3345 738 3495 790 hodie
3526 738 3749 789 Anastao

2176 842 2282 893 sius
2302 841 2458 893 sedet.
2488 838 2587 892 Ubi
2610 838 2762 891 vides
2782 837 2946 890 libros
2972 843 3156 890 contra
3182 833 3499 887 Petilianum
3526 834 3750 899 scriptos

2182 930 2347 983 fuisse
2378 945 2403 981 a
2438 929 2493 983 S.
2528 930 2783 990 doctore,
2830 928 3117 993 superstite
3164 924 3222 978 S.
3266 923 3549 977 Anastasio
3596 937 3749 989 papa,

2180 1020 2271 1085 qui
2302 1034 2421 1072 cum
2452 1018 2593 1071 diem
2640 1016 2833 1069 obierit
2866 1029 3007 1068 anno
3044 1014 3151 1068 402
3173 1054 3189 1078 ,
3230 1027 3567 1082 consequens
3615 1012 3672 1067 ﬁt
3698 1025 3751 1067 ut

2182 1110 2505 1163 Fortunatus
2535 1106 2999 1161 Constantincnsis
3038 1115 3160 1159 ante
3207 1120 3403 1159 annum
3446 1103 3551 1158 402
3598 1104 3749 1158 fuerit

2180 1203 2462 1269 episcopus
2502 1200 2866 1253 Constantina:
2891 1237 2907 1258 ,
2937 1196 3028 1261 qui
3056 1211 3175 1249 cum
3206 1194 3259 1249 in
3288 1194 3577 1248 collatione
3614 1209 3749 1247 sntio

2179 1297 2240 1349 Η
2261 1297 2305 1358 ι,
2336 1304 2387 1347 et
2418 1293 2470 1345 in
2502 1293 2706 1362 synodo
2725 1291 3022 1345 Milev.tana
3054 1302 3193 1341 anno
3221 1286 3347 1346 419.
3376 1302 3617 1355 prtesens
3642 1286 3750 1339 t'ue-

2182 1387 2271 1449 rit,
2304 1401 2444 1438 anno
2472 1385 2574 1438 407
2620 1384 2768 1451 juxta
2800 1380 3044 1436 Garnerii
3088 1378 3490 1446 chronologiam
3533 1378 3751 1433 sedebat

2183 1475 2545 1529 Constantina:
2570 1490 2671 1527 una
2701 1488 2822 1527 cum
2857 1472 3148 1525 Fortunato
3176 1470 3281 1523 alio
3307 1468 3534 1523 Cirtensi
3570 1468 3747 1522 Prolu-

2185 1567 2286 1618 turi
2318 1578 2649 1618 successore.
2685 1562 2760 1615 lta
2787 1562 2922 1615 duos
2952 1560 3269 1613 Fortunatos
3298 1574 3361 1613 ex
3394 1574 3498 1611 uno
3530 1557 3747 1622 faciens,

2188 1656 2413 1709 l‘alulam
2446 1654 2513 1708 de
2559 1654 2765 1707 duobus
2802 1650 3143 1705 Mentecltmis
3173 1650 3313 1704 belle
3358 1648 3548 1704 iterum
3602 1647 3743 1701 ludit.

520 1767 818 1828 Quanquam
847 1760 1009 1825 prima
1033 1757 1164 1808 ratio
1186 1772 1283 1823 qua
1317 1756 1469 1805 utitur
1494 1752 1699 1803 omnino
1741 1749 1945 1814 infirma
1972 1755 2084 1809 est;
2116 1731 2163 1788 Β
2260 1748 2524 1800 Ροεειιιιιιε
2550 1746 2901 1797 Caucasus.
2930 1742 3049 1794 Fuit
3073 1752 3118 1793 et
3141 1742 3248 1810 ipse
3276 1739 3577 1793 collatorum
3606 1756 3744 1803 unus,

515 1853 760 1921 siquidem
799 1848 1110 1900 Fortunatus
1144 1846 1229 1897 ille
1259 1843 1499 1896 Cirtensis
1532 1857 1675 1909 quem
1713 1847 1955 1890 memorat
1982 1836 2087 1887 Au-

517 1944 741 2012 gustinus
774 1938 861 1991 lib.
896 1941 957 1990 de
992 1937 1153 1990 Unico
1180 1934 1440 2002 Baptismo
1468 1948 1583 2000 cap.
1617 1928 1680 1983 16
1702 1970 1717 1994 ,
1756 1928 1981 1980 diversus
2017 1937 2090 1978 est

518 2028 698 2097 procul
723 2028 877 2080 dubio
900 2044 929 2077 a
954 2023 1266 2085 Fortunato,
1290 2038 1435 2089 quem
1464 2022 1551 2074 lib.
1588 2035 1643 2072 ιιι
1672 2029 1848 2072 contra
1877 2014 2091 2068 Petilia-

519 2134 659 2181 num,
702 2134 815 2184 cap.
852 2117 901 2178 1,
937 2124 980 2168 et
1012 2115 1099 2165 lib.
1124 2129 1201 2179 ιιι,
1240 2129 1355 2180 cap.
1384 2110 1472 2174 58,
1502 2108 1974 2162 Constantinensem
2005 2120 2093 2156 vo-

518 2216 597 2259 cat
621 2222 636 2258 :
664 2208 747 2258 ille
763 2206 895 2257 enim
926 2202 1219 2255 Possidium
1243 2202 1488 2268 dignitate
1518 2196 1794 2266 episcopali
1818 2192 2091 2264 prcecessit,

520 2298 612 2349 istc
648 2306 841 2348 secutus
869 2304 960 2347 est.
991 2293 1230 2345 Cirtensis
1257 2291 1506 2358 siquidem
1548 2287 1867 2354 paucissimis
1895 2286 2043 2337 annis
2069 2323 2085 2349 ,

521 2399 790 2454 antequam
820 2384 1129 2454 Augustinus
1159 2382 1342 2433 librum
1375 2381 1435 2431 de
1467 2376 1631 2431 Unico
1661 2377 1923 2443 Baptismo
1963 2375 2094 2427 scri—

524 2476 655 2529 beret
686 2474 952 2544 (scribebat
990 2488 1105 2524 vero
1133 2487 1268 2523 anno
1295 2468 1445 2539 407),
1487 2468 1723 2521 successit
1772 2464 2053 2531 Profuturo
2076 2504 2091 2529 ,

522 2582 637 2619 cum
666 2575 829 2616 tamen
866 2552 1127 2615 Possidius
1149 2568 1262 2612 ante
1290 2576 1481 2612 annum
1504 2557 1608 2612 594
1638 2557 1902 2627 episcopus
1928 2564 2051 2608 esset
2078 2572 2096 2619 ;

530 2663 584 2705 at
611 2650 1043 2707 Constantinensis
1073 2638 1383 2718 prlecedebat
1415 2646 1729 2709 Possidium,
1757 2655 1809 2697 ut
1830 2660 1893 2696 ea:
1927 2642 2098 2695 multis

524 2744 974 2811 subscriptionibus
1017 2749 1233 2795 constat.
1286 2739 1483 2795 Scribit
1537 2737 1784 2792 Aurelius
1832 2736 2014 2789 Victor
2042 2734 2096 2787 in

526 2838 663 2890 libro
703 2838 769 2889 de
807 2834 1105 2889 Caesaribus
1130 2876 1143 2896 ,
1177 2834 1318 2885 victo
1360 2846 1499 2884 anno
1546 2830 1648 2884 ’508
1696 2844 1725 2881 a
1752 2828 2099 2882 Constantino

526 2940 692 2994 prope
719 2925 949 2978 Milvinm
992 2932 1204 2991 pontem
1236 2922 1537 2983 Maxentio,
1570 2936 1595 2969 τι
1641 2930 1827 2972 senatu
1858 2920 2098 2971 Romano

527 3014 681 3067 Cirta:
702 3014 909 3083 oppido,
939 3012 1074 3078 quod
1105 3012 1363 3063 obsidione
1389 3010 1668 3061 Alexandri
1697 3011 1976 3071 ceciderat,
2018 3026 2098 3061 re-

2190 1845 2291 1891 irno
2333 1838 2624 1890 individuus
2670 1840 2773 1905 fere
2810 1832 3238 1904 quemadmodum
3273 1842 3320 1885 et
3346 1832 3545 1901 Alipius
3588 1830 3746 1899 Augu-

2192 1932 2309 1984 stini
2348 1932 2401 1983 in
2440 1931 2585 1982 rebus
2630 1928 2871 1981 Ecclesiw
2908 1925 3123 1995 agendis
3171 1924 3359 1987 socius,
3410 1932 3518 1979 etc.
3571 1922 3745 1975 Omnia

2194 2024 2328 2077 bene
2353 2036 2410 2074 se
2434 2020 2629 2073 habent
2655 2036 2667 2082 ;
2697 2019 2788 2071 sed
2812 2016 2951 2086 quod
2978 2014 3217 2082 proxime
3240 2014 3291 2066 in
3314 2013 3452 2066 notis
3478 2012 3542 2065 ad
3575 2012 3746 2065 Fortu-

2195 2124 2374 2166 natum
2428 2111 2557 2165 dicit
2605 2108 2898 2163 Passidium
2950 2114 3068 2157 ante
3108 2119 3299 2155 annum
3341 2101 3443 2155 494
3476 2103 3747 2172 rpiscopunt

2196 2204 2371 2272 fuisse,
2421 2199 2833 2254 anaclironismo
2880 2203 3067 2249 scatet.
3122 2192 3240 2259 Ipse
3292 2190 3562 2245 Possidius
3613 2190 3748 2244 Cala-

2196 2293 2394 2347 mensis
2441 2291 2492 2345 in
2536 2289 2630 2343 lib.
2662 2287 2729 2341 de
2776 2287 2891 2340 Vita
2939 2280 3220 2352 Augustini
3260 2295 3378 2349 cap.
3424 2279 3456 2333 8
3487 2278 3668 2333 scribit
3700 2278 3748 2331 S.

2196 2383 2468 2437 doctorem
2514 2379 2757 2446 llippone
2786 2381 3156 2430 consecratum
3182 2388 3213 2425 a
3256 2372 3467 2441 primate
3506 2368 3748 2422 Numidia:

2199 2471 2420 2541 Megalia
2452 2468 2738 2523 Coloniensi
2763 2467 3016 2537 episcOpo.
3050 2463 3118 2516 At
3145 2461 3469 2532 Augustinus
3507 2475 3573 2512 ex
3603 2458 3749 2512 Cliro.

2200 2564 2317 2616 nico
2349 2562 2409 2615 D.
2440 2559 2689 2627 t’rusperi
2720 2557 2819 2610 viri
2859 2565 2915 2610 et
2942 2553 3200 2608 comtanei
3230 2560 3283 2605 et
3311 2550 3657 2627 amicissimi,
3683 2548 3749 2600 in-

2199 2663 2483 2719 auguratus
2535 2657 2619 2703 est
2660 2648 2883 2700 antistes
2938 2644 3152 2715 Olybrio
3199 2652 3250 2696 et
3293 2641 3525 2695 Probino
3584 2624 3747 2701 coss...

2200 2758 2341 2795 anno
2366 2741 2489 2795 595.
2514 2742 2688 2805 Quare
2719 2738 2955 2791 nondum
2981 2738 3068 2788 illo
3097 2749 3237 2788 anno
3267 2733 3519 2802 Megalius
3546 2733 3747 2783 obierat.

2200 2834 2460 2886 Caaterum
2490 2832 2833 2884 Fortunatum
2857 2826 3376 2892 Constantinensem,
3401 2834 3455 2879 et
3477 2824 3749 2877 Possidium

2198 2924 2565 2976 Calamensem
2618 2922 2891 2975 ordinatos
2940 2920 3105 2973 fuisse
3160 2934 3299 2971 anno
3349 2918 3452 2971 597
3502 2916 3749 2969 evidenter

2200 3011 2409 3067 ostendi
2434 3012 2525 3065 lib.
2555 3027 2589 3063 ιι
2616 3012 2858 3063 Historia:
2883 3008 3197 3079 Pelagiana},
3222 3022 3340 3077 cap.
3364 3007 3416 3061 8.

528 3110 721 3177 pasito,
754 3118 1091 3171 exornatoque
1115 3118 1296 3155 nomen
1324 3100 1659 3154 Constantina
1690 3102 1928 3153 inditum.
1966 3100 2098 3155 Hinc

2277 3104 2525 3159 Novarus
2550 3104 2864 3157 Ststrsusts.
2894 3099 2979 3153 Ita
2998 3100 3183 3171 legitur
3210 3101 3263 3152 in
3296 3098 3582 3152 collatione.
3631 3096 3753 3151 Sini-

528 3198 790 3251 Constans
838 3202 892 3247 ct
929 3191 1271 3245 Constantius
1309 3191 1647 3245 Constantini
1704 3192 1798 3245 lilii
1840 3192 2103 3244 dederunt

531 3286 845 3353 rescriptum
906 3282 1089 3333 Ordini
1138 3282 1353 3333 civitatis
1407 3280 1752 3333 Constantium
1796 3279 2103 3333 Cirtensium

533 3377 639 3445 lege
664 3375 732 3427 2'.)
757 3374 819 3427 de
846 3370 1202 3425 decurionibus
1232 3369 1346 3423 cod.
1374 3368 1570 3423 Theod.
1608 3370 1932 3439 Augustinus
1954 3370 2049 3423 lib.
2088 3385 2102 3423 ι

535 3481 659 3518 (τιιιι.
680 3463 833 3517 Petti.
860 3478 979 3531 cap.
1003 3462 1060 3524 2,
1088 3462 1161 3514 ait
1188 3477 1204 3516 :
1236 3460 1301 3513 ln
1325 3462 1498 3515 eadem
1522 3461 1959 3516 Constantiniense
1979 3462 2103 3514 civi-

534 3566 633 3607 ta'e
656 3553 939 3623 Sglvanum
964 3553 1254 3621 episcOpum
1281 3552 1498 3622 majores
1520 3554 1668 3605 vestri
1689 3553 1742 3605 in
1765 3554 1875 3622 ipso
1895 3553 2104 3606 exordio

532 3646 613 3698 sui
644 3643 929 3697 schismatis
971 3643 1345 3695 ordinaverunt.
1376 3642 1433 3695 In
1473 3642 1609 3695 libro
1639 3658 1763 3697 vero
1795 3645 1950 3696 tertio
1978 3657 2107 3695 con-

534 3748 613 3792 tra
653 3734 996 3789 Cresconium
1021 3748 1137 3801 cap.
1168 3732 1259 3800 27,
1289 3732 1568 3800 Sylvanum
1600 3730 1874 3785 Cirtensem
1903 3747 2109 3785 nuncu-

534 3836 643 3897 pat.
677 3830 743 3882 Et
771 3831 863 3883 lib.
892 3844 950 3882 ιιι
972 3843 1091 3883 con.
1129 3818 1437 3880 Petilianum
1469 3826 1777 3894 episcopum
1804 3824 2107 3881 Constanti-

540 3932 761 3969 nensetn
796 3918 1123 3971 Donatistam
1150 3916 1217 3967 ait
1247 3932 1259 3966 :
1284 3913 1395 3983 Ego
1415 3917 1799 3969 commemoravi
1828 3916 2108 3985 Sylvnnum

537 4003 838 4067 Cirtensem,
864 4006 943 4056 cui
964 4004 1269 4071 quibusdam
1292 4003 1602 4069 interpositis
1617 4004 1764 4056 etiam
1786 4006 1891 4074 ipse
1911 4022 2107 4059 succes-

540 4098 624 4148 sit.
650 4092 751 4147 Ubi
773 4094 1085 4148 Petilianum
1106 4094 1319 4164 Sylvaui
1341 4095 1830 4148 concathedraneum
1856 4099 2104 4164 appellat.

539 4183 766 4251 Legatur
786 4185 938 4251 epist.
974 4184 1075 4238 165
1094 4227 1107 4248 ,
1142 4186 1373 4253 itemque
1402 4192 1551 4254 gesta
1578 4186 1678 4240 sub
1707 4186 1973 4239 consulari
1997 4187 2106 4240 Nu-

541 4274 718 4328 midia:
748 4267 1060 4343 ZenOpbilo.
1090 4274 1221 4327 lliuc
1248 4274 1384 4327 idem
1412 4275 1469 4329 S.
1499 4274 1685 4328 doctor
1713 4274 2021 4329 Petilianum
2055 4286 2107 4330 et

540 4364 886 4417 Fortunatum
920 4363 1077 4416 modo
1116 4362 1420 4426 Cirtenses,
1451 4364 1609 4416 modo
1636 4365 2106 4418 Constantinenscs

2212 3197 2370 3249 tensis
2401 3205 2565 3247 autem
2598 3192 2837 3246 Ecclesia:
2864 3192 3089 3245 meminit
3120 3191 3432 3259 Augustinus
3462 3190 3606 3257 epist.
3645 3186 3753 3250 123,

2206 3304 2317 3357 qua:
2334 3296 2405 3339 est
2428 3289 2494 3338 ad
2521 3284 2808 3347 Donatum;
2831 3283 3055 3336 meminit
3088 3283 3276 3350 pariter
3299 3280 3349 3333 Ν
3355 3280 3500 3332 otitia
3516 3280 3757 3348 episcopo-

2213 3394 2330 3430 rum
2364 3376 2642 3442 Numidiae,
2678 3378 2730 3429 in
2768 3391 2867 3444 qua
2894 3373 3131 3426 scribitur
3177 3372 3466 3441 Stephanus
3506 3368 3760 3423 Sinitensis

2209 3468 2259 3521 in
2284 3468 2515 3521 exsilium
2544 3467 2739 3533 pulsus.
2771 3464 2897 3531 Quae
2919 3478 3071 3529 porro
3100 3463 3272 3530 fuerit,
3298 3471 3343 3514 et
3369 3462 3453 3513 ubi
3475 3461 3634 3525 posita
3652 3459 3763 3509 ciri-

2212 3567 2291 3610 tas
2329 3558 2420 3610 illa
2450 3558 2695 3609 incertum
2738 3565 2851 3617 est;
2889 3553 2988 3606 nisi
3025 3552 3159 3619 quod
3192 3568 3253 3604 ea:
3292 3552 3566 3619 Augustino
3606 3548 3767 3614 colligs

2218 3659 2375 3716 potest
2404 3665 2502 3702 non
2531 3646 2712 3717 procul
2738 3646 2799 3699 ab
2820 3647 2941 3699 urbe
2969 3644 3291 3712 Hipponensi
3311 3644 3549 3712 abfuisse.
3577 3643 3649 3693 An
3672 3657 3767 3692 non

2212 3740 2404 3792 idcirco
2431 3740 2595 3808 putari
2620 3746 2782 3804 potest
2809 3751 2913 3789 esse
2940 3734 3139 3789 Sinistu
3167 3734 3383 3795 colonia,
3417 3733 3563 3800 cujus
3594 3732 3768 3782 mentio

2218 3831 2274 3898 fit
2288 3830 2425 3896 apud
2443 3830 2752 3882 Antoninum
2774 3829 2824 3879 in
2841 3826 3031 3880 Itinere
3050 3826 3112 3879 ab
3134 3825 3377 3895 Hippone
3398 3824 3763 3893 Carthaginem,

2211 3921 2493 3989 diciturque
2528 3920 2766 3987 Hippone
2794 3920 2988 3971 distare
3014 3934 3089 3972 ιιι.
3122 3934 3176 3970 ιι.
3202 3932 3361 3971 Lxxx.
3395 3932 3450 3969 ιι.
3483 3913 3767 3968 u.?0mnia

2210 4012 2366 4083 plane
2404 4011 2668 4078 susdeque
2694 4010 2965 4079 pervertit,
2990 4010 3147 4062 urbes
3174 4023 3242 4062 ex
3276 4022 3379 4061 una
3409 4008 3459 4060 in
3488 4007 3640 4059 aliam
3664 4019 3765 4074 pro-

2211 4104 2436 4158 vinciam
2470 4112 2708 4171 portans,
2735 4110 2905 4153 textus
2938 4099 3234 4153 collationis
3273 4106 3327 4151 et
3356 4098 3607 4151 Antenini
3652 4108 3765 4164 pes-

2216 4195 2350 4247 sime
2394 4208 2762 4260 corrumpens.
2816 4191 2871 4243 In
2910 4204 3025 4256 cap.
3083 4188 3183 4241 143
3226 4188 3522 4240 collationis
3569 4186 3765 4253 legitur,

2217 4285 2445 4337 Novatus
2481 4285 2746 4350 episcopus
2776 4281 3019 4333 Ecclesia!
3058 4279 3363 4345 Sitifensis;
3402 4285 3458 4330 et
3492 4291 3611 4344 cap.
3651 4274 3764 4333 204.

2214 4372 2446 4425 Novatus
2484 4374 2752 4440 episcopus
2783 4369 3021 4423 Ecclesia:
3049 4370 3310 4421 catholica?
3343 4367 3502 4433 Sitifi.
3546 4367 3669 4420 Erat
3694 4365 3766 4419 Si-

538 4454 820 4523 episcopos
849 4453 978 4507 dicit
999 4492 1015 4517 ,
1045 4462 1101 4506 ut
1138 4452 1376 4521 pluribus
1404 4454 1611 4507 ostendi
1640 4455 1731 4507 lib.
1765 4470 1799 4507 ιι
1841 4454 1973 4507 Hist.
2010 4454 2106 4508 Pe-
2134 4424 2186 4483 Β
2217 4463 2322 4517 litis
2351 4424 2577 4517 celabas
2606 4424 2929 4515 Mauritania:
2956 4458 3113 4522 urbs,
3159 4466 3244 4521 et,
3284 4465 3343 4510 ut
3376 4424 3456 4508 ait.
3492 4454 3765 4522 Procopius

539 4545 669 4616 lag.,
698 4559 813 4613 cap.
841 4544 895 4599 8.
922 4544 1047 4597 Haec
1070 4552 1193 4597 sunt
1221 4543 1517 4597 evidentia:
1549 4554 1603 4597 at
1633 4544 1921 4598 Garnerius
1950 4555 2108 4598 testa-

534 4646 622 4691 tur
652 4653 705 4690 se
742 4640 1071 4689 reluctantem
1102 4635 1153 4687 in
1203 4635 1341 4688 hanc
1384 4637 1700 4689 sententiam
1742 4622 2102 4706 descendere;

537 4729 767 4783 malebat
796 4730 937 4783 enim
967 4728 1366 4783 Constantinam
1394 4742 1424 4781 a
1464 4727 1605 4782 Cirta
1636 4729 1981 4799 distinguere,
2026 4742 2105 4797 ut,

540 4820 631 4881 qui
674 4820 831 4873 toties
860 4821 993 4873 duas
1036 4820 1088 4874 in
1120 4833 1277 4872 unam
1309 4818 1492 4873 urbem
1525 4820 1785 4883 ceuludit,
1820 4821 1905 4875 hic
1942 4838 2101 4878 unam

537 4906 591 4959 in
620 4907 752 4960 duas
776 4908 1084 4964 dissecaret.
1120 4909 1314 4963 Verum
1346 4910 1485 4977 quod
1512 4910 1579 4965 de
1606 4911 1823 4966 urbibus
1854 4913 2107 4978 malebat,

540 4995 643 5048 hoc
666 4995 734 5049 de
756 4999 1021 5067 episcOpis
1049 4998 1192 5066 fecit,
1219 5000 1345 5055 dum
1380 5000 1727 5056 Fortunatum
1756 4999 2051 5057 Cirtensem
2077 5018 2107 5057 a

539 5085 836 5139 Fortunato
896 5087 1327 5145 Constantinensi
1382 5092 1650 5148 diversum
1720 5096 2105 5162 pronuntiavit.

539 5175 738 5231 Scribit
777 5175 889 5230 haec
919 5178 1242 5247 Augustinus
1271 5182 1410 5236 libro
1447 5184 1662 5239 laudato
1697 5186 1763 5240 de
1798 5186 1973 5255 ,Unico
2002 5187 2106 5240 Ba-

538 5270 756 5338 ptismo,
786 5280 902 5335 cap.
937 5268 1004 5322 16
1028 5284 1039 5319 :
1075 5266 1297 5324 Proinde
1317 5272 1358 5322 si
1381 5270 1691 5341 Profuturus
1717 5285 1832 5328 ante
1859 5278 2107 5345 paucissi-

539 5378 648 5416 mos
672 5378 832 5417 annos
858 5362 1156 5431 defunctus,
1189 5374 1235 5416 et
1275 5362 1622 5430 Fortunatus,
1664 5370 1749 5436 qui
1791 5370 1844 5421 in
1893 5384 2106 5437 corpore

538 5454 708 5507 adhuc
729 5462 821 5518 est,
845 5462 996 5524 atque
1020 5455 1098 5507 illi
1126 5456 1358 5509 successit
1388 5456 1643 5525 episcopo,
1668 5468 1773 5512 etc.
1807 5458 1990 5528 Itaque
2018 5476 2108 5513 an.

540 5543 662 5606 ΜΠ.
691 5560 809 5599 cum
842 5545 955 5600 haec
983 5546 1240 5601 scriberet
1282 5544 1630 5614 Augustinus,
1672 5546 1885 5601 vivebat
1918 5549 2116 5605 Fortu-

543 5642 697 5687 natus
740 5633 1009 5690 Protutur't
1049 5637 1103 5690 in
1151 5636 1375 5691 Cirtensi
1424 5634 1553 5691 sede
1597 5648 1899 5692 successor.
1946 5637 2115 5694 Porro

2215 4554 2307 4608 lib.
2336 4569 2369 4606 ιι
2404 4553 2467 4606 de
2500 4552 2643 4605 Bello
2680 4548 2988 4613 Vandalico,
3013 4558 3165 4615 caput
3191 4546 3406 4617 regionis
3441 4544 3619 4610 Zabis,
3649 4546 3766 4596 ultra

2214 4644 2486 4698 Aurasium
2516 4652 2735 4695 montem
2776 4643 2907 4705 sitat,
2948 4655 2976 4693 a
3019 4656 3119 4709 qua
3166 4637 3475 4692 Mauritania
3517 4633 3764 4690 Sitifensis

2214 4734 2395 4803 quinta
2424 4732 2781 4787 ecclesiastica
2814 4731 2864 4784 in
2888 4731 3060 4785 Africa
3092 4728 3363 4799 provincia
3386 4726 3760 4782 denominaba-

2219 4834 2323 4879 tur.
2351 4823 2406 4877 In
2445 4823 2640 4878 Codice
2674 4822 2924 4876 Africano
2964 4834 3081 4889 cap.
3124 4819 3225 4873 127
3265 4818 3509 4874 laudatur
3551 4816 3763 4871 Novatus

2222 4915 2480 4986 Sitifensis
2508 4915 2699 4984 legatus
2730 4912 3059 4965 Mauritania:
3084 4909 3363 4979 Sitifensis.
3406 4908 3695 4963 Garnerius
3719 4910 3765 4956 ut

2218 5004 2474 5059 Novatum
2504 5006 2641 5058 inter
2665 5002 2919 5057 Numidas
2952 5010 3248 5062 recenseat,
3279 5014 3341 5053 ex
3373 4997 3611 5053 Sitifensi
3662 4996 3762 5051 fecit

2219 5095 2561 5152 Sinitenscm.
2605 5094 2733 5147 Erat
2764 5092 2929 5148 Sitilis
2968 5091 3203 5161 proxima
3236 5089 3529 5150 Numidiae.
3580 5088 3763 5142 distans

2218 5186 2443 5241 Guiculo
2482 5185 2612 5239 urbe
2642 5183 2914 5238 Numidica
2941 5198 3005 5238 ex
3031 5184 3300 5238 Antonino
3324 5181 3487 5236 millia
3531 5188 3760 5249 passuum

2221 5274 2682 5344 vigintiquinque,
2716 5275 2978 5343 Ampsaga
3014 5272 3179 5326 ﬂuvio
3220 5272 3359 5326 inter
3384 5279 3663 5337 utramque
3687 5277 3764 5331 p0-

2216 5366 2339 5421 sito.
2371 5366 2638 5434 Nusquam
2672 5363 2970 5418 Antoninus
3009 5364 3250 5418 meminit
3280 5362 3475 5417 Sinistu
3517 5360 3569 5413 in
3594 5360 3763 5411 itinere

2218 5455 2457 5525 Hippone
2483 5453 2647 5524 Regio
2669 5452 3042 5523 Carthaginem
3066 5470 3077 5505 :
3104 5452 3289 5507 scribit
3318 5452 3460 5505 enim
3486 5466 3499 5501 :
3538 5440 3761 5501 Onellabd

2218 5566 2274 5603 υ.
2301 5566 2351 5604 ι).
2374 5565 2424 5602 ι..
2455 5548 2533 5601 Ad
2561 5549 2730 5619 Aquas
2756 5563 2811 5603 It.
2838 5565 2886 5601 ι».
2919 5562 3039 5601 xxv.
3072 5547 3285 5602 Simittu
3310 5561 3366 5599 ιι.
3396 5559 3447 5598 ιι.
3492 5557 3543 5595 v.
3578 5538 3760 5593 Bullati!

2222 5640 2430 5697 Beoiam
2458 5655 2550 5696 vu.
2596 5643 2663 5695 At
2690 5639 2778 5695 ille
2803 5654 2869 5695 ex
2897 5639 3112 5694 Simittu
3148 5636 3324 5694 reddit
3352 5634 3573 5691 Sinistu.
3614 5630 3760 5685 Porro
