3908 6384
212 333 293 387 29⁸)
898 333 1237 389 νΑῐὶιοιιυδ.
1280 331 1780 387 LXERCITATION

1913 331 1974 385 IN
2012 334 2049 388 S
2102 335 2462 392 AUCUSTINI
2503 339 2755 395 OPIZRA.

3349 343 3453 396 298

213 449 257 503 Si
280 446 403 498 nittu
432 453 550 498 erat
592 445 644 498 in
676 445 1048 499 Proconsulari
1084 446 1384 515 provincia;
1421 460 1539 498 nam
1592 445 1642 498 in
1683 461 1768 515 sy-
1801 450 1846 504 A
1880 447 2053 501 tilensi
2083 450 2298 504 dimensi
2333 452 2384 504 in
2412 451 2711 506 Numidiam
2753 454 2924 523 rapit,
2966 455 3052 507 ubi
3107 457 3242 524 apud
3291 473 3450 511 unum

213 537 377 592 nodica
399 545 508 588 act.
534 536 590 598 ἓ,
627 536 674 601 I,
704 535 915 588 concilii
938 534 993 589 S.
1024 535 1235 589 Martini
1269 537 1460 604 legitur
1487 534 1772 590 Bcnenatus

213 627 483 682 Simitensis
513 626 655 679 inter
686 625 871 679 Patres
902 627 1331 694 proconsulares,
1377 636 1432 681 et
1474 627 1523 680 in
1570 627 1774 696 synodo

208 719 316 772 anni
345 717 448 771 H9
485 717 782 770 Adeodatus
813 717 1182 784 Simittuensis,
1210 726 1264 772 et
1293 733 1413 786 cap.
1457 719 1563 773 125
1610 719 1775 772 colla-

207 807 352 860 tionis
397 807 705 858 nominatur
749 805 1036 859 Benenalus
1084 807 1414 870 Simittensis,
1461 810 1550 878 qui
1600 810 1770 863 dixit:

209 901 308 954 Nec
353 901 516 952 habeo
557 899 757 963 alium,
809 915 898 952 nec
934 901 1216 956 lttcreticos.
1271 901 1466 956 Verum
1511 917 1628 970 cap.
1669 902 1776 957 ἳοὲ

201 992 489 1045 Cresconius
521 994 790 1059 ep’scOpus
819 989 1097 1045 Siniteusis
1137 1007 1256 1045 cum
1292 993 1580 1047 Donatistis
1607 994 1775 1048 nomi-

201 1091 373 1146 Ilillllr;
422 1081 511 1134 ubi
549 1095 676 1133 vero
714 1082 825 1133 haec
866 1081 992 1136 urbs
1025 1082 1183 1137 fuerit
1217 1083 1390 1138 dicam
1432 1099 1529 1138 suo
1558 1084 1775 1140 inferius

201 1177 311 1228 loco
337 1172 403 1226 ad
430 1181 586 1225 notas
611 1172 661 1224 in
693 1171 990 1226 Lucuuuu.

257 1267 539 1321 Sscuxnus
597 1265 961 1320 Rusmmxsus.
1014 1266 1100 1319 Ita
1149 1267 1334 1337 legitur
1377 1269 1429 1321 in
1480 1270 1772 1324 collatione.

202 1358 514 1411 Pertinuisse
540 1374 658 1411 vero
682 1357 974 1412 Secundum
1002 1375 1116 1412 cum
1147 1376 1239 1413 sua
1280 1361 1508 1415 Ecclesia
1542 1363 1611 1415 ad
1651 1380 1773 1430 pro-

195 1451 406 1502 rinciam
435 1449 701 1503 Numidia:
727 1459 927 1503 constat
963 1466 1024 1504 ea:
1065 1467 1182 1504 can.
1221 1451 1320 1507 100
1354 1451 1480 1506 Cod.
1517 1453 1776 1523 Africante

196 1539 476 1603 Ecclesiae;
507 1541 591 1593 ubi
617 1540 802 1592 dicitur
823 1541 1009 1594 electus
1039 1557 1071 1594 a
1103 1540 1391 1594 .‘llaurentio
1427 1558 1520 1611 pro
1551 1558 1652 1595 uno
1682 1546 1774 1613 ju-

194 1630 356 1683 dicum
377 1631 546 1682 suain
573 1645 749 1692 causa,
780 1631 920 1699 apud
946 1631 1214 1701 primatem
1263 1631 1523 1685 Numidia:
1548 1632 1774 1698 Xantip-

195 1737 329 1786 pum.
362 1719 507 1772 Nam
533 1721 624 1773 alii
645 1736 818 1774 omnes
845 1721 1069 1790 episcopi
1112 1721 1358 1776 Numida:
1385 1734 1525 1790 sunt,
1557 1735 1604 1778 et
1631 1726 1776 1795 judi-

1879 539 2194 594 Garnerimn
2229 542 2405 610 illopta
2427 542 2738 597 CIIIIOCIIIIII'.
2767 543 2824 597 In
2847 542 3064 598 Tabulis
3093 545 3446 616 I‘eutingeiiac

1877 631 1960 684 nis
1990 632 2041 685 in
2070 632 2376 686 Mauritania
2405 633 2644 688 Sitifensi
2695 636 2946 689 scribitur
2982 653 2993 688 :
3044 634 3210 706 Mapti
3237 638 3451 690 munici-

1879 721 2040 787 pium.
2062 721 2132 776 At
2161 722 2250 775 ille
2276 723 2616 791 municipium
2649 739 2743 793 pro
2766 725 3049 795 Municipio
3071 728 3288 796 oppido,
3308 731 3447 798 quod

1878 820 1993 866 erat
2023 812 2076 866 in
2104 814 2146 867 N
2173 816 2371 879 ‘inidia,
2402 815 2658 881 obtrudit,
2693 832 2811 871 cum
2843 817 3014 886 Mopta
3045 817 3314 873 diceretur
3334 836 3451 876 ιιιυο

1878 903 2157 972 nicipium,
2186 905 2326 974 quod
2377 921 2478 959 non
2519 915 2630 959 erat
2667 907 2875 961 colonia
2902 923 2994 962 seu
3027 909 3152 962 urbs
3181 909 3332 962 Latio
3357 910 3455 965 do-

1880 1003 2022 1057 nata,
2053 997 2145 1050 sed
2179 996 2392 1050 vivebat
2423 997 2537 1066 lege
2566 999 2899 1068 municipali;
2928 1009 2980 1054 et
3012 1000 3063 1055 in
3105 1002 3327 1056 laudatis
3351 1003 3451 1057 Ta-

1881 1089 2020 1143 bulis
2071 1089 2262 1157 oppida
2315 1104 2434 1158 qua:
2483 1092 2766 1159 municipia
2831 1092 2914 1146 vel
2971 1094 3194 1147 Colonia:
3259 1094 3456 1149 fuerint

1879 1179 2077 1246 Optime
2102 1179 2551 1233 demonstrantur.
2599 1181 2750 1247 Quod
2807 1196 2933 1237 vero
2987 1183 3095 1238 Leo
3147 1185 3198 1238 in
3248 1186 3452 1256 synodo

1879 1283 2005 1321 ann.
2029 1268 2131 1323 419
2161 1268 2356 1322 dicitur
2382 1269 2688 1334 Mnetensis,
2733 1272 2988 1328 mendose
3018 1275 3294 1340 scribitur;
3328 1292 3448 1330 nam

1879 1373 1943 1413 ex
1966 1360 2190 1414 vetustis
2219 1360 2493 1413 codicibus
2525 1360 2762 1414 Vaticani
2806 1361 3049 1418 Labbcus
3082 1373 3209 1418 tom.
3245 1365 3286 1419 II
3314 1366 3455 1422 Con-

1881 1451 1972 1504 cil.
2005 1466 2123 1520 pag.
2156 1450 2312 1517 1670,
2334 1451 2571 1518 reposuit
2601 1451 2899 1523 Mcplenrt's.

1952 1541 2340 1596 Facsvtsiasus
2378 1541 2804 1597 Tmecansnsrs.
2834 1541 2919 1596 Ita
2952 1544 3002 1597 in
3036 1543 3328 1599 collatione.
3361 1543 3455 1599 Est

1880 1643 2053 1687 autem
2084 1650 2238 1703 prape
2268 1633 2559 1687 Tltecestam
2606 1634 2858 1688 coloniam
2899 1637 2953 1689 in
2984 1636 3234 1690 Numidia
3266 1637 3457 1691 Tumu-

1883 1723 2012 1794 gade
2039 1724 2211 1777 civitas
2238 1733 2356 1776 nota
2386 1723 2692 1795 Augustino,
2718 1726 2996 1790 Antonino,
3037 1725 3234 1793 Plinio,
3281 1727 3457 1781 Ptole-

192 1812 321 1864 cium
347 1811 480 1864 illud
505 1813 813 1879 provinciale
843 1812 962 1881 fuit.
1015 1811 1118 1866 Tot
1154 1824 1278 1867 sunt
1309 1814 1358 1867 in
1388 1815 1572 1883 paucis
1597 1815 1775 1870 verbis
1806 1804 1852 1865 Β
1885 1830 2030 1880 moro,
2070 1824 2116 1867 et
2143 1815 2279 1867 aliis.
2313 1814 2628 1884 Neutiquam
2659 1824 2841 1870 notum
2881 1825 2966 1872 est.
3007 1815 3272 1872 Antonino
3314 1817 3456 1870 Tha-

198 1915 396 1965 τηλία,
425 1914 482 1956 ut
511 1904 648 1957 unde
673 1918 954 1958 censuram
985 1903 1232 1958 exordiar
1263 1906 1520 1974 ignorem.
1549 1905 1777 1960 Ilaarebo

191 1997 430 2065 ejusdem
464 1996 721 2064 vestigiis,
749 2004 809 2050 ut
836 1994 1062 2051 subinde
1090 1995 1354 2050 labentem
1390 1998 1441 2051 in
1475 1997 1638 2064 pedes
1666 1997 1775 2051 eri-

193 2087 685 2157 gam.EratI{uspa
714 2087 924 2158 Byzacii
951 2087 1098 2154 urbs,
1149 2101 1308 2156 quam
1357 2087 1414 2142 S.
1462 2087 1775 2153 Fulgentius

193 2193 242 2236 et
269 2183 396 2236 vim
428 2182 713 2237 sancti’ate
750 2190 805 2238 et
835 2182 1157 2250 scriptorum
1193 2183 1508 2236 excellentia
1541 2183 1776 2237 illustra-

194 2275 282 2327 vit.
313 2273 588 2326 Laudatur
628 2273 680 2326 in
702 2271 896 2327 Notitia
927 2272 1198 2342 Byzacena
1223 2272 1516 2343 Stephanus
1544 2274 1778 2344 Ruspen-

196 2368 284 2431 sis,
317 2375 372 2418 rt
404 2365 455 2418 in
482 2365 724 2434 synodali
754 2365 992 2434 ejusdem
1040 2365 1326 2434 provinciae
1365 2373 1469 2419 act.
1500 2366 1534 2419 2
1559 2364 1776 2420 concilii

195 2455 254 2510 S.
280 2455 496 2509 Martini
526 2455 770 2509 Julianus
808 2456 1104 2526 Ruspensis.
1155 2457 1208 2510 In
1245 2456 1461 2510 Tabulis
1495 2457 1778 2525 Peutinge-

194 2546 356 2599 :ianis
386 2547 436 2598 in
468 2547 692 2617 Byzacia
725 2557 995 2617 ponuntur
1026 2547 1195 2617 Ruspe
1235 2557 1280 2600 et
1312 2546 1564 2617 Ruspina.
1599 2547 1652 2601 In
1681 2547 1777 2601 Ta-

191 2638 335 2691 bulis
366 2638 711 2692 Ptolemaicis
756 2637 982 2707 legimus
1026 2637 1140 2692 ha-c
1178 2639 1230 2691 in
1264 2638 1487 2707 Byzacio
1534 2637 1726 2708 Oppida
1762 2655 1774 2690 :

191 2728 556 2794 Adrumetum,
605 2729 858 2798 Ruspina,
893 2729 1066 2798 Leptis
1096 2745 1274 2799 parva,
1305 2729 1528 2800 Tapsus,
1560 2729 1775 2794 Achata,

193 2818 390 2885 Ruspe,
443 2819 729 2875 Bracordes
765 2822 1184 2888 promontorium,
1214 2830 1317 2875 etc.
1351 2821 1551 2874 Plinius
1593 2819 1782 2888 Ruspi-

192 2927 312 2962 nam
339 2912 572 2965 liberum
601 2913 851 2982 Oppidum
881 2913 1012 2967 dicit
1033 2913 1124 2967 lib.
1159 2928 1213 2980 ν,
1245 2927 1363 2983 cap.
1393 2913 1445 2966 4.
1472 2914 1653 2984 Itaque
1681 2913 1783 2969 Se-

189 3004 404 3058 cundus
431 3004 772 3072 Ruspitensis
793 3006 882 3074 qui
910 3005 962 3059 in
997 3004 1284 3060 collatione
1317 3005 1638 3068 nominatur,
1667 3006 1782 3060 sive

191 3097 343 3166 Rnsp
361 3115 415 3161 τι,
448 3113 541 3152 seu
571 3098 818 3166 Ru5pinze
847 3099 1005 3164 sedit,
1043 3113 1324 3171 perperam
1371 3100 1434 3154 ad
1475 3099 1778 3157 Numidiam

1883 1903 2164 1973 inugadetn
2195 1917 2317 1959 esse
2343 1905 2572 1959 vicinam
2595 1905 2880 1971 Thevesti;
2929 1921 3050 1961 nam
3097 1906 3186 1961 hic
3227 1907 3450 1962 scribit:

1883 1993 2124 2047 Thevesle
2144 2010 2200 2048 td.
2231 2011 2279 2047 ῐι.
2309 2010 2437 2047 xxii.
2472 1995 2748 2065 Timphadi
2776 2000 2831 2049 ιτ.
2856 2012 2905 2050 ι».
2931 2013 3018 2050 xx.
3061 1997 3298 2068 Vegesela
3321 2014 3374 2052 tt.
3401 2014 3451 2055 Ρ.

1881 2101 2031 2140 xvm.
2059 2085 2290 2140 Mascula
2321 2102 2378 2140 Il.
2411 2102 2458 2140 ι).
2494 2101 2623 2140 xxii.
2658 2086 2850 2140 Claudi
2874 2104 2928 2142 it.
2976 2103 3025 2141 ι».
3059 2103 3186 2142 xxii.
3227 2088 3457 2142 Thama-

1880 2177 2020 2246 gadi.
2065 2176 2228 2246 Igitur
2263 2176 2604 2247 Tliamugada
2646 2192 2754 2230 non
2801 2186 2886 2232 est
2927 2193 3095 2250 prope
3133 2179 3456 2236 Thevestem

1881 2285 1948 2325 ex
1975 2271 2265 2336 Antonino,
2294 2285 2414 2325 cum
2443 2273 2630 2325 eodem
2661 2278 2817 2338 teste,
2850 2278 3052 2326 remota
3086 2272 3247 2327 fuerit
3272 2273 3338 2326 ab
3366 2273 3458 2328 illa

1880 2361 2014 2416 urbe
2039 2361 2202 2416 millia
2235 2376 2446 2431 passum
2482 2362 2581 2415 104
2616 2404 2630 2428 ,
2681 2370 2734 2416 et
2769 2356 2958 2416 mediae
2998 2363 3138 2418 inter
3176 2374 3457 2434 utramque

1882 2451 2081 2506 fuerint
2110 2452 2340 2507 Mascula
2372 2461 2425 2507 et
2455 2452 2710 2523 Vegesela
2759 2454 2919 2509 urbes
2959 2456 3320 2525 episcopales;
3371 2456 3458 2511 hic

1881 2547 2022 2600 enim
2057 2555 2299 2614 tempore
2327 2545 2629 2600 collationis
2660 2545 2930 2616 Rheginus
2960 2588 2975 2612 ,
3025 2547 3136 2602 illic
3166 2563 3295 2602 vero
3327 2548 3457 2603 Mal-

1881 2637 2016 2692 chus
2040 2638 2306 2690 antistites
2336 2636 2612 2691 sedebant.
2645 2637 2874 2706 Frngum
2908 2639 3116 2706 copiam
3141 2637 3280 2705 apud
3309 2638 3457 2692 Tha-

1883 2728 2164 2796 mngadam
2188 2726 2676 2795 laudatProcopius
2706 2729 2797 2782 lib.
2829 2743 2866 2780 tt
2894 2728 2960 2782 de
2985 2729 3125 2782 bello
3145 2729 3455 2784 Vaudalico.

1884 2816 2086 2871 Ibidem
2115 2817 2274 2870 etiam
2306 2815 2468 2869 tradit
2498 2831 2620 2885 pag.
2651 2815 2719 2870 97
2753 2815 2847 2870 Ed.
2881 2815 3032 2871 Grol.
3061 2817 3457 2887 Thambgadam

1886 2907 2046 2961 sitam
2075 2921 2194 2962 esse
2222 2907 2274 2960 in
2293 2904 2495 2974 campis
2525 2905 2592 2960 ad
2619 2907 2914 2970 Orientem,
2947 2904 3206 2960 adversus
3224 2917 3459 2962 montem

1887 2997 2194 3066 Aurasium,
2219 3012 2374 3068 quem
2405 2999 2477 3050 ait
2518 2997 2670 3050 trium
2699 2997 2901 3050 dierum
2935 2998 3115 3051 itinere
3143 2997 3459 3067 Carthagine

1891 3099 2151 3147 remotum
2194 3090 2377 3145 fuisse.
2424 3089 2478 3143 In
2517 3090 2704 3144 eodem
2752 3103 2879 3143 vero
2909 3088 3046 3144 libro
3091 3089 3305 3144 laudato
3336 3105 3456 3160 pag.

190 3191 538 3243 transfertur.
578 3189 858 3245 Secundus
900 3191 988 3260 qui
1034 3168 1238 3246 canone
1284 3192 1388 3247 100
1421 3191 1556 3246 Cod.
1607 3192 1778 3248 Afric.

1891 3168 2008 3249 I20,
2046 3183 2333 3238 Tlteuestem
2362 3197 2451 3236 sea:
2477 3182 2673 3234 dierum
2704 3181 2882 3235 itinere
2919 3181 3226 3253 Carthagine
3261 3184 3460 3235 distans

187 3291 568 3344 memoratur,
619 3290 736 3335 erat
809 3281 1092 3351 episcopus
1153 3283 1668 3352 Illegarmeliteusis,
1723 3291 1783 3338 ut

188 3381 382 3438 postea
413 3373 713 3426 ostendam.
750 3373 985 3442 Denique
1012 3374 1151 3443 quod
1181 3375 1253 3428 ait
1283 3375 1551 3430 antistites
1580 3375 1783 3429 electos

187 3462 242 3514 in
288 3477 458 3515 causa
512 3463 786 3516 Maurentii
838 3463 1247 3519 Tubursicensis
1307 3481 1478 3518 omnes
1524 3464 1785 3519 Numidas

188 3556 384 3622 fuisse,
416 3554 601 3608 falsum
626 3563 727 3610 est.
753 3555 884 3610 Nam
913 3555 967 3610 hi
1000 3556 1157 3625 plane
1185 3555 1334 3611 luere
1363 3556 1656 3625 Xantippus
1684 3556 1786 3611 Ta-

185 3645 450 3712 gosensis
499 3647 732 3712 primas,
773 3646 1097 3716 Augustinus
1137 3645 1518 3716 Hipponensis,
1561 3645 1784 3701 Floren-

190 3735 308 3787 tius
343 3736 896 3806 Ilippoxarrhytensis
933 3777 948 3802 ,
1005 3719 1269 3790 Theasius
1323 3735 1782 3803 Memblositanus,

179 3823 514 3878 Samsucius
540 3826 821 3880 Turrensis
857 3840 921 3880 ex
965 3826 1189 3894 epistola
1216 3825 1499 3894 Augustini
1534 3827 1657 3894 168,
1687 3826 1787 3882 Se—

178 3917 416 3970 cundus
445 3917 921 3986 Megarmelitensis
953 3934 1018 3972 ex
1038 3919 1217 3972 collat.
1247 3934 1365 3988 cap.
1401 3919 1522 3984 1‘25,
1567 3928 1624 3974 et
1655 3920 1787 3974 Pos-

178 4008 371 4064 sidius
417 4009 766 4063 Calamensis.
815 4011 883 4062 At
922 4019 1127 4064 certum
1177 4018 1256 4064 est
1299 4011 1688 4064 Memblositam
1733 4018 1789 4064 et

177 4097 507 4167 IIipp:mem
554 4099 894 4169 Diarrliytum
947 4099 1108 4153 fuisse
1156 4099 1208 4154 in
1265 4100 1662 4154 I‘roconsulwi.
1712 4099 1787 4154 De

177 4189 439 4245 Tlieasio
468 4192 569 4246 hoc
601 4194 771 4261 ipsum
803 4192 934 4245 dixit
957 4192 1249 4248 Garnerius
1281 4193 1332 4246 in
1368 4194 1507 4246 notis
1536 4193 1599 4246 ad
1631 4207 1789 4263 supc-

179 4280 407 4336 riorem
431 4282 778 4352 epigraphen,
811 4283 931 4337 licet
975 4281 1224 4338 nescierit
1263 4284 1591 4353 distinguere
1628 4284 1790 4338 Mem-

181 4370 453 4426 bressam
495 4389 522 4426 a
551 4373 901 4428 Memblosita.
936 4376 988 4428 ln
1026 4374 1269 4445 synodali
1318 4375 1455 4443 apud
1505 4377 1786 4428 conc'linm

181 4461 252 4515 S.
297 4465 512 4518 Martini
542 4507 554 4528 ,
597 4465 734 4518 inter
765 4465 1170 4533 proconsulares
1215 4465 1502 4518 subscribit
1554 4465 1788 4517 Donatus

1886 3275 2153 3347 Oppidum.
2177 3274 2373 3329 Verum
2399 3272 2537 3343 quod
2570 3271 2944 3327 Faustinianus
2974 3272 3063 3327 ille
3095 3272 3192 3326 fuit
3227 3272 3461 3326 Tltamu-

1885 3365 2156 3434 gadensis,
2191 3379 2321 3432 pura
2367 3373 2489 3431 puta
2521 3361 2760 3416 Carnerii
2811 3361 3068 3416 divinatio
3096 3372 3205 3428 est;
3254 3379 3373 3416 nant
3408 3363 3459 3415 in

1886 3457 2172 3511 collatione
2202 3469 2319 3522 cap.
2360 3453 2467 3508 215
2513 3453 2764 3506 recitatur
2805 3450 3179 3505 Faustinianus
3222 3452 3462 3506 llusicca-

1889 3548 2076 3601 densis.
2111 3546 2256 3598 lianc
2298 3559 2424 3597 vero
2465 3543 2649 3596 urbem
2695 3543 2746 3594 in
2798 3540 3039 3594 Numidia
3087 3542 3232 3609 ponit
3263 3541 3462 3596 Plinius

1889 3640 1982 3693 lib.
2013 3654 2067 3705 v,
2097 3651 2212 3705 cap.
2249 3636 2304 3698 5,
2328 3633 2416 3687 ubi
2446 3631 2631 3686 scribit
2651 3632 2876 3685 distasse
2896 3629 3042 3684 Cirta
3064 3631 3321 3684 Numidiw
3348 3648 3457 3686 meo

1892 3729 2088 3798 tropoli
2119 3726 2281 3780 millia
2321 3737 2570 3795 passuum
2610 3721 2679 3776 48
2732 3719 2951 3774 Ponitur
2986 3719 3054 3773 ab
3093 3720 3363 3773 Antonino
3383 3721 3456 3774 die

1890 3832 2038 3877 stans
2065 3835 2093 3873 a
2125 3819 2287 3873 Gullu
2319 3815 2580 3871 Numidia:
2627 3813 2790 3868 millia
2823 3807 3072 3882 pass'uum
3106 3811 3195 3875 60,
3235 3827 3263 3865 a
3297 3813 3462 3866 Para-

1892 3911 2048 3966 tianis
2079 3907 2178 3973 50;
2209 3923 2328 3977 quae
2359 3907 2474 3960 loca
2501 3912 2653 3959 erant
2676 3902 2729 3957 in
2759 3901 3026 3968 Numidia,
3059 3909 3112 3957 et
3140 3901 3464 3958 Rusiccades

1892 4003 2066 4058 media
2094 4001 2236 4055 inter
2265 3998 2354 4053 illa
2385 3997 2608 4052 locatur.
2649 3993 2759 4049 Cur
2788 4007 2915 4063 ergo
2949 3991 3324 4048 Faustinianus
3353 3993 3464 4049 Ru-

1890 4095 2218 4151 siccadensis
2262 4091 2446 4160 nequit
2488 4085 2742 4142 alﬁrmari
2787 4086 2879 4141 ille
2914 4086 3052 4142 idem
3100 4087 3189 4156 qui
3231 4087 3467 4142 interluit

1891 4185 2097 4257 synodo
2122 4181 2472 4240 Milevitanm?
2502 4179 2653 4248 Legit
2695 4178 2748 4232 in
2783 4177 2998 4232 laudato
3024 4179 3200 4247 capite
3223 4177 3329 4233 215
3356 4179 3466 4232 Ali-

1895 4278 2039 4347 pium
2067 4273 2268 4329 dixisse
2294 4271 2361 4326 de
2391 4269 2739 4324 Faustiniano
2767 4267 3142 4322 Rusiecadensi
3177 4283 3190 4318 :
3244 4266 3346 4318 Hic
3392 4275 3467 4321 est

1891 4369 1946 4421 in
1975 4366 2070 4419 hac
2097 4366 2317 4426 civitate,
2344 4363 2434 4417 sed
2457 4359 2588 4413 male
2616 4358 2783 4412 habet.
2808 4358 2983 4426 Quare
3010 4358 3195 4412 morbo
3217 4358 3463 4412 eumdem

1895 4473 2034 4513 anno
2053 4456 2151 4510 III
2181 4453 2384 4525 putavit
2407 4451 2729 4521 Carthagine
2763 4450 3114 4515 exstinctum;
3148 4448 3288 4504 unde
3328 4463 3464 4502 unus

190 4553 692 4624 Ipponizaritensis.
711 4531 816 4613 sed
846 4557 961 4612 huic
989 4557 1136 4612 clare
1167 4567 1369 4626 patent,
1397 4571 1569 4627 neque
1591 4557 1789 4612 diutius
1817 4531 1867 4593 D
1897 4546 2356 4616 Tltam'usadensis
2401 4543 2454 4597 ίη
2501 4542 2785 4597 οοηθίίοιῖθ
2813 4542 3142 4609 τεπῑπθδθί»
3187 4553 3344 4608 quem
3376 4555 3464 4608 SY‘

193 4646 253 4699 in
291 4650 403 4702 illis
434 4659 487 4704 te
511 4650 653 4702 volo.

273 4739 632 4794 Mauaasrws
651 4739 1082 4794 TetaonSIcsssm.
1107 4736 1188 4791 Ita
1213 4738 1396 4809 legitur
1421 4739 1473 4791 in
1496 4738 1788 4801 collatione,

189 4841 313 4883 etc.
349 4832 485 4885 Rem
535 4846 632 4883 acu
682 4831 898 4899 tetigit:
931 4829 1056 4884 hinc
1103 4829 1176 4882 illi
1216 4830 1375 4883 etiam
1421 4837 1580 4898 atque
1629 4828 1789 4882 etiam

196 4920 473 4987 gratulor.
527 4920 693 4975 Tollit
721 4933 779 4972 se
813 4920 973 4973 humo
1027 4933 1042 4972 :
1077 4919 1170 4974 sed
1214 4920 1313 4973 heu
1358 4919 1538 4971 statim
1566 4918 1788 4971 corruit.

283 5011 401 5065 Leo
428 5013 689 5066 MUNILIPII
723 5012 1038 5066 Horremus.
1087 5009 1170 5062 Ita
1210 5009 1394 5080 legitur
1421 5009 1472 5061 in
1501 5009 1792 5061 collatione.

218 5101 316 5156 Est
357 5114 526 5158 autem
574 5121 597 5157 s
628 5120 738 5156 rnto
784 5103 1054 5171 Municipii
1095 5103 1146 5154 in
1193 5100 1394 5154 Notitia
1444 5100 1795 5169 episcoporum

222 5192 511 5258 Numidiae,
544 5196 627 5247 ubi
655 5195 893 5248 scribitur
918 5193 1097 5247 Victor
1120 5192 1519 5261 Municipiensis
1541 5207 1658 5244 cum
1681 5191 1797 5244 aliis

223 5299 366 5344 actus
393 5291 445 5343 in
468 5290 724 5343 exsilium.
745 5286 1034 5341 Cavendum
1058 5302 1208 5355 porro
1229 5302 1291 5339 ne
1316 5286 1425 5355 quis
1455 5293 1660 5355 prapter
1682 5300 1800 5355 cog-

227 5383 479 5436 nationem
505 5381 764 5434 nominum
793 5379 1012 5433 Leonem
1046 5375 1181 5430 hune
1215 5375 1494 5445 confundat
1526 5392 1640 5428 cum
1671 5375 1795 5443 alio,

226 5477 308 5544 qui
336 5475 648 5529 lloctensem
681 5471 964 5525 Ecclesium
991 5469 1125 5523 rexit
1153 5467 1415 5537 adfuitque
1442 5467 1657 5522 concilio
1688 5465 1804 5536 ple-

229 5569 372 5621 nario
394 5582 519 5617 ann.
550 5560 683 5627 M9;
707 5559 798 5614 illa
823 5562 958 5632 enim
990 5557 1244 5622 Ecclesia,
1274 5571 1387 5628 qute
1409 5555 1694 5626 Haptensis
1726 5556 1808 5608 di-

228 5663 378 5724 citur,
402 5658 469 5710 ad
497 5654 807 5709 ‘Numidiam
837 5653 1170 5724 provinciam,
1201 5651 1325 5714 ista,
1360 5665 1473 5716 qua:
1504 5646 1802 5709 Mactensis,

230 5761 295 5814 ad
323 5753 693 5813 Mauritaniam
721 5752 1011 5817 Sitifensem
1040 5745 1335 5814 pertinebat.
1369 5745 1599 5813 Moptam
1622 5755 1686 5795 ex
1717 5739 1801 5795 Si-

467 5850 740 5908 Psruou
787 5840 1036 5902 XLVII.

1898 4641 2038 4696 nodo
2064 4639 2380 4695 Milevitana}
2411 4642 2726 4706 prmsentem
2767 4633 2899 4689 citra
2945 4631 3160 4686 dubium
3191 4643 3466 4682 assevera-

1898 4743 1998 4790 ret.
2030 4731 2193 4787 Visne
2220 4739 2326 4784 tam
2367 4728 2664 4798 speciosam
2691 4725 3050 4792 conjecturam
3079 4719 3398 4774 admittere?

1967 4823 2302 4878 Cnascomus
2328 4819 2740 4873 Curcuunxus.
2783 4812 2867 4865 Ita
2894 4814 2946 4865 in
2982 4810 3256 4863 collatione
3289 4825 3308 4864 :
3336 4811 3467 4864 scri-

1898 4915 2119 4969 bendum
2147 4918 2275 4982 forte
2297 4909 2645 4969 Culcuitanus,
2687 4913 2760 4957 est
2796 4902 2929 4955 enim
2963 4901 3166 4972 cegnita
3209 4913 3310 4954 non
3358 4911 3470 4954 tan-

1897 5020 2004 5061 tum
2021 4999 2400 5067 Antonino,sed
2426 5000 2580 5053 etiam
2603 4994 2899 5057 Ptolemaeo,
2920 4991 3114 5046 Culcua
3137 4994 3338 5047 colonia
3367 5010 3471 5048 me-

1898 5101 1984 5152 dia
2007 5098 2108 5168 fere
2129 5095 2259 5148 inter
2289 5089 2499 5153 Cirtam,
2529 5085 2736 5142 Simittu
2757 5083 3027 5148 coloniam,
3060 5084 3238 5155 Lares,
3263 5095 3306 5138 et
3329 5083 3471 5139 Can-

1901 5187 2132 5259 sapltam.
2183 5181 2410 5248 Rideas,
2453 5194 2548 5248 per
2587 5190 2674 5232 me
2716 5176 2876 5243 licet,
2915 5176 3077 5231 Nova:
3116 5175 3464 5246 Geographite

1908 5286 2172 5350 portenta.
2219 5274 2377 5330 Ponit
2418 5270 2694 5328 Cuieulum
2742 5267 2974 5324 medium
3021 5268 3135 5323 lere
3179 5268 3232 5322 in
3283 5268 3472 5321 itinere

1910 5371 2051 5425 Cirta
2072 5369 2343 5425 Orientem
2374 5378 2560 5419 versus
2590 5376 2652 5417 ac
2679 5359 3082 5430 Carthaginem;
3125 5366 3180 5411 et
3209 5356 3346 5426 quod
3379 5357 3472 5408 mi-

1911 5460 2130 5516 rabilius
2155 5467 2272 5522 est,
2313 5471 2376 5509 ex
2419 5453 2710 5517 Antonino,
2741 5451 2831 5520 qui
2868 5461 3043 5505 tamen
3090 5447 3206 5499 Ita‘ac
3245 5444 3476 5500 scribit:

1913 5551 2052 5604 Cirta
2080 5547 2289 5602 Mileum
2323 5562 2382 5599 is.
2415 5561 2463 5598 ρ.
2504 5558 2627 5604 xxv,
2675 5541 2903 5594 Idicram
2944 5555 2999 5593 ιι.
3048 5553 3097 5590 Ρ.
3122 5551 3246 5603 xxv,
3281 5534 3476 5592 Cuiculi

1914 5658 1969 5696 tu.
2017 5657 2067 5694 P.
2100 5655 2230 5703 xxv,
2274 5637 2412 5704 Sitiﬁ
2451 5651 2505 5690 It.
2553 5650 2601 5687 P.
2636 5648 2759 5686 xxv.
2795 5630 2974 5696 Vides,
3007 5637 3142 5683 teste
3184 5626 3478 5691 Antonino,

1913 5737 2068 5790 situm
2100 5749 2217 5789 esse.
2239 5732 2511 5786 (Iniculum
2542 5728 2593 5781 in
2622 5724 2810 5779 itinere
2841 5723 2982 5777 Cirta
3013 5737 3199 5774 versus
3225 5721 3478 5776 Occiden-
