3908 6298
500 323 605 377 299

1412 304 1957 366 SUPPLEilENTUM
1998 304 2088 357 AD
2127 301 2353 356 OPER.\
2403 304 2458 355 ἓ.
2506 296 2890 356 ΑυΟιΞἸῚΝΙ.

3650 291 3742 348 300

507 444 612 485 tem
642 429 708 483 ad
750 427 1053 483 Sitifensem
1084 425 1344 479 civitatem
1380 461 1394 485 ,
1434 434 1554 487 (pne
1593 434 1712 473 cum
1744 418 1794 471 in
1828 415 2080 470 Maurita-
2112 422 2157 476 Λ
2188 414 2371 480 quinta
2390 410 2723 475 Slartii,cum
2745 414 3008 462 cessasset
3038 403 3089 457 in
3115 402 3289 459 Africa
3315 402 3610 471 persecutia
3636 418 3742 469 post

510 527 593 577 nia
624 522 866 579 Sitifensi
909 521 1089 583 fuerit,
1132 526 1313 586 aperte
1349 512 1633 567 deducitur
1670 508 1951 564 Cuiculum
1990 522 2080 561 ex—

512 620 735 669 tremam
770 612 931 666 fuisse
962 608 1218 664 Numidia‘,
1263 604 1446 658 urbem
1476 615 1661 656 versus
1692 598 2078 657 Mauritaniam.

510 720 669 773 quam
700 714 875 757 tamen
907 701 1044 754 idem
1074 700 1127 751 in
1156 697 1329 751 medio
1356 694 1465 749 fere
1491 691 1753 747 Numidia:
1783 690 1941 745 locat.
1990 688 2083 741 hli-

512 808 632 849 rare
663 793 875 846 interim
903 789 1132 843 hominis
1164 786 1458 849 solertiam,
1501 784 1591 852 qui
1634 786 1685 836 in
1714 780 1985 835 Antonino
2012 778 2084 830 in-

513 883 659 935 venit
679 880 1049 936 Culcuitanum
1080 876 1354 945 oppidum,
1397 872 1536 943 quod
1582 884 1843 941 nusquam
1884 869 1936 921 in
1976 869 2085 920 An-

512 972 683 1027 tonini
712 972 988 1025 itinerario
1030 968 1252 1036 legitur;
1277 978 1381 1019 non
1413 974 1590 1017 autem
1636 961 1767 1016 vidit
1794 957 2083 1013 Cuieulita-

518 1080 665 1127 num,
708 1063 849 1132 quod
893 1060 958 1114 ab
995 1060 1183 1114 eodem
1226 1066 1329 1109 tam
1370 1056 1568 1109 diserte
1605 1053 1941 1120 designatur.
1975 1048 2079 1104 Sed

516 1155 603 1206 vix
635 1153 738 1221 pati
767 1165 983 1221 possum
1015 1149 1081 1203 ab
1122 1147 1222 1201 hoc
1250 1152 1674 1200 eommentatore
1702 1140 2084 1195 Cuiculitauam

517 1246 809 1299 Ecclesium
843 1243 895 1298 in
924 1241 1291 1297 Culcuitanam
1332 1236 1526 1291 mutari
1569 1233 1885 1286 auctoritate
1914 1228 2088 1284 Ptole-

516 1336 637 1389 ιιιωί
663 1336 779 1403 (qui
811 1344 984 1386 tamen
1014 1329 1281 1391 Calenam,
1306 1341 1409 1380 non
1433 1324 1705 1387 Culcuam,
1739 1333 1795 1375 ut
1834 1321 2090 1375 mendose

518 1424 667 1493 legit,
700 1424 837 1477 inter
864 1420 1125 1475 Numidia:
1154 1434 1304 1472 novae
1333 1418 1495 1472 urbes
1524 1412 1739 1485 posuit),
1766 1428 1884 1467 cum
1920 1412 1971 1465 in
1995 1426 2090 1465 ve.

519 1520 677 1570 tostis
699 1514 964 1570 Africana:
989 1511 1244 1566 Ecclesiae
1285 1506 1645 1564 monumentis
1689 1505 1821 1559 nihil
1865 1502 2093 1559 Cuir:uli-

521 1615 641 1657 tana
670 1603 798 1657 urbe
828 1600 1154 1669 frequentius
1202 1600 1528 1653 nominetur.
1581 1596 1638 1650 ln
1690 1594 1898 1665 synodo
1942 1594 2090 1648 Grati

522 1697 769 1750 laudatur
808 1692 1189 1765 Elpidopltorus
1237 1690 1635 1752 Cuiculitanus;
1687 1689 1740 1741 in
1781 1688 1991 1757 synodo
2034 1686 2089 1739 S.

522 1789 772 1861 Cypriani
810 1788 1165 1842 Pudentianus
1207 1802 1238 1839 a
1283 1782 1517 1847 Cuicuii;
1563 1783 1615 1837 in
1656 1782 1851 1837 Notitia
1895 1778 2094 1836 Africa:

529 1882 706 1935 Victor
736 1877 1123 1943 Cuiculitanus;
1161 1876 1213 1930 in
1251 1874 1537 1929 collatione
1572 1870 2099 1940 Cresconius—episco-

528 1991 625 2040 pus
647 1971 805 2043 plebis
828 1968 1219 2032 Cuiculitensis;
1258 1968 1310 2023 in
1347 1965 1553 2036 synodo
1581 1981 1611 2017 v
1643 1964 1816 2018 Creses
1837 1962 2103 2030 episcOpus

530 2064 597 2120 Ε.
630 2063 967 2118 Cuiculitante
1015 2061 1292 2131 provincia!
1326 2058 1613 2114 Numidiw.
1649 2056 1865 2112 Memini
1904 2055 2106 2109 Garne~

529 2159 667 2211 rium
721 2154 873 2210 initio
921 2154 1249 2222 praefationis
1284 2150 1354 2204 ad
1397 2149 1686 2203 Historiam
1732 2146 2102 2202 Nestorianam

532 2246 803 2298 affirmare
827 2242 1187 2299 Christianum
1217 2241 1420 2311 Lupum
1446 2253 1693 2308 magnum
1726 2237 2105 2292 ecclesiasticre

533 2336 867 2404 antiquitatis
920 2342 1286 2404 rcparatorem
1334 2333 1580 2385 immensa
1621 2330 1921 2385 eruditionis
1962 2328 2107 2398 copia

531 2431 615 2481 vix
645 2443 744 2481 non
778 2427 941 2480 obrui.
968 2425 1157 2480 Procul
1191 2423 1258 2478 ab
1287 2422 1386 2477 hoc
1410 2422 1645 2491 periculo
1671 2431 1933 2475 remotum
1960 2419 2108 2473 vides

534 2517 871 2582 Garnerium,
912 2516 1146 2571 nondum
1189 2514 1331 2568 enim
1374 2514 1631 2566 immensa
1675 2511 1766 2565 illa
1807 2509 2108 2565 eruditione

533 2608 850 2669 sufl'ocatur;
893 2614 1000 2660 tota
1053 2606 1196 2660 enim
1243 2600 1482 2671 ejusdem
1542 2600 1797 2655 litteraria
1843 2598 2104 2668 supellex,

532 2700 668 2768 quod
694 2708 844 2753 notas
871 2704 1163 2765 prmsentes
1189 2694 1402 2759 attinet,
1429 2705 1604 2761 pugno
1632 2690 1932 2760 stringitur.

548 2780 549 2783 “
605 2790 855 2843 Maccuus
886 2786 1309 2840 Mascuursxus.
1346 2782 1428 2835 Ita
1450 2782 1502 2835 in
1521 2779 1809 2835 collatione.
1836 2780 1975 2835 Nota
1993 2796 2109 2851 vero

536 2880 792 2933 Antonino
822 2886 893 2930 est
929 2875 1160 2929 Mascufa
1192 2889 1248 2928 ιι.
1288 2888 1342 2926 ιι.
1388 2887 1471 2924 Lx.
1508 2887 1554 2924 P.
1588 2887 1619 2923 a
1645 2869 1883 2923 Tltebcste
1909 2871 2110 2923 distans

535 2970 765 3024 erratibus
788 2968 851 3020 ad
871 2966 1163 3034 Sitifensem
1193 2962 1465 3015 coloniam.
1486 2959 1786 3012 Recensetur
1805 2960 1953 3012 etiam
1981 2961 2112 3013 inter

536 3061 794 3126 episcopos
828 3055 1089 3109 Numidia:
1118 3052 1472 3107 Januarianus
1510 3050 1907 3115 Masculitanus,
1940 3061 1985 3103 et
2009 3068 2108 3105 nte-

537 3152 683 3203 minit
713 3147 1027 3219 Augustinus
1072 3145 1161 3199 lib.
1194 3160 1249 3198 ιιι
1290 3153 1429 3197 cont.
1469 3141 1816 3205 Cresconium,
1852 3157 1967 3210 cap.
2016 3142 2107 3209 27,

541 3241 724 3295 Donati
756 3236 1109 3301 Masculitani,
1133 3236 1220 3307 qui
1252 3235 1303 3289 in
1328 3232 1544 3290 concilio
1580 3232 1796 3288 (Ιίνιιηεὶ
1823 3233 2112 3288 Donatista-

536 3347 652 3384 rum
690 3344 824 3383 anno
851 3327 980 3393 305,
1008 3328 1089 3381 cui
1112 3326 1316 3397 praefuit
1345 3324 1616 3380 Secundus
1653 3324 1968 3395 Tisigitanus
1999 3323 2113 3378 Nu-

540 3422 711 3477 midia:
734 3420 948 3493 primas,
980 3419 1242 3490 confessus
1270 3429 1339 3472 est
1379 3432 1432 3472 se
1474 3418 1792 3470 traditorem.
1830 3416 1997 3471 Reate
2042 3417 2111 3472 de

542 3516 730 3571 lllalchi
761 3514 892 3569 sede
925 3529 938 3565 :
969 3527 1091 3566 nam
1114 3512 1274 3566 etiam
1300 3508 1352 3564 in
1381 3509 1586 3579 synodo
1629 3508 1884 3562 Bonifacii
1926 3507 2112 3563 lauda-

543 3603 916 3660 turJanuarius
933 3600 1304 3655 Masculitanus
1318 3600 1513 3671 legatus
1536 3598 1807 3671 provincia:
1826 3596 1876 3650 Ν
1884 3599 2111 3653 αηιίάὶω.

547 3702 927 3758 Verumtamen
956 3698 1011 3752 in
1043 3698 1107 3752 iis
1148 3712 1267 3766 qua:
1312 3695 1459 3749 addit
1509 3704 1693 3762 peccat
1741 3693 1940 3748 biennii
1994 3708 2115 3762 pro—

543 3794 932 3848 chronismum.
991 3787 1121 3841 Nam
1152 3784 1387 3855 synodus
1421 3783 1508 3836 illa
1566 3793 1702 3838 teste
1731 3783 1922 3851 Optato
1949 3782 2041 3837 lib.
2076 3798 2113 3847 ι,

545 3892 657 3953 post
686 3878 1082 3949 persecutionem
1106 3874 1244 3942 apud
1276 3872 1472 3926 Cirtam
1497 3881 1672 3925 coacta
1697 3872 1812 3941 fuit.
1844 3872 1909 3925 Et
1937 3872 2116 3941 Augu-

546 3971 718 4026 stinus
763 3967 901 4021 libro
947 3963 1162 4018 laudato
1203 3977 1322 4029 cap.
1361 3960 1463 4025 9.6,
1513 3961 1636 4015 ait:
1682 3958 1864 4014 Exstat
1889 3961 2117 4016 Secundi

547 4057 824 4128 Tisigitani‘
867 4054 1140 4108 concilium
1169 4067 1283 4106 cum
1302 4052 1630 4121 paucissimis
1671 4049 1877 4121 quidem
1926 4050 2119 4118 {aetum

549 4147 688 4217 apud
716 4143 927 4209 Cirtam,
973 4149 1083 4210 post
1123 4140 1522 4210 persecutionem
1570 4141 1799 4194 codicum
1847 4140 2119 4194 trademlo-

550 4253 689 4301 rum,
719 4244 773 4289 ut
795 4234 903 4288 illic
923 4234 976 4287 in
1008 4230 1176 4285 locum
1204 4230 1430 4301 defuncti
1465 4230 1790 4284 ordinaretur
1833 4229 2116 4299 episcOpus.

550 4332 622 4387 At
652 4344 715 4384 ex
750 4326 914 4396 gestis
942 4322 1350 4392 municipalibus
1382 4320 1685 4389 persecutio
1728 4319 1969 4374 codicum
2015 4329 2122 4373 tra-

550 4419 849 4477 dendorum
875 4413 1089 4483 incmpit
1109 4412 1268 4467 Cirtae
1282 4408 1598 4465 Diocletiano
1622 4426 1714 4466 vut
1736 4421 1782 4487 et
1806 4410 2121 4465 Maximiano

551 4525 623 4565 vtt
653 4522 823 4562 conss.
848 4545 864 4571 ,
909 4518 1049 4559 anno
1076 4502 1200 4569 505,
1251 4517 1337 4557 xw
1360 4502 1464 4556 tial.
1496 4499 1664 4567 Junii,
1690 4518 1756 4558 ex
1785 4494 1972 4558 eadem
2001 4517 2121 4570 cap.

551 4602 645 4668 29,
691 4598 853 4655 Cirta:
897 4596 1115 4651 sedente
1155 4593 1322 4648 Paulo
1350 4596 1607 4663 episcopo,
1640 4594 1937 4663 cuipostea
1982 4607 2124 4647 anno

554 4695 662 4751 505
693 4704 905 4748 mortuo
932 4690 1193 4761 Sylvanus
1226 4702 1503 4743 succeSsor
1532 4689 1689 4741 datus
1721 4694 1824 4739 est.
1874 4686 2126 4755 Augusti-

555 4800 658 4840 nus
680 4799 873 4839 annum
903 4794 955 4837 et
984 4781 1124 4836 diem
1155 4778 1343 4851 synodi
1372 4776 1629 4832 Cirten~is
1661 4776 1902 4845 designat
1926 4776 1977 4831 in
2006 4775 2129 4830 bre-

558 4877 735 4931 viculo
765 4876 1060 4931 collationis
1088 4873 1258 4928 tcrtize
1284 4871 1387 4926 diei
1436 4886 1553 4938 cap.
1590 4869 1677 4932 l8,
1720 4868 1811 4923 ubi
1837 4878 1890 4923 et
1921 4878 2127 4937 tempus

561 4967 805 5019 durantis
853 4966 904 5018 in
939 4966 1113 5018 Africa
1169 4961 1557 5033 persecutionis
1599 4962 1761 5015 etiam
1805 4960 2124 5015 declaratur.

560 5056 740 5121 Gesta,
771 5054 957 5124 inquit,
988 5064 1292 5123 martyrum,
1332 5054 1511 5124 quibus
1542 5054 1897 5108 ostendebatur
1934 5061 2128 5120 tempus

561 5144 945 5223 persecutionis,
975 5142 1260 5195 consulibus
1301 5144 1438 5210 facta
1468 5153 1583 5195 sunt
1630 5141 1950 5195 Diocletiano
1985 5156 2034 5195 ιιι
2084 5151 2128 5195 et

563 5234 882 5295 Maximiano
913 5246 1023 5296 vttt,
1071 5230 1233 5297 pridie
1255 5232 1371 5284 idus
1406 5229 1711 5284 Februarias
1736 5247 1755 5284 :
1784 5241 1923 5303 gesta
1963 5239 2130 5283 autem

561 5324 876 5399 episcopalia
900 5321 1088 5375 decreti
1130 5320 1369 5374 Cirtensis
1399 5329 1509 5389 post
1549 5321 1781 5373 eumdem
1810 5321 2130 5374 consulatum

565 5418 719 5474 tertio
748 5430 908 5470 nonas
934 5410 1174 5476 Martias,
1197 5426 1259 5462 ac
1292 5424 1380 5479 per
1424 5407 1517 5460 hoc
1553 5411 1787 5462 tredecim
1828 5426 2016 5463 menses
2052 5410 2132 5462 in-

564 5520 749 5562 teresse
772 5505 1113 5561 inveniuntur.
1148 5499 1322 5554 [labes
1342 5512 1407 5553 ex
1432 5500 1726 5566 Augustino
1765 5501 1981 5554 saevisse
2011 5514 2130 5568 per-

565 5605 893 5651 secutionem
921 5608 1061 5648 anno
1108 5590 1268 5646 etiam
1298 5589 1435 5656 504,
1484 5602 1603 5641 cum
1660 5598 1921 5659 martyres
1969 5589 2130 5642 occisi

567 5696 695 5742 sunt
707 5700 723 5751 ;
742 5684 1001 5754 synodum
1018 5697 1143 5740 vero
1160 5683 1455 5737 Cirtensem
1480 5687 1715 5735 coactam
1740 5694 1880 5733 anno
1901 5678 2023 5746 305,
2050 5681 2133 5734 die

2182 499 2581 555 abdicationem
2628 495 2951 553 Diocletiani
3000 500 3055 548 et
3103 492 3425 556 Maximiani,
3455 491 3743 546 dominante

2184 591 2235 644 in
2268 590 2415 643 ltalia
2443 599 2497 643 et
2526 588 2704 643 Africa
2736 571 2942 641 Severo
2970 583 3200 637 Ciesare.
3248 581 3450 636 Probat
3491 580 3603 634 haec
3643 569 3769 649 ipss‘

2186 680 2426 749 pluribus
2455 679 2850 734 eruditissimus
2882 676 3143 730 llenricus
3169 674 3413 730 Valesius
3439 676 3494 729 in
3529 676 3661 728 notis
3687 680 3744 728 ad
3776 712 3779 715 η

2184 786 2305 839 Cap.
2333 769 2367 822 2
2391 769 2483 824 lib.
2512 785 2605 823 vut
2632 769 2844 824 Eusebii
2876 764 3238 820 Czcsariensis.
3259 765 3511 820 Hadriani
3551 766 3747 820 llenrici
3776 766 3783 776 '

2187 863 2367 916 fratris
2401 862 2608 915 litteras
2638 874 2811 928 nuper
2857 858 2922 912 ad
2974 867 3025 913 te
3080 857 3234 912 datas
3276 858 3406 911 mihi
3462 858 3746 910 ostendisti

2186 953 2360 1007 Ambo
2390 952 2458 1006 de
2495 950 2855 1005 ecclesiastica
2895 963 2959 1003 ac
3003 946 3225 1017 profana
3258 947 3482 1001 historia
3515 946 3751 1001 benemes

2188 1044 2300 1106 riti,
2332 1057 2393 1097 ac
2428 1041 2653 1112 proinde
2683 1050 2771 1095 tua
2804 1039 3032 1093 amicitia
3056 1037 3375 1107 dignissimi.

2258 1134 2551 1188 Ltrronws
2581 1132 2891 1185 SUANENSIS.
2925 1127 3011 1182 Ita
3040 1129 3244 1197 quidem
3265 1129 3319 1180 in
3358 1126 3644 1190 collatione,
3675 1130 3753 1179 sed

2192 1230 2319 1299 [orte
2350 1226 2618 1294 legendum
2651 1223 3002 1292 Sugunensis.
3030 1220 3248 1275 Ponitur
3267 1221 3401 1273 enim
3426 1220 3490 1271 ab
3511 1220 3756 1272 Antonino

2192 1323 2244 1373 in
2277 1318 2527 1373 Numidia
2549 1331 2704 1386 prape
2733 1313 2926 1368 Cirtam
2948 1312 3119 1383 Sugus
3140 1327 3159 1367 :
3181 1327 3473 1382 quanquam
3494 1312 3549 1363 in
3574 1310 3757 1363 Notitia

2193 1412 2545 1481 episcOporum
2578 1407 2629 1462 Ν
2636 1407 2839 1461 umidite
2859 1407 2949 1474 ﬁat
2974 1405 3160 1458 mentio
3194 1402 3386 1458 Felicis
3414 1403 3690 1458 Suabensis
3706 1406 3756 1454 in

2194 1502 2429 1556 exsilium
2451 1500 2608 1571 pulsi.
2643 1499 2697 1553 Si
2725 1512 2830 1552 non
2868 1496 3233 1565 perfunctorie
3256 1494 3509 1549 Notitiam
3533 1494 3758 1548 lectitas-

2196 1602 2297 1657 set,
2330 1591 2676 1660 cognovisset
2704 1588 2900 1643 ibidem
2946 1587 3234 1643 memorari
3272 1584 3526 1639 Victorem
3552 1585 3759 1654 'Sugita-

2195 1700 2359 1747 num;
2409 1683 2552 1737 unde
2607 1680 2893 1736 Suabensis
2933 1694 3028 1733 seu
3053 1677 3339 1733 Suavensis
3381 1678 3509 1744 (non
3535 1714 3550 1741 ,
3598 1686 3653 1730 ut
3678 1677 3758 1730 ille

2201 1775 2297 1839 ait,
2338 1772 2642 1841 Suanensis)
2677 1772 2927 1829 Ecclesiae
2958 1772 3013 1825 in
3051 1770 3361 1839 Sugitanam
3401 1769 3761 1824 convertendae

2202 1865 2527 1920 sententiam
2558 1863 2813 1918 exuisset.

2280 1953 2419 2008 Fam
2431 1968 2632 2008 annos
2659 1950 3261 2007 Cassam-Cauaseum
3291 1948 3316 2002 Ι
3325 1958 3374 2002 ια
3399 1949 3452 2002 in
3476 1948 3766 2011 collatione;-

2205 2046 2292 2099 red
2319 2061 2433 2098 cum
2457 2045 2625 2114 plures
2648 2043 2878 2112 ejusdem
2900 2042 3117 2104 nominis
3141 2048 3460 2104 censeantur,
3484 2039 3692 2093 dubium
3710 2056 3764 2090 an

2210 2134 2528 2190 Fortunatus
2552 2144 2718 2189 noster
2737 2134 2802 2187 sit
2827 2133 3037 2203 hujusce
3066 2129 3307 2186 Ecclesia:
3327 2131 3612 2200 episcOpus.
3634 2129 3762 2184 Vah!

2208 2230 2397 2298 quales
2426 2228 2586 2282 modo
2615 2226 2893 2296 scrupulos
2919 2226 3137 2293 patitur,
3160 2223 3250 2293 qui
3290 2222 3485 2291 passim
3523 2222 3764 2291 quosdam

2208 2319 2490 2387 episcopos
2533 2318 2599 2371 ad
2645 2318 2781 2371 hanc
2821 2315 3085 2385 synodum
3114 2329 3177 2367 ex
3206 2312 3498 2368 collatione
3528 2312 3764 2371 admittit,

2210 2412 2327 2463 aliis
2364 2410 2602 2480 ejusdem
2635 2423 2852 2479 prorsus
2899 2408 3254 2475 nominispro
3277 2406 3499 2461 arbitrio
3520 2404 3764 2460 exclusis!

2215 2503 2320 2558 Sex
2353 2502 2627 2556 Fortunati
2670 2502 2724 2555 in
2760 2500 3046 2554 collatione
3090 2499 3228 2553 inter
3264 2496 3573 2552 catholicos
3602 2511 3767 2550 recen.

2213 2601 2400 2647 sentur
2425 2609 2438 2645 :
2472 2589 2917 2653 Rusuccurensis,
2942 2588 3249 2658 Capsensis,
3272 2586 3767 2646 Constantiniensis;

2215 2686 2360 2755 prior
2408 2685 2639 2754 pertinet
2687 2683 2754 2737 ad
2804 2682 3129 2735 Mauritanos
3159 2678 3538 2745 Caesarienses,
3562 2678 3697 2732 alter
3718 2679 3769 2729 ad

2217 2780 2554 2849 Byzacenos,
2606 2787 2907 2846 postremus
2933 2773 2998 2828 ad
3027 2770 3312 2836 Numidas,
3344 2771 3434 2839 qui
3464 2778 3589 2823 ante
3617 2768 3769 2821 Possi-

2214 2869 2358 2923 dium
2388 2867 2583 2935 legitur
2611 2866 2662 2919 in
2707 2862 3015 2933 epigraphe.
3057 2861 3190 2916 Tres
3229 2859 3315 2913 alii
3355 2859 3661 2922 recitantur,
3690 2857 3769 2910 Ca~

2215 2957 2714 3019 scnsi-Calanensis.
2747 2952 3133 3015 Alibenzensis,
3166 2958 3218 3005 et
3243 2949 3630 3005 Undesitensis.
3682 2947 3770 3002 Has

2215 3052 2349 3104 duas
2380 3048 2642 3103 Ecclesiae
2692 3046 2905 3101 incertae
2936 3042 3223 3114 provinciae
3285 3039 3445 3109 vulgo
3491 3039 3768 3093 ascribunt.

2219 3150 2283 3199 At
2329 3147 2382 3199 in
2421 3142 2620 3198 Notitia
2671 3138 2929 3194 Numidia:
2965 3136 3221 3191 recitatur
3253 3133 3525 3203 Optantius
3554 3130 3770 3185 Casensi.

2216 3234 2536 3291 Cafanensis.
2570 3228 2860 3286 Garnerius
2888 3240 3014 3295 ergo
3041 3224 3250 3279 dubitat
3290 3238 3359 3278 an
3391 3222 3650 3276 Numidiae
3679 3222 3771 3287 epi-

2215 3340 2411 3395 scopus
2439 3325 2762 3379 Fortunatus
2805 3317 3004 3373 sederit
3051 3314 3192 3385 apud
3225 3312 3517 3369 Ecclesiam
3544 3308 3772 3365 Casensi-

2216 3418 2587 3478 Calanensem,
2608 3425 2765 3480 quam
2783 3415 2987 3463 certum
3002 3404 3161 3460 estad
3184 3402 3483 3458 Numidiam
3498 3409 3770 3469 spectasse,

2217 3506 2303 3560 vel
2336 3504 2511 3574 potius
2561 3500 2718 3555 fuerit
2750 3497 3031 3565 episcopus
3060 3493 3357 3555 Undesitm,
3387 3490 3468 3544 vel
3502 3488 3771 3549 Abbenw,

2220 3596 2437 3649 incertae
2469 3606 2688 3661 prorsus
2720 3586 3005 3658 provinciae
3032 3585 3367 3655 oppidorum.

2290 3684 2533 3739 Donsrus
2558 3682 2926 3735 Tmnnrsuus.
2964 3676 3176 3745 Legitur
3216 3677 3269 3728 in
3309 3672 3578 3727 collatione
3615 3667 3773 3737 Tigili-

2219 3774 2502 3838 tanus,sed
2532 3772 2711 3843 procul
2743 3768 2897 3822 dubio
2931 3767 3199 3830 mendose;
3228 3780 3384 3831 neque
3423 3762 3556 3815 enim
3600 3760 3774 3827 uspiam

2218 3866 2402 3919 mentio
2446 3864 2694 3934 reperitur
2737 3860 2954 3913 civitatis
2998 3859 3202 3929 Tigilis.
3258 3856 3511 3911 Libenter
3570 3850 3775 3904 admitto

2220 3957 2483 4012 Donatum
2539 3951 2638 4021 legi
2690 3951 2741 4005 in
2794 3950 3079 4005 collatione
3128 3946 3306 4015 procul
3353 3944 3508 3997 dubio
3555 3940 3769 3993 mendose

2219 4051 2586 4122 Tigilitanum,
2617 4045 2711 4101 sed
2739 4046 2806 4101 ab
2838 4059 2943 4099 uno
2974 4042 3264 4105 Garnerio,
3322 4053 3441 4093 nam
3468 4038 3555 4106 qui
3588 4036 3772 4090 litteras

2222 4141 2383 4206 norit,
2413 4140 2465 4194 in
2496 4153 2615 4207 cap.
2650 4136 2743 4190 ιὲι
2779 4132 3081 4190 collationis
3109 4132 3246 4199 leget
3278 4148 3290 4182 :
3335 4128 3573 4181 Donatus
3604 4127 3772 4193 episca-

2223 4251 2315 4302 pus
2344 4230 2671 4286 Tisilitensis.
2698 4228 2846 4282 Idem
2876 4228 3004 4281 dixit
3033 4242 3051 4279 :
3082 4223 3277 4277 Privato
3298 4237 3440 4284 sum;
3464 4220 3552 4273 sed
3578 4235 3673 4272 non
3692 4215 3771 4265 fta-

2224 4325 2310 4380 beo
2358 4332 2532 4379 contra
2580 4338 2659 4375 me
2693 4322 2843 4374 etiam
2877 4319 3187 4387 episcopum.
3242 4314 3333 4369 Ille
3358 4328 3486 4367 vero
3519 4321 3771 4381 perperam

2228 4430 2325 4486 pro
2350 4414 2656 4478 Tisilitensi,
2689 4408 3137 4481 quemadmodum
3171 4407 3220 4458 in
3267 4405 3437 4458 tribus
3481 4398 3773 4455 cdrtionibus

2229 4507 2511 4571 Massonis,
2540 4502 2881 4572 Albaspinmi,
2910 4509 2963 4554 et
2990 4498 3187 4553 Labbci
3227 4497 3438 4565 legitur,
3471 4493 3772 4564 Tigilitanum

2226 4596 2377 4651 dixit.
2434 4596 2537 4649 Sed
2597 4607 2950 4662 praepropera:
2999 4587 3218 4643 lectioni
3264 4586 3316 4640 id
3363 4585 3492 4639 vitio
3538 4589 3764 4638 vertatur.

2230 4686 2384 4742 Aliud
2413 4701 2631 4752 insuper
2656 4684 3032 4756 peccat,quod
3065 4682 3118 4735 in
3146 4680 3278 4734 urbe
3310 4678 3597 4732 'l‘ibilitana
3628 4675 3774 4728 Dona-

2232 4788 2341 4834 tum
2366 4778 2672 4845 episcopum
2711 4774 3031 4828 catltolicum
3070 4770 3220 4839 ponit
3245 4782 3385 4823 anno
3410 4768 3537 4831 ιιι,
3588 4779 3695 4819 cum
3731 4757 3770 4810 id

2234 4868 2493 4936 temporis
2519 4866 2656 4932 apud
2688 4864 3031 4919 Tibilitanum
3063 4860 3314 4931 Oppidum
3342 4858 3558 4912 sederet
3587 4850 3768 4919 Simpli-

2232 4959 2347 5011 cius
2383 4956 2655 5011 Donatista
2685 4954 3000 5021 episcOpus,
3049 4952 3137 5021 qui
3178 4966 3293 5019 cap.
3354 4950 3452 5003 187
3505 4939 3771 5001 collationis

2232 5048 2367 5101 dixit
2393 5064 2406 5100 :
2443 5046 2797 5099 Adversarium
2823 5060 2921 5096 non
2953 5043 3133 5098 habeo.
3174 5042 3302 5096 Huic
3325 5049 3528 5101 tamen,
3550 5036 3673 5089 velit
3697 5046 3772 5081 nu-

2233 5140 2312 5206 lit,
2343 5139 2599 5193 Donatum
2622 5134 2951 5190 Catholicam
2982 5135 3032 5189 in
3066 5133 3252 5188 eadem
3283 5132 3413 5186 urbe
3437 5123 3771 5183 adversarium

2229 5233 2404 5301 junth
2430 5249 2444 5283 :
2476 5244 2596 5284 cum
2635 5238 2857 5297 uterque
2886 5244 2979 5283 sua
3015 5228 3066 5282 in
3095 5227 3311 5282 civitate
3354 5235 3577 5280 teStatus
3598 5220 3662 5271 sit
3687 5228 3770 5267 mm

2238 5326 2432 5377 habere
2481 5321 2849 5373 adversantem
2887 5320 3287 5387 coepiscopum.
3343 5316 3507 5370 Estne
3550 5313 3644 5365 hoc
3677 5320 3773 5358 eru-

2236 5412 2466 5465 ditorum
2500 5411 2748 5480 patientia
2779 5410 2960 5463 ahuti?

2308 5502 2657 5558 PONTICANUS.
2688 5500 3041 5565 Snuusmus,
3088 5498 3465 5557 Cuntsrostus,
3515 5492 3767 5545 llnsontt's.

2236 5592 2450 5647 Lucws.
2486 5590 2702 5645 Incerta:
2730 5592 2883 5643 sedis.
2915 5590 3032 5642 lino
3063 5589 3227 5643 verbo
3256 5596 3419 5642 semet
3447 5591 3670 5639 censura:
3698 5584 3767 5642 pe'

2241 5682 2433 5749 riculo,
2464 5697 2561 5737 nos
2591 5681 2832 5735 molestia
2862 5680 3071 5734 liberat.
