3908 6384
286 296 379 351 ’501

997 296 1336 361 ςΑΒιοιιωι
1380 295 1878 351 EXERCITATJUN

2006 295 2068 349 IN
2109 296 2163 352 S.
2207 295 2572 352 AUCUSTINI
2610 297 2853 353 OPERA.

3432 299 3537 358 302

358 410 679 463 Aoeoenos
706 406 1148 464 Beccaurexsts.
1177 410 1260 462 Ita
1282 409 1482 480 quidem
1511 408 1562 462 in
1590 407 1865 462 collatione
1893 409 1940 468 Α
1975 404 2108 459 Rufo
2149 407 2200 459 in
2242 406 2533 460 Breviario.
2583 405 2659 460 Ex
2711 407 2903 476 quibus
2955 407 3231 464 evidenter
3274 410 3538 481 colligitur

286 498 581 572 appellatur
613 497 881 563 Ecclesia;
909 499 995 552 sed
1038 501 1091 553 in
1134 500 1334 554 Notitia
1379 502 1641 554 Numide
1676 499 1862 569 legitur

284 588 662 643 B.-llalisensis.
698 586 797 641 Ubi
846 602 961 641 vero
1002 588 1270 644 Numidia:
1297 592 1394 644 sita
1434 590 1584 659 fuerit
1612 588 1862 660 ejusmodi

279 683 485 742 civitas,
511 682 883 747 incompertum
905 678 1029 731 mihi
1058 687 1150 734 est.
1196 680 1302 735 Sed
1332 695 1451 736 cum
1479 680 1736 737 Garnerio
1766 695 1859 734 ex-

281 770 588 839 postulahit
615 768 751 821 alter
773 768 1012 835 ejusdem
1046 771 1278 824 nominis
1305 772 1587 840 episcOpus
1618 772 1862 835 Numida,

276 862 371 929 qui
409 874 534 928 cap.
567 857 671 913 1'19
700 856 894 911 dicitur
937 859 1229 914 Adeodatus
1270 862 1534 931 epismpus
1563 861 1717 930 plebis
1764 860 1867 912 Bu-

278 952 541 1005 zaritana:
565 967 585 1005 :
618 964 737 1003 nam
760 950 897 1004 hanc
942 950 1128 1005 urbem
1159 951 1212 1005 in
1240 951 1482 1006 Numidia
1518 953 1682 1005 fuisse
1710 952 1868 1006 ducet

275 1042 492 1095 Notitia
522 1040 759 1109 ejusdem
807 1040 1113 1109 provincize,
1160 1040 1215 1095 in
1244 1058 1345 1111 qua
1379 1042 1625 1097 laudatur
1659 1042 1866 1096 Vitalia-

279 1150 382 1186 nus
414 1133 791 1196 Vasaritnnus;
818 1140 872 1186 et
899 1133 995 1186 loci
1024 1131 1321 1187 Vazaritani
1342 1135 1397 1189 lit
1425 1135 1625 1190 mentio
1653 1150 1770 1189 can.
1799 1136 1866 1190 5i

279 1224 429 1279 Cod.
457 1224 716 1279 Africani.
760 1222 942 1291 Itaque
984 1238 1131 1278 mere
1171 1239 1269 1292 pro
1313 1225 1537 1280 arbitrio
1566 1226 1869 1280 Bellaliten-

280 1331 404 1369 sem
432 1314 691 1378 obtrudit,
720 1313 935 1368 excluso
959 1313 1294 1369 Bazaritano.
1318 1314 1493 1381 Quare
1519 1316 1675 1381 hujus
1696 1305 1874 1370 Adeo-

282 1404 402 1458 dati
439 1406 530 1473 qui
558 1405 610 1457 in
641 1403 845 1473 synodo
876 1403 1206 1469 nominatur,
1248 1404 1439 1459 civitas
1478 1407 1636 1459 etiam
1668 1406 1868 1459 incerta

284 1505 395 1559 est,
433 1501 489 1547 et
520 1509 622 1547 non
653 1502 855 1547 tantum
885 1494 1018 1548 situs
1057 1494 1311 1557 civitatis,
1354 1504 1412 1548 ut
1433 1495 1523 1549 ille
1548 1495 1866 1549 afﬁrmabat.

365 1585 692 1638 Paocessus.
728 1582 927 1653 Ignotte
954 1583 1111 1638 sedis.
1144 1582 1502 1639 Proeedamus
1532 1584 1596 1637 ad
1624 1595 1797 1637 notas.

361 1675 698 1728 Caescoutus
747 1670 1223 1728 CENTBNARIENSIS.
1276 1672 1362 1728 Ita
1398 1672 1586 1744 legitur
1626 1674 1681 1726 in
1713 1672 1872 1726 colla-

1967 496 2291 550 Tubiensem
2322 496 2615 550 Ecclesiam
2661 496 2782 550 huic
2809 495 3096 565 provincia:
3135 499 3531 565 aseribendaui,

1967 599 2071 637 non
2096 599 2222 637 vero
2246 583 2533 649 Numidiae;
2561 585 2692 639 alias
2721 586 2874 639 istius
2904 587 3196 655 provincias
3226 588 3388 657 legati
3410 604 3537 643 con-

1967 680 2047 725 tra
2093 674 2435 727 Cresconium
2490 676 2795 743 stetissent,
2847 692 2951 731 non
3005 687 3182 733 autem
3232 679 3533 737 Sitifenses.

1969 762 2191 817 Carolus
2220 778 2247 816 a
2280 763 2338 817 S.
2387 764 2551 818 Paulo
2582 766 2861 821 Tubieusis
2905 767 3243 838 episcopatus
3286 786 3387 825 non
3428 760 3531 825 me?

1971 852 2142 913 minit,
2172 860 2226 905 et
2256 851 2564 907 llolstenius
2598 869 2716 923 pag.
2749 840 2818 909 6'5
2846 866 2899 910 et
2930 858 2998 910 96
3028 868 3272 911 notarum
3301 860 3365 912 ad
3391 876 3539 912 eum-

1970 941 2090 995 dem
2126 941 2299 996 minus
2347 952 2490 997 recte
2520 958 2639 995 cum
2670 943 2978 1000 Tubunensi
3009 946 3316 1012 Confundit;
3360 947 3538 1002 Tuba.

1977 1047 2058 1085 πω
2090 1032 2230 1085 enim
2253 1042 2406 1086 erant
2437 1033 2487 1085 in
2529 1033 2796 1101 Numidia,
2825 1044 2883 1089 ut
2910 1043 3089 1113 postea
3113 1038 3306 1092 dicam.
3341 1030 3541 1092 Carne-

1974 1123 2086 1176 rius
2137 1123 2277 1191 quod
2330 1123 2655 1177 Cresconius
2708 1126 2893 1179 relicto
2946 1127 3141 1195 oppido
3197 1127 3541 1196 Villaregensi

1980 1214 2306 1269 Tubiensem
2351 1215 2531 1268 sedem
2576 1220 2856 1285 occupavit
2887 1256 2902 1280 ,
2958 1229 3233 1286 utramque
3286 1218 3543 1272 Numidiae

1966 1306 2167 1360 "urbem
2217 1306 2465 1361 asseruit.
2508 1305 2713 1359 Scimus
2757 1322 2820 1361 ex
2863 1309 3102 1375 Socrate,
3144 1310 3459 1379 Si-zomeno,
3493 1320 3541 1365 el

1976 1390 2321 1451 Thcodoreto
2349 1397 2600 1450 Euzoium
2642 1401 2786 1465 prius
2835 1399 3040 1453 sedisse
3080 1400 3217 1466 apud
3269 1399 3544 1453 Germani-

1976 1489 2109 1543 ciam
2152 1489 2202 1541 in
2236 1487 2586 1555 Euphratensi
2620 1490 2884 1557 provincia
2907 1531 2920 1555 ,
2967 1490 3088 1544 dein
3127 1491 3541 1545 Autiochensem

1977 1579 2228 1633 thronum
2275 1578 2555 1638 invasisse.
2600 1589 2871 1647 postremo
2909 1579 3544 1650 Constantinopolitanani

1977 1672 2159 1725 sedem
2208 1682 2512 1737 usurpasse.
2562 1669 2828 1725 Eusebius
2891 1680 3025 1725 teste
3071 1672 3275 1741 synodo
3321 1673 3545 1727 Alexan.

288 1767 455 1817 tione.
488 1756 563 1815 Ei
578 1778 688 1815 vero
714 1762 769 1815 in
812 1761 1010 1815 Notitia
1033 1762 1384 1832 episcOporum
1416 1761 1675 1815 Numidia:
1708 1778 1876 1815 nume—
1909 1765 1952 1824 Β
1980 1760 2130 1814 drina
2159 1761 2209 1813 in
2252 1760 2491 1828 apologis
2532 1762 2766 1815 secunda
2806 1762 2865 1819 S.
2903 1762 3200 1829 Athanasii,
3234 1765 3404 1833 primo
3450 1767 3547 1819 Bc-

286 1866 445 1906 ratur
489 1853 619 1905 inter
661 1855 842 1923 ejectos
870 1852 987 1906 inde
1015 1852 1275 1922 episcOpos
1301 1851 1589 1907 Florentius
1618 1850 1865 1907 Centena—

288 1944 504 1996 riensfs.
537 1942 667 1994 Cum
691 1941 874 2010 plures
902 1940 1175 1997 Cresconii
1209 1942 1263 2018 in
1286 1942 1570 1997 collatione
1598 1958 1875 1997 numeren-

294 2047 409 2098 tur,
450 2035 593 2087 huuc
621 2033 710 2101 qui
756 2032 1030 2102 trigesimo
1057 2033 1176 2087 loco
1221 2033 1274 2087 in
1302 2034 1591 2103 epigraphe
1634 2034 1876 2087 nomina-

288 2134 408 2185 tur,
445 2123 650 2177 sedisse
680 2122 817 2189 apud
849 2122 1225 2178 Centenarium
1258 2124 1351 2192 (ita
1382 2124 1485 2179 hoc
1506 2124 1759 2193 Oppidum
1792 2139 1878 2193 ap-

288 2218 535 2285 pellatur
582 2217 633 2269 in
682 2215 900 2269 Tabulis
942 2214 1407 2284 Peutingerianis)
1447 2216 1732 2284 sineteste
1773 2232 1878 2269 non

289 2307 518 2362 credam
543 2321 559 2369 ;
606 2319 725 2357 cum
757 2305 1053 2373 prmsertim
1085 2305 1222 2359 idem
1250 2304 1540 2361 Gamerius
1569 2306 1634 2361 de
1659 2305 1879 2361 Cresco-

290 2400 520 2452 niorum
554 2398 606 2450 in
638 2394 883 2449 Numidia
915 2396 1137 2450 urbibus
1166 2396 1300 2450 nihil
1353 2396 1487 2451 certi
1542 2412 1601 2449 se
1643 2405 1881 2452 statuere

296 2504 469 2559 posse
503 2490 731 2555 ingenue
757 2488 1006 2552 fateatur,
1037 2494 1097 2541 ut
1126 2502 1224 2543 suo
1255 2488 1476 2542 inferius
1508 2490 1624 2542 loco
1657 2489 1876 2544 videbis.

366 2579 651 2634 Secunpus
688 2577 1196 2640 MAGARMELITANUS,
1244 2592 1339 2633 seu
1385 2580 1661 2639 AQUENSIS.
1722 2578 1879 2643 Quem

296 2669 798 2739 Magarmelitanum
821 2667 1024 2720 collatio
1046 2667 1190 2732 dicit,
1223 2666 1503 2735 Aquensem
1526 2677 1767 2736 prwterca
1797 2684 1883 2719 eo-

294 2774 381 2813 rat
418 2760 752 2831 Augustinus.
784 2759 1050 2828 Nusquam
1081 2759 1134 2813 in
1159 2760 1442 2828 Augustini
1469 2759 1620 2814 libris
1648 2760 1881 2814 Secundi

293 2870 402 2907 nec
436 2850 868 2922 Magarmelitani,
922 2865 1019 2906 nec
1058 2851 1303 2921 Aquensis
1356 2865 1548 2905 nomen
1594 2852 1883 2920 reperitur.

297 2945 357 2997 In
407 2942 597 2996 libello
636 2951 836 2994 tantum
880 2940 1093 3011 Leporii
1146 2941 1259 2995 hcc
1299 2941 1620 3009 Subscriitio
1648 2943 1881 3012 legitur:

301 3031 583 3087 Secundus
604 3032 861 3101 episcOpus
881 3031 1145 3099 Aquensis,
1169 3034 1269 3086 sive
1302 3031 1687 3102 Megarmitanaa
1717 3034 1883 3088 oblato

300 3124 455 3176 nobis
488 3140 519 3175 a
553 3122 764 3191 Lepm‘o
804 3121 971 3175 libello
1012 3123 1310 3189 subscripsi.
1366 3122 1460 3178 Ubi
1494 3139 1598 3177 non
1634 3126 1878 3191 Augusti.
1914 3110 1959 3174 (ἶ

304 3228 436 3277 nus,
468 3213 559 3279 qui
585 3211 777 3264 ibidem
802 3211 989 3265 eodem
1014 3211 1171 3266 modo
1194 3212 1526 3282 subscriptus
1556 3213 1769 3283 legitur,
1793 3214 1884 3270 sed

303 3306 426 3374 ipse
455 3302 741 3357 Secundus
771 3315 829 3356 se
857 3303 1160 3371 Aquensem
1189 3301 1343 3357 dixit.

380 3395 554 3448 Fr.th
580 3393 1015 3449 VILLAREGENSIS.
1077 3394 1186 3448 Etsi
1234 3405 1424 3448 certum
1466 3407 1540 3449 est
1585 3412 1649 3451 ea:
1692 3397 1887 3451 duobus

303 3488 546 3555 ejusdem
567 3486 783 3539 nominis
800 3486 1045 3556 episcopis
1066 3486 1327 3541 Numidia:
1351 3488 1567 3541 alterum
1591 3491 1746 3560 fuisse
1772 3490 1889 3543 Vil-

305 3581 669 3647 laregensem‘,
712 3578 927 3631 alterum
974 3577 1295 3644 Tubiensem,
1330 3581 1534 3634 dubium
1574 3591 1740 3634 tamen
1780 3592 1892 3635 u'er

307 3682 488 3721 utram
524 3668 787 3721 ecclesiam
811 3668 1019 3720 rexerit.
1052 3668 1265 3733 Postea,
1297 3686 1458 3723 canon
1480 3670 1547 3724 48
1572 3669 1699 3725 Cod.
1728 3672 1889 3741 Afric.

308 3759 541 3812 continet
565 3773 770 3810 causam
801 3757 1054 3811 Cresconii
1089 3756 1473 3826 Villaregensis.
1523 3761 1611 3830 qui
1648 3777 1763 3814 cum
1794 3761 1894 3813 Tu-

313 3850 542 3901 biensem
571 3847 847 3900 Ecclesium
878 3847 1122 3901 violenter
1154 3849 1437 3915 invasisset,
1467 3852 1643 3903 relicta
1673 3851 1893 3905 Villareo

316 3939 480 4010 gensi,
512 3938 793 4006 saepiusque
829 3937 1120 3991 admonitus
1151 3940 1347 4008 fuisset,
1396 3942 1759 3995 contumaciter
1803 3961 1898 4011 pa-

318 4047 434 4083 rere
461 4032 840 4084 detrectaverat.
873 4030 1054 4084 Verum
1082 4048 1198 4085 cum
1219 4035 1560 4100 expostulatio
1585 4035 1721 4102 facta
1745 4038 1897 4105 fuerit

322 4126 385 4174 ub
420 4120 686 4175 "onerato
716 4133 763 4175 et
796 4121 1001 4177 Urbano
1027 4123 1355 4178 Mauritania
1383 4123 1648 4191 Sitifensis
1693 4127 1896 4197 legatis,

325 4213 580 4281 conjicere
605 4223 765 4280 posset
789 4212 995 4282 aliquis,
1020 4214 1109 4267 nec
1132 4224 1315 4269 temere
1342 4224 1605 4283 utramque
1629 4219 1899 4286 praefatam

330 4300 614 4354 Ecclesium
646 4302 713 4353 ad
746 4300 934 4354 hancce
967 4300 1337 4357 Mauritaniam
1365 4305 1633 4374 pertinere.
1661 4305 1766 4361 Sed
1788 4323 1901 4361 cum

334 4391 544 4445 Natitia:
562 4404 741 4445 auctor
768 4393 818 4445 in
864 4394 1173 4447 contrarium
1218 4395 1421 4458 sentiat,
1460 4396 1543 4448 vix
1580 4412 1670 4465 ego
1711 4399 1901 4467 possim

1984 1854 2086 1923 ryti
2114 1851 2165 1905 in
2199 1852 2369 1920 prima
2399 1854 2667 1907 Phoenicia
2694 1855 2977 1924 episcopus
3007 1855 3125 1921 fuit,
3157 1856 3278 1912 inde
3306 1858 3357 1911 in
3391 1855 3549 1911 Nico-

1980 1942 2311 1997 mediensem
2344 1944 2395 1996 in
2439 1944 2686 2015 Bithynia
2715 1945 2895 2000 sedem
2941 1961 3000 2001 se
3046 1947 3288 2014 iutrusit,
3339 1949 3549 2003 tandem

1982 2033 2190 2087 favente
2236 2034 2548 2087 Constantio
2608 2036 2846 2104 Augusto
2902 2036 3549 2108 Constantiuopolitanam

1982 2123 2224 2191 arripuit,
2254 2139 2447 2192 semper
2474 2124 2694 2178 aliorum
2723 2126 2973 2193 civitates,
3006 2127 3166 2181 oculis
3196 2144 3284 2198 per
3312 2129 3551 2182 invidiam

1982 2215 2241 2284 confectis,
2277 2215 2523 2269 oblimans
2551 2227 2698 2285 atque
2737 2219 3003 2272 arrodens.
3062 2219 3216 2274 Juxta
3265 2221 3552 2275 illationem

1982 2305 2227 2361 Garnerii
2260 2305 2309 2360 in
2336 2307 2521 2360 eadem
2550 2307 2819 2376 provincia
2845 2318 3002 2365 erunt
3032 2320 3340 2365 memoratm
3370 2313 3553 2375 urbes,

1983 2413 2102 2452 cum
2131 2410 2303 2451 tamen
2325 2399 2820 2469 Constantinopolis
2862 2400 3023 2455 fuerit
3063 2402 3116 2455 in
3161 2401 3391 2471 Europa,
3440 2401 3554 2456 aliut

1986 2503 2117 2543 vero
2148 2489 2199 2542 in
2230 2489 2391 2543 variis
2416 2504 2477 2544 ac
2506 2492 2600 2543 abs
2627 2505 2686 2545 se
2726 2492 2951 2545 invicem
2994 2495 3214 2547 remotis
3244 2493 3383 2547 Asia:
3432 2510 3554 2563 pro-

1985 2579 2194 2632 vinciis.
2229 2577 2387 2632 Forte
2416 2594 2521 2647 quo
2547 2594 2790 2635 erronem
2842 2582 2998 2634 istum
3047 2580 3391 2637 Cresconium
3440 2585 3553 2637 lon-

1988 2668 2152 2736 gioris
2184 2668 2391 2721 itineris
2421 2668 2665 2722 molestia
2696 2671 2970 2735 liberaret,
2996 2680 3279 2740 utrumque
3308 2672 3556 2741 oppidum

1984 2756 2350 2825 'Villaregense
2381 2766 2436 2811 et
2460 2757 2727 2811 Tuhieuse
2755 2759 2804 2811 in
2835 2760 3020 2813 eadem
3056 2762 3327 2826 provincia
3363 2764 3556 2830 posuit,

1989 2856 2045 2900 ut
2070 2845 2384 2900 Cresconius
2412 2847 2474 2901 de
2499 2862 2606 2901 uno
2632 2848 2697 2901 ad
2727 2838 2953 2902 alterum
2988 2849 3141 2904 facile
3173 2851 3483 2907 transiliret.

1986 2962 1989 2967 ν
2062 2937 2361 2990 ΑειΑτιρυς.
2395 2935 2613 2990 Incerta:
2661 2939 2814 3003 sedis,
2860 2940 3288 3010 quemadmodum
3316 2952 3363 2998 et
3400 2941 3556 2998 Ren-

1992 3042 2203 3083 NIANUS.
2237 3027 2425 3082 Nullus
2470 3028 2555 3083 hic
2581 3022 2842 3084 censoria:
2886 3032 3188 3087 severitatis
3237 3043 3375 3089 notae
3417 3034 3557 3091 locus

1990 3127 2092 3174 est.
2122 3118 2311 3172 Melius
2338 3118 2411 3172 illi
2444 3118 2603 3173 vertit
2632 3120 2877 3190 ignorare
2907 3138 3065 3193 quam
3098 3124 3311 3181 docere.

2060 3209 2363 3264 Fsusnxus
2383 3210 2725 3266 SILIJTENSIS.
2763 3210 2847 3266 Ita
2877 3214 2930 3266 in
2956 3214 3225 3269 collatione
3248 3233 3267 3284 ;
3317 3218 3375 3287 ﬁt
3400 3230 3561 3273 autem

1988 3303 2041 3356 in
2073 3301 2274 3355 Notitia
2302 3301 2648 3370 episc0porum
2675 3302 2934 3357 Nun’t'dia:
2964 3308 3151 3359 mentio
3180 3307 3397 3367 Maximi
3420 3308 3561 3365 Sillia

1991 3396 2116 3448 tani.
2150 3394 2412 3462 ExSpccta
2446 3410 2752 3462 parumper,
2786 3405 2840 3451 et
2868 3397 3092 3452 alterum
3121 3398 3430 3466 Faustinum
3464 3402 3562 3455 Sil-

1992 3487 2207 3541 litanam
2238 3484 2548 3539 cathedram
2575 3500 2677 3538 una
2728 3487 2883 3540 simul
2914 3489 3189 3542 sedentem
3212 3490 3424 3557 audies;
3460 3493 3564 3545 imo

1992 3574 2204 3629 tertium
2230 3573 2542 3626 Faustinum
2570 3574 2964 3641 supposititium
2989 3577 3039 3630 in
3071 3575 3168 3630 hac
3190 3578 3414 3648 synodo,
3440 3579 3557 3633 Car.

1994 3667 2145 3723 nerio
2166 3673 2405 3728 auctore,
2438 3664 2662 3718 videbis.

2000 3784 2001 3787 η
2066 3757 2360 3813 Ssuvusom
2395 3754 2668 3810 BURENSIS.
2700 3753 2784 3808 Ita
2811 3756 2861 3809 in
2881 3755 3173 3822 collatione,
3198 3760 3297 3811 nisi
3319 3761 3454 3829 quod
3480 3764 3565 3814 ad.

1998 3850 2135 3903 ditur
2167 3846 2540 3900 Tubursicenst's
2569 3845 2739 3899 Burte.
2782 3842 2966 3899 Verum
2999 3848 3050 3900 in
3087 3846 3284 3901 Notitia
3309 3850 3566 3917 episcopco

1996 3956 2111 3992 rum
2143 3937 2402 3991 Numidia:
2450 3937 2637 3989 dicitur
2676 3936 2975 4005 simpliciter
3022 3935 3263 3991 Leontius
3303 3937 3567 3995 Burensis.

1997 4029 2111 4085 Non
2156 4042 2263 4082 uno
2293 4027 2420 4081 vitio
2447 4026 2652 4082 laborat
2682 4026 2783 4082 hoc
2818 4027 3081 4082 scholion.
3118 4029 3392 4098 Agnomen
3424 4031 3573 4089 urbis

1999 4135 2096 4190 pro
2122 4119 2360 4188 ejusdem
2390 4120 2604 4173 nomine
2639 4118 2895 4172 obtrudit.
2922 4117 3053 4172 Cum
3079 4120 3269 4190 duplex
3297 4130 3441 4176 esset
3467 4123 3572 4178 Tu-

2002 4214 2248 4268 bursicus
2278 4214 2329 4265 in
2360 4212 2560 4275 Africa,
2605 4225 2705 4264 una
2734 4210 2873 4264 dicta
2920 4221 3002 4266 est
3029 4211 3354 4268 Tubursicus
3396 4213 3569 4280 Barce,

2001 4303 2169 4357 altera
2201 4301 2593 4355 Numidiarum.
2628 4300 2777 4354 Patet
2803 4315 2867 4355 ex
2897 4301 3211 4365 collatione,
3239 4303 3289 4355 in
3322 4317 3424 4371 qua
3452 4319 3574 4372 cap.

2002 4391 2104 4445 121
2134 4391 2376 4444 laudatur
2405 4391 2673 4445 Servusdei
2706 4392 2976 4459 episcopus
3005 4391 3164 4461 plebis
3192 4390 3575 4446 Tubursicensis

334 4488 671 4553 conjecturam
701 4485 915 4554 probare
950 4500 967 4538 :
995 4486 1107 4556 quis
1146 4486 1277 4539 enim
1312 4484 1516 4540 Victore
1545 4486 1774 4541 Uticensi
1797 4507 1901 4544 nte-
1932 4461 1982 4521 D
2009 4480 2181 4544 Barce,
2229 4490 2412 4536 centra
2455 4498 2611 4550 quem
2653 4482 2887 4536 Donatus
2940 4482 3221 4537 haereticus
3251 4483 3444 4546 stabat,
3485 4486 3575 4553 qui

335 4575 431 4625 lius
458 4575 613 4625 situm
644 4574 903 4625 civitatum
928 4574 1136 4643 Africae,
1171 4574 1614 4647 Ecclesiarumque
1638 4595 1671 4631 a
1692 4580 1797 4633 suis
1824 4597 1905 4633 re-

337 4672 530 4715 etut-um
568 4664 716 4716 sociis
765 4665 1051 4719 distinctius
1108 4667 1346 4721 noverit?
1394 4668 1565 4733 Quare
1605 4670 1765 4725 donec
1815 4672 1906 4725 lux

336 4754 542 4807 aliunde
579 4757 741 4824 major
771 4753 1037 4826 aﬁ'ulgeat,
1089 4755 1301 4810 Notitia:
1343 4759 1707 4813 adlucrendum
1758 4772 1900 4831 puto.

337 4844 573 4913 Cespitat
613 4845 663 4899 in
696 4846 855 4914 plano
881 4886 894 4909 ,
923 4855 977 4900 et
1018 4847 1071 4900 in
1100 4847 1322 4903 meridie
1351 4851 1594 4918 majorem
1624 4852 1785 4906 lucem
1812 4868 1903 4907 ex-

338 4945 507 5005 0ptat.
548 4937 658 4991 Sibi
692 4937 839 5007 lingit
879 4939 1242 4993 tesﬁmonium
1273 4939 1483 4994 Notitia:
1513 4944 1738 4997 canonis
1764 4945 1906 4999 Afri-

337 5030 455 5081 cani
505 5028 661 5083 dictis
689 5028 983 5082 adversari.
1027 5030 1083 5083 ln
1127 5029 1319 5084 Notitia
1364 5030 1626 5086 Numidia:
1659 5034 1909 5089 scribitur

338 5119 573 5174 Donatus
609 5119 1003 5190 Villaregensis;
1043 5128 1098 5175 at
1120 5122 1407 5178 Tubiensis
1447 5123 1686 5180 Ecclesia
1711 5126 1908 5183 ibidem

338 5227 448 5265 non
474 5213 747 5266 recitatur.
772 5212 952 5281 Itaque
971 5212 1287 5268 Cresconius
1318 5229 1382 5269 ex
1405 5214 1536 5269 urbe
1563 5216 1910 5285 Villaregensi

334 5302 601 5358 Numidia:
629 5301 691 5355 ad
722 5301 1089 5356 Mauritaniam
1129 5302 1435 5358 Sitifensem
1476 5306 1762 5372 prolectus,
1794 5305 1904 5359 Tuo

334 5396 579 5448 biensem
620 5392 812 5446 ibidem
859 5392 1153 5445 Ecclesium
1205 5394 1495 5447 invaserat.
1567 5393 1700 5447 Hinc
1750 5394 1908 5463 legati

338 5484 416 5537 Sit
441 5482 619 5537 feuses
650 5482 849 5549 petiere
877 5495 906 5534 a
950 5481 1153 5550 synodo
1180 5492 1234 5534 ut
1267 5496 1426 5549 agere
1468 5491 1688 5549 possent
1724 5492 1909 5538 contra

340 5574 722 5637 Cresconium,
775 5586 951 5625 coram
1002 5582 1188 5625 rectore
1234 5572 1557 5642 provincias;
1608 5583 1722 5627 erat
1768 5575 1908 5629 enim

345 5662 660 5719 Mauritania
681 5659 947 5717 Sitifensis
975 5660 1245 5728 provincia
1276 5661 1567 5729 prtesidalis
1591 5673 1724 5719 teste
1747 5663 1911 5719 Sexto

2007 4588 2125 4643 cap.
2142 4572 2246 4627 206
2273 4572 2464 4626 dicitur
2489 4572 2718 4626 Donatus
2738 4571 3141 4638 Tubursicensis,
3167 4586 3338 4641 neque
3363 4571 3576 4627 additur

2008 4665 2194 4730 Burat;
2221 4665 2360 4720 unde
2391 4674 2600 4720 constat
2626 4665 2941 4720 Servumdei
2972 4680 3079 4718 non
3128 4677 3249 4717 esse
3293 4663 3575 4721 dicendum

2010 4757 2324 4819 Burensetn,
2348 4757 2440 4811 sed
2471 4756 2952 4817 Tubursicensem;
2984 4768 3012 4805 a
3037 4753 3252 4807 nomine
3282 4754 3444 4821 enim,
3473 4773 3577 4812 non

2011 4850 2079 4904 ab
2109 4838 2393 4920 agnomine
2419 4850 2563 4903 urbis
2586 4846 2929 4918 appellandus
2952 4854 3033 4899 est
3059 4862 3071 4897 :
3103 4845 3208 4900 hoc
3246 4848 3388 4901 enim
3424 4849 3581 4918 hujus

2013 4944 2336 4998 Tubursicus
2365 4943 2433 4995 ab
2476 4941 2640 4994 altera
2692 4940 2840 4992 istius
2872 4939 3102 4992 nominis
3146 4941 3280 4997 urbe
3311 4942 3582 4999 distinctio

2016 5040 2221 5086 tantum
2269 5030 2613 5099 signiﬁcatur.
2649 5028 2719 5082 Ita
2750 5029 2975 5083 dicimus
3004 5029 3351 5100 Ultrajectum
3382 5033 3580 5100 Rheni,

2017 5132 2076 5177 ut
2104 5121 2204 5174 hoc
2225 5119 2476 5188 oppidum
2498 5119 2565 5171 ab
2587 5118 2878 5187 Ultrajecto
2896 5120 2963 5174 ad
2987 5121 3183 5176 Mosam
3216 5138 3585 5192 secernamus,

2018 5219 2072 5264 et
2100 5222 2373 5280 perperam
2420 5208 2537 5277 quis
2567 5207 2721 5277 hujus
2771 5210 3003 5265 civitatis
3033 5211 3340 5281 episcopum
3374 5226 3583 5270 vocaret

2022 5302 2319 5356 Mosensem.
2345 5300 2524 5355 Altera
2544 5301 2869 5356 Tubursicus
2886 5302 3161 5356 dicebatur
3188 5302 3584 5360 Nuntidiarum.‘

2015 5394 2088 5448 ita
2137 5393 2191 5445 in
2235 5392 2420 5447 eadem
2462 5388 2747 5448 cellatione
2791 5408 2908 5461 cap.
2952 5393 3051 5449 201
3104 5395 3241 5446 in'er
3284 5393 3583 5454 Dona’istas

2017 5482 2323 5538 neminatur
2348 5481 2629 5537 Januarius
2658 5485 2718 5536 de
2749 5482 3031 5536 Tubursicu
3064 5480 3452 5547 Numidtarum,
3498 5488 3584 5541 cui

2015 5574 2398 5629 adversabatur
2429 5574 2621 5630 ibidem
2668 5574 2989 5631 Maurentius
3036 5571 3328 5628 catholicus
3368 5590 3431 5631 ex
3461 5593 3581 5650 cap,

2019 5666 2138 5737 145,
2168 5667 2252 5722 ubi
2286 5668 2579 5736 appellatur
2614 5668 2879 5737 episcopus
2910 5663 3150 5721 Ecclesite
3174 5666 3577 5726 Tubursfccnsis.
