3908 6312
479 319 584 375 305

1365 312 1912 370 SUPPLEMENTUM
1953 313 2043 367 AD
2081 312 2303 369 OPERA
2347 314 2405 371 S.
2451 314 2832 371 AUGUSTiNl.
3595 320 3687 377 30b

484 432 776 501 Utrumque
806 429 1057 499 oppidum
1104 429 1339 484 confudit
1369 428 1673 483 llolstenius
1704 445 1819 499 pag.
1855 429 1942 493 5'5,
1992 437 2046 482 et
2076 432 2121 487 A
2150 429 2475 496 collegarum
2525 443 2644 481 cum
2676 428 2776 495 ipsi
2830 441 2953 497 erga
3006 424 3259 481 Romana:
3301 426 3547 483 Ecl-les'a:
3587 446 3689 497 jura

482 522 636 575 unius
675 530 875 575 tantum
933 520 1172 575 meminit
1197 520 1415 574 Carolus
1468 535 1497 573 a
1524 520 1578 574 S.
1617 519 1803 573 Paulo.
1844 520 1921 573 Ex
1970 519 2052 573 his

481 612 641 665 etiam
670 610 915 675 infertur,
951 609 1327 676 Tubursicum,
1374 609 1465 663 ubi
1494 609 1713 663 sedebat
1740 609 2050 673 Servusdei,

484 720 587 757 non
619 716 761 758 recte
791 706 950 757 statui
984 704 1034 756 in
1066 702 1329 768 Numidia,
1356 718 1479 756 cum
1530 702 1595 756 ad
1626 702 2050 771 distinguendam

483 795 702 848 alteram
734 793 1087 847 Tubnrsicum
1120 808 1148 846 a
1180 793 1475 847 Tubursicu
1510 794 1685 857 Bursa,
1718 794 1803 845 illa
1847 793 2051 846 dicere-

486 893 574 938 tur
603 883 908 937 Tubursicus
954 881 1333 935 Numidiarum.
1370 882 1582 935 Poterat
1614 880 1901 937 Gamerius
1924 882 2049 935 Ser-

483 972 698 1026 vumdei
742 988 807 1026 ex
862 972 1155 1041 Augustino
1208 971 1301 1024 lib.
1355 987 1411 1025 tu
1440 980 1623 1025 contra
1673 972 2049 1037 Cresconium,

483 1078 600 1131 cap.
648 1064 735 1125 45,
768 1063 961 1116 eximie
990 1063 1387 1124 commendare,
1418 1061 1569 1130 cujus
1616 1062 1774 1115 verba
1809 1062 1892 1115 hic
1944 1062 2055 1115 lau-

483 1154 653 1208 danda
684 1162 839 1219 sunt,
872 1169 934 1207 ac
983 1168 1234 1223 germana
1280 1154 1435 1207 lectio
1464 1152 1811 1208 restituenda.
1843 1152 2054 1223 Episco-

486 1262 603 1312 pus,
649 1245 850 1314 inquit,
880 1245 1156 1299 catholicus
1184 1262 1215 1296 a
1247 1244 1687 1297 Thubursicubure
1718 1242 1905 1298 Servus
1962 1259 2055 1295 no-

485 1337 635 1401 mine,
669 1352 783 1388 cum
810 1338 1043 1389 invasam
1064 1354 1095 1389 a
1116 1338 1289 1389 vestris
1321 1337 1484 1390 locum
1510 1344 1751 1405 repeteret
1797 1344 1844 1389 et
1866 1337 2057 1390 utrius-

483 1444 581 1496 que
626 1428 786 1495 partis
834 1436 1188 1496 procuratores
1237 1428 1596 1498 proconsulare
1643 1429 2057 1497 prwstolarentur

483 1533 720 1583 examen,
768 1526 972 1586 repente
1021 1517 1116 1572 sibi
1146 1519 1197 1570 in
1246 1518 1432 1588 Oppido
1460 1526 1735 1572 memorato
1765 1518 1939 1572 vestris
1965 1533 2053 1571 ar-

482 1610 634 1661 matis
662 1609 991 1675 irruentibus,
1037 1610 1123 1663 vis:
1170 1610 1307 1663 vivus
1345 1610 1564 1681 aufugit.
1619 1609 1716 1666 Ubi
1773 1610 2052 1680 legendum

484 1713 605 1754 esse
625 1698 937 1753 Thubursicu
959 1699 1112 1754 Barce
1133 1709 1274 1769 patet
1302 1714 1369 1755 ex
1384 1700 1686 1769 collatione,
1711 1700 1849 1754 unde
1866 1700 1924 1755 S.
1948 1701 2056 1755 Au-

2151 520 2641 589 obsequentissimi,
2672 519 2857 589 procul
2885 529 3083 583 essent,
3116 519 3234 573 ideo
3273 519 3335 572 ad
3365 510 3482 574 eum
3506 522 3692 591 episco-

2151 626 2337 681 porum
2366 621 2685 666 conventum
2708 627 2766 666 se
2796 610 3043 665 conferre
3071 621 3396 665 recusarunt.

2194 688 2195 691 η
2220 699 2544 755 CIESCOMUS
2576 718 2641 754 nu
2670 716 2939 755 ολδ-γει,ιο
2964 701 3277 754 Tnuusso.
3311 700 3508 769 Legitur
3531 703 3577 754 in
3602 704 3694 757 col-

2152 791 2344 847 latione
2371 792 2539 860 plebis
2567 792 2758 855 Tituli;
2796 792 2886 846 sed
2916 794 3097 845 notitia
3124 793 3347 845 meminit
3385 792 3618 847 Victorini
3640 797 3695 850 de

2152 883 2362 935 castella
2392 881 2652 935 Tituliano
2682 881 2904 952 episcopi
2926 880 3209 934 Numidiw.
3241 880 3426 935 Postea
3452 899 3464 935 :
3498 881 3693 937 Menen-

2154 972 2277 1024 a‘um
2306 988 2458 1039 porro
2506 989 2663 1039 nunc,
2716 973 2957 1039 quoniam
2986 972 3209 1035 memini,
3257 972 3565 1025 vehementer
3603 990 3696 1027 esse

2153 1063 2409 1133 probabile
2461 1062 2713 1116 Notitiam
2751 1064 3136 1133 episcOporum,
3185 1080 3289 1133 qua
3336 1073 3438 1116 tam
3480 1081 3604 1131 stepe
3632 1070 3696 1132 (at

2152 1169 2311 1223 quam
2343 1154 2681 1224 infeliciter!)
2713 1157 2788 1208 usi
2816 1170 3009 1225 sumus,
3040 1156 3281 1221 scriptam
3309 1156 3463 1223 fuisse
3486 1157 3545 1208 ab
3576 1157 3624 1220 ip
3650 1173 3696 1209 o-

2153 1254 2254 1297 met
2286 1244 2485 1299 Victore
2520 1244 2781 1311 Uticensi,
2828 1246 2914 1315 qui
2959 1256 3061 1299 tres
3092 1246 3248 1298 libros
3276 1248 3338 1300 de
3373 1247 3700 1301 l’ersrcntione

2167 1334 2445 1389 Vandalica
2491 1338 2794 1405 composuit,
2848 1346 2951 1390 etc.
2980 1338 3144 1405 Atque
3187 1337 3305 1389 hinc
3350 1338 3551 1406 quisque
3593 1340 3699 1391 sa'is

2154 1427 2428 1497 perspiciat
2475 1436 2746 1495 utrumque
2793 1443 2920 1492 Opus
2958 1427 3389 1498 conjungendum,
3434 1428 3475 1478 si
3519 1432 3699 1496 quando

2163 1518 2381 1572 Victoris
2406 1519 2619 1572 historia
2642 1521 2847 1582 edatur,
2870 1531 3115 1587 tanquam
3135 1519 3347 1572 alterum
3374 1520 3575 1574 alterius
3597 1537 3699 1590 sup—

2157 1611 2460 1679 plementum
2505 1618 2553 1662 et
2587 1610 2775 1662 lumen.
2832 1609 3036 1664 Passim
3094 1608 3309 1662 labitur.
3364 1609 3617 1663 Scribitur
3658 1613 3700 1663 in

2157 1699 2440 1754 collatione
2462 1714 2579 1768 cap.
2616 1699 2718 1754 125
2748 1698 3044 1773 Cresconius
3062 1700 3329 1769 episcOpus
3361 1698 3519 1765 plebis
3540 1699 3701 1761 Tituli,

483 1794 727 1860 gustinus
759 1792 982 1848 Servum
1012 1794 1211 1848 diserte
1240 1802 1511 1863 nuncupat
1536 1791 1978 1856 Tubursicensem,
2000 1801 2057 1848 et
2088 1778 2133 1839 Β
2157 1800 2339 1847 contra
2368 1807 2525 1861 quem
2552 1791 2733 1847 Victor
2771 1791 3042 1844 Donatista
3074 1790 3266 1852 stabat.
3299 1790 3390 1859 qui
3420 1790 3583 1857 capite
3616 1788 3704 1843 202

485 1887 721 1941 Donatus
750 1885 1030 1942 haereticus
1057 1901 1176 1956 cap.
1204 1886 1306 1943 £06
1333 1887 1507 1942 dictus
1536 1895 1619 1941 est
1648 1885 2052 1953 Tuburst'censis,

482 1992 588 2030 non
618 1992 746 2031 vero
771 1975 1309 2032 Tubursicuburensis.
1361 1977 1439 2032 Ex
1493 1976 1723 2032 laudatis
1776 1977 2054 2049 Augustini

480 2066 660 2121 verbis
687 2065 895 2121 videtur
923 2067 1103 2137 colligi
1140 2067 1279 2123 hanc
1304 2067 1657 2123 Tubursicum
1689 2067 1845 2122 Burae
1894 2069 2056 2125 fuisse

485 2157 538 2211 in
572 2158 970 2223 Proconsulari,
1002 2158 1142 2229 quod
1174 2159 1316 2214 illius
1358 2160 1540 2229 oppidi
1567 2174 1744 2215 causae
1774 2176 2053 2229 proconsu-

482 2248 580 2300 lari
604 2248 806 2315 judicio
844 2247 1259 2318 subjicerentur,
1304 2261 1427 2303 cum
1453 2248 1801 2317 proconsules
1827 2248 2053 2303 Cartha-

482 2338 753 2407 ginensem
804 2339 1147 2408 provinciam,
1203 2339 1515 2394 consulares
1555 2340 1857 2394 Numidiam
1904 2356 2055 2409 regeo

481 2436 632 2492 rent;
664 2427 756 2482 sed
807 2427 962 2483 video
995 2429 1266 2483 inﬁrmum
1314 2444 1379 2484 ac
1424 2429 1580 2499 plane
1627 2430 1889 2485 lubricum
1933 2446 2053 2486 esse

481 2521 584 2574 hoc
609 2528 1010 2591 argumentum;
1041 2536 1163 2575 nam
1195 2520 1420 2577 Possidii
1452 2531 1505 2578 et
1537 2522 1766 2594 Crispini
1792 2525 1844 2578 in
1869 2523 2053 2580 Numi-

480 2611 569 2664 dia
599 2612 969 2681 episcoporum
1004 2626 1219 2666 causam
1260 2613 1504 2681 cognovit
1529 2615 1809 2683 proconsul
1838 2630 1907 2671 ex
1938 2617 2052 2670 Au-

479 2703 691 2771 gustino
717 2702 808 2758 lib.
836 2718 916 2770 ιιι,
942 2717 1062 2772 cap.
1094 2700 1189 2768 48,
1230 2703 1412 2772 operis
1435 2704 1675 2773 ejusdem
1709 2706 1895 2760 eontra
1922 2707 2054 2765 Cre-

486 2793 741 2859 scouium,
766 2792 908 2863 quod
939 2794 1098 2848 etiam
1125 2804 1335 2848 constat
1360 2808 1425 2849 es
1468 2795 1711 2864 epistolis
1742 2797 1843 2852 127
1871 2807 1925 2852 et
1951 2797 2053 2855 128

478 2883 545 2938 ad
577 2885 841 2940 Donatum
873 2885 1246 2955 proconsulem
1273 2884 1486 2940 Africae.
1517 2886 1872 2943 Proconsules
1909 2891 2049 2945 enim

478 2976 807 3043 amplissima
836 2983 1097 3044 potestate
1145 2972 1198 3028 in
1229 2974 1476 3029 omnibus
1510 2976 1704 3032 Africae
1736 2979 2046 3047 provinciis,

477 3074 699 3134 excepta
730 3064 1041 3120 Mauritania
1061 3062 1363 3133 Tingitana,
1393 3065 1696 3123 utebantur.
1723 3067 2050 3127 Tubursicus

478 3153 739 3209 Numidiae
756 3155 945 3209 eratin
969 3155 1159 3210 itinere
1184 3153 1426 3223 Hippone
1445 3154 1644 3213 Cirtam
1665 3174 1731 3214 ex
1754 3162 2049 3229 Augustino

478 3244 636 3310 epist.
688 3246 809 3300 165.
843 3246 1078 3317 Denique
1123 3255 1277 3302 notes
1312 3246 1471 3303 Velim
1511 3247 1754 3304 Garnerii
1804 3251 2085 3327 technas,r

478 3333 605 3388 nolo
643 3335 785 3390 enim
816 3335 995 3393 dicere
1024 3339 1303 3406 malitiam,
1352 3349 1441 3396 aut
1466 3340 1753 3404 vafritiem,
1782 3356 1811 3395 a
1858 3341 2050 3410 quibus

480 3421 635 3492 longe
663 3427 781 3479 esse
805 3425 975 3481 virum
1025 3430 1191 3499 probe
1228 3430 1373 3497 scio;
1406 3431 1515 3497 ille,
1566 3440 1622 3486 ut
1669 3431 1802 3486 citra
1829 3431 2050 3486 dubium

478 3514 697 3569 Servum
734 3531 830 3571 seu
872 3518 1186 3576 Servumdei
1216 3537 1338 3577 cum
1387 3536 1483 3577 sua
1524 3522 1612 3577 illa
1644 3523 1869 3579 Burensi
1894 3514 2053 3590 urbe,

478 3620 595 3671 qua:
619 3607 769 3663 nulla
798 3609 999 3679 uspiam
1023 3610 1142 3679 fuit,
1174 3613 1227 3668 in
1250 3614 1549 3671 Numidiam
1577 3616 1834 3683 traheret,
1867 3617 2051 3686 appel-

479 3695 605 3750 lavit
626 3697 875 3753 Notitiam
901 3700 1115 3768 Al‘ricaz,
1143 3705 1384 3760 scribens
1409 3705 1465 3760 in
1492 3720 1557 3760 ea
1579 3706 1683 3759 dici
1711 3708 2008 3776 simpliciter
2030 3724 2050 3762 :

478 3783 718 3842 Leontius
746 3788 1005 3859 Burensis,
1031 3808 1153 3847 cum
1200 3802 1375 3850 tamen
1420 3809 1525 3849 non
1554 3795 1626 3848 ita
1656 3795 1888 3864 legatur;
1927 3811 2048 3865 nam

479 3879 773 3945 simpliciter
802 3879 998 3935 ibidem
1044 3882 1292 3938 scribitur
1322 3902 1335 3937 :
1376 3882 1619 3938 Leontius
1647 3882 1943 3941 Burceusis.
1975 3886 2050 3942 Ita

479 3985 545 4022 ex
575 3968 739 4022 Burca
771 3968 961 4023 Buram
992 3984 1184 4025 novam
1211 3972 1263 4027 in
1296 3972 1542 4027 Numidia
1571 3973 1756 4029 urbem
1784 3976 2047 4031 obtrusit.

478 4059 657 4112 Burita
685 4056 781 4112 luit
810 4057 1070 4114 Numidia:
1090 4061 1239 4129 urbs,
1269 4070 1329 4118 ut
1359 4061 1585 4118 inferius
1614 4064 1839 4132 patebit.

548 4149 848 4205 TERENTIUS
901 4151 1367 4215 SELEUCIANENSIS.
1400 4154 1486 4210 Ita
1530 4156 1584 4209 in
1619 4156 1910 4211 collatione.
1964 4155 2052 4211 Fit

478 4251 645 4293 autem
690 4241 741 4293 in
770 4240 969 4297 Notitia
996 4244 1345 4315 episcoporum
1378 4246 1426 4299 Ν
1436 4247 1640 4301 umidius
1666 4248 1854 4301 mentio
1879 4246 2051 4317 Proﬁ-

477 4332 544 4384 cii
573 4330 1000 4387 Seleucianensis.
1034 4334 1248 4389 Poterat
1289 4335 1595 4392 Terentium
1634 4346 1689 4392 et
1713 4337 2046 4405 Servutudei,

476 4439 633 4493 quem
663 4426 904 4494 proxime
934 4427 1302 4482 nominaverat
1329 4427 1545 4484 laudare
1573 4444 1639 4485 ex
1664 4430 1935 4501 synodicis
1963 4431 2048 4485 lit-

2157 1883 2296 1937 inter
2326 1882 2610 1937 hmreticos
2640 1882 2710 1935 ita
2742 1889 3057 1935 recensetur
3084 1896 3099 1935 :
3140 1879 3317 1934 Victor
3337 1882 3596 1951 episcopus
3623 1880 3704 1932 Ti-

2156 1974 2388 2029 tulensis.
2410 1973 2532 2028 llmc
2552 1981 2731 2027 autem
2752 1966 2993 2027 Ecclesia
3025 1970 3327 2041 pertinebat
3354 1971 3425 2025 ad
3451 1985 3705 2039 proconsa

2158 2068 2320 2132 lares,
2368 2064 2511 2136 quod
2565 2064 2767 2119 diserte
2819 2064 3111 2119 Garuerius
3158 2071 3364 2131 poterat
3404 2062 3605 2117 discere
3645 2069 3702 2116 ex

2155 2155 2348 2211 Notitia
2379 2156 2771 2225 episcoporum,
2803 2170 2903 2224 qua
2934 2170 2993 2211 se
3017 2164 3122 2209 tam
3152 2170 3288 2222 saepe
3307 2170 3457 2208 usum
3485 2163 3705 2218 testatur,

2154 2248 2248 2303 sed
2277 2247 2512 2317 profecto
2535 2247 2633 2301 bac
2656 2250 2771 2302 vice
2794 2262 2920 2301 usus
2950 2262 3053 2299 non
3077 2255 3193 2310 est;
3228 2261 3347 2299 nam
3372 2246 3565 2300 ibidem
3588 2246 3705 2300 inter

2156 2339 2561 2406 proconsulares
2614 2338 2832 2406 legisset
2878 2337 3218 2392 Crescilurum
3273 2336 3622 2391 Titulitanum.
3650 2338 3705 2391 At

2156 2431 2246 2485 ille
2297 2440 2355 2485 ut
2398 2428 2743 2485 Cresconium
2800 2431 2852 2485 in
2905 2429 3147 2484 Numidia
3189 2430 3500 2498 episcopum
3550 2429 3704 2491 faciat,

2154 2519 2397 2574 eumdem
2419 2535 2485 2575 ex
2513 2520 2709 2589 Oppido
2730 2520 3019 2574 Titulitano
3048 2521 3100 2574 in
3132 2519 3403 2574 castellum
3420 2520 3704 2574 Titulianum

2153 2611 2261 2665 cito
2281 2611 2435 2666 citius
2463 2612 2646 2666 volare
2671 2611 2841 2679 jubet.
2871 2610 3022 2678 Quod
3050 2610 3216 2675 addit,
3250 2611 3499 2666 notitiam
3527 2613 3706 2679 episco-

2154 2717 2343 2771 porum
2375 2702 2571 2757 Africa:
2602 2700 2937 2757 inserendam
2968 2700 3204 2755 historias
3241 2701 3479 2757 Victoris
3504 2704 3572 2757 de
3597 2703 3705 2756 Per-

2154 2794 2428 2848 secutione
2450 2792 2762 2857 Vandalica,
2792 2804 2945 2864 atque
2970 2800 3236 2858 utrumque
3260 2809 3395 2857 opus
3427 2795 3706 2864 conjungere

2154 2884 2298 2948 dum,
2319 2885 2363 2938 si
2386 2885 2587 2951 quando
2624 2883 2835 2937 Victoris
2870 2884 3083 2936 historia
3108 2884 3303 2944 edatur,
3352 2884 3452 2939 vix
3476 2888 3585 2938 sine
3612 2884 3704 2938 risu

2154 2977 2330 3046 leges;
2374 2975 2537 3031 habes
2582 2976 2724 3031 enim
2754 2975 2809 3029 in
2852 2974 3041 3042 insigni
3071 2982 3156 3027 tua
3199 2974 3517 3029 bibliotheca
3548 2975 3695 3028 histo-

2154 3067 2285 3121 riam
2320 3066 2543 3121 Victoris
2567 3066 2762 3121 editam
2808 3081 2837 3120 a
2869 3065 3027 3121 Petro
3066 3065 3350 3129 Chilllotio,
3390 3082 3546 3136 quem
3586 3066 3706 3120 inter

2152 3158 2543 3214 eruditissimos
2570 3156 2843 3212 societatis
2892 3156 3018 3211 Jesu
3067 3156 3360 3224 scriptores
3414 3166 3532 3226 post
3573 3156 3706 3210 Peta-

2152 3264 2183 3302 v
2208 3264 2295 3302 um
2324 3263 2386 3302 ac
2416 3248 2759 3302 Sirmondum
2808 3245 3029 3300 laudare
3072 3245 3246 3309 soleo,
3301 3244 3353 3297 in
3400 3245 3551 3315 cujus
3590 3244 3708 3299 libro

2150 3349 2340 3408 quarto
2392 3330 2684 3393 memorata
2721 3336 2915 3391 Africa:
2968 3335 3161 3389 Notitia
3202 3334 3427 3405 legitur.
3459 3336 3554 3402 Qui
3597 3348 3708 3389 sane

2150 3431 2232 3484 vir
2250 3429 2591 3483 doctissimus
2620 3426 2862 3483 Garnerii
2887 3431 3011 3479 vota
3046 3440 3080 3477 n
3102 3442 3150 3479 in
3183 3423 3565 3491 modojamdiu
3593 3439 3707 3493 pra:-

2150 3521 2316 3583 venit,
2361 3534 2545 3573 verum
2578 3517 2741 3574 etiam
2778 3520 3084 3586 superavit;
3117 3532 3237 3570 cum
3281 3515 3538 3571 Notitiam
3578 3515 3705 3571 illam

2152 3625 2258 3664 non
2309 3609 2521 3679 quidem
2555 3619 2806 3680 tanquam
2835 3608 3183 3679 appendicem
3234 3608 3477 3663 historiae
3506 3606 3709 3664 Victoris

2157 3709 2392 3756 assutam
2416 3701 2661 3764 voluerit,
2687 3702 2825 3769 quod
2848 3716 2906 3756 se
2927 3701 3230 3757 dvsiderare
3256 3701 3549 3757 Garnerius
3574 3700 3706 3762 dicit,

2153 3789 2248 3844 sed
2273 3790 2449 3844 medio
2477 3804 2696 3857 prorsus
2727 3790 2878 3858 operi
2910 3791 3212 3845 inseruerit.
3242 3791 3461 3845 Eilitum
3491 3800 3569 3845 εει
3595 3788 3708 3843 illud

2154 3880 2403 3934 volumen
2446 3895 2474 3933 a
2505 3879 2775 3934 Cliillletio
2804 3880 3024 3935 Divione
3067 3895 3209 3935 anno
3243 3881 3401 3936 1664.
3436 3881 3567 3935 llinc
3589 3878 3610 3933 l
3628 3886 3709 3932 »rte

2151 3970 2360 4040 putabis
2381 3970 2697 4025 Garuerium
2727 3970 2830 4025 hoc
2859 3972 3105 4040 praesenti
3137 3986 3276 4025 anno
3304 3974 3468 4038 1675,
3499 3986 3599 4039 quo
3618 3969 3708 4024 hla-

2151 4060 2287 4113 rium
2331 4060 2677 4115 Mercatorem
2709 4062 2850 4116 notis
2894 4060 3213 4116 illustratum
3248 4062 3555 4130 publidaiit,
3578 4058 3709 4114 Chil-

2152 4148 2279 4203 lletii
2310 4163 2465 4218 Opus,
2496 4148 2638 4217 quod
2670 4150 2720 4202 in
2752 4164 2846 4204 ore
2877 4148 3031 4204 lamas
3057 4158 3321 4215 versatur,
3345 4166 3511 4221 atque
3549 4147 3706 4204 crudi

2152 4250 2322 4296 torum
2368 4241 2607 4294 omnium
2655 4240 2899 4295 manibus
2929 4241 3135 4306 teritur,
3170 4240 3379 4310 penitus
3430 4242 3705 4311 ignorasse.

2154 4333 2348 4389 Verum
2388 4333 2435 4389 si
2488 4334 2558 4387 ita
2584 4333 2810 4401 judices,
2842 4348 2984 4403 πέει-θ
3034 4334 3086 4387 in
3117 4343 3258 4388 tuam
3284 4335 3601 4389 sententiam
3626 4332 3699 4385 de-

2152 4424 2437 4489 scendam;
2471 4424 2596 4477 nolo
2616 4424 2756 4478 enim
2787 4432 2892 4477 tam
2917 4426 3161 4493 supinam
3187 4423 3594 4478 celebratissimi
3620 4438 3701 4475 voc

478 4490 606 4569 teris
633 4490 899 4571 Africanae
925 4515 1113 4587 synodi
1134 4518 1202 4571 ad
1230 4517 1576 4573 Caelestinum
1603 4490 1814 4589 papam,
1837 4520 1889 4574 in
1916 4536 2050 4588 qua-
2071 4490 2125 4550 Ῑ)
2152 4516 2364 4570 luminis
2391 4516 2741 4584 ignorantiam
2768 4515 2968 4569 homini
2988 4490 3251 4568 alii-icare.
3275 4514 3520 4569 Arbitror
3544 4524 3705 4567 autem

476 4620 593 4659 tum
644 4605 993 4675 inscriptione
1045 4609 1388 4663 nominantur
1431 4608 1669 4662 Aurelius
1722 4609 2044 4676 Valentinus,

476 4700 750 4765 Antonius,
796 4686 979 4765 Tutus,
1027 4700 1318 4764 Servusdei,
1378 4698 1664 4766 Terentius,
1709 4699 2043 4771 Fortunatus,

477 4797 583 4840 etc.
616 4786 688 4839 l.a
727 4790 778 4841 in
826 4797 1051 4859 utraque
1100 4790 1307 4861 synodo
1335 4789 1617 4845 Servusdei
1664 4798 1720 4845 et
1770 4790 2048 4846 Terentius

476 4885 726 4942 tanquam
769 4877 957 4932 eodem
1010 4878 1121 4935 fere
1152 4891 1394 4949 tempore
1440 4881 1763 4947 consecrati,
1806 4882 2046 4952 proxime

476 4962 753 5018 sedebant.
784 4963 862 5016 Ex
886 4966 986 5021 hac
1024 4984 1152 5024 vero
1176 4970 1464 5040 epigrapbe
1490 4969 1742 5037 dedoces,
1786 4972 2047 5028 maximos

478 5057 599 5112 illos
614 5057 1006 5126 Augustinianae
1022 5072 1217 5118 nostra:
1242 5066 1415 5134 gentis
1443 5066 1656 5131 heroas,
1674 5065 2045 5134 Augustinum,

477 5148 734 5217 Alipium,
764 5147 1040 5215 Siverum,
1071 5168 1134 5206 ac
1182 5155 1501 5222 Possidium,
1532 5173 1638 5213 non
1669 5156 1833 5213 fuisse
1882 5158 1935 5211 itt
1980 5173 2047 5212 eo

474 5239 727 5295 Africano
749 5239 1007 5304 concilio;
1036 5256 1156 5297 nam
1183 5253 1306 5298 ante
1327 5247 1638 5302 Servumdei
1661 5256 1716 5302 et
1737 5246 2045 5303 Terentium

472 5331 712 5401 inscripti
766 5332 1092 5403 legerentur,
1125 5335 1572 5403 quemadmodum
1603 5349 1870 5407 ponuntur
1899 5339 1953 5393 in
1982 5344 2046 5394 ti-

474 5422 586 5475 tulo
608 5423 850 5491 epistolae
874 5423 1033 5477 tantis
1053 5425 1194 5479 notis
1220 5439 1251 5478 a
1281 5426 1539 5481 Garnerio
1559 5428 1868 5495 illustrataa;
1900 5431 2041 5499 quod

476 5525 666 5579 nempe
691 5512 1051 5584 intelligerent
1077 5530 1142 5571 eo
1167 5515 1219 5569 in
1245 5516 1471 5571 concilio
1499 5531 1562 5572 ex
1588 5518 1833 5575 universa
1863 5521 2039 5576 Africa

473 5610 658 5656 coacto
676 5603 931 5660 adversus
951 5607 1217 5664 Romanas
1238 5607 1621 5678 appellationes
1642 5610 1902 5665 acerrime
1930 5611 2040 5667 dis-

475 5693 763 5762 putandum
811 5706 867 5752 et
917 5695 1305 5756 decernendum
1360 5712 1509 5767 esse,
1549 5715 1579 5755 a
1627 5714 1728 5766 qua
1774 5705 2035 5755 sententia

2148 4607 2465 4664 Garneriusn
2520 4609 2629 4674 jam
2680 4615 2805 4661 ante
2862 4604 3183 4661 novenium
3240 4604 3400 4660 hasce
3463 4612 3614 4659 notas
3663 4603 3706 4653 in

2148 4708 2427 4768 utramque
2448 4697 2773 4766 epigraphen
2797 4697 3117 4761 adornasse;
3140 4695 3325 4751 scribit
3344 4696 3485 4751 enim
3511 4709 3568 4749 se
3587 4706 3706 4760 opus

2148 4790 2541 4852 dillicillimum,
2563 4789 2699 4859 quod
2721 4789 2962 4842 hactenus
2990 4788 3195 4841 tentavit
3220 4803 3364 4841 nemo
3387 4802 3503 4855 aggi
3518 4800 3549 4841 e
3578 4799 3703 4843 Sum,

2147 4882 2235 4935 sed
2263 4897 2363 4934 non
2393 4881 2501 4934 siue
2529 4896 2651 4934 cura
2695 4889 2742 4933 et
2793 4879 2982 4934 labore.
3020 4879 3087 4931 Et
3122 4878 3335 4948 quidem
3387 4877 3600 4930 dissert.
3655 4872 3702 4933 5.

2150 4986 2271 5044 ραις.
2322 4971 2448 5039 519,
2479 4980 2702 5025 testatur
2739 4984 2797 5023 se
2825 4979 2952 5023 ante
2979 4970 3114 5024 duos
3142 4980 3195 5022 et
3235 4967 3418 5036 viginti
3447 4978 3616 5019 armos
3648 4962 3703 5013 ad

2150 5062 2487 5133 Pelagianam
2520 5060 2805 5115 Historiam
2836 5059 3235 5115 commentariis
3266 5056 3651 5115 illustrandam,
3677 5067 3702 5102 a

2148 5154 2221 5208 Si:
2237 5153 2431 5208 mundo
2460 5152 2831 5207 vetustissimis
2859 5151 3071 5206 schedia
3094 5149 3498 5205 communicatis
3519 5146 3703 5199 anima-

2149 5260 2279 5305 tum.
2309 5248 2443 5302 liinc
2471 5244 2710 5315 ejusdem
2739 5244 3020 5299 consilium
3051 5244 3229 5305 laudo,
3260 5243 3347 5311 qui
3371 5240 3524 5309 juxta
3546 5248 3701 5307 poeta:

2149 5341 2217 5394 de
2246 5337 2442 5405 rCllplO
2468 5332 2782 5403 publicando
2826 5334 3107 5399 monitum,
3138 5345 3417 5399 nonumque
3453 5334 3701 5399 prematur

2149 5430 2201 5482 in
2230 5442 2446 5490 annum,
2477 5438 2603 5478 suas
2647 5433 2801 5477 notas
2855 5422 3014 5490 pleno
3064 5436 3093 5475 a
3121 5417 3439 5475 Cbilﬂetiani
3486 5412 3698 5469 Victoris

2148 5517 2274 5571 editi
2300 5531 2380 5570 inc
2403 5515 2669 5569 noveunio
2698 5521 2987 5566 maturatas
3009 5511 3145 5565 haud
3174 5516 3436 5564 maturate
3457 5506 3578 5574 vulg
3595 5500 3694 5555 ivit.

2147 5609 2296 5674 Quod
2328 5607 2369 5661 si
2402 5622 2461 5661 ex
2488 5605 2675 5659 eodem
2710 5604 2927 5657 lloratio
2954 5603 3132 5657 S'atitn
3161 5613 3421 5670 reponas:

2608 5704 2973 5765 livpreltt'ttdile
3005 5703 3130 5764 quod
3158 5716 3249 5750 non
