3908 6378
316 354 420 406 305

442 445 590 494 linito
609 446 719 494 dies
742 453 792 494 et
818 445 965 492 multa
989 446 1130 492 litora
1151 447 1384 500 coercuit,
1409 453 1556 504 atque.

446 509 744 556 l’ra'sectum
768 509 936 554 decies
956 520 1048 554 non
1077 511 1324 566 casugattt
1349 508 1407 552 ad
1433 518 1642 566 unguem

389 633 606 686 Nullam
648 648 740 699 pro
774 632 986 685 homine
1017 630 1417 698 reSpOnsionem
1469 629 1730 683 atlornare
1755 629 1896 695 volo,

312 740 386 779 ne
417 741 484 778 ex
514 739 742 778 censore
767 731 986 791 repente
1008 763 1023 786 ,
1049 722 1173 776 dum
1207 723 1409 788 nescio,
1442 723 1727 776 advocatus
1755 723 1898 775 (iam.

387 819 748 881 Scutarios,
782 816 878 880 ve',
906 827 960 869 ut
985 826 1056 868 est
1086 817 1137 869 in
1161 815 1448 879 collatione,
1477 816 1754 869 Seianus
1783 819 1902 867 Am-

309 910 697 963 matla'erensis.
734 908 953 962 Dubium
976 909 1098 960 milii
1123 908 1244 977 fuit,
1275 909 1514 960 debeatne
1543 907 1768 960 Ecclesia
1792 907 1903 960 Am-

309 1000 660 1052 maditrensis
691 999 742 1050 in
768 996 1016 1050 Numidia
1046 998 1257 1059 censeri,
1301 1014 1365 1048 an
1413 998 1462 1050 in
1494 998 1746 1064 provincia
1774 995 1906 1048 Pro-

308 1089 610 1155 consu’ari,
641 1089 864 1157 quamvis
894 1096 1081 1139 certum
1110 1087 1171 1140 sit
1212 1087 1278 1138 ad
1307 1089 1607 1140 alterutram
1636 1088 1902 1156 pertinere,

308 1180 415 1232 etsi
452 1180 505 1231 in
538 1180 767 1232 neutrius
798 1177 998 1230 Notitia
1026 1178 1311 1229 inveniatur
1345 1193 1364 1230 :
1394 1193 1562 1229 utrum
1591 1193 1706 1229 cum
1752 1192 1907 1246 prope

308 1269 457 1320 absit
480 1285 511 1320 a
543 1267 781 1322 Tltebts'e
811 1269 1032 1333 colonia,
1067 1276 1121 1318 ut
1144 1278 1218 1319 est
1240 1269 1379 1337 apud
1402 1269 1750 1331 Antoninum;
1779 1268 1908 1320 Tlte-

311 1360 462 1412 beste
485 1375 619 1411 vero.
652 1368 705 1410 nt
726 1367 996 1412 tonstatex
1030 1358 1225 1412 Notitia
1251 1360 1600 1428 episcoporum
1627 1358 1905 1424 Numidae,

310 1451 504 1503 civitas
533 1450 596 1501 sit
622 1448 818 1501 Numid
839 1464 902 1511 te,
933 1451 1253 1501 Ammodtera
1279 1451 1473 1502 videtur
1497 1466 1692 1518 quoque
1724 1449 1910 1503 Nunti-

314 1542 426 1593 dia:
457 1540 610 1592 tr.bui
646 1540 853 1603 debere,
891 1542 1209 1608 quantumvis
1241 1549 1520 1608 repugnent
1549 1538 1784 1608 vulgares
1833 1549 1906 1592 ta.

314 1631 486 1694 bulre,
532 1631 754 1697 profecto
809 1647 906 1682 non
959 1630 1310 1683 exactissima'.
1355 1628 1419 1682 In
1446 1630 1657 1682 concflio
1695 1630 1911 1697 rebapti-

316 1726 561 1776 zantium
596 1722 861 1785 Eugenius
891 1721 958 1776 ab
1003 1721 1336 1776 Ammadmra
1385 1724 1642 1788 trigesimo
1687 1724 1908 1775 secundo

1028 353 1374 408 \‘A-R‘iURUM
1419 349 2009 405 EXERLZITATIONES
2041 348 2104 403 IN
2147 349 2206 404 S.
2249 349 2614 405 AUGUSTINI
2653 351 2901 406 UPl‘Llu.

3468 357 3572 413 508

1933 446 1980 501 Α
2010 443 2097 511 qui
2130 444 2287 497 toties
2317 443 2375 498 S.
2408 445 2701 514 Augustino
2753 444 2806 498 in
2858 441 3002 498 libris
3057 457 3240 504 contra
3274 449 3573 505 Donatistae

2005 546 2354 589 memoratur.
2387 535 2511 589 lnde
2540 550 2668 589 vero
2693 550 2876 590 assero
2913 534 3235 592 Felicianum
3278 555 3573 607 proconsu-

2006 629 2166 681 larem
2191 627 2498 694 episcopum
2528 636 2583 680 et
2604 629 2776 695 magni
2813 628 2950 682 inter
2974 628 3275 684 Donatistas
3299 631 3575 686 Maximia-

2006 722 2172 774 nistas
2215 720 2476 784 nominis;
2518 721 2640 790 quia
2671 721 2876 789 Alipius
2918 721 3070 790 petiit
3122 738 3244 777 num
3280 723 3575 778 Felicianus

2006 822 2151 866 essr’t
2178 813 2231 866 in
2255 815 2630 868 communione
2663 813 2913 867 Primiani
2968 815 3208 882 primatis
3237 817 3576 883 proconsula-

2009 906 2166 972 rium,
2197 921 2300 958 non
2334 921 2461 959 vero
2482 907 2717 962 Januarii
2757 907 2997 975 primatis
3028 908 3406 974 Numidarum;
3451 925 3590 964 cum:

2010 1004 2185 1048 tamen
2218 997 2270 1048 in
2299 995 2505 1064 synodo
2544 995 2684 1060 apud
2734 997 2980 1065 Bagajam
3012 996 3310 1052 Felicianus
3339 1000 3404 1051 ab
3431 1009 3578 1052 utrrr-

2008 1103 2111 1156 que
2152 1089 2378 1157 primate
2431 1088 2498 1142 ob
2534 1087 2834 1142 Maximiani
2865 1090 3254 1144 ordinationem
3296 1092 3578 1145 damnatus

2011 1180 2186 1233 fuerit.
2221 1179 2384 1232 Adest
2411 1178 2630 1232 evidens
2663 1180 3022 1234 testimonium
3048 1197 3143 1249 pro
3166 1181 3317 1235 Musti
3350 1197 3576 1251 procon-

2011 1270 2174 1323 solari
2209 1273 2258 1323 in
2290 1269 2544 1340 synodica
2573 1278 2677 1323 act.
2705 1271 2739 1324 ‘2
2788 1272 2994 1324 concilii
3046 1272 3104 1326 S.
3155 1272 3358 1327 Martini
3411 1289 3577 1343 ναβερ,

2011 1374 2168 1427 quam
2211 1360 2349 1412 inter
2388 1361 2796 1428 proconsulares
2839 1361 3125 1415 subscribit
3150 1361 3432 1417 Ianuarius
3473 1369 3580 1435 ορθ-

2011 1469 2194 1519 sc0pus
2223 1453 2282 1506 S.
2318 1451 2382 1506 E.
2415 1452 2741 1519 Mustttanat;
2796 1455 2850 1507 in
2899 1454 3094 1507 Notitia
3141 1470 3268 1508 vero
3320 1456 3581 1511 Numidiae

2013 1544 2172 1620 etiam
2225 1543 2416 1611 legitur
2465 1545 2783 1597 Antonianas
2840 1544 3166 1598 Muslitanus.
3221 1545 3358 1600 Urbs
3402 1556 3578 1600 autem

2013 1630 2301 1686 Turrensis
2341 1635 2391 1685 In
2417 1631 2804 1694 Procoosulari,
2836 1636 2986 1699 cuius
3027 1635 3193 1689 sacris
3225 1646 3450 1703 praeerat
3479 1639 3581 1690 Do-

2018 1732 2170 1775 natus
2216 1722 2508 1787 Donatista,
2553 1737 2710 1789 quem
2744 1723 3080 1776 Vittorianus
3115 1725 3438 1780 blustitcnsis
3482 1729 3580 1781 sibi

316 1815 441 1867 l.-co
467 1813 766 1865 sententiam
806 1811 970 1875 dixit,
1003 1827 1149 1879 quem
1177 1814 1244 1863 ad
1282 1813 1446 1864 locum
1486 1811 1743 1864 Pante'ius
1781 1811 1910 1863 nihil
1942 1796 1984 1853 Β
2018 1813 2244 1866 vicinum
2275 1813 2404 1864 divit
2427 1851 2442 1876 ,
2492 1824 2710 1880 apparet
2747 1816 2795 1865 in
2820 1813 3035 1866 Tabulis
3059 1812 3500 1882 Pentitzgerianis,
3529 1817 3581 1870 in

316 1903 502 1954 attulit
529 1901 579 1953 in
611 1903 763 1969 notis,
805 1901 1025 1968 alioquin
1053 1901 1284 1964 eruditis,
1315 1902 1451 1969 quod
1493 1899 1718 1971 aptatam
1745 1899 1908 1954 lucem

317 1993 560 2059 afferret.
589 1992 749 2058 A/fcrt
778 1991 999 2060 aliquam
1023 1992 1260 2043 Antonini
1289 1989 1650 2057 Itinerarium,
1688 2008 1798 2043 cum
1829 1992 1908 2044 via

315 2098 444 2151 quc
473 2084 783 2150 Carthagine
809 2081 1001 2134 Cirtam
1030 2081 1164 2133 ducit
1191 2082 1260 2132 ita
1289 2081 1590 2133 describitur
1621 2096 1637 2133 :
1672 2079 1907 2135 Unucatn

319 2190 379 2227 Il.
420 2189 472 2227 ι’.
502 2189 632 2236 XX‘I,
660 2172 976 2228 Sicillihram
1005 2188 1060 2226 It.
1095 2188 1142 2225 ιδ.
1178 2188 1277 2235 vn,
1315 2172 1491 2224 Vallos
1518 2189 1571 2225 si.
1606 2188 1651 2225 ιι.
1681 2188 1770 2236 xv,
1804 2173 1908 2226 Co-

318 2281 456 2320 reva
491 2284 547 2318 ιι.
581 2281 630 2319 r.
663 2281 747 2328 xv,
779 2264 934 2318 Musti
969 2280 1024 2318 tt.
1053 2281 1101 2318 ι».
1140 2279 1322 2328 xxviii,
1371 2262 1616 2317 Laribum
1646 2264 1906 2316 coloniam

317 2372 381 2409 Il.
414 2371 465 2408 ῐι.
495 2371 618 2416 xxx,
646 2356 916 2408 Atticuros
939 2370 994 2406 st.
1026 2370 1072 2406 [ι.
1107 2369 1214 2417 tm,
1236 2352 1625 2405 Ammatlteram
1649 2353 1908 2405 coloniam

319 2460 380 2498 ι.
415 2461 464 2496 r.
500 2460 665 2510 xxxii,
696 2444 965 2497 Theveste
993 2442 1253 2497 coloniam
1286 2459 1342 2497 tt.
1374 2457 1422 2494 Ρ.
1459 2451 1582 2507 xxv,
1616 2453 1721 2494 etc.
1773 2440 1911 2492 Hinc

319 2538 465 2590 enim
498 2545 632 2603 patet
677 2535 1048 2587 Ammadteram
1103 2535 1420 2586 tribuendam
1471 2550 1577 2586 esse
1625 2532 1908 2596 Numidia',

320 2627 582 2690 siquidem
633 2627 797 2678 media
826 2635 894 2679 (τι
937 2625 1066 2678 inter
1089 2626 1342 2678 Atticm-os
1369 2633 1412 2677 et
1443 2623 1752 2687 Tlirbesteni,
1803 2639 1914 2691 qua:

321 2718 451 2769 dua:
501 2717 728 2770 ciritates
758 2718 811 2769 in
857 2718 954 2769 ista
984 2716 1246 2784 provincia
1293 2717 1534 2766 existunt.
1569 2714 1782 2779 Quieso,
1834 2718 1914 2766 vir

321 2807 722 2868 eruditissime,
751 2822 817 2860 ne
840 2822 976 2875 agre
1004 2821 1067 2860 ac
1089 2806 1314 2860 moleste
1350 2805 1488 2858 feras
1514 2819 1596 2857 me
1620 2803 1670 2856 in
1703 2803 1783 2856 his
1805 2803 1916 2858 dis-

323 2898 602 2952 cutiendis
635 2913 918 2966 parumper
975 2898 1278 2961 immorari;
1337 2897 1592 2950 nonnulla
1635 2899 1775 2950 enim
1810 2908 1913 2949 tra-

324 2991 459 3041 dam
524 2990 783 3044 hactenus
845 2989 1220 3044 ecclesiasticis
1279 2987 1597 3056 geographis
1652 2987 1912 3056 ignorata,

327 3083 491 3149 queis
513 3091 689 3135 tamen
713 3082 974 3136 Africana:
1003 3081 1294 3135 dlmceseos
1324 3081 1516 3135 limites
1543 3081 1780 3134 exactius
1805 3089 1916 3132 sta-

2011 1903 2200 1967 qnibus
2231 1902 2485 1966 habetur,
2513 1900 2726 1954 Thurris
2754 1917 2825 1963 vr,
2852 1902 3094 1956 Sicilibba
3121 1919 3230 1968 \ttl,
3261 1903 3445 1968 lnuca,
3475 1917 3580 1962 etc.

2013 1991 2296 2044 Turrensis
2331 1994 2457 2044 urbs
2487 2000 2602 2044 erat
2653 1993 2893 2058 proxima
2941 1992 3411 2062 Sicilibb:e,quam
3463 2010 3584 2050 esse

2015 2079 2443 2148 proconsularem
2479 2080 2529 2132 in
2561 2079 2700 2132 notis
2754 2079 2821 2132 ad
2873 2080 3201 2147 superiorem
3257 2083 3579 2151 epigraphet.

2012 2173 2244 2234 ostendi,
2294 2173 2380 2225 ubi
2420 2173 2556 2226 inter
2595 2174 2795 2240 legatos
2846 2174 3132 2238 provinciae
3182 2173 3583 2228 Proconsultris

2015 2265 2221 2317 laudavi
2257 2265 2632 2316 Prii-leuatum
2681 2262 3111 2318 Sicilibbensem.
3151 2264 3257 2317 lluc
3301 2266 3583 2319 occasione

2011 2355 2176 2407 etiam
2208 2353 2519 2420 supplenda
2551 2353 2677 2405 mihi
2709 2361 2833 2405 sunt
2878 2353 3071 2405 tabulae
3103 2352 3356 2407 Ecclesiae
3383 2355 3585 2406 Africa-

2014 2461 2125 2512 nae,
2171 2460 2326 2512 quam
2372 2443 2568 2497 lattdati
2595 2444 2882 2512 geographi
2913 2442 3135 2496 Carolus
3176 2459 3202 2495 a
3246 2445 3301 2498 S.
3339 2445 3504 2497 Paulo
3531 2455 3586 2498 et

2016 2536 2318 2588 llolstenius
2371 2535 2740 2603 publicarunt.
2789 2536 2877 2602 qui
2931 2533 3238 2588 lnuceosem
3291 2534 3582 2587 Ecclesiant

2013 2623 2271 2677 Sicilibba
2297 2623 2457 2675 millia
2485 2637 2696 2690 passum
2723 2621 2785 2676 15
2807 2620 3088 2674 distantem
3112 2623 3434 2685 omiserunt;
3462 2638 3584 2676 cum

2016 2723 2190 2766 tamen
2241 2713 2293 2764 in
2323 2712 2610 2764 collatione
2640 2726 2758 2779 cap.
2789 2713 2888 2765 187
2920 2712 3221 2764 nominetur
3272 2711 3586 2765 Valcn'inia-

2016 2820 2110 2854 nus
2145 2801 2410 2870 episcOpus
2439 2798 2724 2853 Inurensis.
2759 2800 2891 2852 llinc
2923 2800 3068 2853 vides
3103 2801 3400 2868 Philippum
3451 2801 3586 2854 Lab-

2017 2894 2195 2957 bemn,
2239 2891 2392 2960 cujus
2421 2891 2575 2944 tuorti
2606 2904 2756 2943 sacra
2786 2889 3018 2944 eruditio
3071 2890 3311 2955 indoluit,
3339 2900 3390 2946 et
3417 2891 3585 2944 colle-

2015 3000 2134 3053 gam
2177 2984 2504 3037 Cossartium
2559 2982 2727 3035 virum
2785 2982 3067 3048 insignem,
3120 2984 3293 3036 minus
3340 2993 3483 3036 recte
3532 2984 3583 3036 in

2018 3073 2257 3141 margine
2316 3087 2411 3139 pro
2468 3072 2710 3126 lnucensi
2765 3070 3074 3125 Juncensem
3127 3073 3455 3140 reposuisse;
3500 3073 3587 3128 illa

329 3181 576 3224 tuentur.
609 3171 785 3226 [niuea
820 3171 1070 3225 Antonini
1101 3169 1236 3239 apud
1266 3185 1308 3223 et
1328 3169 1653 3224 clesiasticos
1681 3169 1909 3236 scripto-
1937 3153 1981 3214 C
2015 3165 2154 3218 enitn
2185 3163 2420 3218 Ecclesia
2450 3172 2564 3216 erat
2590 3162 2640 3216 in
2673 3162 3068 3229 Procon-ulari,
3103 3163 3217 3217 haec
3248 3166 3300 3218 in
3332 3165 3587 3236 Byzacia,

328 3275 422 3315 res
451 3259 612 3314 Uluca
638 3261 958 3314 nom’nzttur.
992 3259 1046 3313 In
1074 3273 1192 3327 cap.
1221 3259 1318 3311 127
1341 3257 1643 3312 collationis
1668 3258 1913 3310 laudatur

331 3348 664 3402 Prorericius
696 3348 980 3413 Heu/ensis,
1014 3349 1144 3403 etin
1174 3347 1428 3419 synodica
1460 3347 1598 3415 apud
1628 3346 1909 3401 concilium

329 3440 702 3493 Lateranense
748 3439 939 3506 sacpius
993 3438 1142 3492 nobis
1193 3447 1566 3499 memoratum,
1615 3435 1912 3488 Cresconius

333 3530 613 3585 Ueniens’s
641 3530 775 3583 inter
809 3530 1211 3598 procoosulares
1256 3529 1528 3581 recitatur.
1558 3526 1632 3581 De
1663 3526 1912 3582 Sicilibba

330 3623 388 3674 in
441 3619 706 3687 superiori
737 3618 1022 3687 epigraphe
1051 3617 1250 3671 dictum
1278 3625 1378 3670 est.
1409 3615 1585 3669 Vallos
1613 3615 1772 3667 etiam
1820 3615 1916 3666 luit

334 3713 472 3764 urbs
519 3709 858 3778 episcopalis,
915 3720 967 3763 et
999 3711 1135 3762 inter
1182 3709 1437 3776 prtesulcs
1481 3707 1915 3775 Carthaginensis

337 3801 635 3870 provincia:
672 3803 722 3854 in
754 3799 964 3870 synodo
1007 3798 1260 3854 Bonifatii
1308 3798 1603 3866 appellatur
1637 3798 1916 3850 Restitutus

338 3896 612 3963 cpi-copiis
645 3895 800 3960 p'ebis
838 3893 1132 3946 Vallitanae.
1183 3891 1399 3945 Coreva:
1455 3890 1735 3958 episcopus
1791 3905 1919 3941 nu-z-

338 4004 501 4052 ouam
529 3987 654 4037 mihi
686 3986 950 4052 apparuit.
985 3984 1082 4037 llic
1110 3984 1176 4036 ab
1199 3983 1574 4037 ecclesiasticis
1599 3982 1917 4050 geographis

341 4077 540 4130 Carolo
566 4092 594 4129 a
628 4077 683 4130 S.
711 4077 894 4141 Paulo,
924 4087 974 4128 cl
1005 4077 1142 4129 Luca
1173 4074 1446 4128 llolslttnio
1472 4073 1598 4126 viris
1621 4072 1815 4126 eruditi
1847 4073 1919 4126 si-

345 4172 476 4232 tnis,
512 4171 860 4235 designantur
888 4170 1115 4223 confinia
1167 4169 1450 4236 provincize
1499 4167 1915 4233 proconsulari-'.

345 4260 556 4312 Etenim
594 4261 796 4310 .\lostim
822 4259 1038 4312 Coteva:
1070 4260 1158 4311 lini
1190 4261 1346 4312 imam
1378 4258 1442 4310 ad
1475 4256 1773 4310 Numidiam
1799 4271 1919 4325 Spe-

350 4365 377 4400 c
403 4366 494 4401 ate
535 4365 596 4400 ex
644 4350 831 4401 Notitia
869 4347 1056 4400 Africae
1087 4350 1215 4401 citra
1245 4349 1463 4400 dubium
1512 4349 1916 4409 existimarunt;

350 4439 418 4490 ibi
459 4441 599 4492 enim
634 4441 767 4492 inter
794 4437 870 4490 Nu
896 4438 1051 4490 addite
1098 4440 1379 4505 episct-pos
1409 4449 1733 4490 memoratur
1759 4440 1915 4489 Anto-

2013 3267 2066 3310 et
2096 3255 2342 3309 laudatur
2369 3254 2592 3324 synodus
2621 3253 2795 3307 habita
2823 3269 2850 3306 a
2883 3254 3132 3310 Liberato
3161 3231 3387 3324 pritnate
3419 3258 3579 3327 Byza-
3650 3231 3662 3242 ⁵

2014 3362 2148 3401 ceno
2188 3355 2291 3399 aet.
2333 3345 2604 3413 aconcilii
2652 3345 2907 3398 Bonifarii
2947 3347 3404 3416 Carthaginensis,
3436 3349 3588 3416 cojus

2015 3441 2176 3494 etiam
2206 3451 2438 3490 canones
2467 3435 2808 3490 commendat
2854 3434 3158 3508 Fcrraqndus
3209 3436 3495 3490 Diactmus.
3533 3438 3589 3490 In

2019 3529 2209 3583 Laribo
2233 3525 2519 3580 statuendo
2549 3526 2709 3578 iidem
2736 3523 3022 3592 geographi
3050 3525 3255 3592 decepti
3287 3535 3431 3579 sunt.
3456 3527 3588 3579 Nam

2015 3636 2136 3675 cum
2162 3621 2212 3672 in
2238 3617 2455 3671 Tabulis
2485 3615 2820 3670 Ptolomaicis
2839 3614 3070 3669 viderent
3092 3615 3255 3670 Lares
3279 3618 3397 3685 poni
3422 3634 3588 3686 prope

2019 3712 2213 3780 Vagam
2247 3709 2300 3762 in
2329 3705 2591 3771 Numidia,
2617 3705 2860 3760 eamdem
2894 3707 3077 3759 urbem
3135 3705 3256 3759 huic
3302 3709 3589 3775 provincia:

2017 3801 2335 3868 ascripsere.
2392 3799 2496 3855 Sed
2549 3798 2612 3850 ad
2656 3798 2901 3852 eumdem
2954 3797 3181 3864 lapidem
3232 3798 3588 3856 tti‘enderunt.

2019 3895 2217 3962 Duplex
2250 3893 2389 3947 enim
2424 3891 2518 3944 fuit
2551 3891 2708 3959 hujus
2759 3890 2988 3943 nominis
3018 3890 3289 3957 oppidum.
3326 3889 3382 3944 In
3423 3893 3590 3945 colla-

2021 3985 2163 4038 tione
2192 3998 2304 4050 cap.
2340 3981 2442 4035 201
2468 3980 2720 4034 recitatur
2752 3981 3031 4033 Restitutus
3061 3979 3356 4039 Larilensis,
3391 3991 3441 4033 ct
3469 3997 3588 4045 cap.

2023 4075 2119 4129 197
2176 4073 2473 4126 Honoratus
2525 4072 2827 4133 Laurensis,
2878 4071 3035 4124 ambo
3069 4071 3301 4140 episcopi
3332 4089 3396 4126 ett
3445 4082 3594 4140 parte

2025 4166 2234 4220 Donati.
2266 4165 2429 4218 Lares
2458 4179 2588 4218 vero
2608 4163 2768 4218 etiam
2798 4163 2862 4215 ad
2891 4167 3296 4231 proconsulares
3324 4175 3596 4233 spectasse

2022 4267 2164 4326 patet
2190 4271 2254 4309 ex
2298 4254 2502 4322 synodo
2535 4254 2811 4316 Bonifacii,
2843 4270 3000 4320 quam
3046 4270 3164 4308 cum
3193 4255 3330 4308 illius
3381 4257 3587 4322 provin-

2023 4349 2120 4400 cicc
2157 4347 2398 4400 l’atribus
2426 4345 2717 4399 subscribit
2753 4344 2955 4398 l'itulus
3001 4348 3261 4415 episcOpus
3304 4345 3463 4414 plebis
3493 4347 3595 4400 La-

2023 4437 2202 4489 rensis.
2251 4435 2514 4488 Caeterum
2579 4449 2647 4488 ex
2699 4434 2917 4488 Tabulis
2976 4435 3411 4504 Peulingerianis,
3466 4453 3599 4504 quas

352 4532 533 4583 uiduus
566 4527 894 4581 .llustitaims.
925 4529 1028 4582 Sed
1057 4529 1106 4581 in
1132 4544 1196 4581 eo
1224 4529 1427 4594 decepti
1453 4537 1594 4588 sunt,
1621 4529 1759 4596 quod
1788 4529 1921 4580 duas
1951 4503 2001 4562 θ
2028 4526 2156 4579 mihi
2190 4525 2545 4592 inSpicicndas
2598 4525 2882 4588 tradidisti,
2941 4542 3028 4581 res
3080 4525 3333 4579 illustrari
3385 4536 3596 4592 potest;

354 4617 509 4684 hujus
538 4620 764 4670 nominis
791 4619 948 4670 urbes
978 4620 1027 4670 in
1060 4618 1234 4670 Alt-ica
1259 4635 1362 4669 tton
1390 4617 1758 4679 observarunt,
1791 4631 1922 4685 qua-

357 4725 467 4760 rum
503 4723 605 4759 una
640 4708 688 4759 in
743 4708 1008 4772 Numidia,
1063 4709 1229 4760 altera
1278 4717 1391 4760 crut
1445 4711 1494 4760 in
1529 4708 1919 4762 Proconsulari.

357 4801 460 4850 llo:
497 4810 638 4865 patet
671 4815 732 4850 ex
765 4800 1049 4853 collatione
1077 4799 1505 4867 Cartltaginensi,
1564 4798 1614 4851 in
1647 4814 1748 4866 qua
1783 4798 1924 4851 inter

359 4891 660 4944 Donatistas
690 4906 806 4956 t-ap.
854 4891 958 4944 ‘206
1007 4893 1307 4944 nominatur
1337 4889 1632 4942 Cresconius
1659 4893 1923 4959 cpiscopus

358 4981 692 5033 Mustitcnsis.
745 4984 807 5034 At
844 4983 1090 5049 superius
1142 4997 1262 5048 cap.
1319 4982 1409 5035 121
1467 4985 1577 5034 hinc
1632 4982 1922 5048 leguntur:

367 5073 453 5123 l'ic
476 5074 688 5122 orianus
730 5073 991 5140 epis-captis
1047 5072 1200 5134 plebis
1235 5070 1571 5126 Mustitensis.
1601 5067 1928 5123 Identdixit:

359 5161 552 5214 I’rrrsto
586 5177 716 5212 sum.
773 5159 950 5212 llabco
983 5159 1301 5213 Felicianttm
1352 5159 1718 5223 Mustitensem,
1750 5168 1797 5210 et
1829 5159 1932 5209 Do-

354 5265 528 5302 natum
590 5251 890 5303 Turrensem
943 5261 1119 5303 contra
1170 5268 1265 5304 me.
1317 5251 1378 5301 Et.
1423 5249 1596 5301 sta'itn
1653 5263 1770 5313 cap.
1808 5246 1928 5312 1‘22,

354 5342 558 5409 .il'piws
616 5341 874 5408 e,.iscopns
927 5339 1175 5392 Etclesire
1211 5339 1476 5390 catholica?
1507 5339 1632 5389 dixit
1666 5353 1683 5388 :
1720 5337 1792 5389 De
1843 5354 1931 5388 no-

356 5435 488 5481 mine
528 5431 772 5481 Fcltciam'
801 5442 967 5481 uti-unt
1017 5432 1068 5480 in
1097 5432 1446 5481 communione
1473 5430 1538 5480 sit
1560 5427 1831 5479 Primiani.
1863 5428 1935 5479 Et

362 5525 439 5570 his
487 5522 690 5584 optime
721 5519 968 5584 intelligis
998 5518 1134 5585 apttd
1171 5519 1379 5570 Mustitn
1438 5517 1487 5569 itt
1523 5515 1764 5568 Numidia
1797 5531 1935 5566 anno

363 5607 482 5668 lli,
517 5624 639 5659 cum
667 5607 1028 5661 telebrarctur
1054 5606 1284 5668 collatio,
1342 5606 1543 5659 sedisse
1593 5604 1934 5657 (lt-escomutn

363 5702 413 5752 υ.
439 5702 712 5761 nat'stam,
746 5699 878 5761 apud
898 5698 976 5752 'llu
1011 5699 1101 5752 tim
1123 5699 1170 5752 iu
1199 5697 1561 5751 Proconsu'lari
1589 5695 1933 5758 Felicianutn,

2028 4619 2097 4671 ita
2126 4617 2322 4670 ibidem
2355 4617 2642 4670 scribitur:
2670 4617 2907 4670 'l‘heveste
2931 4632 3012 4680 xi,
3043 4618 3121 4668 Ad
3150 4616 3460 4668 Mercurium
3491 4635 3599 4682 xw,

2027 4712 2310 4764 Admedera
2337 4725 2441 4772 xvi,
2469 4708 2628 4762 Mutia
2655 4726 2766 4776 xw,
2795 4710 2930 4761 Orba
2963 4725 3051 4772 vn,
3095 4707 3324 4762 Larabus
3350 4724 3440 4774 xn,
3468 4710 3603 4763 Dru-

2025 4804 2214 4856 siliana
2244 4818 2350 4871 vn,
2384 4801 2578 4855 T/iacia
2626 4818 2724 4867 vn,
2759 4802 2926 4854 .llubsi
2958 4816 3058 4862 vn,
3091 4800 3249 4853 Αὺοὶει
3278 4818 3356 4866 vt,
3394 4802 3604 4870 Tiqnica

2035 4909 2128 4956 xit,
2157 4892 2380 4945 Ticliilla
2405 4907 2522 4954 xvr,
2557 4891 2864 4943 Menibrcssa
2894 4904 3008 4953 vui,
3038 4900 3143 4942 etc.
3174 4891 3327 4944 Aliud
3359 4908 3483 4945 vero
3507 4893 3605 4948 iter

2034 4998 2064 5036 a
2118 4984 2274 5036 Mutia
2325 4982 2633 5035 describens
2664 4983 2737 5032 ait
2767 4995 2781 5033 :
2817 4980 3091 5034 Altuburos
3144 4999 3250 5049 xvi,
3285 4984 3421 5038 Altes
3454 5003 3512 5037 ra
3550 5002 3604 5050 χ,

2034 5073 2268 5134 Assures,
2299 5081 2405 5123 etc.
2440 5069 2536 5122 Ubi
2569 5067 2739 5120 Mubsi
2767 5069 3050 5136 legendum
3083 5071 3263 5125 Musti.
3297 5075 3372 5126 Ex
3407 5074 3491 5126 his
3515 5089 3608 5141 pa-

1977 5213 1986 5217 -
2036 5169 2132 5224 tet,
2183 5173 2287 5212 non
2337 5158 2468 5211 satis
2503 5169 2897 5226 consequenter
2927 5161 3053 5228 poni
3101 5163 3478 5218 Ammederam
3514 5165 3608 5230 (ita

2039 5248 2279 5303 scribunt
2311 5247 2634 5316 Augustinus
2665 5249 2753 5302 lib.
2789 5264 2881 5302 vn.
2913 5251 2978 5304 de
3009 5250 3184 5319 Bapt.,
3210 5267 3327 5318 cap.
3355 5252 3422 5306 59
3448 5252 3610 5302 colla-

2042 5341 2115 5392 tio
2144 5354 2263 5405 cap.
2292 5338 2414 5396 ΞΠ,
2444 5347 2497 5390 et
2525 5339 2846 5406 Antoninus)
2875 5342 2923 5392 in
2956 5340 3323 5393 Proconsulari
3373 5354 3400 5390 a
3443 5342 3608 5392 sacris

2042 5428 2390 5496 geographis;
2427 5428 2587 5482 Lares
2633 5443 2781 5491 vero,
2828 5428 3205 5491 Drusilianam,
3234 5439 3285 5480 et
3313 5427 3523 5481 Mustitn
3558 5431 3608 5483 itt

2042 5519 2304 5584 Numidia,
2336 5533 2454 5571 cum
2485 5518 2601 5572 ista:
2652 5519 2807 5572 urbes
2839 5529 2984 5573 recto
3039 5519 3228 5570 itinere
3272 5531 3300 5569 a
3347 5517 3610 5574 'l'lteveste

2043 5608 2300 5663 Numidia)
2332 5624 2488 5677 supra
2524 5608 2890 5662 Atnmederam
2923 5608 3030 5659 sint
3058 5606 3362 5675 Carthagini
3398 5612 3612 5677 propin.

2043 5698 2276 5759 quiores.
2306 5697 2587 5752 Sallustius
2617 5695 2793 5755 oppidi
2815 5693 2961 5748 Laris
2994 5695 3231 5750 meminit
3263 5698 3312 5749 ia
3348 5697 3491 5749 Bello
3518 5697 3610 5747 Ju-
