  <div class='ocr_page' id='page_1' title='image "/cluster/home/n/w/nwhite01/storage/ocr_20150623/47/uva.x000827107/161.png"; bbox 0 0 3908 6310; ppageno 0'>
   <div class='ocr_carea' id='block_1_1' title="bbox 407 346 503 402">
    <p class='ocr_par' dir='ltr' id='par_1_1' title="bbox 407 346 503 402">
     <span class='ocr_line' id='line_1_1' title="bbox 407 346 503 402; baseline -0.052 0"><span class='ocrx_word' id='word_1_1' title='bbox 407 346 503 402; x_wconf 71' lang='grc' dir='ltr'><strong>5οἹ</strong></span> 
     </span>
    </p>
   </div>
   <div class='ocr_carea' id='block_1_2' title="bbox 1294 342 2778 404">
    <p class='ocr_par' dir='ltr' id='par_1_2' title="bbox 1294 342 2778 404">
     <span class='ocr_line' id='line_1_2' title="bbox 1294 342 2778 404; baseline -0.002 1"><span class='ocrx_word' id='word_1_2' title='bbox 1294 344 1852 404; x_wconf 62' lang='grc' dir='ltr'><strong>ΞΕΡΡΙΕΜΕΝΤΗΜ</strong></span> <span class='ocrx_word' id='word_1_3' title='bbox 1894 343 1985 396; x_wconf 83' lang='lat' dir='ltr'><strong>AD</strong></span> <span class='ocrx_word' id='word_1_4' title='bbox 2022 342 2250 398; x_wconf 76' lang='lat' dir='ltr'><strong>OPERA</strong></span> <span class='ocrx_word' id='word_1_5' title='bbox 2290 344 2342 398; x_wconf 87' lang='lat' dir='ltr'><strong>S.</strong></span> <span class='ocrx_word' id='word_1_6' title='bbox 2390 344 2778 402; x_wconf 76' lang='lat' dir='ltr'><strong>Al&#39;CUSTINI.</strong></span> 
     </span>
    </p>
   </div>
   <div class='ocr_carea' id='block_1_3' title="bbox 3564 340 3682 396">
    <p class='ocr_par' dir='ltr' id='par_1_3' title="bbox 3564 340 3682 396">
     <span class='ocr_line' id='line_1_3' title="bbox 3564 340 3682 396; baseline 0 -2"><span class='ocrx_word' id='word_1_7' title='bbox 3564 340 3682 396; x_wconf 66' lang='lat'><strong>303</strong></span> 
     </span>
    </p>
   </div>
   <div class='ocr_carea' id='block_1_4' title="bbox 407 458 3677 532">
    <p class='ocr_par' dir='ltr' id='par_1_4' title="bbox 407 458 3677 532">
     <span class='ocr_line' id='line_1_4' title="bbox 407 458 3677 532; baseline 0 -17"><span class='ocrx_word' id='word_1_8' title='bbox 407 463 685 531; x_wconf 86' lang='lat' dir='ltr'><strong>gurtltino,</strong></span> <span class='ocrx_word' id='word_1_9' title='bbox 723 462 1011 531; x_wconf 69' lang='lat' dir='ltr'><strong>Procopius</strong></span> <span class='ocrx_word' id='word_1_10' title='bbox 1041 462 1132 516; x_wconf 81' lang='lat' dir='ltr'><strong>Lb.</strong></span> <span class='ocrx_word' id='word_1_11' title='bbox 1168 478 1201 515; x_wconf 90' lang='grc' dir='ltr'>ιι</span> <span class='ocrx_word' id='word_1_12' title='bbox 1230 462 1297 515; x_wconf 90' lang='lat' dir='ltr'><strong>de</strong></span> <span class='ocrx_word' id='word_1_13' title='bbox 1330 462 1478 516; x_wconf 83' lang='lat' dir='ltr'><strong>Bello</strong></span> <span class='ocrx_word' id='word_1_14' title='bbox 1509 461 1791 515; x_wconf 85' lang='lat' dir='ltr'><strong>Vandalico</strong></span> <span class='ocrx_word' id='word_1_15' title='bbox 1815 459 1976 514; x_wconf 90' lang='lat' dir='ltr'><strong>Lari-</strong></span> <span class='ocrx_word' id='word_1_16' title='bbox 2008 458 2056 515; x_wconf 84' lang='lat' dir='ltr'><strong>A</strong></span> <span class='ocrx_word' id='word_1_17' title='bbox 2086 462 2136 514; x_wconf 89' lang='lat' dir='ltr'><strong>in</strong></span> <span class='ocrx_word' id='word_1_18' title='bbox 2170 460 2489 517; x_wconf 75' lang='lat' dir='ltr'><strong>bibliotheca</strong></span> <span class='ocrx_word' id='word_1_19' title='bbox 2518 461 2843 518; x_wconf 82' lang='lat' dir='ltr'><strong>serenissimi</strong></span> <span class='ocrx_word' id='word_1_20' title='bbox 2867 462 3199 532; x_wconf 86' lang='lat' dir='ltr'><strong>magnidncis</strong></span> <span class='ocrx_word' id='word_1_21' title='bbox 3218 462 3677 517; x_wconf 86' lang='lat' dir='ltr'><strong>discrtebaheut.</strong></span> 
     </span>
    </p>
   </div>
   <div class='ocr_carea' id='block_1_5' title="bbox 409 553 1972 623">
    <p class='ocr_par' dir='ltr' id='par_1_5' title="bbox 409 553 1972 623">
     <span class='ocr_line' id='line_1_5' title="bbox 409 553 1972 623; baseline -0.003 -15"><span class='ocrx_word' id='word_1_22' title='bbox 409 554 532 608; x_wconf 90' lang='lat' dir='ltr'><strong>bum</strong></span> <span class='ocrx_word' id='word_1_23' title='bbox 563 555 711 623; x_wconf 89' lang='lat' dir='ltr'><strong>dicit,</strong></span> <span class='ocrx_word' id='word_1_24' title='bbox 745 565 797 609; x_wconf 88' lang='lat' dir='ltr'><strong>et</strong></span> <span class='ocrx_word' id='word_1_25' title='bbox 832 554 1010 607; x_wconf 88' lang='lat' dir='ltr'><strong>Victor</strong></span> <span class='ocrx_word' id='word_1_26' title='bbox 1044 554 1271 609; x_wconf 86' lang='lat' dir='ltr'><strong>Vi&#39;ensis</strong></span> <span class='ocrx_word' id='word_1_27' title='bbox 1303 555 1391 607; x_wconf 90' lang='lat' dir='ltr'><strong>lib.</strong></span> <span class='ocrx_word' id='word_1_28' title='bbox 1430 570 1482 607; x_wconf 89' lang='lat' dir='ltr'><strong>ll.</strong></span> <span class='ocrx_word' id='word_1_29' title='bbox 1524 554 1589 608; x_wconf 93' lang='lat' dir='ltr'><strong>de</strong></span> <span class='ocrx_word' id='word_1_30' title='bbox 1622 554 1768 607; x_wconf 86' lang='lat' dir='ltr'><strong>Pers.</strong></span> <span class='ocrx_word' id='word_1_31' title='bbox 1804 553 1972 607; x_wconf 84' lang='lat' dir='ltr'><strong>Vand.</strong></span> 
     </span>
    </p>
   </div>
   <div class='ocr_carea' id='block_1_6' title="bbox 406 644 1982 714">
    <p class='ocr_par' dir='ltr' id='par_1_6' title="bbox 406 644 1982 714">
     <span class='ocr_line' id='line_1_6' title="bbox 406 644 1982 714; baseline -0.003 -14"><span class='ocrx_word' id='word_1_32' title='bbox 406 647 625 702; x_wconf 84' lang='lat' dir='ltr'><strong>Laribus</strong></span> <span class='ocrx_word' id='word_1_33' title='bbox 657 649 861 714; x_wconf 78' lang='lat' dir='ltr'><strong>seiib&#39;t,</strong></span> <span class='ocrx_word' id='word_1_34' title='bbox 898 648 983 701; x_wconf 91' lang='lat' dir='ltr'><strong>ttbi</strong></span> <span class='ocrx_word' id='word_1_35' title='bbox 1027 648 1183 700; x_wconf 90' lang='lat' dir='ltr'><strong>ctiam</strong></span> <span class='ocrx_word' id='word_1_36' title='bbox 1221 647 1505 701; x_wconf 82' lang='lat' dir='ltr'><strong>Siccensem</strong></span> <span class='ocrx_word' id='word_1_37' title='bbox 1535 658 1578 699; x_wconf 86' lang='lat' dir='ltr'><strong>et</strong></span> <span class='ocrx_word' id='word_1_38' title='bbox 1609 645 1880 699; x_wconf 84' lang='lat' dir='ltr'><strong>Larensem</strong></span> <span class='ocrx_word' id='word_1_39' title='bbox 1907 644 1982 696; x_wconf 85' lang='lat' dir='ltr'><strong>ci-</strong></span> 
     </span>
    </p>
   </div>
   <div class='ocr_carea' id='block_1_7' title="bbox 405 736 1977 806">
    <p class='ocr_par' dir='ltr' id='par_1_7' title="bbox 405 736 1977 806">
     <span class='ocr_line' id='line_1_7' title="bbox 405 736 1977 806; baseline -0.006 -14"><span class='ocrx_word' id='word_1_40' title='bbox 405 741 585 792; x_wconf 78' lang='lat' dir='ltr'><strong>vitales</strong></span> <span class='ocrx_word' id='word_1_41' title='bbox 627 739 878 806; x_wconf 80' lang='lat' dir='ltr'><strong>appellat.</strong></span> <span class='ocrx_word' id='word_1_42' title='bbox 913 738 987 790; x_wconf 81' lang='lat' dir='ltr'><strong>Ex</strong></span> <span class='ocrx_word' id='word_1_43' title='bbox 1017 736 1205 791; x_wconf 85' lang='lat' dir='ltr'><strong>eodem</strong></span> <span class='ocrx_word' id='word_1_44' title='bbox 1243 737 1649 805; x_wconf 87' lang='lat' dir='ltr'><strong>Peulingeriauo</strong></span> <span class='ocrx_word' id='word_1_45' title='bbox 1682 737 1977 803; x_wconf 78' lang='lat' dir='ltr'><strong>fragmento</strong></span> 
     </span>
    </p>
   </div>
   <div class='ocr_carea' id='block_1_8' title="bbox 407 823 1980 897">
    <p class='ocr_par' dir='ltr' id='par_1_8' title="bbox 407 823 1980 897">
     <span class='ocr_line' id='line_1_8' title="bbox 407 823 1980 897; baseline -0.003 -17"><span class='ocrx_word' id='word_1_46' title='bbox 407 838 627 897; x_wconf 89' lang='lat' dir='ltr'><strong>apparet</strong></span> <span class='ocrx_word' id='word_1_47' title='bbox 652 829 783 881; x_wconf 81' lang='lat' dir='ltr'><strong>situs</strong></span> <span class='ocrx_word' id='word_1_48' title='bbox 808 828 1040 895; x_wconf 79' lang='lat' dir='ltr'><strong>Tiguicae</strong></span> <span class='ocrx_word' id='word_1_49' title='bbox 1064 829 1113 879; x_wconf 88' lang='lat' dir='ltr'><strong>in</strong></span> <span class='ocrx_word' id='word_1_50' title='bbox 1144 827 1535 891; x_wconf 70' lang='lat' dir='ltr'><strong>Proconsulari,</strong></span> <span class='ocrx_word' id='word_1_51' title='bbox 1564 827 1713 893; x_wconf 76' lang='lat' dir='ltr'><strong>enjus</strong></span> <span class='ocrx_word' id='word_1_52' title='bbox 1737 823 1980 878; x_wconf 84' lang='lat' dir='ltr'><strong>meminit</strong></span> 
     </span>
    </p>
   </div>
   <div class='ocr_carea' id='block_1_9' title="bbox 404 915 1979 986">
    <p class='ocr_par' dir='ltr' id='par_1_9' title="bbox 404 915 1979 986">
     <span class='ocr_line' id='line_1_9' title="bbox 404 915 1979 986; baseline -0.004 -16"><span class='ocrx_word' id='word_1_53' title='bbox 404 919 619 972; x_wconf 76' lang='lat' dir='ltr'><strong>collatio</strong></span> <span class='ocrx_word' id='word_1_54' title='bbox 659 934 778 986; x_wconf 89' lang='lat' dir='ltr'><strong>cap.</strong></span> <span class='ocrx_word' id='word_1_55' title='bbox 812 918 932 983; x_wconf 75' lang='grc'>155,</span> <span class='ocrx_word' id='word_1_56' title='bbox 988 917 1076 969; x_wconf 88' lang='lat' dir='ltr'><strong>ubi</strong></span> <span class='ocrx_word' id='word_1_57' title='bbox 1110 916 1413 969; x_wconf 79' lang='lat' dir='ltr'><strong>nominatur</strong></span> <span class='ocrx_word' id='word_1_58' title='bbox 1454 916 1690 981; x_wconf 76' lang='lat' dir='ltr'><strong>Auﬁdius</strong></span> <span class='ocrx_word' id='word_1_59' title='bbox 1717 915 1979 983; x_wconf 79' lang='lat' dir='ltr'><strong>episwpus</strong></span> 
     </span>
    </p>
   </div>
   <div class='ocr_carea' id='block_1_10' title="bbox 405 1007 1980 1079">
    <p class='ocr_par' dir='ltr' id='par_1_10' title="bbox 405 1007 1980 1079">
     <span class='ocr_line' id='line_1_10' title="bbox 405 1007 1980 1079; baseline -0.004 -18"><span class='ocrx_word' id='word_1_60' title='bbox 405 1009 563 1078; x_wconf 79' lang='lat' dir='ltr'><strong>plebis</strong></span> <span class='ocrx_word' id='word_1_61' title='bbox 592 1009 926 1079; x_wconf 78' lang='lat' dir='ltr'><strong>Tignicensis,</strong></span> <span class='ocrx_word' id='word_1_62' title='bbox 961 1024 1077 1076; x_wconf 72' lang='lat' dir='ltr'><strong>qua:</strong></span> <span class='ocrx_word' id='word_1_63' title='bbox 1120 1009 1337 1060; x_wconf 76' lang='lat' dir='ltr'><strong>ineertm</strong></span> <span class='ocrx_word' id='word_1_64' title='bbox 1382 1007 1665 1079; x_wconf 77' lang='lat' dir='ltr'><strong>provincire</strong></span> <span class='ocrx_word' id='word_1_65' title='bbox 1696 1007 1980 1073; x_wconf 91' lang='lat' dir='ltr'><strong>deputatur</strong></span> 
     </span>
    </p>
   </div>
   <div class='ocr_carea' id='block_1_11' title="bbox 404 1093 1979 1162">
    <p class='ocr_par' dir='ltr' id='par_1_11' title="bbox 404 1093 1979 1162">
     <span class='ocr_line' id='line_1_11' title="bbox 404 1093 1979 1162; baseline -0.003 -11"><span class='ocrx_word' id='word_1_66' title='bbox 404 1114 433 1151; x_wconf 87' lang='lat' dir='ltr'><strong>a</strong></span> <span class='ocrx_word' id='word_1_67' title='bbox 462 1100 653 1153; x_wconf 81' lang='lat' dir='ltr'><strong>Carolo</strong></span> <span class='ocrx_word' id='word_1_68' title='bbox 682 1115 711 1153; x_wconf 87' lang='lat' dir='ltr'><strong>a</strong></span> <span class='ocrx_word' id='word_1_69' title='bbox 741 1098 800 1155; x_wconf 90' lang='lat' dir='ltr'><strong>S.</strong></span> <span class='ocrx_word' id='word_1_70' title='bbox 839 1099 1021 1162; x_wconf 82' lang='lat' dir='ltr'><strong>Paulo,</strong></span> <span class='ocrx_word' id='word_1_71' title='bbox 1056 1106 1109 1151; x_wconf 85' lang='lat' dir='ltr'><strong>et</strong></span> <span class='ocrx_word' id='word_1_72' title='bbox 1132 1098 1393 1152; x_wconf 87' lang='lat' dir='ltr'><strong>omittitur</strong></span> <span class='ocrx_word' id='word_1_73' title='bbox 1435 1098 1501 1149; x_wconf 85' lang='lat' dir='ltr'><strong>ab</strong></span> <span class='ocrx_word' id='word_1_74' title='bbox 1549 1095 1842 1149; x_wconf 80' lang='lat' dir='ltr'><strong>lIolstenio.</strong></span> <span class='ocrx_word' id='word_1_75' title='bbox 1875 1093 1979 1147; x_wconf 82' lang='lat' dir='ltr'><strong>Sed</strong></span> 
     </span>
    </p>
   </div>
   <div class='ocr_carea' id='block_1_12' title="bbox 406 1182 1980 1257">
    <p class='ocr_par' dir='ltr' id='par_1_12' title="bbox 406 1182 1980 1257">
     <span class='ocr_line' id='line_1_12' title="bbox 406 1182 1980 1257; baseline -0.005 -15"><span class='ocrx_word' id='word_1_76' title='bbox 406 1189 529 1257; x_wconf 91' lang='lat' dir='ltr'><strong>quid</strong></span> <span class='ocrx_word' id='word_1_77' title='bbox 563 1189 873 1244; x_wconf 82' lang='lat' dir='ltr'><strong>dicetur&#39;de</strong></span> <span class='ocrx_word' id='word_1_78' title='bbox 916 1188 1119 1243; x_wconf 82' lang='lat' dir='ltr'><strong>Aboia?</strong></span> <span class='ocrx_word' id='word_1_79' title='bbox 1152 1188 1370 1241; x_wconf 72' lang='lat' dir='ltr'><strong>Ponitur</strong></span> <span class='ocrx_word' id='word_1_80' title='bbox 1415 1188 1467 1240; x_wconf 91' lang='lat' dir='ltr'><strong>in</strong></span> <span class='ocrx_word' id='word_1_81' title='bbox 1504 1182 1980 1253; x_wconf 87' lang='lat' dir='ltr'><strong>subscriptionibus</strong></span> 
     </span>
    </p>
   </div>
   <div class='ocr_carea' id='block_1_13' title="bbox 400 1271 1980 1349">
    <p class='ocr_par' dir='ltr' id='par_1_13' title="bbox 400 1271 1980 1349">
     <span class='ocr_line' id='line_1_13' title="bbox 400 1271 1980 1349; baseline -0.006 -16"><span class='ocrx_word' id='word_1_82' title='bbox 400 1280 592 1349; x_wconf 80' lang='lat' dir='ltr'><strong>synodi</strong></span> <span class='ocrx_word' id='word_1_83' title='bbox 624 1296 652 1331; x_wconf 81' lang='grc' dir='ltr'><strong>ν</strong></span> <span class='ocrx_word' id='word_1_84' title='bbox 690 1278 1000 1333; x_wconf 73' lang='lat' dir='ltr'><strong>Valerianus</strong></span> <span class='ocrx_word' id='word_1_85' title='bbox 1028 1280 1293 1348; x_wconf 83' lang='lat' dir='ltr'><strong>episc0pus</strong></span> <span class='ocrx_word' id='word_1_86' title='bbox 1336 1275 1491 1329; x_wconf 78' lang='lat' dir='ltr'><strong>Obba:</strong></span> <span class='ocrx_word' id='word_1_87' title='bbox 1533 1274 1808 1347; x_wconf 76' lang='lat' dir='ltr'><strong>provincia:</strong></span> <span class='ocrx_word' id='word_1_88' title='bbox 1849 1271 1980 1325; x_wconf 90' lang='lat' dir='ltr'><strong>Pro-</strong></span> 
     </span>
    </p>
   </div>
   <div class='ocr_carea' id='block_1_14' title="bbox 404 1362 1978 1439">
    <p class='ocr_par' dir='ltr' id='par_1_14' title="bbox 404 1362 1978 1439">
     <span class='ocr_line' id='line_1_14' title="bbox 404 1362 1978 1439; baseline -0.005 -16"><span class='ocrx_word' id='word_1_89' title='bbox 404 1370 712 1425; x_wconf 80' lang='lat' dir='ltr'><strong>consularis.</strong></span> <span class='ocrx_word' id='word_1_90' title='bbox 750 1371 871 1424; x_wconf 78' lang='lat' dir='ltr'><strong>Ilzec</strong></span> <span class='ocrx_word' id='word_1_91' title='bbox 901 1384 1113 1439; x_wconf 89' lang='lat' dir='ltr'><strong>quoque</strong></span> <span class='ocrx_word' id='word_1_92' title='bbox 1139 1368 1263 1421; x_wconf 87' lang='lat' dir='ltr'><strong>urbs</strong></span> <span class='ocrx_word' id='word_1_93' title='bbox 1294 1367 1628 1421; x_wconf 80' lang='lat' dir='ltr'><strong>desideratur</strong></span> <span class='ocrx_word' id='word_1_94' title='bbox 1648 1365 1785 1434; x_wconf 88' lang='lat' dir='ltr'><strong>apud</strong></span> <span class='ocrx_word' id='word_1_95' title='bbox 1811 1362 1978 1417; x_wconf 87' lang='lat' dir='ltr'><strong>Caro-</strong></span> 
     </span>
    </p>
   </div>
   <div class='ocr_carea' id='block_1_15' title="bbox 404 1448 1976 1519">
    <p class='ocr_par' dir='ltr' id='par_1_15' title="bbox 404 1448 1976 1519">
     <span class='ocr_line' id='line_1_15' title="bbox 404 1448 1976 1519; baseline -0.006 -4"><span class='ocrx_word' id='word_1_96' title='bbox 404 1462 515 1515; x_wconf 92' lang='lat' dir='ltr'><strong>lum</strong></span> <span class='ocrx_word' id='word_1_97' title='bbox 548 1477 575 1513; x_wconf 89' lang='lat' dir='ltr'><strong>a</strong></span> <span class='ocrx_word' id='word_1_98' title='bbox 607 1462 665 1516; x_wconf 84' lang='lat' dir='ltr'><strong>S.</strong></span> <span class='ocrx_word' id='word_1_99' title='bbox 697 1460 864 1515; x_wconf 87' lang='lat' dir='ltr'><strong>Paulo</strong></span> <span class='ocrx_word' id='word_1_100' title='bbox 910 1470 963 1515; x_wconf 91' lang='lat' dir='ltr'><strong>et</strong></span> <span class='ocrx_word' id='word_1_101' title='bbox 997 1460 1347 1513; x_wconf 72' lang='lat' dir='ltr'><strong>Ilolsteniuvu.</strong></span> <span class='ocrx_word' id='word_1_102' title='bbox 1384 1461 1460 1511; x_wconf 79' lang='lat' dir='ltr'><strong>An</strong></span> <span class='ocrx_word' id='word_1_103' title='bbox 1514 1458 1598 1511; x_wconf 81' lang='lat' dir='ltr'><strong>hic</strong></span> <span class='ocrx_word' id='word_1_104' title='bbox 1650 1448 1844 1519; x_wconf 71' lang='lat' dir='ltr'><strong>Aobite,</strong></span> <span class='ocrx_word' id='word_1_105' title='bbox 1894 1454 1976 1507; x_wconf 81' lang='lat' dir='ltr'><strong>vel</strong></span> 
     </span>
    </p>
   </div>
   <div class='ocr_carea' id='block_1_16' title="bbox 406 1547 1975 1618">
    <p class='ocr_par' dir='ltr' id='par_1_16' title="bbox 406 1547 1975 1618">
     <span class='ocr_line' id='line_1_16' title="bbox 406 1547 1975 1618; baseline -0.004 -13"><span class='ocrx_word' id='word_1_106' title='bbox 406 1552 561 1605; x_wconf 76' lang='lat' dir='ltr'><strong>Obba:</strong></span> <span class='ocrx_word' id='word_1_107' title='bbox 607 1552 657 1604; x_wconf 92' lang='lat' dir='ltr'><strong>in</strong></span> <span class='ocrx_word' id='word_1_108' title='bbox 688 1552 906 1605; x_wconf 79' lang='lat' dir='ltr'><strong>Tabulis</strong></span> <span class='ocrx_word' id='word_1_109' title='bbox 962 1550 1241 1618; x_wconf 77' lang='lat' dir='ltr'><strong>legendum</strong></span> <span class='ocrx_word' id='word_1_110' title='bbox 1288 1550 1675 1618; x_wconf 87' lang='lat' dir='ltr'><strong>incompertum</strong></span> <span class='ocrx_word' id='word_1_111' title='bbox 1710 1547 1840 1600; x_wconf 86' lang='lat' dir='ltr'><strong>mihi</strong></span> <span class='ocrx_word' id='word_1_112' title='bbox 1876 1555 1975 1599; x_wconf 90' lang='lat' dir='ltr'><strong>est.</strong></span> 
     </span>
    </p>
   </div>
   <div class='ocr_carea' id='block_1_17' title="bbox 404 1639 1981 1710">
    <p class='ocr_par' dir='ltr' id='par_1_17' title="bbox 404 1639 1981 1710">
     <span class='ocr_line' id='line_1_17' title="bbox 404 1639 1981 1710; baseline -0.004 -13"><span class='ocrx_word' id='word_1_113' title='bbox 404 1641 552 1697; x_wconf 84' lang='lat' dir='ltr'><strong>Ultra</strong></span> <span class='ocrx_word' id='word_1_114' title='bbox 583 1642 747 1697; x_wconf 84' lang='lat' dir='ltr'><strong>Lares</strong></span> <span class='ocrx_word' id='word_1_115' title='bbox 773 1643 837 1695; x_wconf 91' lang='lat' dir='ltr'><strong>ad</strong></span> <span class='ocrx_word' id='word_1_116' title='bbox 875 1641 938 1695; x_wconf 77' lang='grc'><strong>16</strong></span> <span class='ocrx_word' id='word_1_117' title='bbox 969 1642 1131 1695; x_wconf 86' lang='lat' dir='ltr'><strong>millia</strong></span> <span class='ocrx_word' id='word_1_118' title='bbox 1168 1657 1413 1709; x_wconf 84' lang='lat' dir='ltr'><strong>passuum</strong></span> <span class='ocrx_word' id='word_1_119' title='bbox 1459 1642 1673 1710; x_wconf 86' lang='lat' dir='ltr'><strong>ponitur</strong></span> <span class='ocrx_word' id='word_1_120' title='bbox 1708 1639 1775 1692; x_wconf 91' lang='lat' dir='ltr'><strong>ab</strong></span> <span class='ocrx_word' id='word_1_121' title='bbox 1814 1640 1981 1691; x_wconf 75' lang='lat' dir='ltr'><strong>Anto~</strong></span> 
     </span>
    </p>
   </div>
   <div class='ocr_carea' id='block_1_18' title="bbox 404 1732 1976 1800">
    <p class='ocr_par' dir='ltr' id='par_1_18' title="bbox 404 1732 1976 1800">
     <span class='ocr_line' id='line_1_18' title="bbox 404 1732 1976 1800; baseline -0.002 -14"><span class='ocrx_word' id='word_1_122' title='bbox 404 1735 533 1789; x_wconf 92' lang='lat' dir='ltr'><strong>nino</strong></span> <span class='ocrx_word' id='word_1_123' title='bbox 563 1734 851 1797; x_wconf 74' lang='lat' dir='ltr'><strong>Altieuros,</strong></span> <span class='ocrx_word' id='word_1_124' title='bbox 875 1748 992 1797; x_wconf 85' lang='lat' dir='ltr'><strong>seu,</strong></span> <span class='ocrx_word' id='word_1_125' title='bbox 1027 1742 1081 1786; x_wconf 91' lang='lat' dir='ltr'><strong>ut</strong></span> <span class='ocrx_word' id='word_1_126' title='bbox 1104 1733 1283 1787; x_wconf 87' lang='lat' dir='ltr'><strong>Surita</strong></span> <span class='ocrx_word' id='word_1_127' title='bbox 1317 1733 1466 1800; x_wconf 84' lang='lat' dir='ltr'><strong>legit,</strong></span> <span class='ocrx_word' id='word_1_128' title='bbox 1503 1732 1760 1784; x_wconf 84' lang='lat' dir='ltr'><strong>Altitnros</strong></span> <span class='ocrx_word' id='word_1_129' title='bbox 1789 1749 1798 1781; x_wconf 93' lang='lat'>:</span> <span class='ocrx_word' id='word_1_130' title='bbox 1828 1738 1976 1783; x_wconf 82' lang='lat' dir='ltr'><strong>utro-</strong></span> 
     </span>
    </p>
   </div>
   <div class='ocr_carea' id='block_1_19' title="bbox 2082 552 3679 624">
    <p class='ocr_par' dir='ltr' id='par_1_19' title="bbox 2082 552 3679 624">
     <span class='ocr_line' id='line_1_19' title="bbox 2082 552 3679 624; baseline 0.002 -19"><span class='ocrx_word' id='word_1_131' title='bbox 2082 555 2135 606; x_wconf 90' lang='lat' dir='ltr'><strong>in</strong></span> <span class='ocrx_word' id='word_1_132' title='bbox 2166 556 2372 608; x_wconf 87' lang='lat' dir='ltr'><strong>castello</strong></span> <span class='ocrx_word' id='word_1_133' title='bbox 2413 556 2677 610; x_wconf 83' lang='lat' dir='ltr'><strong>Sinitensi.</strong></span> <span class='ocrx_word' id='word_1_134' title='bbox 2724 555 3049 624; x_wconf 80' lang='lat' dir='ltr'><strong>AuguSIinus</strong></span> <span class='ocrx_word' id='word_1_135' title='bbox 3096 554 3147 608; x_wconf 92' lang='lat' dir='ltr'><strong>in</strong></span> <span class='ocrx_word' id='word_1_136' title='bbox 3194 554 3416 622; x_wconf 90' lang='lat' dir='ltr'><strong>epistola</strong></span> <span class='ocrx_word' id='word_1_137' title='bbox 3447 554 3559 609; x_wconf 63' lang='lat'><strong>£28</strong></span> <span class='ocrx_word' id='word_1_138' title='bbox 3606 552 3679 608; x_wconf 85' lang='lat' dir='ltr'><strong>ad</strong></span> 
     </span>
    </p>
   </div>
   <div class='ocr_carea' id='block_1_20' title="bbox 2084 643 3676 715">
    <p class='ocr_par' dir='ltr' id='par_1_20' title="bbox 2084 643 3676 715">
     <span class='ocr_line' id='line_1_20' title="bbox 2084 643 3676 715; baseline 0.001 -18"><span class='ocrx_word' id='word_1_139' title='bbox 2084 645 2342 699; x_wconf 86' lang='lat' dir='ltr'><strong>Donatum</strong></span> <span class='ocrx_word' id='word_1_140' title='bbox 2372 649 2745 715; x_wconf 87' lang='lat' dir='ltr'><strong>proconsulem</strong></span> <span class='ocrx_word' id='word_1_141' title='bbox 2777 646 2991 709; x_wconf 69' lang='lat' dir='ltr'><strong>Africae,</strong></span> <span class='ocrx_word' id='word_1_142' title='bbox 3022 644 3343 698; x_wconf 88' lang='lat' dir='ltr'><strong>mentionem</strong></span> <span class='ocrx_word' id='word_1_143' title='bbox 3374 643 3494 698; x_wconf 77' lang='lat' dir='ltr'><strong>facit</strong></span> <span class='ocrx_word' id='word_1_144' title='bbox 3526 644 3676 698; x_wconf 82' lang='lat' dir='ltr'><strong>cola-</strong></span> 
     </span>
    </p>
   </div>
   <div class='ocr_carea' id='block_1_21' title="bbox 2081 733 3679 805">
    <p class='ocr_par' dir='ltr' id='par_1_21' title="bbox 2081 733 3679 805">
     <span class='ocr_line' id='line_1_21' title="bbox 2081 733 3679 805; baseline -0.004 -15"><span class='ocrx_word' id='word_1_145' title='bbox 2081 752 2272 791; x_wconf 88' lang='lat' dir='ltr'><strong>norum</strong></span> <span class='ocrx_word' id='word_1_146' title='bbox 2293 777 2307 802; x_wconf 96' lang='lat'><strong>,</strong></span> <span class='ocrx_word' id='word_1_147' title='bbox 2337 752 2471 805; x_wconf 89' lang='lat' dir='ltr'><strong>quos</strong></span> <span class='ocrx_word' id='word_1_148' title='bbox 2495 736 2582 791; x_wconf 84' lang='lat' dir='ltr'><strong>hic</strong></span> <span class='ocrx_word' id='word_1_149' title='bbox 2628 736 2855 790; x_wconf 85' lang='lat' dir='ltr'><strong>habebat</strong></span> <span class='ocrx_word' id='word_1_150' title='bbox 2882 737 2931 789; x_wconf 90' lang='lat' dir='ltr'><strong>in</strong></span> <span class='ocrx_word' id='word_1_151' title='bbox 2965 735 3209 789; x_wconf 82' lang='lat' dir='ltr'><strong>Sinitensi</strong></span> <span class='ocrx_word' id='word_1_152' title='bbox 3236 736 3309 787; x_wconf 76' lang='lat' dir='ltr'><strong>vel</strong></span> <span class='ocrx_word' id='word_1_153' title='bbox 3339 733 3679 803; x_wconf 83' lang='lat' dir='ltr'><strong>IIipponenst</strong></span> 
     </span>
    </p>
   </div>
   <div class='ocr_carea' id='block_1_22' title="bbox 2082 823 3677 895">
    <p class='ocr_par' dir='ltr' id='par_1_22' title="bbox 2082 823 3677 895">
     <span class='ocr_line' id='line_1_22' title="bbox 2082 823 3677 895; baseline -0.001 -17"><span class='ocrx_word' id='word_1_154' title='bbox 2082 841 2228 895; x_wconf 85' lang='lat' dir='ltr'><strong>agro.</strong></span> <span class='ocrx_word' id='word_1_155' title='bbox 2260 826 2459 880; x_wconf 80' lang='lat' dir='ltr'><strong>Ibidem</strong></span> <span class='ocrx_word' id='word_1_156' title='bbox 2488 826 2546 882; x_wconf 87' lang='lat' dir='ltr'><strong>S.</strong></span> <span class='ocrx_word' id='word_1_157' title='bbox 2586 826 2771 880; x_wconf 89' lang='lat' dir='ltr'><strong>doctor</strong></span> <span class='ocrx_word' id='word_1_158' title='bbox 2808 825 2992 880; x_wconf 87' lang='lat' dir='ltr'><strong>Lucilli</strong></span> <span class='ocrx_word' id='word_1_159' title='bbox 3032 825 3369 879; x_wconf 69' lang='lat' dir='ltr'><strong>decess&#39;rem</strong></span> <span class='ocrx_word' id='word_1_160' title='bbox 3415 823 3677 893; x_wconf 82' lang='lat' dir='ltr'><strong>designat</strong></span> 
     </span>
    </p>
   </div>
   <div class='ocr_carea' id='block_1_23' title="bbox 2084 914 3681 987">
    <p class='ocr_par' dir='ltr' id='par_1_23' title="bbox 2084 914 3681 987">
     <span class='ocr_line' id='line_1_23' title="bbox 2084 914 3681 987; baseline -0.003 -18"><span class='ocrx_word' id='word_1_161' title='bbox 2084 917 2327 986; x_wconf 88' lang='lat' dir='ltr'><strong>inquiens</strong></span> <span class='ocrx_word' id='word_1_162' title='bbox 2356 933 2369 970; x_wconf 90' lang='lat'>:</span> <span class='ocrx_word' id='word_1_163' title='bbox 2402 917 2608 987; x_wconf 83' lang='lat' dir='ltr'><strong>Collega</strong></span> <span class='ocrx_word' id='word_1_164' title='bbox 2631 925 2752 969; x_wconf 89' lang='lat' dir='ltr'><strong>tunc</strong></span> <span class='ocrx_word' id='word_1_165' title='bbox 2791 932 2927 970; x_wconf 79' lang='lat' dir='ltr'><strong>meus</strong></span> <span class='ocrx_word' id='word_1_166' title='bbox 2953 917 3220 985; x_wconf 85' lang='lat' dir='ltr'><strong>episcopus</strong></span> <span class='ocrx_word' id='word_1_167' title='bbox 3250 915 3531 969; x_wconf 84' lang='lat' dir='ltr'><strong>Sinitensis</strong></span> <span class='ocrx_word' id='word_1_168' title='bbox 3569 914 3681 967; x_wconf 82' lang='lat' dir='ltr'><strong>Ec-</strong></span> 
     </span>
    </p>
   </div>
   <div class='ocr_carea' id='block_1_24' title="bbox 2081 1003 3681 1074">
    <p class='ocr_par' dir='ltr' id='par_1_24' title="bbox 2081 1003 3681 1074">
     <span class='ocr_line' id='line_1_24' title="bbox 2081 1003 3681 1074; baseline -0.001 -16"><span class='ocrx_word' id='word_1_169' title='bbox 2081 1006 2245 1060; x_wconf 79' lang='lat' dir='ltr'><strong>clesia:</strong></span> <span class='ocrx_word' id='word_1_170' title='bbox 2294 1006 2626 1059; x_wconf 75' lang='lat' dir='ltr'><strong>Maximinus.</strong></span> <span class='ocrx_word' id='word_1_171' title='bbox 2660 1006 2713 1059; x_wconf 91' lang='lat' dir='ltr'><strong>In</strong></span> <span class='ocrx_word' id='word_1_172' title='bbox 2745 1006 2899 1060; x_wconf 89' lang='lat' dir='ltr'><strong>editis</strong></span> <span class='ocrx_word' id='word_1_173' title='bbox 2929 1006 3204 1059; x_wconf 85' lang='lat' dir='ltr'><strong>codicibus</strong></span> <span class='ocrx_word' id='word_1_174' title='bbox 3237 1004 3538 1074; x_wconf 44' lang='lat' dir='ltr'><strong>Synicenais</strong></span> <span class='ocrx_word' id='word_1_175' title='bbox 3589 1003 3681 1057; x_wconf 86' lang='lat' dir='ltr'><strong>iti-</strong></span> 
     </span>
    </p>
   </div>
   <div class='ocr_carea' id='block_1_25' title="bbox 2082 1095 3683 1163">
    <p class='ocr_par' dir='ltr' id='par_1_25' title="bbox 2082 1095 3683 1163">
     <span class='ocr_line' id='line_1_25' title="bbox 2082 1095 3683 1163; baseline -0.001 -14"><span class='ocrx_word' id='word_1_176' title='bbox 2082 1095 2202 1150; x_wconf 92' lang='lat' dir='ltr'><strong>dem</strong></span> <span class='ocrx_word' id='word_1_177' title='bbox 2236 1096 2454 1163; x_wconf 78' lang='lat' dir='ltr'><strong>legitur,</strong></span> <span class='ocrx_word' id='word_1_178' title='bbox 2486 1096 2578 1150; x_wconf 90' lang='lat' dir='ltr'><strong>sed</strong></span> <span class='ocrx_word' id='word_1_179' title='bbox 2628 1112 2690 1150; x_wconf 80' lang='lat' dir='ltr'><strong>ex</strong></span> <span class='ocrx_word' id='word_1_180' title='bbox 2737 1096 2892 1163; x_wconf 89' lang='lat' dir='ltr'><strong>epist.</strong></span> <span class='ocrx_word' id='word_1_181' title='bbox 2928 1096 3049 1157; x_wconf 76' lang='grc'><strong>165,</strong></span> <span class='ocrx_word' id='word_1_182' title='bbox 3082 1104 3261 1149; x_wconf 80' lang='lat' dir='ltr'><strong>textus</strong></span> <span class='ocrx_word' id='word_1_183' title='bbox 3292 1095 3683 1149; x_wconf 85' lang='lat' dir='ltr'><strong>emendandus</strong></span> 
     </span>
    </p>
   </div>
   <div class='ocr_carea' id='block_1_26' title="bbox 2081 1186 3684 1252">
    <p class='ocr_par' dir='ltr' id='par_1_26' title="bbox 2081 1186 3684 1252">
     <span class='ocr_line' id='line_1_26' title="bbox 2081 1186 3684 1252; baseline 0.001 -12"><span class='ocrx_word' id='word_1_184' title='bbox 2081 1196 2164 1240; x_wconf 86' lang='lat' dir='ltr'><strong>est</strong></span> <span class='ocrx_word' id='word_1_185' title='bbox 2192 1228 2206 1252; x_wconf 88' lang='lat'><strong>,</strong></span> <span class='ocrx_word' id='word_1_186' title='bbox 2238 1187 2324 1241; x_wconf 91' lang='lat' dir='ltr'><strong>ubi</strong></span> <span class='ocrx_word' id='word_1_187' title='bbox 2368 1188 2604 1242; x_wconf 87' lang='lat' dir='ltr'><strong>scribens</strong></span> <span class='ocrx_word' id='word_1_188' title='bbox 2643 1187 2701 1243; x_wconf 90' lang='lat' dir='ltr'><strong>S.</strong></span> <span class='ocrx_word' id='word_1_189' title='bbox 2740 1186 2897 1242; x_wconf 83' lang='lat' dir='ltr'><strong>Pater</strong></span> <span class='ocrx_word' id='word_1_190' title='bbox 2922 1186 2988 1241; x_wconf 89' lang='lat' dir='ltr'><strong>ad</strong></span> <span class='ocrx_word' id='word_1_191' title='bbox 3016 1188 3316 1241; x_wconf 88' lang='lat' dir='ltr'><strong>Donatistas</strong></span> <span class='ocrx_word' id='word_1_192' title='bbox 3347 1188 3421 1241; x_wconf 85' lang='lat' dir='ltr'><strong>ait</strong></span> <span class='ocrx_word' id='word_1_193' title='bbox 3454 1205 3467 1240; x_wconf 90' lang='lat'><strong>:</strong></span> <span class='ocrx_word' id='word_1_194' title='bbox 3505 1187 3684 1241; x_wconf 71' lang='lat' dir='ltr'><strong>Mode</strong></span> 
     </span>
    </p>
   </div>
   <div class='ocr_carea' id='block_1_27' title="bbox 2082 1278 3688 1348">
    <p class='ocr_par' dir='ltr' id='par_1_27' title="bbox 2082 1278 3688 1348">
     <span class='ocr_line' id='line_1_27' title="bbox 2082 1278 3688 1348; baseline 0.001 -18"><span class='ocrx_word' id='word_1_195' title='bbox 2082 1295 2360 1347; x_wconf 78' lang='lat' dir='ltr'><strong>prwconem</strong></span> <span class='ocrx_word' id='word_1_196' title='bbox 2391 1280 2627 1344; x_wconf 80' lang='lat' dir='ltr'><strong>misistis,</strong></span> <span class='ocrx_word' id='word_1_197' title='bbox 2658 1280 2744 1348; x_wconf 88' lang='lat' dir='ltr'><strong>qui</strong></span> <span class='ocrx_word' id='word_1_198' title='bbox 2767 1281 3008 1332; x_wconf 88' lang='lat' dir='ltr'><strong>clamaret</strong></span> <span class='ocrx_word' id='word_1_199' title='bbox 3031 1278 3207 1344; x_wconf 86' lang='lat' dir='ltr'><strong>Siniti,</strong></span> <span class='ocrx_word' id='word_1_200' title='bbox 3230 1279 3461 1348; x_wconf 76' lang='lat' dir='ltr'><strong>quisquis</strong></span> <span class='ocrx_word' id='word_1_201' title='bbox 3496 1278 3688 1332; x_wconf 62' lang='lat' dir='ltr'><strong>Hario</strong></span> 
     </span>
    </p>
   </div>
   <div class='ocr_carea' id='block_1_28' title="bbox 2082 1366 3690 1437">
    <p class='ocr_par' dir='ltr' id='par_1_28' title="bbox 2082 1366 3690 1437">
     <span class='ocr_line' id='line_1_28' title="bbox 2082 1366 3690 1437; baseline -0.001 -14"><span class='ocrx_word' id='word_1_202' title='bbox 2082 1373 2217 1425; x_wconf 86' lang='lat' dir='ltr'><strong>mino</strong></span> <span class='ocrx_word' id='word_1_203' title='bbox 2240 1366 2701 1433; x_wconf 65' lang='lat' dir='ltr'><strong>communicaverit,</strong></span> <span class='ocrx_word' id='word_1_204' title='bbox 2732 1370 3032 1424; x_wconf 79' lang='lat' dir='ltr'><strong>incendetur</strong></span> <span class='ocrx_word' id='word_1_205' title='bbox 3052 1373 3230 1423; x_wconf 88' lang='lat' dir='ltr'><strong>domus</strong></span> <span class='ocrx_word' id='word_1_206' title='bbox 3261 1370 3390 1437; x_wconf 75' lang='lat' dir='ltr'><strong>ejus.</strong></span> <span class='ocrx_word' id='word_1_207' title='bbox 3421 1368 3690 1422; x_wconf 81' lang='lat' dir='ltr'><strong>Maximi-</strong></span> 
     </span>
    </p>
   </div>
   <div class='ocr_carea' id='block_1_29' title="bbox 2083 1459 3245 1515">
    <p class='ocr_par' dir='ltr' id='par_1_29' title="bbox 2083 1459 3245 1515">
     <span class='ocr_line' id='line_1_29' title="bbox 2083 1459 3245 1515; baseline -0.001 -1"><span class='ocrx_word' id='word_1_208' title='bbox 2083 1476 2182 1514; x_wconf 91' lang='lat' dir='ltr'><strong>nus</strong></span> <span class='ocrx_word' id='word_1_209' title='bbox 2209 1479 2271 1515; x_wconf 83' lang='lat' dir='ltr'><strong>ex</strong></span> <span class='ocrx_word' id='word_1_210' title='bbox 2299 1462 2569 1515; x_wconf 85' lang='lat' dir='ltr'><strong>Donatista</strong></span> <span class='ocrx_word' id='word_1_211' title='bbox 2595 1462 2766 1515; x_wconf 83' lang='lat' dir='ltr'><strong>lactus</strong></span> <span class='ocrx_word' id='word_1_212' title='bbox 2792 1469 2906 1514; x_wconf 89' lang='lat' dir='ltr'><strong>erat</strong></span> <span class='ocrx_word' id='word_1_213' title='bbox 2930 1459 3245 1514; x_wconf 82' lang='lat' dir='ltr'><strong>catholicus.</strong></span> 
     </span>
    </p>
   </div>
   <div class='ocr_carea' id='block_1_30' title="bbox 2153 1550 3690 1621">
    <p class='ocr_par' dir='ltr' id='par_1_30' title="bbox 2153 1550 3690 1621">
     <span class='ocr_line' id='line_1_30' title="bbox 2153 1550 3690 1621; baseline 0 -19"><span class='ocrx_word' id='word_1_214' title='bbox 2153 1554 2379 1605; x_wconf 66' lang='lat' dir='ltr'><strong>Statuas</strong></span> <span class='ocrx_word' id='word_1_215' title='bbox 2420 1552 2735 1606; x_wconf 55' lang='lat' dir='ltr'><strong>Tuccaxas.</strong></span> <span class='ocrx_word' id='word_1_216' title='bbox 2779 1550 2949 1604; x_wconf 81' lang='lat' dir='ltr'><strong>Tucca</strong></span> <span class='ocrx_word' id='word_1_217' title='bbox 2996 1553 3195 1621; x_wconf 84' lang='lat' dir='ltr'><strong>gemina</strong></span> <span class='ocrx_word' id='word_1_218' title='bbox 3238 1558 3309 1603; x_wconf 84' lang='lat' dir='ltr'><strong>est</strong></span> <span class='ocrx_word' id='word_1_219' title='bbox 3354 1557 3408 1601; x_wconf 81' lang='lat' dir='ltr'><strong>in</strong></span> <span class='ocrx_word' id='word_1_220' title='bbox 3455 1550 3690 1618; x_wconf 72' lang='lat' dir='ltr'><strong>Africa;</strong></span> 
     </span>
    </p>
   </div>
   <div class='ocr_carea' id='block_1_31' title="bbox 2082 1640 3691 1709">
    <p class='ocr_par' dir='ltr' id='par_1_31' title="bbox 2082 1640 3691 1709">
     <span class='ocr_line' id='line_1_31' title="bbox 2082 1640 3691 1709; baseline -0.002 -14"><span class='ocrx_word' id='word_1_221' title='bbox 2082 1642 2246 1695; x_wconf 85' lang='lat' dir='ltr'><strong>altera</strong></span> <span class='ocrx_word' id='word_1_222' title='bbox 2292 1643 2344 1694; x_wconf 89' lang='lat' dir='ltr'><strong>in</strong></span> <span class='ocrx_word' id='word_1_223' title='bbox 2388 1641 2701 1694; x_wconf 74' lang='lat' dir='ltr'><strong>Mauritania</strong></span> <span class='ocrx_word' id='word_1_224' title='bbox 2732 1641 2967 1709; x_wconf 80' lang='lat' dir='ltr'><strong>Sitifensi</strong></span> <span class='ocrx_word' id='word_1_225' title='bbox 3002 1641 3069 1693; x_wconf 84' lang='lat' dir='ltr'><strong>ad</strong></span> <span class='ocrx_word' id='word_1_226' title='bbox 3113 1640 3372 1707; x_wconf 84' lang='lat' dir='ltr'><strong>Serpetem</strong></span> <span class='ocrx_word' id='word_1_227' title='bbox 3401 1641 3639 1705; x_wconf 75' lang='lat' dir='ltr'><strong>flat-ium</strong></span> <span class='ocrx_word' id='word_1_228' title='bbox 3674 1656 3691 1701; x_wconf 91' lang='lat'><strong><em>;</em></strong></span> 
     </span>
    </p>
   </div>
   <div class='ocr_carea' id='block_1_32' title="bbox 2082 1729 3694 1799">
    <p class='ocr_par' dir='ltr' id='par_1_32' title="bbox 2082 1729 3694 1799">
     <span class='ocr_line' id='line_1_32' title="bbox 2082 1729 3694 1799; baseline -0.001 -14"><span class='ocrx_word' id='word_1_229' title='bbox 2082 1736 2243 1786; x_wconf 89' lang='lat' dir='ltr'><strong>altera</strong></span> <span class='ocrx_word' id='word_1_230' title='bbox 2274 1734 2324 1785; x_wconf 87' lang='lat' dir='ltr'><strong>in</strong></span> <span class='ocrx_word' id='word_1_231' title='bbox 2357 1733 2604 1786; x_wconf 68' lang='lat' dir='ltr'><strong>Numidia</strong></span> <span class='ocrx_word' id='word_1_232' title='bbox 2632 1748 2755 1799; x_wconf 86' lang='lat' dir='ltr'><strong>pene</strong></span> <span class='ocrx_word' id='word_1_233' title='bbox 2795 1731 2993 1797; x_wconf 85' lang='lat' dir='ltr'><strong>media,</strong></span> <span class='ocrx_word' id='word_1_234' title='bbox 3025 1742 3079 1784; x_wconf 91' lang='lat' dir='ltr'><strong>ut</strong></span> <span class='ocrx_word' id='word_1_235' title='bbox 3116 1731 3295 1783; x_wconf 83' lang='lat' dir='ltr'><strong>habent</strong></span> <span class='ocrx_word' id='word_1_236' title='bbox 3336 1729 3694 1783; x_wconf 76' lang='lat' dir='ltr'><strong>Ptolemaica!</strong></span> 
     </span>
    </p>
   </div>
   <div class='ocr_carea' id='block_1_33' title="bbox 402 1815 3691 1895">
    <p class='ocr_par' dir='ltr' id='par_1_33' title="bbox 402 1815 3691 1895">
     <span class='ocr_line' id='line_1_33' title="bbox 402 1815 3691 1895; baseline -0.003 -16"><span class='ocrx_word' id='word_1_237' title='bbox 402 1825 561 1894; x_wconf 88' lang='lat' dir='ltr'><strong>bique</strong></span> <span class='ocrx_word' id='word_1_238' title='bbox 589 1832 871 1893; x_wconf 86' lang='lat' dir='ltr'><strong>corrupte,</strong></span> <span class='ocrx_word' id='word_1_239' title='bbox 903 1837 1023 1877; x_wconf 90' lang='lat' dir='ltr'><strong>nam</strong></span> <span class='ocrx_word' id='word_1_240' title='bbox 1065 1822 1342 1876; x_wconf 75' lang='lat' dir='ltr'><strong>Altiburos</strong></span> <span class='ocrx_word' id='word_1_241' title='bbox 1374 1822 1655 1890; x_wconf 88' lang='lat' dir='ltr'><strong>legendum</strong></span> <span class='ocrx_word' id='word_1_242' title='bbox 1703 1828 1803 1874; x_wconf 89' lang='lat' dir='ltr'><strong>est.</strong></span> <span class='ocrx_word' id='word_1_243' title='bbox 1855 1819 1979 1873; x_wconf 76' lang='lat' dir='ltr'><strong>Ilmc</strong></span> <span class='ocrx_word' id='word_1_244' title='bbox 2013 1815 2055 1875; x_wconf 86' lang='grc' dir='ltr'><strong>Β</strong></span> <span class='ocrx_word' id='word_1_245' title='bbox 2084 1826 2312 1879; x_wconf 75' lang='grc' dir='ltr'><strong>Τηὸηιω.</strong></span> <span class='ocrx_word' id='word_1_246' title='bbox 2353 1824 2428 1879; x_wconf 87' lang='lat' dir='ltr'><strong>De</strong></span> <span class='ocrx_word' id='word_1_247' title='bbox 2459 1824 2717 1879; x_wconf 77' lang='lat' dir='ltr'><strong>Numidite</strong></span> <span class='ocrx_word' id='word_1_248' title='bbox 2753 1825 2986 1895; x_wconf 80' lang='lat' dir='ltr'><strong>episcopo</strong></span> <span class='ocrx_word' id='word_1_249' title='bbox 3014 1822 3230 1891; x_wconf 62' lang='lat' dir='ltr'><strong>intelligi</strong></span> <span class='ocrx_word' id='word_1_250' title='bbox 3259 1822 3398 1874; x_wconf 80' lang='lat' dir='ltr'><strong>debet</strong></span> <span class='ocrx_word' id='word_1_251' title='bbox 3430 1822 3691 1885; x_wconf 72' lang='lat' dir='ltr'><strong>cellaria,</strong></span> 
     </span>
    </p>
   </div>
   <div class='ocr_carea' id='block_1_34' title="bbox 401 1909 1982 1983">
    <p class='ocr_par' dir='ltr' id='par_1_34' title="bbox 401 1909 1982 1983">
     <span class='ocr_line' id='line_1_34' title="bbox 401 1909 1982 1983; baseline -0.006 -12"><span class='ocrx_word' id='word_1_252' title='bbox 401 1916 586 1972; x_wconf 87' lang='lat' dir='ltr'><strong>civitas</strong></span> <span class='ocrx_word' id='word_1_253' title='bbox 614 1924 731 1969; x_wconf 86' lang='lat' dir='ltr'><strong>erat</strong></span> <span class='ocrx_word' id='word_1_254' title='bbox 756 1915 809 1968; x_wconf 91' lang='lat' dir='ltr'><strong>in</strong></span> <span class='ocrx_word' id='word_1_255' title='bbox 836 1912 1233 1979; x_wconf 84' lang='lat' dir='ltr'><strong>Proconsulari,</strong></span> <span class='ocrx_word' id='word_1_256' title='bbox 1265 1922 1318 1965; x_wconf 93' lang='lat' dir='ltr'><strong>et</strong></span> <span class='ocrx_word' id='word_1_257' title='bbox 1348 1913 1399 1967; x_wconf 93' lang='lat' dir='ltr'><strong>in</strong></span> <span class='ocrx_word' id='word_1_258' title='bbox 1422 1911 1677 1983; x_wconf 80' lang='lat' dir='ltr'><strong>synodica</strong></span> <span class='ocrx_word' id='word_1_259' title='bbox 1708 1925 1849 1979; x_wconf 75' lang='lat' dir='ltr'><strong>smpe</strong></span> <span class='ocrx_word' id='word_1_260' title='bbox 1870 1909 1982 1963; x_wconf 87' lang='lat' dir='ltr'><strong>lau-</strong></span> 
     </span>
    </p>
   </div>
   <div class='ocr_carea' id='block_1_35' title="bbox 401 2000 1983 2075">
    <p class='ocr_par' dir='ltr' id='par_1_35' title="bbox 401 2000 1983 2075">
     <span class='ocr_line' id='line_1_35' title="bbox 401 2000 1983 2075; baseline -0.005 -14"><span class='ocrx_word' id='word_1_261' title='bbox 401 2008 517 2061; x_wconf 86' lang='lat' dir='ltr'><strong>data</strong></span> <span class='ocrx_word' id='word_1_262' title='bbox 564 2005 776 2075; x_wconf 89' lang='lat' dir='ltr'><strong>ponitur</strong></span> <span class='ocrx_word' id='word_1_263' title='bbox 804 2002 1167 2058; x_wconf 83' lang='lat' dir='ltr'><strong>Constantinus</strong></span> <span class='ocrx_word' id='word_1_264' title='bbox 1208 2006 1476 2073; x_wconf 71' lang='lat' dir='ltr'><strong>episcOpus</strong></span> <span class='ocrx_word' id='word_1_265' title='bbox 1517 2002 1576 2057; x_wconf 92' lang='lat' dir='ltr'><strong>S.</strong></span> <span class='ocrx_word' id='word_1_266' title='bbox 1629 2001 1691 2055; x_wconf 75' lang='grc' dir='ltr'><strong>Ε.</strong></span> <span class='ocrx_word' id='word_1_267' title='bbox 1727 2000 1983 2054; x_wconf 81' lang='lat' dir='ltr'><strong>Altoburi-</strong></span> 
     </span>
    </p>
   </div>
   <div class='ocr_carea' id='block_1_36' title="bbox 400 2096 1980 2168">
    <p class='ocr_par' dir='ltr' id='par_1_36' title="bbox 400 2096 1980 2168">
     <span class='ocr_line' id='line_1_36' title="bbox 400 2096 1980 2168; baseline -0.003 -15"><span class='ocrx_word' id='word_1_268' title='bbox 400 2111 552 2167; x_wconf 75' lang='lat' dir='ltr'><strong>tante,</strong></span> <span class='ocrx_word' id='word_1_269' title='bbox 579 2099 702 2154; x_wconf 90' lang='lat' dir='ltr'><strong>etin</strong></span> <span class='ocrx_word' id='word_1_270' title='bbox 732 2097 926 2153; x_wconf 87' lang='lat' dir='ltr'><strong>Notitia</strong></span> <span class='ocrx_word' id='word_1_271' title='bbox 969 2098 1209 2168; x_wconf 85' lang='lat' dir='ltr'><strong>ejusdem</strong></span> <span class='ocrx_word' id='word_1_272' title='bbox 1246 2098 1532 2166; x_wconf 71' lang='lat' dir='ltr'><strong>provincia:</strong></span> <span class='ocrx_word' id='word_1_273' title='bbox 1561 2096 1857 2150; x_wconf 83' lang='lat' dir='ltr'><strong>Vindemius</strong></span> <span class='ocrx_word' id='word_1_274' title='bbox 1890 2097 1980 2149; x_wconf 86' lang='grc' dir='ltr'><strong>ΑΙ-</strong></span> 
     </span>
    </p>
   </div>
   <div class='ocr_carea' id='block_1_37' title="bbox 400 2186 1979 2249">
    <p class='ocr_par' dir='ltr' id='par_1_37' title="bbox 400 2186 1979 2249">
     <span class='ocr_line' id='line_1_37' title="bbox 400 2186 1979 2249; baseline -0.003 -6"><span class='ocrx_word' id='word_1_275' title='bbox 400 2190 740 2243; x_wconf 85' lang='lat' dir='ltr'><strong>loburitanus.</strong></span> <span class='ocrx_word' id='word_1_276' title='bbox 768 2187 1061 2243; x_wconf 85' lang='lat' dir='ltr'><strong>Garnerius</strong></span> <span class='ocrx_word' id='word_1_277' title='bbox 1092 2188 1346 2241; x_wconf 87' lang='lat' dir='ltr'><strong>mendose</strong></span> <span class='ocrx_word' id='word_1_278' title='bbox 1373 2188 1507 2240; x_wconf 91' lang='lat' dir='ltr'><strong>dixit</strong></span> <span class='ocrx_word' id='word_1_279' title='bbox 1552 2186 1828 2249; x_wconf 80' lang='lat' dir='ltr'><strong>Atticuros,</strong></span> <span class='ocrx_word' id='word_1_280' title='bbox 1859 2200 1979 2239; x_wconf 89' lang='lat' dir='ltr'><strong>cum</strong></span> 
     </span>
    </p>
   </div>
   <div class='ocr_carea' id='block_1_38' title="bbox 401 2276 1975 2346">
    <p class='ocr_par' dir='ltr' id='par_1_38' title="bbox 401 2276 1975 2346">
     <span class='ocr_line' id='line_1_38' title="bbox 401 2276 1975 2346; baseline -0.001 -14"><span class='ocrx_word' id='word_1_281' title='bbox 401 2279 657 2333; x_wconf 78' lang='lat' dir='ltr'><strong>Altieuros</strong></span> <span class='ocrx_word' id='word_1_282' title='bbox 681 2279 891 2333; x_wconf 85' lang='lat' dir='ltr'><strong>dicatur</strong></span> <span class='ocrx_word' id='word_1_283' title='bbox 921 2278 974 2332; x_wconf 92' lang='lat' dir='ltr'><strong>in</strong></span> <span class='ocrx_word' id='word_1_284' title='bbox 1008 2278 1316 2343; x_wconf 88' lang='lat' dir='ltr'><strong>Itinerario,</strong></span> <span class='ocrx_word' id='word_1_285' title='bbox 1360 2277 1511 2346; x_wconf 84' lang='lat' dir='ltr'><strong>cujus</strong></span> <span class='ocrx_word' id='word_1_286' title='bbox 1552 2276 1709 2329; x_wconf 85' lang='lat' dir='ltr'><strong>verba</strong></span> <span class='ocrx_word' id='word_1_287' title='bbox 1742 2276 1975 2330; x_wconf 87' lang='lat' dir='ltr'><strong>adducit.</strong></span> 
     </span>
    </p>
   </div>
   <div class='ocr_carea' id='block_1_39' title="bbox 402 2370 1977 2440">
    <p class='ocr_par' dir='ltr' id='par_1_39' title="bbox 402 2370 1977 2440">
     <span class='ocr_line' id='line_1_39' title="bbox 402 2370 1977 2440; baseline -0.001 -14"><span class='ocrx_word' id='word_1_288' title='bbox 402 2371 499 2426; x_wconf 89' lang='lat' dir='ltr'><strong>Ubi</strong></span> <span class='ocrx_word' id='word_1_289' title='bbox 533 2386 813 2440; x_wconf 90' lang='lat' dir='ltr'><strong>perperam</strong></span> <span class='ocrx_word' id='word_1_290' title='bbox 844 2370 1119 2425; x_wconf 87' lang='lat' dir='ltr'><strong>Altiburos</strong></span> <span class='ocrx_word' id='word_1_291' title='bbox 1160 2386 1253 2423; x_wconf 89' lang='lat' dir='ltr'><strong>seu</strong></span> <span class='ocrx_word' id='word_1_292' title='bbox 1287 2371 1573 2424; x_wconf 80' lang='lat' dir='ltr'><strong>Altobnros</strong></span> <span class='ocrx_word' id='word_1_293' title='bbox 1601 2370 1860 2425; x_wconf 66' lang='lat' dir='ltr'><strong>Numidire</strong></span> <span class='ocrx_word' id='word_1_294' title='bbox 1890 2385 1977 2425; x_wconf 87' lang='lat' dir='ltr'><strong>ac—</strong></span> 
     </span>
    </p>
   </div>
   <div class='ocr_carea' id='block_1_40' title="bbox 401 2461 1975 2531">
    <p class='ocr_par' dir='ltr' id='par_1_40' title="bbox 401 2461 1975 2531">
     <span class='ocr_line' id='line_1_40' title="bbox 401 2461 1975 2531; baseline 0 -15"><span class='ocrx_word' id='word_1_295' title='bbox 401 2472 606 2525; x_wconf 80' lang='lat' dir='ltr'><strong>censet,</strong></span> <span class='ocrx_word' id='word_1_296' title='bbox 639 2470 823 2517; x_wconf 90' lang='lat' dir='ltr'><strong>contra</strong></span> <span class='ocrx_word' id='word_1_297' title='bbox 854 2461 1063 2515; x_wconf 89' lang='lat' dir='ltr'><strong>laudata</strong></span> <span class='ocrx_word' id='word_1_298' title='bbox 1095 2470 1335 2516; x_wconf 87' lang='lat' dir='ltr'><strong>veterum</strong></span> <span class='ocrx_word' id='word_1_299' title='bbox 1370 2462 1695 2531; x_wconf 85' lang='lat' dir='ltr'><strong>synodorum</strong></span> <span class='ocrx_word' id='word_1_300' title='bbox 1731 2462 1975 2516; x_wconf 84' lang='lat' dir='ltr'><strong>testimo-</strong></span> 
     </span>
    </p>
   </div>
   <div class='ocr_carea' id='block_1_41' title="bbox 402 2552 1978 2621">
    <p class='ocr_par' dir='ltr' id='par_1_41' title="bbox 402 2552 1978 2621">
     <span class='ocr_line' id='line_1_41' title="bbox 402 2552 1978 2621; baseline -0.001 -14"><span class='ocrx_word' id='word_1_301' title='bbox 402 2554 509 2607; x_wconf 89' lang='lat' dir='ltr'><strong>uia.</strong></span> <span class='ocrx_word' id='word_1_302' title='bbox 542 2554 617 2609; x_wconf 89' lang='lat' dir='ltr'><strong>De</strong></span> <span class='ocrx_word' id='word_1_303' title='bbox 643 2552 963 2607; x_wconf 73' lang='lat' dir='ltr'><strong>Ammedera</strong></span> <span class='ocrx_word' id='word_1_304' title='bbox 1015 2552 1145 2606; x_wconf 86' lang='lat' dir='ltr'><strong>nihil</strong></span> <span class='ocrx_word' id='word_1_305' title='bbox 1173 2552 1307 2607; x_wconf 90' lang='lat' dir='ltr'><strong>certi</strong></span> <span class='ocrx_word' id='word_1_306' title='bbox 1362 2553 1576 2606; x_wconf 80' lang='lat' dir='ltr'><strong>invenio</strong></span> <span class='ocrx_word' id='word_1_307' title='bbox 1619 2568 1724 2621; x_wconf 87' lang='lat' dir='ltr'><strong>quo</strong></span> <span class='ocrx_word' id='word_1_308' title='bbox 1758 2566 1978 2606; x_wconf 85' lang='lat' dir='ltr'><strong>movear</strong></span> 
     </span>
    </p>
   </div>
   <div class='ocr_carea' id='block_1_42' title="bbox 401 2643 1977 2715">
    <p class='ocr_par' dir='ltr' id='par_1_42' title="bbox 401 2643 1977 2715">
     <span class='ocr_line' id='line_1_42' title="bbox 401 2643 1977 2715; baseline -0.004 -13"><span class='ocrx_word' id='word_1_309' title='bbox 401 2646 463 2703; x_wconf 78' lang='lat' dir='ltr'><strong>ad</strong></span> <span class='ocrx_word' id='word_1_310' title='bbox 491 2644 735 2699; x_wconf 90' lang='lat' dir='ltr'><strong>eamdem</strong></span> <span class='ocrx_word' id='word_1_311' title='bbox 753 2643 1127 2698; x_wconf 89' lang='lat' dir='ltr'><strong>Proconsulari</strong></span> <span class='ocrx_word' id='word_1_312' title='bbox 1148 2644 1323 2713; x_wconf 89' lang='lat' dir='ltr'><strong>potius</strong></span> <span class='ocrx_word' id='word_1_313' title='bbox 1345 2659 1503 2715; x_wconf 89' lang='lat' dir='ltr'><strong>quam</strong></span> <span class='ocrx_word' id='word_1_314' title='bbox 1522 2644 1780 2698; x_wconf 67' lang='lat' dir='ltr'><strong>Numidiae</strong></span> <span class='ocrx_word' id='word_1_315' title='bbox 1808 2643 1977 2697; x_wconf 86' lang='lat' dir='ltr'><strong>ascri-</strong></span> 
     </span>
    </p>
   </div>
   <div class='ocr_carea' id='block_1_43' title="bbox 402 2734 1977 2806">
    <p class='ocr_par' dir='ltr' id='par_1_43' title="bbox 402 2734 1977 2806">
     <span class='ocr_line' id='line_1_43' title="bbox 402 2734 1977 2806; baseline -0.003 -12"><span class='ocrx_word' id='word_1_316' title='bbox 402 2737 648 2795; x_wconf 87' lang='lat' dir='ltr'><strong>bendam.</strong></span> <span class='ocrx_word' id='word_1_317' title='bbox 678 2736 807 2792; x_wconf 92' lang='lat' dir='ltr'><strong>Cum</strong></span> <span class='ocrx_word' id='word_1_318' title='bbox 837 2737 889 2791; x_wconf 92' lang='lat' dir='ltr'><strong>in</strong></span> <span class='ocrx_word' id='word_1_319' title='bbox 911 2734 1110 2791; x_wconf 83' lang='lat' dir='ltr'><strong>Notitia</strong></span> <span class='ocrx_word' id='word_1_320' title='bbox 1142 2737 1514 2806; x_wconf 82' lang='lat' dir='ltr'><strong>episcoporum</strong></span> <span class='ocrx_word' id='word_1_321' title='bbox 1547 2735 1806 2790; x_wconf 66' lang='lat' dir='ltr'><strong>Numidiae</strong></span> <span class='ocrx_word' id='word_1_322' title='bbox 1836 2735 1977 2789; x_wconf 90' lang='lat' dir='ltr'><strong>illius</strong></span> 
     </span>
    </p>
   </div>
   <div class='ocr_carea' id='block_1_44' title="bbox 402 2826 1975 2898">
    <p class='ocr_par' dir='ltr' id='par_1_44' title="bbox 402 2826 1975 2898">
     <span class='ocr_line' id='line_1_44' title="bbox 402 2826 1975 2898; baseline -0.001 -17"><span class='ocrx_word' id='word_1_323' title='bbox 402 2829 548 2883; x_wconf 87' lang='lat' dir='ltr'><strong>urbis</strong></span> <span class='ocrx_word' id='word_1_324' title='bbox 579 2829 863 2898; x_wconf 90' lang='lat' dir='ltr'><strong>episcopus</strong></span> <span class='ocrx_word' id='word_1_325' title='bbox 890 2844 995 2882; x_wconf 90' lang='lat' dir='ltr'><strong>non</strong></span> <span class='ocrx_word' id='word_1_326' title='bbox 1022 2836 1298 2896; x_wconf 84' lang='lat' dir='ltr'><strong>appareat,</strong></span> <span class='ocrx_word' id='word_1_327' title='bbox 1332 2828 1419 2895; x_wconf 87' lang='lat' dir='ltr'><strong>qui</strong></span> <span class='ocrx_word' id='word_1_328' title='bbox 1445 2837 1620 2881; x_wconf 89' lang='lat' dir='ltr'><strong>tamen</strong></span> <span class='ocrx_word' id='word_1_329' title='bbox 1660 2828 1757 2879; x_wconf 71' lang='lat'><strong>125</strong></span> <span class='ocrx_word' id='word_1_330' title='bbox 1782 2826 1975 2880; x_wconf 82' lang='lat' dir='ltr'><strong>ibidem</strong></span> 
     </span>
    </p>
   </div>
   <div class='ocr_carea' id='block_1_45' title="bbox 402 2915 1975 2982">
    <p class='ocr_par' dir='ltr' id='par_1_45' title="bbox 402 2915 1975 2982">
     <span class='ocr_line' id='line_1_45' title="bbox 402 2915 1975 2982; baseline -0.003 -10"><span class='ocrx_word' id='word_1_331' title='bbox 402 2930 767 2982; x_wconf 83' lang='lat' dir='ltr'><strong>recensentur,</strong></span> <span class='ocrx_word' id='word_1_332' title='bbox 799 2918 1051 2974; x_wconf 79' lang='lat' dir='ltr'><strong>existimo</strong></span> <span class='ocrx_word' id='word_1_333' title='bbox 1104 2916 1476 2971; x_wconf 83' lang='lat' dir='ltr'><strong>Ammederam</strong></span> <span class='ocrx_word' id='word_1_334' title='bbox 1525 2916 1686 2969; x_wconf 84' lang='lat' dir='ltr'><strong>fuisse</strong></span> <span class='ocrx_word' id='word_1_335' title='bbox 1733 2915 1975 2969; x_wconf 82' lang='lat' dir='ltr'><strong>ultimam</strong></span> 
     </span>
    </p>
   </div>
   <div class='ocr_carea' id='block_1_46' title="bbox 402 3006 1977 3076">
    <p class='ocr_par' dir='ltr' id='par_1_46' title="bbox 402 3006 1977 3076">
     <span class='ocr_line' id='line_1_46' title="bbox 402 3006 1977 3076; baseline 0.001 -15"><span class='ocrx_word' id='word_1_336' title='bbox 402 3009 804 3076; x_wconf 79' lang='lat' dir='ltr'><strong>proconsularis</strong></span> <span class='ocrx_word' id='word_1_337' title='bbox 825 3006 1076 3061; x_wconf 86' lang='lat' dir='ltr'><strong>dioecesis</strong></span> <span class='ocrx_word' id='word_1_338' title='bbox 1099 3008 1393 3068; x_wconf 84' lang='lat' dir='ltr'><strong>civitatem,</strong></span> <span class='ocrx_word' id='word_1_339' title='bbox 1418 3021 1537 3059; x_wconf 90' lang='lat' dir='ltr'><strong>cum</strong></span> <span class='ocrx_word' id='word_1_340' title='bbox 1557 3006 1837 3060; x_wconf 83' lang='lat' dir='ltr'><strong>Tltevestis</strong></span> <span class='ocrx_word' id='word_1_341' title='bbox 1856 3006 1977 3062; x_wconf 81' lang='lat' dir='ltr'><strong>inde</strong></span> 
     </span>
    </p>
   </div>
   <div class='ocr_carea' id='block_1_47' title="bbox 402 3094 1972 3166">
    <p class='ocr_par' dir='ltr' id='par_1_47' title="bbox 402 3094 1972 3166">
     <span class='ocr_line' id='line_1_47' title="bbox 402 3094 1972 3166; baseline -0.003 -13"><span class='ocrx_word' id='word_1_342' title='bbox 402 3099 563 3153; x_wconf 84' lang='lat' dir='ltr'><strong>millia</strong></span> <span class='ocrx_word' id='word_1_343' title='bbox 596 3113 845 3166; x_wconf 87' lang='lat' dir='ltr'><strong>passuum</strong></span> <span class='ocrx_word' id='word_1_344' title='bbox 872 3098 941 3150; x_wconf 77' lang='lat'><strong>25</strong></span> <span class='ocrx_word' id='word_1_345' title='bbox 969 3096 1199 3159; x_wconf 83' lang='lat' dir='ltr'><strong>distans,</strong></span> <span class='ocrx_word' id='word_1_346' title='bbox 1247 3097 1311 3149; x_wconf 86' lang='lat' dir='ltr'><strong>ad</strong></span> <span class='ocrx_word' id='word_1_347' title='bbox 1357 3094 1655 3148; x_wconf 84' lang='lat' dir='ltr'><strong>Numidiam</strong></span> <span class='ocrx_word' id='word_1_348' title='bbox 1689 3097 1972 3165; x_wconf 84' lang='lat' dir='ltr'><strong>pertineat.</strong></span> 
     </span>
    </p>
   </div>
   <div class='ocr_carea' id='block_1_48' title="bbox 2084 1910 3693 1984">
    <p class='ocr_par' dir='ltr' id='par_1_48' title="bbox 2084 1910 3693 1984">
     <span class='ocr_line' id='line_1_48' title="bbox 2084 1910 3693 1984; baseline -0.004 -13"><span class='ocrx_word' id='word_1_349' title='bbox 2084 1927 2186 1971; x_wconf 88' lang='lat' dir='ltr'><strong>etc.</strong></span> <span class='ocrx_word' id='word_1_350' title='bbox 2220 1916 2283 1970; x_wconf 90' lang='lat' dir='ltr'><strong>In</strong></span> <span class='ocrx_word' id='word_1_351' title='bbox 2317 1914 2532 1970; x_wconf 82' lang='lat' dir='ltr'><strong>concilio</strong></span> <span class='ocrx_word' id='word_1_352' title='bbox 2573 1925 2703 1969; x_wconf 81' lang='lat' dir='ltr'><strong>certe</strong></span> <span class='ocrx_word' id='word_1_353' title='bbox 2733 1914 3154 1984; x_wconf 68' lang='lat' dir='ltr'><strong>rebaptizantium</strong></span> <span class='ocrx_word' id='word_1_354' title='bbox 3186 1913 3449 1979; x_wconf 55' lang='lat' dir='ltr'><strong>utriusgue</strong></span> <span class='ocrx_word' id='word_1_355' title='bbox 3481 1910 3693 1965; x_wconf 68' lang='grc' dir='ltr'><strong>Τρία-ιε</strong></span> 
     </span>
    </p>
   </div>
   <div class='ocr_carea' id='block_1_49' title="bbox 2084 2001 3694 2075">
    <p class='ocr_par' dir='ltr' id='par_1_49' title="bbox 2084 2001 3694 2075">
     <span class='ocr_line' id='line_1_49' title="bbox 2084 2001 3694 2075; baseline -0.003 -17"><span class='ocrx_word' id='word_1_356' title='bbox 2084 2007 2306 2075; x_wconf 76' lang='lat' dir='ltr'><strong>epierpi</strong></span> <span class='ocrx_word' id='word_1_357' title='bbox 2320 2006 2617 2059; x_wconf 84' lang='lat' dir='ltr'><strong>sententiam</strong></span> <span class='ocrx_word' id='word_1_358' title='bbox 2634 2005 2869 2057; x_wconf 75' lang='lat' dir='ltr'><strong>dixerunt</strong></span> <span class='ocrx_word' id='word_1_359' title='bbox 2889 2005 3066 2070; x_wconf 81' lang='lat' dir='ltr'><strong>:alter,</strong></span> <span class='ocrx_word' id='word_1_360' title='bbox 3083 2001 3462 2075; x_wconf 75' lang='lat' dir='ltr'><strong>quiconfeSSor</strong></span> <span class='ocrx_word' id='word_1_361' title='bbox 3476 2002 3694 2055; x_wconf 81' lang='lat' dir='ltr'><strong>Satur-</strong></span> 
     </span>
    </p>
   </div>
   <div class='ocr_carea' id='block_1_50' title="bbox 2084 2096 3695 2168">
    <p class='ocr_par' dir='ltr' id='par_1_50' title="bbox 2084 2096 3695 2168">
     <span class='ocr_line' id='line_1_50' title="bbox 2084 2096 3695 2168; baseline -0.001 -19"><span class='ocrx_word' id='word_1_362' title='bbox 2084 2099 2262 2164; x_wconf 89' lang='lat' dir='ltr'><strong>ninus,</strong></span> <span class='ocrx_word' id='word_1_363' title='bbox 2286 2097 2698 2168; x_wconf 71' lang='lat' dir='ltr'><strong>quinquagesimo</strong></span> <span class='ocrx_word' id='word_1_364' title='bbox 2716 2098 2936 2150; x_wconf 86' lang='lat' dir='ltr'><strong>secundo</strong></span> <span class='ocrx_word' id='word_1_365' title='bbox 2967 2096 3074 2150; x_wconf 86' lang='lat' dir='ltr'><strong>loco</strong></span> <span class='ocrx_word' id='word_1_366' title='bbox 3094 2115 3113 2163; x_wconf 88' lang='lat'><strong><em>;</em></strong></span> <span class='ocrx_word' id='word_1_367' title='bbox 3134 2100 3281 2157; x_wconf 80' lang='lat' dir='ltr'><strong>alter.</strong></span> <span class='ocrx_word' id='word_1_368' title='bbox 3306 2098 3393 2166; x_wconf 87' lang='lat' dir='ltr'><strong>qui</strong></span> <span class='ocrx_word' id='word_1_369' title='bbox 3423 2096 3695 2149; x_wconf 64' lang='lat' dir='ltr'><strong>&quot;mcta-</strong></span> 
     </span>
    </p>
   </div>
   <div class='ocr_carea' id='block_1_51' title="bbox 2086 2188 3694 2261">
    <p class='ocr_par' dir='ltr' id='par_1_51' title="bbox 2086 2188 3694 2261">
     <span class='ocr_line' id='line_1_51' title="bbox 2086 2188 3694 2261; baseline -0.002 -20"><span class='ocrx_word' id='word_1_370' title='bbox 2086 2200 2188 2256; x_wconf 89' lang='lat' dir='ltr'><strong>tus,</strong></span> <span class='ocrx_word' id='word_1_371' title='bbox 2204 2190 2575 2261; x_wconf 65' lang='lat' dir='ltr'><strong>septungesinto</strong></span> <span class='ocrx_word' id='word_1_372' title='bbox 2593 2190 2824 2256; x_wconf 86' lang='lat' dir='ltr'><strong>septimo.</strong></span> <span class='ocrx_word' id='word_1_373' title='bbox 2846 2189 3039 2258; x_wconf 80' lang='lat' dir='ltr'><strong>Longis</strong></span> <span class='ocrx_word' id='word_1_374' title='bbox 3057 2189 3326 2243; x_wconf 60' lang='lat' dir='ltr'><strong>erroribus</strong></span> <span class='ocrx_word' id='word_1_375' title='bbox 3342 2188 3484 2255; x_wconf 85' lang='lat' dir='ltr'><strong>agitu</strong></span> <span class='ocrx_word' id='word_1_376' title='bbox 3497 2204 3557 2251; x_wconf 84' lang='lat' dir='ltr'><strong>r,</strong></span> <span class='ocrx_word' id='word_1_377' title='bbox 3582 2204 3694 2239; x_wconf 82' lang='lat' dir='ltr'><strong>tua-</strong></span> 
     </span>
    </p>
   </div>
   <div class='ocr_carea' id='block_1_52' title="bbox 2083 2278 3695 2349">
    <p class='ocr_par' dir='ltr' id='par_1_52' title="bbox 2083 2278 3695 2349">
     <span class='ocr_line' id='line_1_52' title="bbox 2083 2278 3695 2349; baseline -0.001 -16"><span class='ocrx_word' id='word_1_378' title='bbox 2083 2279 2146 2334; x_wconf 91' lang='lat' dir='ltr'><strong>lis</strong></span> <span class='ocrx_word' id='word_1_379' title='bbox 2175 2280 2361 2334; x_wconf 87' lang='lat' dir='ltr'><strong>avibus</strong></span> <span class='ocrx_word' id='word_1_380' title='bbox 2391 2279 2614 2333; x_wconf 88' lang='lat' dir='ltr'><strong>arduum</strong></span> <span class='ocrx_word' id='word_1_381' title='bbox 2642 2293 2775 2349; x_wconf 89' lang='lat' dir='ltr'><strong>opus</strong></span> <span class='ocrx_word' id='word_1_382' title='bbox 2800 2295 3100 2349; x_wconf 77' lang='lat' dir='ltr'><strong>aggressus.</strong></span> <span class='ocrx_word' id='word_1_383' title='bbox 3130 2278 3398 2344; x_wconf 56' lang='lat' dir='ltr'><strong>Imprimis</strong></span> <span class='ocrx_word' id='word_1_384' title='bbox 3432 2289 3695 2347; x_wconf 81' lang='lat' dir='ltr'><strong>quatuor</strong></span> 
     </span>
    </p>
   </div>
   <div class='ocr_carea' id='block_1_53' title="bbox 2082 2367 3693 2433">
    <p class='ocr_par' dir='ltr' id='par_1_53' title="bbox 2082 2367 3693 2433">
     <span class='ocr_line' id='line_1_53' title="bbox 2082 2367 3693 2433; baseline -0.002 -9"><span class='ocrx_word' id='word_1_385' title='bbox 2082 2370 2271 2424; x_wconf 70' lang='lat' dir='ltr'><strong>Tuceze</strong></span> <span class='ocrx_word' id='word_1_386' title='bbox 2303 2370 2355 2423; x_wconf 91' lang='lat' dir='ltr'><strong>in</strong></span> <span class='ocrx_word' id='word_1_387' title='bbox 2396 2370 2574 2425; x_wconf 79' lang='lat' dir='ltr'><strong>Alt-ica</strong></span> <span class='ocrx_word' id='word_1_388' title='bbox 2615 2381 2980 2424; x_wconf 88' lang='lat' dir='ltr'><strong>memorantur</strong></span> <span class='ocrx_word' id='word_1_389' title='bbox 3004 2411 3018 2433; x_wconf 93' lang='lat'><strong>,</strong></span> <span class='ocrx_word' id='word_1_390' title='bbox 3048 2379 3102 2422; x_wconf 78' lang='lat' dir='ltr'><strong>et</strong></span> <span class='ocrx_word' id='word_1_391' title='bbox 3126 2368 3356 2423; x_wconf 83' lang='lat' dir='ltr'><strong>Sabinus</strong></span> <span class='ocrx_word' id='word_1_392' title='bbox 3389 2384 3498 2421; x_wconf 89' lang='lat' dir='ltr'><strong>non</strong></span> <span class='ocrx_word' id='word_1_393' title='bbox 3541 2367 3693 2421; x_wconf 81' lang='lat' dir='ltr'><strong>Tuc-</strong></span> 
     </span>
    </p>
   </div>
   <div class='ocr_carea' id='block_1_54' title="bbox 2080 2458 3692 2529">
    <p class='ocr_par' dir='ltr' id='par_1_54' title="bbox 2080 2458 3692 2529">
     <span class='ocr_line' id='line_1_54' title="bbox 2080 2458 3692 2529; baseline -0.005 -12"><span class='ocrx_word' id='word_1_394' title='bbox 2080 2465 2276 2527; x_wconf 67' lang='lat' dir='ltr'><strong>cenSEs,</strong></span> <span class='ocrx_word' id='word_1_395' title='bbox 2308 2460 2400 2515; x_wconf 90' lang='lat' dir='ltr'><strong>sed</strong></span> <span class='ocrx_word' id='word_1_396' title='bbox 2427 2460 2560 2514; x_wconf 81' lang='lat' dir='ltr'><strong>forte</strong></span> <span class='ocrx_word' id='word_1_397' title='bbox 2575 2460 2868 2514; x_wconf 90' lang='lat' dir='ltr'><strong>&#39;I‘uncensis</strong></span> <span class='ocrx_word' id='word_1_398' title='bbox 2895 2461 3175 2529; x_wconf 77' lang='lat' dir='ltr'><strong>episc0pus</strong></span> <span class='ocrx_word' id='word_1_399' title='bbox 3203 2459 3315 2513; x_wconf 80' lang='lat' dir='ltr'><strong>fuit.</strong></span> <span class='ocrx_word' id='word_1_400' title='bbox 3338 2458 3692 2512; x_wconf 63' lang='lat' dir='ltr'><strong>Ptolema&#39;us</strong></span> 
     </span>
    </p>
   </div>
   <div class='ocr_carea' id='block_1_55' title="bbox 2083 2550 3687 2627">
    <p class='ocr_par' dir='ltr' id='par_1_55' title="bbox 2083 2550 3687 2627">
     <span class='ocr_line' id='line_1_55' title="bbox 2083 2550 3687 2627; baseline -0.004 -16"><span class='ocrx_word' id='word_1_401' title='bbox 2083 2558 2277 2627; x_wconf 91' lang='lat' dir='ltr'><strong>prioris</strong></span> <span class='ocrx_word' id='word_1_402' title='bbox 2324 2555 2515 2610; x_wconf 73' lang='lat' dir='ltr'><strong>Tucca:</strong></span> <span class='ocrx_word' id='word_1_403' title='bbox 2566 2557 2807 2610; x_wconf 84' lang='lat' dir='ltr'><strong>meminit</strong></span> <span class='ocrx_word' id='word_1_404' title='bbox 2854 2556 2905 2609; x_wconf 92' lang='lat' dir='ltr'><strong>in</strong></span> <span class='ocrx_word' id='word_1_405' title='bbox 2953 2554 3259 2609; x_wconf 76' lang='lat' dir='ltr'><strong>Mauritania</strong></span> <span class='ocrx_word' id='word_1_406' title='bbox 3306 2550 3687 2616; x_wconf 45' lang='lat' dir='ltr'><strong>Cmsariensi;</strong></span> 
     </span>
    </p>
   </div>
   <div class='ocr_carea' id='block_1_56' title="bbox 2080 2647 3691 2721">
    <p class='ocr_par' dir='ltr' id='par_1_56' title="bbox 2080 2647 3691 2721">
     <span class='ocr_line' id='line_1_56' title="bbox 2080 2647 3691 2721; baseline -0.002 -19"><span class='ocrx_word' id='word_1_407' title='bbox 2080 2651 2304 2705; x_wconf 86' lang='lat' dir='ltr'><strong>alteram</strong></span> <span class='ocrx_word' id='word_1_408' title='bbox 2356 2652 2503 2721; x_wconf 84' lang='lat' dir='ltr'><strong>ponit</strong></span> <span class='ocrx_word' id='word_1_409' title='bbox 2532 2653 2667 2705; x_wconf 91' lang='lat' dir='ltr'><strong>inter</strong></span> <span class='ocrx_word' id='word_1_410' title='bbox 2713 2651 2872 2705; x_wconf 90' lang='lat' dir='ltr'><strong>urbes</strong></span> <span class='ocrx_word' id='word_1_411' title='bbox 2919 2650 3175 2704; x_wconf 72' lang='lat' dir='ltr'><strong>Numidia:</strong></span> <span class='ocrx_word' id='word_1_412' title='bbox 3223 2664 3404 2711; x_wconf 69' lang='lat' dir='ltr'><strong>lIOVJl;</strong></span> <span class='ocrx_word' id='word_1_413' title='bbox 3450 2647 3691 2700; x_wconf 84' lang='lat' dir='ltr'><strong>tertiam</strong></span> 
     </span>
    </p>
   </div>
   <div class='ocr_carea' id='block_1_57' title="bbox 2082 2741 3693 2812">
    <p class='ocr_par' dir='ltr' id='par_1_57' title="bbox 2082 2741 3693 2812">
     <span class='ocr_line' id='line_1_57' title="bbox 2082 2741 3693 2812; baseline -0.003 -17"><span class='ocrx_word' id='word_1_414' title='bbox 2082 2742 2221 2796; x_wconf 89' lang='lat' dir='ltr'><strong>inter</strong></span> <span class='ocrx_word' id='word_1_415' title='bbox 2245 2743 2536 2812; x_wconf 67' lang='lat' dir='ltr'><strong>Bagradam</strong></span> <span class='ocrx_word' id='word_1_416' title='bbox 2561 2757 2773 2797; x_wconf 89' lang='lat' dir='ltr'><strong>amnem</strong></span> <span class='ocrx_word' id='word_1_417' title='bbox 2803 2751 2857 2797; x_wconf 89' lang='lat' dir='ltr'><strong>et</strong></span> <span class='ocrx_word' id='word_1_418' title='bbox 2877 2741 3195 2806; x_wconf 88' lang='lat' dir='ltr'><strong>Tabraeam;</strong></span> <span class='ocrx_word' id='word_1_419' title='bbox 3223 2750 3466 2809; x_wconf 85' lang='lat' dir='ltr'><strong>quartam</strong></span> <span class='ocrx_word' id='word_1_420' title='bbox 3498 2741 3693 2792; x_wconf 77' lang='lat' dir='ltr'><strong>Auto—</strong></span> 
     </span>
    </p>
   </div>
   <div class='ocr_carea' id='block_1_58' title="bbox 2083 2832 3692 2904">
    <p class='ocr_par' dir='ltr' id='par_1_58' title="bbox 2083 2832 3692 2904">
     <span class='ocr_line' id='line_1_58' title="bbox 2083 2832 3692 2904; baseline 0 -19"><span class='ocrx_word' id='word_1_421' title='bbox 2083 2834 2238 2887; x_wconf 91' lang='lat' dir='ltr'><strong>ninus</strong></span> <span class='ocrx_word' id='word_1_422' title='bbox 2260 2834 2398 2887; x_wconf 91' lang='lat' dir='ltr'><strong>locat</strong></span> <span class='ocrx_word' id='word_1_423' title='bbox 2428 2836 2477 2888; x_wconf 92' lang='lat' dir='ltr'><strong>in</strong></span> <span class='ocrx_word' id='word_1_424' title='bbox 2504 2834 2757 2904; x_wconf 68' lang='lat' dir='ltr'><strong>B)zacio.</strong></span> <span class='ocrx_word' id='word_1_425' title='bbox 2791 2834 2871 2888; x_wconf 89' lang='lat' dir='ltr'><strong>vel</strong></span> <span class='ocrx_word' id='word_1_426' title='bbox 2899 2834 3298 2897; x_wconf 82' lang='lat' dir='ltr'><strong>Proconsulari;</strong></span> <span class='ocrx_word' id='word_1_427' title='bbox 3331 2846 3453 2884; x_wconf 89' lang='lat' dir='ltr'><strong>nam</strong></span> <span class='ocrx_word' id='word_1_428' title='bbox 3494 2832 3565 2884; x_wconf 83' lang='lat' dir='ltr'><strong>in</strong></span> <span class='ocrx_word' id='word_1_429' title='bbox 3597 2833 3692 2885; x_wconf 83' lang='lat' dir='ltr'><strong>lti—</strong></span> 
     </span>
    </p>
   </div>
   <div class='ocr_carea' id='block_1_59' title="bbox 2083 2922 3691 2979">
    <p class='ocr_par' dir='ltr' id='par_1_59' title="bbox 2083 2922 3691 2979">
     <span class='ocr_line' id='line_1_59' title="bbox 2083 2922 3691 2979; baseline 0.001 -4"><span class='ocrx_word' id='word_1_430' title='bbox 2083 2940 2209 2979; x_wconf 89' lang='lat' dir='ltr'><strong>nere</strong></span> <span class='ocrx_word' id='word_1_431' title='bbox 2234 2925 2301 2979; x_wconf 88' lang='lat' dir='ltr'><strong>ab</strong></span> <span class='ocrx_word' id='word_1_432' title='bbox 2328 2925 2542 2979; x_wconf 85' lang='lat' dir='ltr'><strong>Assuris</strong></span> <span class='ocrx_word' id='word_1_433' title='bbox 2559 2926 2771 2979; x_wconf 83' lang='lat' dir='ltr'><strong>Tltenas</strong></span> <span class='ocrx_word' id='word_1_434' title='bbox 2799 2925 2870 2978; x_wconf 90' lang='lat' dir='ltr'><strong>ait</strong></span> <span class='ocrx_word' id='word_1_435' title='bbox 2902 2942 2914 2977; x_wconf 86' lang='lat'><strong>:</strong></span> <span class='ocrx_word' id='word_1_436' title='bbox 2940 2925 3143 2979; x_wconf 78' lang='lat' dir='ltr'><strong>Assuris</strong></span> <span class='ocrx_word' id='word_1_437' title='bbox 3165 2924 3387 2976; x_wconf 77' lang='lat' dir='ltr'><strong>Tuccam</strong></span> <span class='ocrx_word' id='word_1_438' title='bbox 3420 2922 3691 2977; x_wconf 78' lang='lat' dir='ltr'><strong>Terebin-</strong></span> 
     </span>
    </p>
   </div>
   <div class='ocr_carea' id='block_1_60' title="bbox 2082 3012 3690 3081">
    <p class='ocr_par' dir='ltr' id='par_1_60' title="bbox 2082 3012 3690 3081">
     <span class='ocr_line' id='line_1_60' title="bbox 2082 3012 3690 3081; baseline 0.004 -18"><span class='ocrx_word' id='word_1_439' title='bbox 2082 3012 2276 3066; x_wconf 88' lang='lat' dir='ltr'><strong>thinam</strong></span> <span class='ocrx_word' id='word_1_440' title='bbox 2305 3031 2359 3066; x_wconf 81' lang='lat' dir='ltr'><strong>tt.</strong></span> <span class='ocrx_word' id='word_1_441' title='bbox 2403 3031 2449 3067; x_wconf 77' lang='grc' dir='ltr'><strong>ρ.</strong></span> <span class='ocrx_word' id='word_1_442' title='bbox 2494 3031 2580 3078; x_wconf 78' lang='lat' dir='ltr'><strong>xv,</strong></span> <span class='ocrx_word' id='word_1_443' title='bbox 2612 3015 2820 3081; x_wconf 78' lang='lat' dir='ltr'><strong>Suﬁbus</strong></span> <span class='ocrx_word' id='word_1_444' title='bbox 2851 3031 2905 3069; x_wconf 69' lang='lat' dir='ltr'><strong>at.</strong></span> <span class='ocrx_word' id='word_1_445' title='bbox 2936 3031 2982 3068; x_wconf 76' lang='grc' dir='ltr'><strong>ρ.</strong></span> <span class='ocrx_word' id='word_1_446' title='bbox 3018 3025 3137 3067; x_wconf 68' lang='lat' dir='ltr'><strong>uv.</strong></span> <span class='ocrx_word' id='word_1_447' title='bbox 3168 3013 3294 3066; x_wconf 83' lang='lat' dir='ltr'><strong>Erat</strong></span> <span class='ocrx_word' id='word_1_448' title='bbox 3322 3027 3450 3080; x_wconf 80' lang='lat' dir='ltr'><strong>ergo</strong></span> <span class='ocrx_word' id='word_1_449' title='bbox 3482 3012 3690 3069; x_wconf 80' lang='lat' dir='ltr'><strong>Tucca</strong></span> 
     </span>
    </p>
   </div>
   <div class='ocr_carea' id='block_1_61' title="bbox 2080 3101 3688 3173">
    <p class='ocr_par' dir='ltr' id='par_1_61' title="bbox 2080 3101 3688 3173">
     <span class='ocr_line' id='line_1_61' title="bbox 2080 3101 3688 3173; baseline 0.001 -18"><span class='ocrx_word' id='word_1_450' title='bbox 2080 3101 2459 3157; x_wconf 87' lang='lat' dir='ltr'><strong>Tercbintltiua</strong></span> <span class='ocrx_word' id='word_1_451' title='bbox 2491 3103 2660 3158; x_wconf 88' lang='lat' dir='ltr'><strong>inedia</strong></span> <span class='ocrx_word' id='word_1_452' title='bbox 2691 3105 2828 3158; x_wconf 90' lang='lat' dir='ltr'><strong>inter</strong></span> <span class='ocrx_word' id='word_1_453' title='bbox 2855 3106 3106 3167; x_wconf 82' lang='lat' dir='ltr'><strong>Assuros,</strong></span> <span class='ocrx_word' id='word_1_454' title='bbox 3133 3119 3246 3173; x_wconf 65' lang='lat' dir='ltr'><strong>qum</strong></span> <span class='ocrx_word' id='word_1_455' title='bbox 3270 3112 3349 3156; x_wconf 50' lang='lat' dir='ltr'><strong>est</strong></span> <span class='ocrx_word' id='word_1_456' title='bbox 3378 3102 3521 3154; x_wconf 79' lang='lat' dir='ltr'><strong>urbs</strong></span> <span class='ocrx_word' id='word_1_457' title='bbox 3552 3121 3688 3171; x_wconf 87' lang='lat' dir='ltr'><strong>pro-</strong></span> 
     </span>
    </p>
   </div>
   <div class='ocr_carea' id='block_1_62' title="bbox 403 3166 3691 3261">
    <p class='ocr_par' dir='ltr' id='par_1_62' title="bbox 403 3166 3691 3261">
     <span class='ocr_line' id='line_1_62' title="bbox 403 3166 3691 3261; baseline 0.001 -19"><span class='ocrx_word' id='word_1_458' title='bbox 403 3188 582 3256; x_wconf 79' lang='lat' dir='ltr'><strong>Neque</strong></span> <span class='ocrx_word' id='word_1_459' title='bbox 605 3196 780 3239; x_wconf 88' lang='lat' dir='ltr'><strong>tamen</strong></span> <span class='ocrx_word' id='word_1_460' title='bbox 812 3188 880 3241; x_wconf 93' lang='lat' dir='ltr'><strong>ob</strong></span> <span class='ocrx_word' id='word_1_461' title='bbox 911 3186 1153 3240; x_wconf 89' lang='lat' dir='ltr'><strong>eamdem</strong></span> <span class='ocrx_word' id='word_1_462' title='bbox 1180 3187 1229 3239; x_wconf 90' lang='lat' dir='ltr'><strong>iu</strong></span> <span class='ocrx_word' id='word_1_463' title='bbox 1254 3186 1500 3242; x_wconf 88' lang='lat' dir='ltr'><strong>Numidia</strong></span> <span class='ocrx_word' id='word_1_464' title='bbox 1533 3188 1783 3254; x_wconf 64' lang='lat' dir='ltr'><strong>lectam,</strong></span> <span class='ocrx_word' id='word_1_465' title='bbox 1816 3187 1971 3241; x_wconf 85' lang='lat' dir='ltr'><strong>ullam</strong></span> <span class='ocrx_word' id='word_1_466' title='bbox 2004 3166 2047 3227; x_wconf 60' lang='grc' dir='ltr'><strong>(ἶ</strong></span> <span class='ocrx_word' id='word_1_467' title='bbox 2081 3194 2399 3260; x_wconf 87' lang='lat' dir='ltr'><strong>consu‘aris,</strong></span> <span class='ocrx_word' id='word_1_468' title='bbox 2425 3202 2481 3249; x_wconf 93' lang='lat' dir='ltr'><strong>et</strong></span> <span class='ocrx_word' id='word_1_469' title='bbox 2502 3195 2655 3249; x_wconf 83' lang='lat' dir='ltr'><strong>Soles</strong></span> <span class='ocrx_word' id='word_1_470' title='bbox 2683 3196 3001 3261; x_wconf 77' lang='lat' dir='ltr'><strong>Byzacenas.</strong></span> <span class='ocrx_word' id='word_1_471' title='bbox 3029 3166 3459 3260; x_wconf 63' lang='lat' dir='ltr'><strong>Utriileputanda</strong></span> <span class='ocrx_word' id='word_1_472' title='bbox 3486 3166 3691 3247; x_wconf 52' lang='lat' dir='ltr'><strong>inicer-</strong></span> 
     </span>
    </p>
   </div>
   <div class='ocr_carea' id='block_1_63' title="bbox 403 3276 1974 3347">
    <p class='ocr_par' dir='ltr' id='par_1_63' title="bbox 403 3276 1974 3347">
     <span class='ocr_line' id='line_1_63' title="bbox 403 3276 1974 3347; baseline 0.001 -16"><span class='ocrx_word' id='word_1_473' title='bbox 403 3277 662 3331; x_wconf 84' lang='lat' dir='ltr'><strong>Gurnerio</strong></span> <span class='ocrx_word' id='word_1_474' title='bbox 688 3276 835 3332; x_wconf 91' lang='lat' dir='ltr'><strong>litem</strong></span> <span class='ocrx_word' id='word_1_475' title='bbox 865 3276 1117 3341; x_wconf 84' lang='lat' dir='ltr'><strong>intendo;</strong></span> <span class='ocrx_word' id='word_1_476' title='bbox 1150 3279 1257 3331; x_wconf 90' lang='lat' dir='ltr'><strong>imo</strong></span> <span class='ocrx_word' id='word_1_477' title='bbox 1289 3276 1462 3332; x_wconf 88' lang='lat' dir='ltr'><strong>eidem</strong></span> <span class='ocrx_word' id='word_1_478' title='bbox 1491 3280 1688 3347; x_wconf 85' lang='lat' dir='ltr'><strong>gratias</strong></span> <span class='ocrx_word' id='word_1_479' title='bbox 1716 3292 1813 3347; x_wconf 90' lang='lat' dir='ltr'><strong>ago</strong></span> <span class='ocrx_word' id='word_1_480' title='bbox 1833 3277 1974 3347; x_wconf 91' lang='lat' dir='ltr'><strong>quod</strong></span> 
     </span>
    </p>
   </div>
   <div class='ocr_carea' id='block_1_64' title="bbox 402 3367 1975 3441">
    <p class='ocr_par' dir='ltr' id='par_1_64' title="bbox 402 3367 1975 3441">
     <span class='ocr_line' id='line_1_64' title="bbox 402 3367 1975 3441; baseline 0 -17"><span class='ocrx_word' id='word_1_481' title='bbox 402 3370 688 3439; x_wconf 72' lang='lat' dir='ltr'><strong>provincia:</strong></span> <span class='ocrx_word' id='word_1_482' title='bbox 720 3369 772 3424; x_wconf 93' lang='lat' dir='ltr'><strong>in</strong></span> <span class='ocrx_word' id='word_1_483' title='bbox 803 3386 905 3441; x_wconf 87' lang='lat' dir='ltr'><strong>qua</strong></span> <span class='ocrx_word' id='word_1_484' title='bbox 945 3370 1045 3426; x_wconf 87' lang='lat' dir='ltr'><strong>sita</strong></span> <span class='ocrx_word' id='word_1_485' title='bbox 1092 3370 1189 3425; x_wconf 82' lang='lat' dir='ltr'><strong>fuit</strong></span> <span class='ocrx_word' id='word_1_486' title='bbox 1218 3370 1558 3438; x_wconf 84' lang='lat' dir='ltr'><strong>Ammedera,</strong></span> <span class='ocrx_word' id='word_1_487' title='bbox 1594 3367 1975 3440; x_wconf 66' lang='lat' dir='ltr'><strong>inve&gt;tigandas</strong></span> 
     </span>
    </p>
   </div>
   <div class='ocr_carea' id='block_1_65' title="bbox 402 3448 1978 3532">
    <p class='ocr_par' dir='ltr' id='par_1_65' title="bbox 402 3448 1978 3532">
     <span class='ocr_line' id='line_1_65' title="bbox 402 3448 1978 3532; baseline -0.001 -14"><span class='ocrx_word' id='word_1_488' title='bbox 402 3448 683 3529; x_wconf 80' lang='lat' dir='ltr'><strong>occasione</strong></span> <span class='ocrx_word' id='word_1_489' title='bbox 704 3462 848 3529; x_wconf 88' lang='lat' dir='ltr'><strong>data,</strong></span> <span class='ocrx_word' id='word_1_490' title='bbox 874 3463 1086 3522; x_wconf 86' lang='lat' dir='ltr'><strong>Mustim</strong></span> <span class='ocrx_word' id='word_1_491' title='bbox 1116 3479 1176 3518; x_wconf 90' lang='lat' dir='ltr'><strong>ac</strong></span> <span class='ocrx_word' id='word_1_492' title='bbox 1198 3464 1361 3518; x_wconf 87' lang='lat' dir='ltr'><strong>Lares</strong></span> <span class='ocrx_word' id='word_1_493' title='bbox 1385 3463 1515 3519; x_wconf 89' lang='lat' dir='ltr'><strong>duas</strong></span> <span class='ocrx_word' id='word_1_494' title='bbox 1542 3463 1781 3532; x_wconf 86' lang='lat' dir='ltr'><strong>ejusdem</strong></span> <span class='ocrx_word' id='word_1_495' title='bbox 1813 3462 1978 3517; x_wconf 90' lang='lat' dir='ltr'><strong>nomi-</strong></span> 
     </span>
    </p>
   </div>
   <div class='ocr_carea' id='block_1_66' title="bbox 403 3552 1977 3621">
    <p class='ocr_par' dir='ltr' id='par_1_66' title="bbox 403 3552 1977 3621">
     <span class='ocr_line' id='line_1_66' title="bbox 403 3552 1977 3621; baseline -0.001 -12"><span class='ocrx_word' id='word_1_496' title='bbox 403 3554 484 3609; x_wconf 89' lang='lat' dir='ltr'><strong>nis</strong></span> <span class='ocrx_word' id='word_1_497' title='bbox 511 3553 673 3610; x_wconf 88' lang='lat' dir='ltr'><strong>urbes</strong></span> <span class='ocrx_word' id='word_1_498' title='bbox 698 3553 863 3610; x_wconf 84' lang='lat' dir='ltr'><strong>luisse</strong></span> <span class='ocrx_word' id='word_1_499' title='bbox 896 3556 1136 3621; x_wconf 85' lang='lat' dir='ltr'><strong>ostendi;</strong></span> <span class='ocrx_word' id='word_1_500' title='bbox 1174 3556 1314 3613; x_wconf 83' lang='lat' dir='ltr'><strong>unde</strong></span> <span class='ocrx_word' id='word_1_501' title='bbox 1344 3564 1398 3609; x_wconf 88' lang='lat' dir='ltr'><strong>et</strong></span> <span class='ocrx_word' id='word_1_502' title='bbox 1448 3555 1687 3609; x_wconf 78' lang='lat' dir='ltr'><strong>exactior</strong></span> <span class='ocrx_word' id='word_1_503' title='bbox 1713 3552 1977 3607; x_wconf 82' lang='lat' dir='ltr'><strong>Africana:</strong></span> 
     </span>
    </p>
   </div>
   <div class='ocr_carea' id='block_1_67' title="bbox 402 3643 1979 3726">
    <p class='ocr_par' dir='ltr' id='par_1_67' title="bbox 402 3643 1979 3726">
     <span class='ocr_line' id='line_1_67' title="bbox 402 3643 1979 3726; baseline 0 -27"><span class='ocrx_word' id='word_1_504' title='bbox 402 3643 657 3702; x_wconf 58' lang='lat' dir='ltr'><strong>Ecclesia.»</strong></span> <span class='ocrx_word' id='word_1_505' title='bbox 688 3646 884 3702; x_wconf 84' lang='lat' dir='ltr'><strong>Notitia</strong></span> <span class='ocrx_word' id='word_1_506' title='bbox 912 3647 1135 3710; x_wconf 75' lang='lat' dir='ltr'><strong>relucet,</strong></span> <span class='ocrx_word' id='word_1_507' title='bbox 1167 3661 1230 3700; x_wconf 89' lang='lat' dir='ltr'><strong>ac</strong></span> <span class='ocrx_word' id='word_1_508' title='bbox 1275 3644 1601 3715; x_wconf 87' lang='lat' dir='ltr'><strong>synodorutn</strong></span> <span class='ocrx_word' id='word_1_509' title='bbox 1635 3644 1979 3726; x_wconf 82' lang='lat' dir='ltr'><strong>subscriptio-</strong></span> 
     </span>
    </p>
   </div>
   <div class='ocr_carea' id='block_1_68' title="bbox 402 3733 1977 3805">
    <p class='ocr_par' dir='ltr' id='par_1_68' title="bbox 402 3733 1977 3805">
     <span class='ocr_line' id='line_1_68' title="bbox 402 3733 1977 3805; baseline -0.002 -16"><span class='ocrx_word' id='word_1_510' title='bbox 402 3750 500 3790; x_wconf 89' lang='lat' dir='ltr'><strong>nes</strong></span> <span class='ocrx_word' id='word_1_511' title='bbox 531 3736 867 3805; x_wconf 89' lang='lat' dir='ltr'><strong>neutiquam,</strong></span> <span class='ocrx_word' id='word_1_512' title='bbox 895 3735 1035 3805; x_wconf 87' lang='lat' dir='ltr'><strong>quod</strong></span> <span class='ocrx_word' id='word_1_513' title='bbox 1068 3735 1131 3789; x_wconf 89' lang='lat' dir='ltr'><strong>ad</strong></span> <span class='ocrx_word' id='word_1_514' title='bbox 1163 3736 1560 3803; x_wconf 86' lang='lat' dir='ltr'><strong>provinciarum</strong></span> <span class='ocrx_word' id='word_1_515' title='bbox 1585 3735 1741 3788; x_wconf 90' lang='lat' dir='ltr'><strong>urbes</strong></span> <span class='ocrx_word' id='word_1_516' title='bbox 1770 3733 1977 3797; x_wconf 80' lang='lat' dir='ltr'><strong>attinet,</strong></span> 
     </span>
    </p>
   </div>
   <div class='ocr_carea' id='block_1_69' title="bbox 403 3824 1981 3896">
    <p class='ocr_par' dir='ltr' id='par_1_69' title="bbox 403 3824 1981 3896">
     <span class='ocr_line' id='line_1_69' title="bbox 403 3824 1981 3896; baseline -0.001 -17"><span class='ocrx_word' id='word_1_517' title='bbox 403 3828 542 3883; x_wconf 82' lang='lat' dir='ltr'><strong>inter</strong></span> <span class='ocrx_word' id='word_1_518' title='bbox 589 3842 648 3882; x_wconf 89' lang='lat' dir='ltr'><strong>se</strong></span> <span class='ocrx_word' id='word_1_519' title='bbox 694 3828 1005 3896; x_wconf 83' lang='lat' dir='ltr'><strong>discrepare</strong></span> <span class='ocrx_word' id='word_1_520' title='bbox 1055 3827 1459 3894; x_wconf 68' lang='lat' dir='ltr'><strong>intelliguntur;</strong></span> <span class='ocrx_word' id='word_1_521' title='bbox 1500 3825 1626 3879; x_wconf 89' lang='lat' dir='ltr'><strong>inde</strong></span> <span class='ocrx_word' id='word_1_522' title='bbox 1674 3825 1833 3879; x_wconf 87' lang='lat' dir='ltr'><strong>etiam</strong></span> <span class='ocrx_word' id='word_1_523' title='bbox 1880 3824 1981 3878; x_wconf 81' lang='lat' dir='ltr'><strong>Ta-</strong></span> 
     </span>
    </p>
   </div>
   <div class='ocr_carea' id='block_1_70' title="bbox 404 3909 1983 3987">
    <p class='ocr_par' dir='ltr' id='par_1_70' title="bbox 404 3909 1983 3987">
     <span class='ocr_line' id='line_1_70' title="bbox 404 3909 1983 3987; baseline -0.001 -16"><span class='ocrx_word' id='word_1_524' title='bbox 404 3909 544 3974; x_wconf 79' lang='lat' dir='ltr'><strong>bula:</strong></span> <span class='ocrx_word' id='word_1_525' title='bbox 588 3920 883 3974; x_wconf 85' lang='lat' dir='ltr'><strong>dioeceseos</strong></span> <span class='ocrx_word' id='word_1_526' title='bbox 925 3919 1114 3972; x_wconf 78' lang='lat' dir='ltr'><strong>Africa:</strong></span> <span class='ocrx_word' id='word_1_527' title='bbox 1170 3917 1327 3972; x_wconf 83' lang='lat' dir='ltr'><strong>facile</strong></span> <span class='ocrx_word' id='word_1_528' title='bbox 1376 3918 1717 3987; x_wconf 87' lang='lat' dir='ltr'><strong>corriguntur</strong></span> <span class='ocrx_word' id='word_1_529' title='bbox 1756 3932 1817 3972; x_wconf 90' lang='lat' dir='ltr'><strong>ac</strong></span> <span class='ocrx_word' id='word_1_530' title='bbox 1857 3933 1983 3987; x_wconf 88' lang='lat' dir='ltr'><strong>snp-</strong></span> 
     </span>
    </p>
   </div>
   <div class='ocr_carea' id='block_1_71' title="bbox 404 4009 631 4078">
    <p class='ocr_par' dir='ltr' id='par_1_71' title="bbox 404 4009 631 4078">
     <span class='ocr_line' id='line_1_71' title="bbox 404 4009 631 4078; baseline -0.004 -17"><span class='ocrx_word' id='word_1_531' title='bbox 404 4009 631 4078; x_wconf 89' lang='lat' dir='ltr'><strong>plentur.</strong></span> 
     </span>
    </p>
   </div>
   <div class='ocr_carea' id='block_1_72' title="bbox 475 4099 1983 4171">
    <p class='ocr_par' dir='ltr' id='par_1_72' title="bbox 475 4099 1983 4171">
     <span class='ocr_line' id='line_1_72' title="bbox 475 4099 1983 4171; baseline 0 -18"><span class='ocrx_word' id='word_1_532' title='bbox 475 4101 819 4167; x_wconf 61' lang='lat' dir='ltr'><strong>Qununsrus.</strong></span> <span class='ocrx_word' id='word_1_533' title='bbox 863 4099 1078 4156; x_wconf 75' lang='lat' dir='ltr'><strong>Incerta:</strong></span> <span class='ocrx_word' id='word_1_534' title='bbox 1116 4102 1270 4156; x_wconf 81' lang='lat' dir='ltr'><strong>sedis.</strong></span> <span class='ocrx_word' id='word_1_535' title='bbox 1316 4102 1535 4157; x_wconf 69' lang='lat' dir='ltr'><strong>Verita&#39;i</strong></span> <span class='ocrx_word' id='word_1_536' title='bbox 1570 4104 1807 4157; x_wconf 79' lang='lat' dir='ltr'><strong>exactius</strong></span> <span class='ocrx_word' id='word_1_537' title='bbox 1847 4117 1983 4171; x_wconf 80' lang='lat' dir='ltr'><strong>qua-</strong></span> 
     </span>
    </p>
   </div>
   <div class='ocr_carea' id='block_1_73' title="bbox 405 4189 1983 4259">
    <p class='ocr_par' dir='ltr' id='par_1_73' title="bbox 405 4189 1983 4259">
     <span class='ocr_line' id='line_1_73' title="bbox 405 4189 1983 4259; baseline 0.002 -16"><span class='ocrx_word' id='word_1_538' title='bbox 405 4189 625 4245; x_wconf 89' lang='lat' dir='ltr'><strong>drarent</strong></span> <span class='ocrx_word' id='word_1_539' title='bbox 653 4200 861 4246; x_wconf 74' lang='lat' dir='ltr'><strong>czetera:</strong></span> <span class='ocrx_word' id='word_1_540' title='bbox 883 4201 1041 4259; x_wconf 72' lang='lat' dir='ltr'><strong>notm,</strong></span> <span class='ocrx_word' id='word_1_541' title='bbox 1074 4194 1115 4247; x_wconf 93' lang='lat' dir='ltr'><strong>si</strong></span> <span class='ocrx_word' id='word_1_542' title='bbox 1147 4193 1361 4252; x_wconf 89' lang='lat' dir='ltr'><strong>easdem</strong></span> <span class='ocrx_word' id='word_1_543' title='bbox 1397 4194 1541 4249; x_wconf 78' lang='lat' dir='ltr'><strong>liisce</strong></span> <span class='ocrx_word' id='word_1_544' title='bbox 1570 4203 1771 4248; x_wconf 88' lang='lat' dir='ltr'><strong>tantum</strong></span> <span class='ocrx_word' id='word_1_545' title='bbox 1801 4192 1983 4247; x_wconf 81' lang='lat' dir='ltr'><strong>verbis</strong></span> 
     </span>
    </p>
   </div>
   <div class='ocr_carea' id='block_1_74' title="bbox 407 4290 695 4351">
    <p class='ocr_par' dir='ltr' id='par_1_74' title="bbox 407 4290 695 4351">
     <span class='ocr_line' id='line_1_74' title="bbox 407 4290 695 4351; baseline -0.003 -15"><span class='ocrx_word' id='word_1_546' title='bbox 407 4290 695 4351; x_wconf 70' lang='lat' dir='ltr'><strong>exarasset.</strong></span> 
     </span>
    </p>
   </div>
   <div class='ocr_carea' id='block_1_75' title="bbox 477 4371 1981 4448">
    <p class='ocr_par' dir='ltr' id='par_1_75' title="bbox 477 4371 1981 4448">
     <span class='ocr_line' id='line_1_75' title="bbox 477 4371 1981 4448; baseline 0.002 -20"><span class='ocrx_word' id='word_1_547' title='bbox 477 4375 759 4428; x_wconf 82' lang='lat' dir='ltr'><strong>LUCIst.</strong></span> <span class='ocrx_word' id='word_1_548' title='bbox 791 4371 1008 4427; x_wconf 67' lang='lat' dir='ltr'><strong>Incerta</strong></span> <span class='ocrx_word' id='word_1_549' title='bbox 1032 4374 1223 4442; x_wconf 80' lang='lat' dir='ltr'><strong>pariter</strong></span> <span class='ocrx_word' id='word_1_550' title='bbox 1249 4373 1420 4438; x_wconf 76' lang='lat' dir='ltr'><strong>sedis;</strong></span> <span class='ocrx_word' id='word_1_551' title='bbox 1454 4376 1553 4428; x_wconf 86' lang='lat' dir='ltr'><strong>nisi</strong></span> <span class='ocrx_word' id='word_1_552' title='bbox 1593 4380 1723 4447; x_wconf 77' lang='lat' dir='ltr'><strong>forte</strong></span> <span class='ocrx_word' id='word_1_553' title='bbox 1764 4377 1863 4448; x_wconf 82' lang='lat' dir='ltr'><strong>legi</strong></span> <span class='ocrx_word' id='word_1_554' title='bbox 1892 4377 1981 4431; x_wconf 84' lang='lat' dir='ltr'><strong>de-</strong></span> 
     </span>
    </p>
   </div>
   <div class='ocr_carea' id='block_1_76' title="bbox 406 4462 1982 4537">
    <p class='ocr_par' dir='ltr' id='par_1_76' title="bbox 406 4462 1982 4537">
     <span class='ocr_line' id='line_1_76' title="bbox 406 4462 1982 4537; baseline 0.001 -18"><span class='ocrx_word' id='word_1_555' title='bbox 406 4466 513 4519; x_wconf 83' lang='lat' dir='ltr'><strong>beat</strong></span> <span class='ocrx_word' id='word_1_556' title='bbox 537 4464 797 4518; x_wconf 86' lang='lat' dir='ltr'><strong>Lucianus</strong></span> <span class='ocrx_word' id='word_1_557' title='bbox 826 4462 1122 4529; x_wconf 86' lang='lat' dir='ltr'><strong>Guirensis;</strong></span> <span class='ocrx_word' id='word_1_558' title='bbox 1151 4481 1267 4518; x_wconf 84' lang='lat' dir='ltr'><strong>nam</strong></span> <span class='ocrx_word' id='word_1_559' title='bbox 1289 4464 1447 4537; x_wconf 75' lang='lat' dir='ltr'><strong>hujus</strong></span> <span class='ocrx_word' id='word_1_560' title='bbox 1474 4468 1693 4520; x_wconf 84' lang='lat' dir='ltr'><strong>nominis</strong></span> <span class='ocrx_word' id='word_1_561' title='bbox 1721 4467 1907 4535; x_wconf 86' lang='lat' dir='ltr'><strong>aliquis</strong></span> <span class='ocrx_word' id='word_1_562' title='bbox 1930 4469 1982 4520; x_wconf 88' lang='lat' dir='ltr'><strong>in</strong></span> 
     </span>
    </p>
   </div>
   <div class='ocr_carea' id='block_1_77' title="bbox 2084 3283 3687 3350">
    <p class='ocr_par' dir='ltr' id='par_1_77' title="bbox 2084 3283 3687 3350">
     <span class='ocr_line' id='line_1_77' title="bbox 2084 3283 3687 3350; baseline -0.001 -14"><span class='ocrx_word' id='word_1_563' title='bbox 2084 3292 2212 3336; x_wconf 92' lang='lat' dir='ltr'><strong>tum.</strong></span> <span class='ocrx_word' id='word_1_564' title='bbox 2267 3283 2361 3339; x_wconf 92' lang='lat' dir='ltr'><strong>Ille</strong></span> <span class='ocrx_word' id='word_1_565' title='bbox 2396 3300 2527 3339; x_wconf 85' lang='lat' dir='ltr'><strong>vero</strong></span> <span class='ocrx_word' id='word_1_566' title='bbox 2551 3285 2681 3339; x_wconf 87' lang='lat' dir='ltr'><strong>duas</strong></span> <span class='ocrx_word' id='word_1_567' title='bbox 2713 3292 2913 3339; x_wconf 89' lang='lat' dir='ltr'><strong>tantum</strong></span> <span class='ocrx_word' id='word_1_568' title='bbox 2959 3286 3163 3338; x_wconf 88' lang='lat' dir='ltr'><strong>&#39;l‘uecas</strong></span> <span class='ocrx_word' id='word_1_569' title='bbox 3211 3297 3280 3337; x_wconf 91' lang='lat' dir='ltr'><strong>no</strong></span> <span class='ocrx_word' id='word_1_570' title='bbox 3318 3283 3356 3334; x_wconf 93' lang='lat' dir='ltr'><strong>it</strong></span> <span class='ocrx_word' id='word_1_571' title='bbox 3379 3321 3394 3343; x_wconf 91' lang='lat'><strong>,</strong></span> <span class='ocrx_word' id='word_1_572' title='bbox 3430 3297 3687 3350; x_wconf 79' lang='lat' dir='ltr'><strong>quarum</strong></span> 
     </span>
    </p>
   </div>
   <div class='ocr_carea' id='block_1_78' title="bbox 2084 3370 3686 3444">
    <p class='ocr_par' dir='ltr' id='par_1_78' title="bbox 2084 3370 3686 3444">
     <span class='ocr_line' id='line_1_78' title="bbox 2084 3370 3686 3444; baseline -0.001 -20"><span class='ocrx_word' id='word_1_573' title='bbox 2084 3387 2238 3425; x_wconf 89' lang='lat' dir='ltr'><strong>unam</strong></span> <span class='ocrx_word' id='word_1_574' title='bbox 2271 3373 2334 3427; x_wconf 90' lang='lat' dir='ltr'><strong>ad</strong></span> <span class='ocrx_word' id='word_1_575' title='bbox 2381 3374 2656 3444; x_wconf 85' lang='lat' dir='ltr'><strong>Serpetem</strong></span> <span class='ocrx_word' id='word_1_576' title='bbox 2686 3375 2902 3428; x_wconf 82' lang='lat' dir='ltr'><strong>ﬂuvium</strong></span> <span class='ocrx_word' id='word_1_577' title='bbox 2952 3375 3003 3427; x_wconf 89' lang='lat' dir='ltr'><strong>in</strong></span> <span class='ocrx_word' id='word_1_578' title='bbox 3042 3372 3346 3430; x_wconf 60' lang='lat' dir='ltr'><strong>hiauii&#39;aiiia</strong></span> <span class='ocrx_word' id='word_1_579' title='bbox 3378 3370 3686 3439; x_wconf 65' lang='lat' dir='ltr'><strong>Sit‘fcnsi,</strong></span> 
     </span>
    </p>
   </div>
   <div class='ocr_carea' id='block_1_79' title="bbox 2083 3460 3688 3534">
    <p class='ocr_par' dir='ltr' id='par_1_79' title="bbox 2083 3460 3688 3534">
     <span class='ocr_line' id='line_1_79' title="bbox 2083 3460 3688 3534; baseline -0.002 -18"><span class='ocrx_word' id='word_1_580' title='bbox 2083 3466 2304 3520; x_wconf 83' lang='lat' dir='ltr'><strong>alteram</strong></span> <span class='ocrx_word' id='word_1_581' title='bbox 2337 3467 2387 3519; x_wconf 92' lang='lat' dir='ltr'><strong>in</strong></span> <span class='ocrx_word' id='word_1_582' title='bbox 2419 3466 2592 3520; x_wconf 67' lang='lat' dir='ltr'><strong>media</strong></span> <span class='ocrx_word' id='word_1_583' title='bbox 2628 3465 2869 3521; x_wconf 83' lang='lat' dir='ltr'><strong>Numidia</strong></span> <span class='ocrx_word' id='word_1_584' title='bbox 2902 3464 3063 3534; x_wconf 88' lang='lat' dir='ltr'><strong>ponit.</strong></span> <span class='ocrx_word' id='word_1_585' title='bbox 3090 3464 3288 3516; x_wconf 82' lang='lat' dir='ltr'><strong>Plinius</strong></span> <span class='ocrx_word' id='word_1_586' title='bbox 3309 3460 3513 3513; x_wconf 68' lang='lat' dir='ltr'><strong>Tucca:</strong></span> <span class='ocrx_word' id='word_1_587' title='bbox 3554 3462 3688 3516; x_wconf 83' lang='lat' dir='ltr'><strong>Siti-</strong></span> 
     </span>
    </p>
   </div>
   <div class='ocr_carea' id='block_1_80' title="bbox 2084 3552 3687 3622">
    <p class='ocr_par' dir='ltr' id='par_1_80' title="bbox 2084 3552 3687 3622">
     <span class='ocr_line' id='line_1_80' title="bbox 2084 3552 3687 3622; baseline -0.003 -12"><span class='ocrx_word' id='word_1_588' title='bbox 2084 3556 2245 3611; x_wconf 78' lang='lat' dir='ltr'><strong>fensis</strong></span> <span class='ocrx_word' id='word_1_589' title='bbox 2290 3559 2446 3611; x_wconf 91' lang='lat' dir='ltr'><strong>situm</strong></span> <span class='ocrx_word' id='word_1_590' title='bbox 2477 3566 2667 3612; x_wconf 84' lang='lat' dir='ltr'><strong>exacte</strong></span> <span class='ocrx_word' id='word_1_591' title='bbox 2696 3557 2856 3611; x_wconf 88' lang='lat' dir='ltr'><strong>tradit</strong></span> <span class='ocrx_word' id='word_1_592' title='bbox 2881 3556 2973 3610; x_wconf 90' lang='lat' dir='ltr'><strong>lib.</strong></span> <span class='ocrx_word' id='word_1_593' title='bbox 3003 3571 3034 3607; x_wconf 87' lang='lat' dir='ltr'><strong>v</strong></span> <span class='ocrx_word' id='word_1_594' title='bbox 3059 3596 3073 3620; x_wconf 94' lang='lat'><strong>,</strong></span> <span class='ocrx_word' id='word_1_595' title='bbox 3110 3570 3228 3622; x_wconf 86' lang='lat' dir='ltr'><strong>cap.</strong></span> <span class='ocrx_word' id='word_1_596' title='bbox 3258 3554 3310 3606; x_wconf 78' lang='lat'><strong>‘2.</strong></span> <span class='ocrx_word' id='word_1_597' title='bbox 3358 3552 3687 3621; x_wconf 76' lang='lat' dir='ltr'><strong>Oppidum,</strong></span> 
     </span>
    </p>
   </div>
   <div class='ocr_carea' id='block_1_81' title="bbox 2086 3644 3686 3720">
    <p class='ocr_par' dir='ltr' id='par_1_81' title="bbox 2086 3644 3686 3720">
     <span class='ocr_line' id='line_1_81' title="bbox 2086 3644 3686 3720; baseline -0.001 -20"><span class='ocrx_word' id='word_1_598' title='bbox 2086 3649 2273 3716; x_wconf 80' lang='lat' dir='ltr'><strong>inquit,</strong></span> <span class='ocrx_word' id='word_1_599' title='bbox 2314 3648 2483 3703; x_wconf 85' lang='lat' dir='ltr'><strong>Tucca</strong></span> <span class='ocrx_word' id='word_1_600' title='bbox 2536 3650 2824 3720; x_wconf 86' lang='lat' dir='ltr'><strong>impositum</strong></span> <span class='ocrx_word' id='word_1_601' title='bbox 2865 3649 2991 3700; x_wconf 88' lang='lat' dir='ltr'><strong>mari</strong></span> <span class='ocrx_word' id='word_1_602' title='bbox 3032 3656 3077 3701; x_wconf 87' lang='lat' dir='ltr'><strong>et</strong></span> <span class='ocrx_word' id='word_1_603' title='bbox 3117 3644 3316 3715; x_wconf 79' lang='lat' dir='ltr'><strong>ﬂumini</strong></span> <span class='ocrx_word' id='word_1_604' title='bbox 3362 3647 3686 3715; x_wconf 77' lang='lat' dir='ltr'><strong>Ampsaga&#39;.</strong></span> 
     </span>
    </p>
   </div>
   <div class='ocr_carea' id='block_1_82' title="bbox 2088 3726 3689 3812">
    <p class='ocr_par' dir='ltr' id='par_1_82' title="bbox 2088 3726 3689 3812">
     <span class='ocr_line' id='line_1_82' title="bbox 2088 3726 3689 3812; baseline -0.002 -19"><span class='ocrx_word' id='word_1_605' title='bbox 2088 3741 2268 3812; x_wconf 85' lang='lat' dir='ltr'><strong>Itaque</strong></span> <span class='ocrx_word' id='word_1_606' title='bbox 2295 3751 2410 3796; x_wconf 88' lang='lat' dir='ltr'><strong>erat</strong></span> <span class='ocrx_word' id='word_1_607' title='bbox 2457 3744 2507 3795; x_wconf 90' lang='lat' dir='ltr'><strong>in</strong></span> <span class='ocrx_word' id='word_1_608' title='bbox 2551 3740 2794 3795; x_wconf 80' lang='lat' dir='ltr'><strong>conﬁniis</strong></span> <span class='ocrx_word' id='word_1_609' title='bbox 2840 3726 3131 3809; x_wconf 72' lang='lat' dir='ltr'><strong>provincim</strong></span> <span class='ocrx_word' id='word_1_610' title='bbox 3174 3735 3519 3791; x_wconf 66' lang='lat' dir='ltr'><strong>Mauritania}</strong></span> <span class='ocrx_word' id='word_1_611' title='bbox 3556 3737 3689 3792; x_wconf 76' lang='lat' dir='ltr'><strong>Siti-</strong></span> 
     </span>
    </p>
   </div>
   <div class='ocr_carea' id='block_1_83' title="bbox 2088 3825 3688 3901">
    <p class='ocr_par' dir='ltr' id='par_1_83' title="bbox 2088 3825 3688 3901">
     <span class='ocr_line' id='line_1_83' title="bbox 2088 3825 3688 3901; baseline -0.001 -17"><span class='ocrx_word' id='word_1_612' title='bbox 2088 3833 2271 3899; x_wconf 81' lang='lat' dir='ltr'><strong>fensis,</strong></span> <span class='ocrx_word' id='word_1_613' title='bbox 2295 3848 2412 3900; x_wconf 66' lang='lat' dir='ltr'><strong>quae</strong></span> <span class='ocrx_word' id='word_1_614' title='bbox 2438 3834 2700 3901; x_wconf 83' lang='lat' dir='ltr'><strong>Ampsaga</strong></span> <span class='ocrx_word' id='word_1_615' title='bbox 2724 3831 2942 3885; x_wconf 82' lang='lat' dir='ltr'><strong>ﬂumine</strong></span> <span class='ocrx_word' id='word_1_616' title='bbox 2967 3844 2993 3882; x_wconf 92' lang='lat' dir='ltr'><strong>a</strong></span> <span class='ocrx_word' id='word_1_617' title='bbox 3020 3827 3258 3883; x_wconf 86' lang='lat' dir='ltr'><strong>Numidia</strong></span> <span class='ocrx_word' id='word_1_618' title='bbox 3289 3825 3688 3893; x_wconf 63' lang='lat' dir='ltr'><strong>Separabatur.</strong></span> 
     </span>
    </p>
   </div>
   <div class='ocr_carea' id='block_1_84' title="bbox 2086 3917 3685 3990">
    <p class='ocr_par' dir='ltr' id='par_1_84' title="bbox 2086 3917 3685 3990">
     <span class='ocr_line' id='line_1_84' title="bbox 2086 3917 3685 3990; baseline -0.003 -15"><span class='ocrx_word' id='word_1_619' title='bbox 2086 3921 2384 3976; x_wconf 86' lang='lat' dir='ltr'><strong>Coneiuunt</strong></span> <span class='ocrx_word' id='word_1_620' title='bbox 2414 3922 2629 3976; x_wconf 79' lang='lat' dir='ltr'><strong>Tabula:</strong></span> <span class='ocrx_word' id='word_1_621' title='bbox 2650 3922 3101 3990; x_wconf 68' lang='lat' dir='ltr'><strong>Peutingerianre,</strong></span> <span class='ocrx_word' id='word_1_622' title='bbox 3128 3918 3218 3973; x_wconf 87' lang='lat' dir='ltr'><strong>ubi</strong></span> <span class='ocrx_word' id='word_1_623' title='bbox 3242 3917 3351 3971; x_wconf 61' lang='lat' dir='ltr'><strong>bare</strong></span> <span class='ocrx_word' id='word_1_624' title='bbox 3377 3917 3685 3985; x_wconf 87' lang='lat' dir='ltr'><strong>leguntur:</strong></span> 
     </span>
    </p>
   </div>
   <div class='ocr_carea' id='block_1_85' title="bbox 2090 4008 3689 4083">
    <p class='ocr_par' dir='ltr' id='par_1_85' title="bbox 2090 4008 3689 4083">
     <span class='ocr_line' id='line_1_85' title="bbox 2090 4008 3689 4083; baseline -0.002 -19"><span class='ocrx_word' id='word_1_625' title='bbox 2090 4011 2254 4065; x_wconf 85' lang='lat' dir='ltr'><strong>Tucca</strong></span> <span class='ocrx_word' id='word_1_626' title='bbox 2272 4012 2397 4081; x_wconf 80' lang='lat' dir='ltr'><strong>lines</strong></span> <span class='ocrx_word' id='word_1_627' title='bbox 2413 4013 2736 4065; x_wconf 73' lang='lat' dir='ltr'><strong>Mauritania:</strong></span> <span class='ocrx_word' id='word_1_628' title='bbox 2755 4022 2800 4065; x_wconf 88' lang='lat' dir='ltr'><strong>et</strong></span> <span class='ocrx_word' id='word_1_629' title='bbox 2823 4011 3031 4083; x_wconf 58' lang='lat' dir='ltr'><strong>Africa.</strong></span> <span class='ocrx_word' id='word_1_630' title='bbox 3057 4009 3291 4064; x_wconf 80' lang='lat' dir='ltr'><strong>Meminit</strong></span> <span class='ocrx_word' id='word_1_631' title='bbox 3320 4008 3419 4061; x_wconf 74' lang='lat' dir='ltr'><strong>Dio</strong></span> <span class='ocrx_word' id='word_1_632' title='bbox 3448 4008 3689 4064; x_wconf 81' lang='lat' dir='ltr'><strong>Cassius</strong></span> 
     </span>
    </p>
   </div>
   <div class='ocr_carea' id='block_1_86' title="bbox 2087 4097 3691 4178">
    <p class='ocr_par' dir='ltr' id='par_1_86' title="bbox 2087 4097 3691 4178">
     <span class='ocr_line' id='line_1_86' title="bbox 2087 4097 3691 4178; baseline -0.003 -24"><span class='ocrx_word' id='word_1_633' title='bbox 2087 4103 2369 4178; x_wconf 67' lang='lat' dir='ltr'><strong>Iib.x1.vt:t</strong></span> <span class='ocrx_word' id='word_1_634' title='bbox 2415 4102 2604 4156; x_wconf 74' lang='lat' dir='ltr'><strong>Tuecm</strong></span> <span class='ocrx_word' id='word_1_635' title='bbox 2651 4102 2880 4155; x_wconf 80' lang='lat' dir='ltr'><strong>civitatis</strong></span> <span class='ocrx_word' id='word_1_636' title='bbox 2929 4101 3028 4154; x_wconf 85' lang='lat' dir='ltr'><strong>Sub</strong></span> <span class='ocrx_word' id='word_1_637' title='bbox 3063 4100 3125 4153; x_wconf 88' lang='grc' dir='ltr'><strong>Τ.</strong></span> <span class='ocrx_word' id='word_1_638' title='bbox 3174 4098 3350 4152; x_wconf 85' lang='lat' dir='ltr'><strong>Sestio</strong></span> <span class='ocrx_word' id='word_1_639' title='bbox 3406 4097 3691 4164; x_wconf 59' lang='lat' dir='ltr'><strong>praefecto</strong></span> 
     </span>
    </p>
   </div>
   <div class='ocr_carea' id='block_1_87' title="bbox 2088 4188 3688 4264">
    <p class='ocr_par' dir='ltr' id='par_1_87' title="bbox 2088 4188 3688 4264">
     <span class='ocr_line' id='line_1_87' title="bbox 2088 4188 3688 4264; baseline -0.002 -17"><span class='ocrx_word' id='word_1_640' title='bbox 2088 4193 2369 4259; x_wconf 73' lang='lat' dir='ltr'><strong>Numidize,</strong></span> <span class='ocrx_word' id='word_1_641' title='bbox 2404 4210 2499 4264; x_wconf 90' lang='lat' dir='ltr'><strong>pro</strong></span> <span class='ocrx_word' id='word_1_642' title='bbox 2527 4193 2756 4246; x_wconf 85' lang='lat' dir='ltr'><strong>Antonio</strong></span> <span class='ocrx_word' id='word_1_643' title='bbox 2785 4192 3080 4247; x_wconf 84' lang='lat' dir='ltr'><strong>triumviro.</strong></span> <span class='ocrx_word' id='word_1_644' title='bbox 3106 4191 3161 4243; x_wconf 90' lang='lat' dir='ltr'><strong>In</strong></span> <span class='ocrx_word' id='word_1_645' title='bbox 3194 4189 3386 4243; x_wconf 83' lang='lat' dir='ltr'><strong>Notitia</strong></span> <span class='ocrx_word' id='word_1_646' title='bbox 3421 4188 3688 4244; x_wconf 73' lang='lat' dir='ltr'><strong>Sitifensi</strong></span> 
     </span>
    </p>
   </div>
   <div class='ocr_carea' id='block_1_88' title="bbox 2088 4277 3687 4339">
    <p class='ocr_par' dir='ltr' id='par_1_88' title="bbox 2088 4277 3687 4339">
     <span class='ocr_line' id='line_1_88' title="bbox 2088 4277 3687 4339; baseline -0.004 -1"><span class='ocrx_word' id='word_1_647' title='bbox 2088 4293 2416 4339; x_wconf 89' lang='lat' dir='ltr'><strong>memoratur</strong></span> <span class='ocrx_word' id='word_1_648' title='bbox 2462 4283 2657 4338; x_wconf 77' lang='lat' dir='ltr'><strong>Uzulus</strong></span> <span class='ocrx_word' id='word_1_649' title='bbox 2701 4282 3029 4336; x_wconf 81' lang='lat' dir='ltr'><strong>Tltuccensis.</strong></span> <span class='ocrx_word' id='word_1_650' title='bbox 3061 4280 3263 4333; x_wconf 81' lang='lat' dir='ltr'><strong>Rursus</strong></span> <span class='ocrx_word' id='word_1_651' title='bbox 3291 4277 3545 4332; x_wconf 83' lang='lat' dir='ltr'><strong>Tuncam</strong></span> <span class='ocrx_word' id='word_1_652' title='bbox 3579 4279 3687 4333; x_wconf 88' lang='lat' dir='ltr'><strong>Sa-</strong></span> 
     </span>
    </p>
   </div>
   <div class='ocr_carea' id='block_1_89' title="bbox 2089 4368 3687 4443">
    <p class='ocr_par' dir='ltr' id='par_1_89' title="bbox 2089 4368 3687 4443">
     <span class='ocr_line' id='line_1_89' title="bbox 2089 4368 3687 4443; baseline -0.003 -16"><span class='ocrx_word' id='word_1_653' title='bbox 2089 4374 2197 4428; x_wconf 86' lang='lat' dir='ltr'><strong>bini</strong></span> <span class='ocrx_word' id='word_1_654' title='bbox 2221 4374 2455 4443; x_wconf 89' lang='lat' dir='ltr'><strong>episcopi</strong></span> <span class='ocrx_word' id='word_1_655' title='bbox 2480 4389 2754 4443; x_wconf 87' lang='lat' dir='ltr'><strong>perperam</strong></span> <span class='ocrx_word' id='word_1_656' title='bbox 2772 4374 2822 4427; x_wconf 92' lang='lat' dir='ltr'><strong>in</strong></span> <span class='ocrx_word' id='word_1_657' title='bbox 2853 4372 3149 4426; x_wconf 89' lang='lat' dir='ltr'><strong>meditullio</strong></span> <span class='ocrx_word' id='word_1_658' title='bbox 3166 4368 3353 4423; x_wconf 78' lang='lat' dir='ltr'><strong>Nuntid</strong></span> <span class='ocrx_word' id='word_1_659' title='bbox 3380 4381 3427 4419; x_wconf 70' lang='lat' dir='ltr'><strong>tn</strong></span> <span class='ocrx_word' id='word_1_660' title='bbox 3455 4369 3687 4423; x_wconf 77' lang='lat' dir='ltr'><strong>statuit.</strong></span> 
     </span>
    </p>
   </div>
   <div class='ocr_carea' id='block_1_90' title="bbox 2090 4461 3686 4534">
    <p class='ocr_par' dir='ltr' id='par_1_90' title="bbox 2090 4461 3686 4534">
     <span class='ocr_line' id='line_1_90' title="bbox 2090 4461 3686 4534; baseline -0.003 -15"><span class='ocrx_word' id='word_1_661' title='bbox 2090 4466 2219 4520; x_wconf 88' lang='lat' dir='ltr'><strong>Nam</strong></span> <span class='ocrx_word' id='word_1_662' title='bbox 2246 4466 2532 4520; x_wconf 75' lang='lat' dir='ltr'><strong>Petilianus</strong></span> <span class='ocrx_word' id='word_1_663' title='bbox 2552 4466 2828 4534; x_wconf 82' lang='lat' dir='ltr'><strong>episcopus</strong></span> <span class='ocrx_word' id='word_1_664' title='bbox 2842 4462 3297 4519; x_wconf 86' lang='lat' dir='ltr'><strong>Constantinensis</strong></span> <span class='ocrx_word' id='word_1_665' title='bbox 3318 4461 3609 4515; x_wconf 54' lang='lat' dir='ltr'><strong>Donatista</strong></span> <span class='ocrx_word' id='word_1_666' title='bbox 3630 4462 3686 4515; x_wconf 83' lang='lat' dir='ltr'><strong>t&#39;n</strong></span> 
     </span>
    </p>
   </div>
   <div class='ocr_carea' id='block_1_91' title="bbox 405 4530 3688 4628">
    <p class='ocr_par' dir='ltr' id='par_1_91' title="bbox 405 4530 3688 4628">
     <span class='ocr_line' id='line_1_91' title="bbox 405 4530 3688 4628; baseline -0.001 -19"><span class='ocrx_word' id='word_1_667' title='bbox 405 4556 619 4610; x_wconf 71' lang='lat' dir='ltr'><strong>conc’lia</strong></span> <span class='ocrx_word' id='word_1_668' title='bbox 654 4554 791 4624; x_wconf 86' lang='lat' dir='ltr'><strong>quod</strong></span> <span class='ocrx_word' id='word_1_669' title='bbox 831 4555 1153 4608; x_wconf 80' lang='lat' dir='ltr'><strong>collationem</strong></span> <span class='ocrx_word' id='word_1_670' title='bbox 1194 4558 1448 4623; x_wconf 64' lang='lat' dir='ltr'><strong>prlecessit</strong></span> <span class='ocrx_word' id='word_1_671' title='bbox 1471 4557 1829 4625; x_wconf 82' lang='lat' dir='ltr'><strong>subscripsisse</strong></span> <span class='ocrx_word' id='word_1_672' title='bbox 1860 4558 1983 4628; x_wconf 87' lang='lat' dir='ltr'><strong>legi-</strong></span> <span class='ocrx_word' id='word_1_673' title='bbox 2014 4530 2373 4611; x_wconf 86' lang='lat' dir='ltr'><strong>Dcollatione</strong></span> <span class='ocrx_word' id='word_1_674' title='bbox 2423 4572 2542 4625; x_wconf 87' lang='lat' dir='ltr'><strong>eap.</strong></span> <span class='ocrx_word' id='word_1_675' title='bbox 2588 4530 2662 4610; x_wconf 30' lang='lat'><strong>&#39;65</strong></span> <span class='ocrx_word' id='word_1_676' title='bbox 2696 4530 2807 4609; x_wconf 65' lang='lat' dir='ltr'><strong>lure</strong></span> <span class='ocrx_word' id='word_1_677' title='bbox 2836 4555 3011 4609; x_wconf 78' lang='lat' dir='ltr'><strong>dixit:</strong></span> <span class='ocrx_word' id='word_1_678' title='bbox 3054 4553 3191 4607; x_wconf 87' lang='lat' dir='ltr'><strong>Nam</strong></span> <span class='ocrx_word' id='word_1_679' title='bbox 3230 4554 3381 4606; x_wconf 84' lang='lat' dir='ltr'><strong>etiam</strong></span> <span class='ocrx_word' id='word_1_680' title='bbox 3421 4551 3479 4603; x_wconf 86' lang='lat' dir='ltr'><strong>in</strong></span> <span class='ocrx_word' id='word_1_681' title='bbox 3533 4555 3688 4622; x_wconf 67' lang='lat' dir='ltr'><strong>plebe</strong></span> 
     </span>
    </p>
   </div>
   <div class='ocr_carea' id='block_1_92' title="bbox 405 4645 1986 4713">
    <p class='ocr_par' dir='ltr' id='par_1_92' title="bbox 405 4645 1986 4713">
     <span class='ocr_line' id='line_1_92' title="bbox 405 4645 1986 4713; baseline -0.001 -13"><span class='ocrx_word' id='word_1_682' title='bbox 405 4658 519 4713; x_wconf 26' lang='lat' dir='ltr'><strong>tur.‘</strong></span> <span class='ocrx_word' id='word_1_683' title='bbox 543 4645 663 4699; x_wconf 83' lang='lat' dir='ltr'><strong>Fuit</strong></span> <span class='ocrx_word' id='word_1_684' title='bbox 685 4662 801 4700; x_wconf 66' lang='lat' dir='ltr'><strong>vero</strong></span> <span class='ocrx_word' id='word_1_685' title='bbox 830 4646 879 4697; x_wconf 91' lang='lat' dir='ltr'><strong>in</strong></span> <span class='ocrx_word' id='word_1_686' title='bbox 910 4645 1169 4713; x_wconf 70' lang='lat' dir='ltr'><strong>prou’ncia</strong></span> <span class='ocrx_word' id='word_1_687' title='bbox 1202 4645 1463 4699; x_wconf 79' lang='lat' dir='ltr'><strong>Numidia:</strong></span> <span class='ocrx_word' id='word_1_688' title='bbox 1504 4646 1764 4699; x_wconf 76' lang='lat' dir='ltr'><strong>Cuirensis</strong></span> <span class='ocrx_word' id='word_1_689' title='bbox 1790 4647 1986 4713; x_wconf 85' lang='lat' dir='ltr'><strong>episco-</strong></span> 
     </span>
    </p>
   </div>
   <div class='ocr_carea' id='block_1_93' title="bbox 405 4733 1983 4807">
    <p class='ocr_par' dir='ltr' id='par_1_93' title="bbox 405 4733 1983 4807">
     <span class='ocr_line' id='line_1_93' title="bbox 405 4733 1983 4807; baseline 0 -18"><span class='ocrx_word' id='word_1_690' title='bbox 405 4752 538 4807; x_wconf 81' lang='lat' dir='ltr'><strong>pus;</strong></span> <span class='ocrx_word' id='word_1_691' title='bbox 564 4736 788 4790; x_wconf 83' lang='lat' dir='ltr'><strong>meminit</strong></span> <span class='ocrx_word' id='word_1_692' title='bbox 812 4736 946 4789; x_wconf 51' lang='lat' dir='ltr'><strong>enim</strong></span> <span class='ocrx_word' id='word_1_693' title='bbox 984 4733 1185 4787; x_wconf 80' lang='lat' dir='ltr'><strong>Notitia</strong></span> <span class='ocrx_word' id='word_1_694' title='bbox 1218 4733 1475 4788; x_wconf 83' lang='lat' dir='ltr'><strong>Martialis</strong></span> <span class='ocrx_word' id='word_1_695' title='bbox 1500 4734 1785 4789; x_wconf 82' lang='lat' dir='ltr'><strong>Guirensis.</strong></span> <span class='ocrx_word' id='word_1_696' title='bbox 1826 4735 1983 4789; x_wconf 83' lang='lat' dir='ltr'><strong>Plura</strong></span> 
     </span>
    </p>
   </div>
   <div class='ocr_carea' id='block_1_94' title="bbox 406 4827 1986 4898">
    <p class='ocr_par' dir='ltr' id='par_1_94' title="bbox 406 4827 1986 4898">
     <span class='ocr_line' id='line_1_94' title="bbox 406 4827 1986 4898; baseline -0.001 -15"><span class='ocrx_word' id='word_1_697' title='bbox 406 4836 609 4898; x_wconf 89' lang='lat' dir='ltr'><strong>peccat.</strong></span> <span class='ocrx_word' id='word_1_698' title='bbox 644 4828 906 4897; x_wconf 80' lang='lat' dir='ltr'><strong>Imprimis</strong></span> <span class='ocrx_word' id='word_1_699' title='bbox 937 4828 1124 4882; x_wconf 87' lang='lat' dir='ltr'><strong>Lucilli</strong></span> <span class='ocrx_word' id='word_1_700' title='bbox 1168 4842 1361 4882; x_wconf 89' lang='lat' dir='ltr'><strong>nomen</strong></span> <span class='ocrx_word' id='word_1_701' title='bbox 1389 4827 1765 4882; x_wconf 88' lang='lat' dir='ltr'><strong>diminutivum</strong></span> <span class='ocrx_word' id='word_1_702' title='bbox 1800 4827 1986 4896; x_wconf 92' lang='lat' dir='ltr'><strong>implet</strong></span> 
     </span>
    </p>
   </div>
   <div class='ocr_carea' id='block_1_95' title="bbox 405 4917 1984 4985">
    <p class='ocr_par' dir='ltr' id='par_1_95' title="bbox 405 4917 1984 4985">
     <span class='ocr_line' id='line_1_95' title="bbox 405 4917 1984 4985; baseline 0.002 -15"><span class='ocrx_word' id='word_1_703' title='bbox 405 4925 667 4985; x_wconf 85' lang='lat' dir='ltr'><strong>augetque</strong></span> <span class='ocrx_word' id='word_1_704' title='bbox 690 4957 707 4983; x_wconf 86' lang='lat'><strong>,</strong></span> <span class='ocrx_word' id='word_1_705' title='bbox 741 4918 1024 4971; x_wconf 83' lang='lat' dir='ltr'><strong>Lucianum</strong></span> <span class='ocrx_word' id='word_1_706' title='bbox 1076 4918 1384 4973; x_wconf 78' lang='lat' dir='ltr'><strong>etI‘ormans.</strong></span> <span class='ocrx_word' id='word_1_707' title='bbox 1436 4917 1639 4972; x_wconf 77' lang='lat' dir='ltr'><strong>Rursus</strong></span> <span class='ocrx_word' id='word_1_708' title='bbox 1676 4918 1856 4973; x_wconf 73' lang='lat' dir='ltr'><strong>Guirae</strong></span> <span class='ocrx_word' id='word_1_709' title='bbox 1891 4934 1984 4973; x_wconf 87' lang='lat' dir='ltr'><strong>seu</strong></span> 
     </span>
    </p>
   </div>
   <div class='ocr_carea' id='block_1_96' title="bbox 406 5006 1981 5077">
    <p class='ocr_par' dir='ltr' id='par_1_96' title="bbox 406 5006 1981 5077">
     <span class='ocr_line' id='line_1_96' title="bbox 406 5006 1981 5077; baseline -0.001 -14"><span class='ocrx_word' id='word_1_710' title='bbox 406 5008 549 5063; x_wconf 69' lang='lat' dir='ltr'><strong>Cirta</strong></span> <span class='ocrx_word' id='word_1_711' title='bbox 576 5006 628 5060; x_wconf 90' lang='lat' dir='ltr'><strong>in</strong></span> <span class='ocrx_word' id='word_1_712' title='bbox 660 5006 901 5059; x_wconf 87' lang='lat' dir='ltr'><strong>Numidia</strong></span> <span class='ocrx_word' id='word_1_713' title='bbox 926 5006 1058 5061; x_wconf 88' lang='lat' dir='ltr'><strong>duos</strong></span> <span class='ocrx_word' id='word_1_714' title='bbox 1079 5008 1232 5063; x_wconf 90' lang='lat' dir='ltr'><strong>simul</strong></span> <span class='ocrx_word' id='word_1_715' title='bbox 1262 5008 1609 5077; x_wconf 87' lang='lat' dir='ltr'><strong>coepiscopos</strong></span> <span class='ocrx_word' id='word_1_716' title='bbox 1638 5007 1832 5073; x_wconf 77' lang='lat' dir='ltr'><strong>donat;</strong></span> <span class='ocrx_word' id='word_1_717' title='bbox 1862 5024 1893 5061; x_wconf 90' lang='lat' dir='ltr'><strong>n</strong></span> <span class='ocrx_word' id='word_1_718' title='bbox 1912 5025 1981 5062; x_wconf 79' lang='lat' dir='ltr'><strong>im</strong></span> 
     </span>
    </p>
   </div>
   <div class='ocr_carea' id='block_1_97' title="bbox 406 5095 1989 5168">
    <p class='ocr_par' dir='ltr' id='par_1_97' title="bbox 406 5095 1989 5168">
     <span class='ocr_line' id='line_1_97' title="bbox 406 5095 1989 5168; baseline 0 -16"><span class='ocrx_word' id='word_1_719' title='bbox 406 5099 652 5166; x_wconf 70' lang='lat' dir='ltr'><strong>superius</strong></span> <span class='ocrx_word' id='word_1_720' title='bbox 702 5095 926 5149; x_wconf 89' lang='lat' dir='ltr'><strong>alterum</strong></span> <span class='ocrx_word' id='word_1_721' title='bbox 978 5095 1267 5152; x_wconf 87' lang='lat' dir='ltr'><strong>Lucianum</strong></span> <span class='ocrx_word' id='word_1_722' title='bbox 1306 5100 1489 5168; x_wconf 80' lang='lat' dir='ltr'><strong>itidem</strong></span> <span class='ocrx_word' id='word_1_723' title='bbox 1538 5099 1817 5155; x_wconf 86' lang='lat' dir='ltr'><strong>Girensem</strong></span> <span class='ocrx_word' id='word_1_724' title='bbox 1866 5114 1989 5168; x_wconf 92' lang='lat' dir='ltr'><strong>pro-</strong></span> 
     </span>
    </p>
   </div>
   <div class='ocr_carea' id='block_1_98' title="bbox 409 5185 1981 5258">
    <p class='ocr_par' dir='ltr' id='par_1_98' title="bbox 409 5185 1981 5258">
     <span class='ocr_line' id='line_1_98' title="bbox 409 5185 1981 5258; baseline -0.003 -16"><span class='ocrx_word' id='word_1_725' title='bbox 409 5187 767 5247; x_wconf 83' lang='lat' dir='ltr'><strong>nuntiaverat.</strong></span> <span class='ocrx_word' id='word_1_726' title='bbox 796 5185 1032 5252; x_wconf 74' lang='lat' dir='ltr'><strong>Denique</strong></span> <span class='ocrx_word' id='word_1_727' title='bbox 1063 5185 1251 5241; x_wconf 84' lang='lat' dir='ltr'><strong>Lueilli</strong></span> <span class='ocrx_word' id='word_1_728' title='bbox 1281 5191 1464 5243; x_wconf 89' lang='lat' dir='ltr'><strong>urbem</strong></span> <span class='ocrx_word' id='word_1_729' title='bbox 1498 5189 1728 5258; x_wconf 90' lang='lat' dir='ltr'><strong>ignotam</strong></span> <span class='ocrx_word' id='word_1_730' title='bbox 1760 5190 1981 5257; x_wconf 76' lang='lat' dir='ltr'><strong>putavit,</strong></span> 
     </span>
    </p>
   </div>
   <div class='ocr_carea' id='block_1_99' title="bbox 412 5276 1985 5349">
    <p class='ocr_par' dir='ltr' id='par_1_99' title="bbox 412 5276 1985 5349">
     <span class='ocr_line' id='line_1_99' title="bbox 412 5276 1985 5349; baseline 0.001 -17"><span class='ocrx_word' id='word_1_731' title='bbox 412 5296 526 5349; x_wconf 84' lang='lat' dir='ltr'><strong>eum</strong></span> <span class='ocrx_word' id='word_1_732' title='bbox 562 5278 760 5332; x_wconf 89' lang='lat' dir='ltr'><strong>diserte</strong></span> <span class='ocrx_word' id='word_1_733' title='bbox 785 5276 1091 5344; x_wconf 70' lang='lat' dir='ltr'><strong>designetur</strong></span> <span class='ocrx_word' id='word_1_734' title='bbox 1120 5277 1185 5330; x_wconf 90' lang='lat' dir='ltr'><strong>ab</strong></span> <span class='ocrx_word' id='word_1_735' title='bbox 1219 5277 1508 5345; x_wconf 85' lang='lat' dir='ltr'><strong>Augustino</strong></span> <span class='ocrx_word' id='word_1_736' title='bbox 1542 5280 1631 5332; x_wconf 92' lang='lat' dir='ltr'><strong>lib.</strong></span> <span class='ocrx_word' id='word_1_737' title='bbox 1669 5296 1776 5333; x_wconf 80' lang='lat' dir='ltr'><strong>xxu</strong></span> <span class='ocrx_word' id='word_1_738' title='bbox 1803 5280 1868 5334; x_wconf 88' lang='lat' dir='ltr'><strong>de</strong></span> <span class='ocrx_word' id='word_1_739' title='bbox 1897 5278 1985 5334; x_wconf 87' lang='lat' dir='ltr'><strong>Ci-</strong></span> 
     </span>
    </p>
   </div>
   <div class='ocr_carea' id='block_1_100' title="bbox 414 5364 1987 5438">
    <p class='ocr_par' dir='ltr' id='par_1_100' title="bbox 414 5364 1987 5438">
     <span class='ocr_line' id='line_1_100' title="bbox 414 5364 1987 5438; baseline 0.004 -22"><span class='ocrx_word' id='word_1_740' title='bbox 414 5370 503 5422; x_wconf 72' lang='lat' dir='ltr'><strong>\‘il.</strong></span> <span class='ocrx_word' id='word_1_741' title='bbox 542 5368 664 5432; x_wconf 81' lang='lat' dir='ltr'><strong>Dei,</strong></span> <span class='ocrx_word' id='word_1_742' title='bbox 694 5383 813 5436; x_wconf 85' lang='lat' dir='ltr'><strong>cap.</strong></span> <span class='ocrx_word' id='word_1_743' title='bbox 850 5366 881 5420; x_wconf 91' lang='lat'><strong>8</strong></span> <span class='ocrx_word' id='word_1_744' title='bbox 910 5382 924 5417; x_wconf 87' lang='lat'><strong>:</strong></span> <span class='ocrx_word' id='word_1_745' title='bbox 966 5364 1051 5424; x_wconf 83' lang='lat' dir='ltr'><strong>ubi</strong></span> <span class='ocrx_word' id='word_1_746' title='bbox 1085 5364 1307 5434; x_wconf 86' lang='lat' dir='ltr'><strong>loquens</strong></span> <span class='ocrx_word' id='word_1_747' title='bbox 1338 5366 1404 5418; x_wconf 91' lang='lat' dir='ltr'><strong>de</strong></span> <span class='ocrx_word' id='word_1_748' title='bbox 1436 5368 1703 5422; x_wconf 89' lang='lat' dir='ltr'><strong>miraculis</strong></span> <span class='ocrx_word' id='word_1_749' title='bbox 1746 5377 1865 5438; x_wconf 91' lang='lat' dir='ltr'><strong>post</strong></span> <span class='ocrx_word' id='word_1_750' title='bbox 1892 5370 1987 5423; x_wconf 90' lang='lat' dir='ltr'><strong>dc-</strong></span> 
     </span>
    </p>
   </div>
   <div class='ocr_carea' id='block_1_101' title="bbox 415 5456 1985 5529">
    <p class='ocr_par' dir='ltr' id='par_1_101' title="bbox 415 5456 1985 5529">
     <span class='ocr_line' id='line_1_101' title="bbox 415 5456 1985 5529; baseline 0.001 -17"><span class='ocrx_word' id='word_1_751' title='bbox 415 5460 544 5514; x_wconf 88' lang='lat' dir='ltr'><strong>latas</strong></span> <span class='ocrx_word' id='word_1_752' title='bbox 576 5460 628 5515; x_wconf 85' lang='lat' dir='ltr'><strong>in</strong></span> <span class='ocrx_word' id='word_1_753' title='bbox 656 5460 885 5514; x_wconf 82' lang='lat' dir='ltr'><strong>Africam</strong></span> <span class='ocrx_word' id='word_1_754' title='bbox 912 5472 1055 5512; x_wconf 89' lang='lat' dir='ltr'><strong>anno</strong></span> <span class='ocrx_word' id='word_1_755' title='bbox 1083 5456 1188 5511; x_wconf 61' lang='lat'><strong>616</strong></span> <span class='ocrx_word' id='word_1_756' title='bbox 1216 5456 1274 5512; x_wconf 89' lang='lat' dir='ltr'><strong>S.</strong></span> <span class='ocrx_word' id='word_1_757' title='bbox 1300 5456 1557 5528; x_wconf 88' lang='lat' dir='ltr'><strong>Stephani</strong></span> <span class='ocrx_word' id='word_1_758' title='bbox 1588 5460 1858 5529; x_wconf 86' lang='lat' dir='ltr'><strong>reliquias,</strong></span> <span class='ocrx_word' id='word_1_759' title='bbox 1882 5462 1985 5515; x_wconf 90' lang='lat' dir='ltr'><strong>ait:</strong></span> 
     </span>
    </p>
   </div>
   <div class='ocr_carea' id='block_1_102' title="bbox 418 5547 1988 5619">
    <p class='ocr_par' dir='ltr' id='par_1_102' title="bbox 418 5547 1988 5619">
     <span class='ocr_line' id='line_1_102' title="bbox 418 5547 1988 5619; baseline 0 -14"><span class='ocrx_word' id='word_1_760' title='bbox 418 5548 442 5605; x_wconf 84' lang='grc'><strong><em>1</em></strong></span> <span class='ocrx_word' id='word_1_761' title='bbox 450 5568 480 5602; x_wconf 90' lang='lat' dir='ltr'><strong>n</strong></span> <span class='ocrx_word' id='word_1_762' title='bbox 506 5551 713 5603; x_wconf 83' lang='lat' dir='ltr'><strong>castello</strong></span> <span class='ocrx_word' id='word_1_763' title='bbox 740 5551 1007 5616; x_wconf 85' lang='lat' dir='ltr'><strong>Sinitensi,</strong></span> <span class='ocrx_word' id='word_1_764' title='bbox 1038 5549 1172 5619; x_wconf 88' lang='lat' dir='ltr'><strong>quod</strong></span> <span class='ocrx_word' id='word_1_765' title='bbox 1185 5547 1513 5617; x_wconf 81' lang='lat' dir='ltr'><strong>Hipponensi</strong></span> <span class='ocrx_word' id='word_1_766' title='bbox 1541 5552 1751 5605; x_wconf 82' lang='lat' dir='ltr'><strong>colonia:</strong></span> <span class='ocrx_word' id='word_1_767' title='bbox 1770 5554 1988 5606; x_wconf 85' lang='lat' dir='ltr'><strong>vicinum</strong></span> 
     </span>
    </p>
   </div>
   <div class='ocr_carea' id='block_1_103' title="bbox 412 5638 1988 5709">
    <p class='ocr_par' dir='ltr' id='par_1_103' title="bbox 412 5638 1988 5709">
     <span class='ocr_line' id='line_1_103' title="bbox 412 5638 1988 5709; baseline 0.004 -17"><span class='ocrx_word' id='word_1_768' title='bbox 412 5648 509 5703; x_wconf 70' lang='lat' dir='ltr'><strong>est,</strong></span> <span class='ocrx_word' id='word_1_769' title='bbox 560 5640 783 5707; x_wconf 78' lang='lat' dir='ltr'><strong>ejusdem</strong></span> <span class='ocrx_word' id='word_1_770' title='bbox 824 5640 921 5693; x_wconf 88' lang='lat' dir='ltr'><strong>loci</strong></span> <span class='ocrx_word' id='word_1_771' title='bbox 968 5638 1197 5695; x_wconf 86' lang='lat' dir='ltr'><strong>Lucillus</strong></span> <span class='ocrx_word' id='word_1_772' title='bbox 1227 5640 1494 5709; x_wconf 84' lang='lat' dir='ltr'><strong>episcopus</strong></span> <span class='ocrx_word' id='word_1_773' title='bbox 1514 5682 1527 5708; x_wconf 88' lang='lat'><strong>,</strong></span> <span class='ocrx_word' id='word_1_774' title='bbox 1562 5652 1664 5695; x_wconf 90' lang='lat' dir='ltr'><strong>etc.</strong></span> <span class='ocrx_word' id='word_1_775' title='bbox 1694 5642 1747 5694; x_wconf 92' lang='lat' dir='ltr'><strong>In</strong></span> <span class='ocrx_word' id='word_1_776' title='bbox 1779 5643 1988 5699; x_wconf 82' lang='lat' dir='ltr'><strong>excusis</strong></span> 
     </span>
    </p>
   </div>
   <div class='ocr_carea' id='block_1_104' title="bbox 412 5727 1962 5803">
    <p class='ocr_par' dir='ltr' id='par_1_104' title="bbox 412 5727 1962 5803">
     <span class='ocr_line' id='line_1_104' title="bbox 412 5727 1962 5803; baseline 0.003 -19"><span class='ocrx_word' id='word_1_777' title='bbox 412 5727 688 5797; x_wconf 64' lang='lat' dir='ltr'><strong>codicibus</strong></span> <span class='ocrx_word' id='word_1_778' title='bbox 711 5727 902 5801; x_wconf 88' lang='lat' dir='ltr'><strong>legitur</strong></span> <span class='ocrx_word' id='word_1_779' title='bbox 920 5729 1221 5803; x_wconf 65' lang='lat' dir='ltr'><strong>Sunii-ensi;</strong></span> <span class='ocrx_word' id='word_1_780' title='bbox 1244 5730 1336 5788; x_wconf 84' lang='lat' dir='ltr'><strong>sed</strong></span> <span class='ocrx_word' id='word_1_781' title='bbox 1366 5740 1595 5802; x_wconf 86' lang='lat' dir='ltr'><strong>quatuor</strong></span> <span class='ocrx_word' id='word_1_782' title='bbox 1614 5731 1831 5789; x_wconf 58' lang='lat' dir='ltr'><strong>codices,</strong></span> <span class='ocrx_word' id='word_1_783' title='bbox 1854 5748 1962 5789; x_wconf 87' lang='lat' dir='ltr'><strong>mss</strong></span> 
     </span>
    </p>
   </div>
   <div class='ocr_carea' id='block_1_105' title="bbox 2089 4642 3688 4716">
    <p class='ocr_par' dir='ltr' id='par_1_105' title="bbox 2089 4642 3688 4716">
     <span class='ocr_line' id='line_1_105' title="bbox 2089 4642 3688 4716; baseline -0.001 -20"><span class='ocrx_word' id='word_1_784' title='bbox 2089 4646 2348 4715; x_wconf 65' lang='lat' dir='ltr'><strong>praesentis</strong></span> <span class='ocrx_word' id='word_1_785' title='bbox 2371 4646 2677 4705; x_wconf 82' lang='lat' dir='ltr'><strong>sanctissimi</strong></span> <span class='ocrx_word' id='word_1_786' title='bbox 2706 4646 2903 4716; x_wconf 89' lang='lat' dir='ltr'><strong>(mulus</strong></span> <span class='ocrx_word' id='word_1_787' title='bbox 2931 4644 3129 4699; x_wconf 91' lang='lat' dir='ltr'><strong>mulum</strong></span> <span class='ocrx_word' id='word_1_788' title='bbox 3162 4642 3335 4707; x_wconf 75' lang='lat' dir='ltr'><strong>fricat)</strong></span> <span class='ocrx_word' id='word_1_789' title='bbox 3367 4643 3595 4711; x_wconf 85' lang='lat' dir='ltr'><strong>collega:</strong></span> <span class='ocrx_word' id='word_1_790' title='bbox 3625 4659 3688 4695; x_wconf 87' lang='lat' dir='ltr'><strong>ac</strong></span> 
     </span>
    </p>
   </div>
   <div class='ocr_carea' id='block_1_106' title="bbox 2091 4733 3687 4804">
    <p class='ocr_par' dir='ltr' id='par_1_106' title="bbox 2091 4733 3687 4804">
     <span class='ocr_line' id='line_1_106' title="bbox 2091 4733 3687 4804; baseline 0.001 -17"><span class='ocrx_word' id='word_1_791' title='bbox 2091 4738 2268 4804; x_wconf 83' lang='lat' dir='ltr'><strong>fratris</strong></span> <span class='ocrx_word' id='word_1_792' title='bbox 2297 4738 2391 4788; x_wconf 66' lang='lat' dir='ltr'><strong>mei</strong></span> <span class='ocrx_word' id='word_1_793' title='bbox 2420 4737 2667 4791; x_wconf 83' lang='lat' dir='ltr'><strong>Adeoduti</strong></span> <span class='ocrx_word' id='word_1_794' title='bbox 2694 4778 2707 4802; x_wconf 95' lang='lat'><strong>,</strong></span> <span class='ocrx_word' id='word_1_795' title='bbox 2738 4738 2792 4790; x_wconf 85' lang='lat' dir='ltr'><strong>id</strong></span> <span class='ocrx_word' id='word_1_796' title='bbox 2822 4747 2893 4791; x_wconf 80' lang='lat' dir='ltr'><strong>est</strong></span> <span class='ocrx_word' id='word_1_797' title='bbox 2912 4780 2925 4803; x_wconf 87' lang='lat'><strong>,</strong></span> <span class='ocrx_word' id='word_1_798' title='bbox 2956 4738 3004 4789; x_wconf 90' lang='lat' dir='ltr'><strong>in</strong></span> <span class='ocrx_word' id='word_1_799' title='bbox 3029 4737 3226 4789; x_wconf 86' lang='lat' dir='ltr'><strong>civitate</strong></span> <span class='ocrx_word' id='word_1_800' title='bbox 3249 4733 3420 4787; x_wconf 68' lang='lat' dir='ltr'><strong>Mileti</strong></span> <span class='ocrx_word' id='word_1_801' title='bbox 3446 4750 3586 4800; x_wconf 75' lang='lat' dir='ltr'><strong>una,</strong></span> <span class='ocrx_word' id='word_1_802' title='bbox 3614 4736 3687 4789; x_wconf 72' lang='lat' dir='ltr'><strong>ita</strong></span> 
     </span>
    </p>
   </div>
   <div class='ocr_carea' id='block_1_107' title="bbox 2090 4822 3685 4894">
    <p class='ocr_par' dir='ltr' id='par_1_107' title="bbox 2090 4822 3685 4894">
     <span class='ocr_line' id='line_1_107' title="bbox 2090 4822 3685 4894; baseline -0.003 -16"><span class='ocrx_word' id='word_1_803' title='bbox 2090 4828 2356 4878; x_wconf 87' lang='lat' dir='ltr'><strong>commissa</strong></span> <span class='ocrx_word' id='word_1_804' title='bbox 2374 4842 2452 4880; x_wconf 84' lang='lat' dir='ltr'><strong>res</strong></span> <span class='ocrx_word' id='word_1_805' title='bbox 2479 4836 2573 4894; x_wconf 86' lang='lat' dir='ltr'><strong>est,</strong></span> <span class='ocrx_word' id='word_1_806' title='bbox 2598 4838 2651 4879; x_wconf 84' lang='lat' dir='ltr'><strong>ut</strong></span> <span class='ocrx_word' id='word_1_807' title='bbox 2680 4843 2833 4879; x_wconf 89' lang='lat' dir='ltr'><strong>unum</strong></span> <span class='ocrx_word' id='word_1_808' title='bbox 2860 4827 3047 4879; x_wconf 81' lang='lat' dir='ltr'><strong>ibidem</strong></span> <span class='ocrx_word' id='word_1_809' title='bbox 3071 4824 3251 4877; x_wconf 79' lang='lat' dir='ltr'><strong>habeat</strong></span> <span class='ocrx_word' id='word_1_810' title='bbox 3279 4822 3685 4885; x_wconf 71' lang='lat' dir='ltr'><strong>adversarium,</strong></span> 
     </span>
    </p>
   </div>
   <div class='ocr_carea' id='block_1_108' title="bbox 2090 4914 3686 4987">
    <p class='ocr_par' dir='ltr' id='par_1_108' title="bbox 2090 4914 3686 4987">
     <span class='ocr_line' id='line_1_108' title="bbox 2090 4914 3686 4987; baseline -0.003 -16"><span class='ocrx_word' id='word_1_811' title='bbox 2090 4919 2305 4973; x_wconf 88' lang='lat' dir='ltr'><strong>alterum</strong></span> <span class='ocrx_word' id='word_1_812' title='bbox 2332 4920 2385 4971; x_wconf 91' lang='lat' dir='ltr'><strong>in</strong></span> <span class='ocrx_word' id='word_1_813' title='bbox 2419 4918 2667 4972; x_wconf 86' lang='lat' dir='ltr'><strong>Tuncensi</strong></span> <span class='ocrx_word' id='word_1_814' title='bbox 2696 4919 2915 4985; x_wconf 78' lang='lat' dir='ltr'><strong>civitate,</strong></span> <span class='ocrx_word' id='word_1_815' title='bbox 2947 4918 3031 4986; x_wconf 88' lang='lat' dir='ltr'><strong>qui</strong></span> <span class='ocrx_word' id='word_1_816' title='bbox 3060 4917 3127 4970; x_wconf 87' lang='lat' dir='ltr'><strong>ad</strong></span> <span class='ocrx_word' id='word_1_817' title='bbox 3154 4916 3310 4987; x_wconf 83' lang='lat' dir='ltr'><strong>hujus</strong></span> <span class='ocrx_word' id='word_1_818' title='bbox 3331 4914 3529 4967; x_wconf 83' lang='lat' dir='ltr'><strong>scilicet</strong></span> <span class='ocrx_word' id='word_1_819' title='bbox 3562 4916 3686 4985; x_wconf 81' lang='lat' dir='ltr'><strong>ple-</strong></span> 
     </span>
    </p>
   </div>
   <div class='ocr_carea' id='block_1_109' title="bbox 2092 5005 3686 5081">
    <p class='ocr_par' dir='ltr' id='par_1_109' title="bbox 2092 5005 3686 5081">
     <span class='ocr_line' id='line_1_109' title="bbox 2092 5005 3686 5081; baseline -0.003 -20"><span class='ocrx_word' id='word_1_820' title='bbox 2092 5010 2199 5064; x_wconf 81' lang='lat' dir='ltr'><strong>bem</strong></span> <span class='ocrx_word' id='word_1_821' title='bbox 2229 5011 2507 5081; x_wconf 82' lang='lat' dir='ltr'><strong>antiquitus</strong></span> <span class='ocrx_word' id='word_1_822' title='bbox 2544 5011 2788 5077; x_wconf 77' lang='lat' dir='ltr'><strong>pertinet,</strong></span> <span class='ocrx_word' id='word_1_823' title='bbox 2833 5018 2878 5062; x_wconf 86' lang='lat' dir='ltr'><strong>et</strong></span> <span class='ocrx_word' id='word_1_824' title='bbox 2906 5018 3022 5060; x_wconf 90' lang='lat' dir='ltr'><strong>ante</strong></span> <span class='ocrx_word' id='word_1_825' title='bbox 3058 5008 3313 5061; x_wconf 82' lang='lat' dir='ltr'><strong>biennium</strong></span> <span class='ocrx_word' id='word_1_826' title='bbox 3338 5005 3548 5057; x_wconf 74' lang='lat' dir='ltr'><strong>videtur</strong></span> <span class='ocrx_word' id='word_1_827' title='bbox 3570 5022 3686 5058; x_wconf 76' lang='lat' dir='ltr'><strong>esse</strong></span> 
     </span>
    </p>
   </div>
   <div class='ocr_carea' id='block_1_110' title="bbox 2092 5094 3683 5167">
    <p class='ocr_par' dir='ltr' id='par_1_110' title="bbox 2092 5094 3683 5167">
     <span class='ocr_line' id='line_1_110' title="bbox 2092 5094 3683 5167; baseline -0.004 -14"><span class='ocrx_word' id='word_1_828' title='bbox 2092 5102 2415 5154; x_wconf 84' lang='lat' dir='ltr'><strong>constitutus.</strong></span> <span class='ocrx_word' id='word_1_829' title='bbox 2466 5100 2561 5153; x_wconf 93' lang='lat' dir='ltr'><strong>IIic</strong></span> <span class='ocrx_word' id='word_1_830' title='bbox 2608 5099 2720 5167; x_wconf 88' lang='lat' dir='ltr'><strong>ipse</strong></span> <span class='ocrx_word' id='word_1_831' title='bbox 2758 5109 2872 5152; x_wconf 89' lang='lat' dir='ltr'><strong>erat</strong></span> <span class='ocrx_word' id='word_1_832' title='bbox 2899 5098 3157 5161; x_wconf 86' lang='lat' dir='ltr'><strong>Sabinus;</strong></span> <span class='ocrx_word' id='word_1_833' title='bbox 3186 5095 3381 5151; x_wconf 86' lang='lat' dir='ltr'><strong>etenim</strong></span> <span class='ocrx_word' id='word_1_834' title='bbox 3410 5109 3537 5163; x_wconf 87' lang='lat' dir='ltr'><strong>cap.</strong></span> <span class='ocrx_word' id='word_1_835' title='bbox 3578 5094 3683 5149; x_wconf 82' lang='lat' dir='ltr'><strong>I50</strong></span> 
     </span>
    </p>
   </div>
   <div class='ocr_carea' id='block_1_111' title="bbox 2092 5186 3681 5256">
    <p class='ocr_par' dir='ltr' id='par_1_111' title="bbox 2092 5186 3681 5256">
     <span class='ocr_line' id='line_1_111' title="bbox 2092 5186 3681 5256; baseline -0.006 -9"><span class='ocrx_word' id='word_1_836' title='bbox 2092 5193 2221 5248; x_wconf 92' lang='lat' dir='ltr'><strong>edit.</strong></span> <span class='ocrx_word' id='word_1_837' title='bbox 2247 5191 2444 5247; x_wconf 80' lang='lat' dir='ltr'><strong>Labbei</strong></span> <span class='ocrx_word' id='word_1_838' title='bbox 2490 5192 2604 5245; x_wconf 68' lang='lat' dir='ltr'><strong>Ittec</strong></span> <span class='ocrx_word' id='word_1_839' title='bbox 2656 5191 2917 5245; x_wconf 85' lang='lat' dir='ltr'><strong>habentur</strong></span> <span class='ocrx_word' id='word_1_840' title='bbox 2949 5209 2960 5243; x_wconf 90' lang='lat'><strong>:</strong></span> <span class='ocrx_word' id='word_1_841' title='bbox 2994 5189 3215 5245; x_wconf 84' lang='lat' dir='ltr'><strong>Sabinus</strong></span> <span class='ocrx_word' id='word_1_842' title='bbox 3242 5202 3511 5256; x_wconf 80' lang='lat' dir='ltr'><strong>eptswpus</strong></span> <span class='ocrx_word' id='word_1_843' title='bbox 3540 5186 3681 5239; x_wconf 77' lang='lat' dir='ltr'><strong>Tuc-</strong></span> 
     </span>
    </p>
   </div>
   <div class='ocr_carea' id='block_1_112' title="bbox 2091 5277 3678 5345">
    <p class='ocr_par' dir='ltr' id='par_1_112' title="bbox 2091 5277 3678 5345">
     <span class='ocr_line' id='line_1_112' title="bbox 2091 5277 3678 5345; baseline -0.003 -10"><span class='ocrx_word' id='word_1_844' title='bbox 2091 5284 2270 5335; x_wconf 89' lang='lat' dir='ltr'><strong>censis.</strong></span> <span class='ocrx_word' id='word_1_845' title='bbox 2305 5281 2448 5335; x_wconf 89' lang='lat' dir='ltr'><strong>Idem</strong></span> <span class='ocrx_word' id='word_1_846' title='bbox 2488 5282 2657 5335; x_wconf 75' lang='lat' dir='ltr'><strong>dixit:</strong></span> <span class='ocrx_word' id='word_1_847' title='bbox 2690 5280 2888 5334; x_wconf 64' lang='lat' dir='ltr'><strong>Pratsto</strong></span> <span class='ocrx_word' id='word_1_848' title='bbox 2916 5297 3045 5334; x_wconf 88' lang='lat' dir='ltr'><strong>sum.</strong></span> <span class='ocrx_word' id='word_1_849' title='bbox 3086 5279 3371 5331; x_wconf 80' lang='lat' dir='ltr'><strong>Adeodatus</strong></span> <span class='ocrx_word' id='word_1_850' title='bbox 3400 5277 3678 5345; x_wconf 70' lang='lat' dir='ltr'><strong>episcopus</strong></span> 
     </span>
    </p>
   </div>
   <div class='ocr_carea' id='block_1_113' title="bbox 2094 5367 3677 5435">
    <p class='ocr_par' dir='ltr' id='par_1_113' title="bbox 2094 5367 3677 5435">
     <span class='ocr_line' id='line_1_113' title="bbox 2094 5367 3677 5435; baseline -0.005 -8"><span class='ocrx_word' id='word_1_851' title='bbox 2094 5373 2221 5427; x_wconf 70' lang='lat' dir='ltr'><strong>dixit</strong></span> <span class='ocrx_word' id='word_1_852' title='bbox 2249 5387 2268 5425; x_wconf 92' lang='lat'><strong><em>:</em></strong></span> <span class='ocrx_word' id='word_1_853' title='bbox 2297 5369 2360 5424; x_wconf 88' lang='lat' dir='ltr'><strong>In</strong></span> <span class='ocrx_word' id='word_1_854' title='bbox 2400 5372 2600 5425; x_wconf 76' lang='lat' dir='ltr'><strong>dimcesi</strong></span> <span class='ocrx_word' id='word_1_855' title='bbox 2640 5388 2751 5425; x_wconf 87' lang='lat' dir='ltr'><strong>mea</strong></span> <span class='ocrx_word' id='word_1_856' title='bbox 2795 5381 2869 5426; x_wconf 87' lang='lat' dir='ltr'><strong>est</strong></span> <span class='ocrx_word' id='word_1_857' title='bbox 2915 5372 3199 5423; x_wconf 86' lang='lat' dir='ltr'><strong>ordinatus.</strong></span> <span class='ocrx_word' id='word_1_858' title='bbox 3238 5369 3419 5435; x_wconf 81' lang='lat' dir='ltr'><strong>Itaque</strong></span> <span class='ocrx_word' id='word_1_859' title='bbox 3448 5367 3677 5432; x_wconf 68' lang='lat' dir='ltr'><strong>Tuaen,</strong></span> 
     </span>
    </p>
   </div>
   <div class='ocr_carea' id='block_1_114' title="bbox 2092 5456 3678 5525">
    <p class='ocr_par' dir='ltr' id='par_1_114' title="bbox 2092 5456 3678 5525">
     <span class='ocr_line' id='line_1_114' title="bbox 2092 5456 3678 5525; baseline -0.006 -8"><span class='ocrx_word' id='word_1_860' title='bbox 2092 5478 2186 5518; x_wconf 89' lang='lat' dir='ltr'><strong>seu</strong></span> <span class='ocrx_word' id='word_1_861' title='bbox 2213 5463 2410 5525; x_wconf 82' lang='lat' dir='ltr'><strong>Tucca,</strong></span> <span class='ocrx_word' id='word_1_862' title='bbox 2440 5463 2562 5516; x_wconf 91' lang='lat' dir='ltr'><strong>nolo</strong></span> <span class='ocrx_word' id='word_1_863' title='bbox 2583 5463 2725 5517; x_wconf 88' lang='lat' dir='ltr'><strong>enim</strong></span> <span class='ocrx_word' id='word_1_864' title='bbox 2750 5462 2816 5516; x_wconf 87' lang='lat' dir='ltr'><strong>de</strong></span> <span class='ocrx_word' id='word_1_865' title='bbox 2848 5460 3060 5515; x_wconf 87' lang='lat' dir='ltr'><strong>nomine</strong></span> <span class='ocrx_word' id='word_1_866' title='bbox 3086 5474 3206 5514; x_wconf 88' lang='lat' dir='ltr'><strong>Cum</strong></span> <span class='ocrx_word' id='word_1_867' title='bbox 3240 5456 3502 5511; x_wconf 89' lang='lat' dir='ltr'><strong>Garnerio</strong></span> <span class='ocrx_word' id='word_1_868' title='bbox 3532 5471 3678 5511; x_wconf 83' lang='lat' dir='ltr'><strong>cau-</strong></span> 
     </span>
    </p>
   </div>
   <div class='ocr_carea' id='block_1_115' title="bbox 2094 5546 3680 5617">
    <p class='ocr_par' dir='ltr' id='par_1_115' title="bbox 2094 5546 3680 5617">
     <span class='ocr_line' id='line_1_115' title="bbox 2094 5546 3680 5617; baseline -0.006 -11"><span class='ocrx_word' id='word_1_869' title='bbox 2094 5553 2343 5608; x_wconf 86' lang='lat' dir='ltr'><strong>teutionis</strong></span> <span class='ocrx_word' id='word_1_870' title='bbox 2359 5552 2536 5607; x_wconf 80' lang='lat' dir='ltr'><strong>funem</strong></span> <span class='ocrx_word' id='word_1_871' title='bbox 2558 5552 2772 5617; x_wconf 88' lang='lat' dir='ltr'><strong>dueere,</strong></span> <span class='ocrx_word' id='word_1_872' title='bbox 2804 5561 2918 5605; x_wconf 89' lang='lat' dir='ltr'><strong>erat</strong></span> <span class='ocrx_word' id='word_1_873' title='bbox 2940 5548 3225 5605; x_wconf 75' lang='lat' dir='ltr'><strong>indimcesi</strong></span> <span class='ocrx_word' id='word_1_874' title='bbox 3249 5547 3579 5601; x_wconf 83' lang='lat' dir='ltr'><strong>Milevitana.</strong></span> <span class='ocrx_word' id='word_1_875' title='bbox 3608 5546 3680 5598; x_wconf 86' lang='lat' dir='ltr'><strong>At</strong></span> 
     </span>
    </p>
   </div>
   <div class='ocr_carea' id='block_1_116' title="bbox 2093 5636 3679 5714">
    <p class='ocr_par' dir='ltr' id='par_1_116' title="bbox 2093 5636 3679 5714">
     <span class='ocr_line' id='line_1_116' title="bbox 2093 5636 3679 5714; baseline -0.008 -15"><span class='ocrx_word' id='word_1_876' title='bbox 2093 5644 2479 5714; x_wconf 81' lang='lat' dir='ltr'><strong>Milevis,quam</strong></span> <span class='ocrx_word' id='word_1_877' title='bbox 2509 5643 2717 5697; x_wconf 80' lang='lat' dir='ltr'><strong>Mileum</strong></span> <span class='ocrx_word' id='word_1_878' title='bbox 2750 5644 3047 5697; x_wconf 84' lang='lat' dir='ltr'><strong>Antoninus</strong></span> <span class='ocrx_word' id='word_1_879' title='bbox 3073 5648 3244 5702; x_wconf 79' lang='lat' dir='ltr'><strong>voc.tt,</strong></span> <span class='ocrx_word' id='word_1_880' title='bbox 3269 5636 3499 5690; x_wconf 87' lang='lat' dir='ltr'><strong>distabat</strong></span> <span class='ocrx_word' id='word_1_881' title='bbox 3521 5636 3679 5688; x_wconf 84' lang='lat' dir='ltr'><strong>Cirta</strong></span> 
     </span>
    </p>
   </div>
   <div class='ocr_carea' id='block_1_117' title="bbox 2093 5727 3679 5807">
    <p class='ocr_par' dir='ltr' id='par_1_117' title="bbox 2093 5727 3679 5807">
     <span class='ocr_line' id='line_1_117' title="bbox 2093 5727 3679 5807; baseline -0.004 -19"><span class='ocrx_word' id='word_1_882' title='bbox 2093 5749 2277 5795; x_wconf 78' lang='lat' dir='ltr'><strong>versus</strong></span> <span class='ocrx_word' id='word_1_883' title='bbox 2307 5737 2624 5807; x_wconf 76' lang='lat' dir='ltr'><strong>Ampsagnm</strong></span> <span class='ocrx_word' id='word_1_884' title='bbox 2654 5736 2786 5790; x_wconf 92' lang='lat' dir='ltr'><strong>tnill.</strong></span> <span class='ocrx_word' id='word_1_885' title='bbox 2819 5748 2960 5804; x_wconf 54' lang='lat' dir='ltr'><strong>pass.</strong></span> <span class='ocrx_word' id='word_1_886' title='bbox 2990 5735 3081 5803; x_wconf 72' lang='lat'><strong>25,</strong></span> <span class='ocrx_word' id='word_1_887' title='bbox 3115 5740 3167 5789; x_wconf 79' lang='lat' dir='ltr'><strong>et</strong></span> <span class='ocrx_word' id='word_1_888' title='bbox 3204 5732 3255 5787; x_wconf 91' lang='lat' dir='ltr'><strong>in</strong></span> <span class='ocrx_word' id='word_1_889' title='bbox 3287 5729 3502 5785; x_wconf 85' lang='lat' dir='ltr'><strong>Tabulis</strong></span> <span class='ocrx_word' id='word_1_890' title='bbox 3531 5727 3679 5782; x_wconf 83' lang='lat' dir='ltr'><strong>Peu-</strong></span> 
     </span>
    </p>
   </div>
  </div>
