3908 6314
220 314 317 373 διε)

921 307 1265 380 VARIORLTM
1310 324 1904 383 EXERCITATlONl-IS
1945 330 2008 382 IN
2047 333 2100 385 S.
2146 333 2509 388 AL’CL‘STINI
2552 335 2795 390 ΟΡΕΠᾹ.

3362 346 3421 398 5‘!
3432 344 3473 398 (β

222 432 524 500 tingcrianis
566 431 821 487 scribitur
867 433 1039 488 Milev.
1069 435 1289 498 colonia,
1331 448 1382 489 et
1413 437 1624 503 poni'ur
1655 436 1785 489 infra

1895 443 2031 496 nodo
2060 444 2493 511 rebaptizantium
2528 448 2822 512 appellatur
2853 450 2988 516 apud
3030 451 3160 513 Aug.
3201 454 3290 505 li‘i.
3321 473 3371 508 γι
3394 457 3463 508 de

221 518 592 587 llusiccadem,
619 537 737 590 quae
751 524 892 576 Cirta
916 524 1096 577 aberat
1116 540 1179 578 ex
1206 526 1373 578 Plinio
1394 526 1462 579 48
1485 526 1617 580 mill.
1644 539 1786 595 pass.

210 614 344 669 Cirta
381 631 490 670 non
517 626 633 671 erat
664 618 712 670 in
743 618 915 671 media
946 619 1219 682 Numidia;
1255 635 1375 674 nam
1403 621 1632 673 distabat
1665 620 1791 687 Ilip-

201 720 332 768 pone
353 705 535 775 Regio
555 706 688 759 mill.
717 722 858 775 pass.
883 707 1041 773 94,et
1064 710 1306 763 Numidia
1329 712 1465 763 ultra
1493 710 1793 778 Hipponem

196 796 504 852 fabracatn
532 814 702 868 usque
732 798 975 853 ultimum
1020 804 1303 866 provincia:
1331 804 1553 857 limitem
1606 817 1790 857 versns

185 888 505 955 Orientem,
528 892 945 960 protemlebatur
960 894 1094 947 mill.
1125 910 1188 963 pa
1202 911 1265 948 ςς.
1290 896 1376 950 64.
1407 896 1576 950 Milt-vi
1599 897 1793 951 Cuicu-

176 984 280 1036 i'tl‘l‘l
297 995 625 1038 extremam
641 985 898 1039 Numidica
912 988 1096 1041 trabem
1113 1004 1298 1043 versus
1315 991 1437 1043 (it‘t'l
1464 994 1656 1043 Iuntem
1676 1000 1792 1046 erat

172 1074 274 1125 iter
294 1075 462 1128 mill.
488 1090 630 1142 pass.
646 1076 734 1137 50.
755 1076 1044 1131 Tabracam
1065 1093 1193 1132 vero
1211 1072 1343 1132 mill.
1364 1094 1501 1141 pass.
1519 1081 1642 1147 £83,
1660 1097 1789 1136 eun-

166 1163 321 1214 tibus
374 1164 450 1217 ad
486 1167 912 1233 procnnsularcs.
955 1168 1077 1221 llaec
1111 1184 1173 1221 ex
1219 1168 1499 1224 ltinerario
1534 1173 1787 1226 Antonini

164 1266 407 1321 patent.
430 1255 619 1323 Itaque
640 1256 840 1323 Tunna,
865 1273 983 1326 qum
1008 1267 1123 1313 erat
1150 1260 1205 1312 in
1229 1260 1444 1315 dimcesi
1466 1261 1785 1327 Milevitana,

161 1365 271 1403 non
308 1361 455 1404 erat
491 1352 541 1402 in
574 1353 742 1404 media
774 1352 1035 1410 Numidia.
1062 1354 1153 1407 sed
1187 1368 1344 1422 Supra
1376 1356 1571 1408 Cirtam
1603 1371 1790 1411 versus

160 1440 511 1493 Sitifen~es.
552 1442 605 1494 In
646 1441 860 1495 Tabulis
898 1443 1321 1511 Peutingerianis
1353 1460 1439 1498 res
1468 1445 1532 1499 ad
1576 1447 1786 1502 oculum

160 1543 353 1598 patet.
403 1532 546 1585 llinc
575 1532 730 1585 etiam
761 1531 967 1586 deduco
1008 1536 1249 1588 neutrius
1277 1535 1497 1595 Tuccaa.
1554 1553 1686 1601 quas
1722 1554 1789 1593 ex

161 1623 411 1691 synodo
464 1623 525 1678 S.
582 1618 827 1690 Cypriani
879 1624 1102 1691 laudat,
1159 1625 1413 1679 Sabinum
1474 1628 1785 1696 episcopum

163 1714 400 1776 fuisse;
442 1729 570 1767 natu
598 1714 699 1767 illm
726 1715 885 1768 urbes
914 1730 1036 1769 suos
1070 1716 1336 1771 habebant
1360 1718 1640 1789 episcopos
1663 1731 1786 1773 ante

1897 534 2070 603 Bapt.,
2102 551 2223 602 cap.
2259 536 2322 589 1‘2.
2343 577 2356 597 ,
2396 537 2728 592 Nemesianus
2754 557 2783 591 a
2815 541 3075 613 Tubunis,-
3099 544 3236 595 idctn
3267 550 3467 611 pariter

1892 628 2050 693 epist.
2082 628 2149 679 70
2179 626 2419 679 Tubunas
2441 630 2710 693 nominat;
2738 630 2829 685 sed
2849 647 2945 686 nec
2972 631 3146 685 addita
3177 637 3352 687 cautio
3379 638 3464 691 vel

1894 730 2076 783 parum
2108 717 2375 771 hominem
2413 720 2578 783 juvat.
2616 723 2765 776 llmle
2797 722 2952 776 habet
2982 725 3214 793 quinque
3238 725 3467 781 Cresco—

1895 806 2010 858 uios
2034 846 2048 871 ,
2078 806 2165 875 qui
2196 823 2335 860 anno
2378 807 2477 864 Alt
2523 811 2794 866 collationi
2836 813 3125 869 interfuere
3150 857 3164 878 ,
3193 830 3330 869 anno
3359 815 3469 871 ΗΟ

1892 897 2062 950 adlmc
2087 901 2403 966 superstites
2432 902 2594 957 luisse
2616 944 2630 965 ,
2663 919 2730 959 ne
2758 921 2863 959 uno
2888 906 3099 974 quidem
3142 909 3277 963 intra
3309 913 3465 979 quin-

1891 990 2179 1055 quennimn
2227 990 2516 1046 defuncto?
2572 995 2716 1049 Itane
2768 998 2998 1066 quinque
3055 998 3462 1057 Cresconiorum

1893 1094 2147 1134 numerus
2189 1082 2346 1148 pleno
2398 1086 2760 1152 quinquennio
2806 1089 2990 1155 elapso
3038 1107 3141 1145 non
3190 1093 3461 1154 decrevit.

1892 1179 2107 1223 auctore
2137 1169 2398 1226 Garnerio
2426 1215 2440 1237 ,
2490 1176 2578 1252 qui
2613 1176 2678 1230 de
2708 1178 2967 1245 Delphina
3002 1183 3240 1236 scribens
3267 1223 3282 1247 ,
3316 1185 3461 1238 bert

1893 1258 2088 1314 biennii
2114 1263 2287 1327 Spatio
2315 1264 2607 1318 octodecim
2639 1267 2688 1319 in
2718 1283 2821 1320 una
2852 1271 3119 1336 provincia
3162 1275 3460 1340 episcopos,

1894 1360 1948 1404 ut
1975 1353 2283 1420 ostendam,
2320 1353 2459 1408 diem
2505 1356 2703 1412 obiisse
2736 1358 3000 1428 publicat?
3044 1363 3150 1415 Cur
3192 1379 3285 1417 nec
3327 1380 3463 1418 unus

1891 1443 2079 1496 saltem
2135 1443 2342 1497 illorum
2399 1445 2806 1511 Caesconiorum
2864 1450 3006 1505 domi
3058 1457 3331 1520 remansit,
3382 1457 3461 1509 vel

1893 1531 2072 1585 nullus
2113 1532 2351 1599 ejusdem
2394 1536 2623 1591 nominis
2662 1540 2940 1607 episcopus
2988 1542 3122 1595 intra
3165 1544 3465 1610 quinquen-

1842 1648 1848 1659 ι
1892 1624 2037 1674 nium
2070 1634 2413 1678 consecratus
2441 1625 2706 1680 Milevium
2735 1631 3018 1696 perrexit?
3049 1631 3138 1684 His
3160 1634 3297 1685 addo
3325 1636 3460 1687 alte-

1893 1726 2004 1763 ram
2052 1711 2216 1767 fuisse
2260 1713 2537 1770 Tubunam
2587 1717 2639 1769 in
2684 1719 2990 1772 Mauritania
3032 1721 3345 1777 Crcsariensi
3394 1740 3460 1779 ex

165 1820 399 1857 annum
436 1806 658 1870 epnclta:
687 1805 1000 1859 Christiana:
1024 1805 1152 1870 258,
1186 1822 1290 1874 quo
1317 1806 1615 1878 Cyprianus
1644 1824 1786 1863 mar-
1820 1797 1861 1854 Β
1891 1799 2082 1853 Notitia
2113 1811 2402 1856 memorata
2422 1814 2505 1863 .et
2531 1805 2581 1857 in
2604 1807 2856 1861 alterutra
2887 1810 3016 1863 urbe
3041 1812 3179 1867 sedit
3202 1813 3462 1867 Nemes‘ia.

169 1893 398 1961 tyrimn
453 1894 645 1955 subiit;
694 1894 946 1961 oppidum
988 1910 1113 1948 vero
1154 1894 1332 1949 Sabini
1378 1908 1495 1949 ante
1536 1899 1790 1951 biennium

173 1999 355 2049 qitam
418 1974 638 2038 collatio
673 1985 993 2053 Cattltagine
1044 1985 1349 2048 haberetur,
1409 2002 1599 2057 nempe
1651 2004 1791 2042 anno

178 2076 288 2132 £09
316 2077 629 2144 episcopali
673 2078 896 2144 primum
936 2077 1191 2144 dignitate
1218 2089 1462 2133 ornatum
1505 2081 1636 2143 fuit,
1669 2097 1788 2135 cum

182 2168 498 2235 antiquius
529 2167 661 2219 intra
702 2166 971 2221 dioecesim
1009 2168 1292 2221 lllilevitani
1322 2170 1577 2225 antistitis
1608 2187 1792 2226 cense-

185 2269 263 2313 tet
274 2274 377 2312 Ill'.

260 2347 581 2401 Fausrtaus
610 2347 948 2403 Sttunars.
995 2348 1076 2402 Ita
1107 2350 1157 2401 in
1194 2350 1463 2404 colla'ione
1492 2352 1699 2420 legitur;
1731 2350 1792 2403 In

198 2437 417 2491 Not'tia
445 2455 566 2492 vero
597 2439 860 2492 Numidia:
887 2442 943 2505 ﬁt
972 2442 1161 2493 mentio
1187 2441 1297 2494 Mm
1311 2443 1397 2495 imi
1426 2443 1689 2507 Sillitani,
1708 2444 1794 2512 qui

192 2530 360 2593 periit
394 2531 447 2582 in
481 2530 660 2581 itinere
686 2531 755 2581 ad
777 2531 1033 2584 exsilium.
1068 2531 1122 2583 In
1150 2531 1335 2584 eadem
1360 2534 1578 2585 omnino
1603 2535 1790 2601 pagina

195 2622 350 2675 duos
376 2622 663 2676 Faustinos
684 2623 869 2675 Sillitae
895 2624 1173 2689 episcopos
1198 2637 1338 2676 anno
1359 2624 1462 2677 416
1482 2625 1793 2679 Milevitana;

201 2711 422 2781 synodo
469 2721 758 2778 praesPntes
801 2711 945 2767 facit.
1000 2713 1163 2766 Error
1216 2713 1500 2777 immanis,
1548 2715 1634 2779 qui
1686 2727 1791 2765 non

215 2801 373 2854 modo
396 2802 685 2865 memorizr,
714 2817 898 2857 verum
921 2803 1087 2857 etiam
1110 2803 1383 2857 oculorum
1408 2805 1792 2871 propemodum

227 2890 481 2946 defectum
512 2893 707 2946 indicat
741 2910 754 2947 :
788 2893 831 2948 si
862 2902 1035 2947 tamen
1068 2894 1293 2963 vigilans
1322 2909 1381 2947 ea
1417 2896 1648 2960 scripsit.
1692 2896 1794 2950 Mi-

232 2997 342 3036 rare
386 2984 598 3037 interim
644 2992 799 3039 notas
832 2985 1017 3037 isdem
1047 2985 1267 3037 omnino
1296 2985 1474 3038 verbis
1503 2986 1794 3039 concinna-

237 3080 343 3135 tas,
381 3073 589 3142 utrique
628 3073 883 3127 Fan~tino
932 3074 1178 3142 snpponi.
1229 3074 1371 3129 S-me
1423 3091 1542 3142 quae
1579 3075 1645 3130 de
1696 3078 1792 3130 hoc

238 3163 474 3218 Faustino
510 3175 826 3235 repetuntur
848 3206 862 3229 ,
903 3167 1004 3219 dici
1039 3176 1307 3231 nequeunt
1332 3183 1421 3221 nec
1450 3168 1559 3219 sine
1596 3184 1719 3220 cura
1747 3179 1792 3220 et

234 3251 389 3308 labore
437 3265 696 3310 exarata:
751 3255 875 3325 quid
922 3257 1067 3321 enim
1111 3256 1314 3310 facilius
1364 3265 1444 3310 est
1494 3272 1651 3326 quant
1699 3272 1792 3311 ex-

232 3346 450 3401 scribere
469 3348 491 3399 ?

240 3464 243 3467 π
298 3437 585 3492 Fsvsnsrs
634 3453 822 3492 ALTER.
860 3436 954 3491 Vel
986 3437 1099 3502 hic,
1131 3438 1208 3490 vel
1233 3439 1325 3491 ista
1358 3436 1627 3491 Sillitanus
1650 3436 1791 3504 fuit;

234 3529 461 3580 ol'cru‘er
511 3534 757 3597 ignorata:
800 3530 952 3581 sedis.
984 3527 1093 3581 Nec
1133 3528 1252 3593 iste,
1280 3542 1377 3582 nec
1402 3527 1490 3582 il‘e
1518 3528 1791 3582 Sillitauus

235 3617 339 3682 luit,
390 3619 486 3673 nisi
543 3620 687 3686 prior
730 3619 1046 3683 Faustinus,
1095 3632 1251 3685 quem
1294 3619 1343 3671 in
1382 3618 1617 3673 Sillitana
1664 3621 1792 3673 sede

236 3708 512 3772 locaverat,
546 3708 845 3776 dejiciatur.
872 3709 1136 3762 Caterum
1167 3708 1354 3763 tertius
1385 3709 1469 3761 hic
1506 3709 1790 3763 Faustinus

235 3804 440 3872 emergit
468 3804 521 3856 in
551 3803 846 3856 Milevitana
877 3802 1085 3871 synodo
1113 3802 1198 3854 uni
1226 3800 1487 3855 Garnerio
1515 3802 1788 3870 cognitus,

235 3895 425 3945 ceteris
450 3893 724 3960 lmcusque
753 3892 1047 3959 ignoratus.
1080 3890 1147 3943 Hi
1174 3890 1388 3958 quidem
1417 3899 1526 3943 tres
1556 3892 1790 3959 episcopi

236 3980 281 4031 iu
306 3981 582 4050 epigraphe
604 3989 953 4035 numerantur
973 3983 1055 4035 vel
1086 3982 1222 4049 apud
1249 3981 1420 4049 ipsum
1450 3981 1789 4044 Garnerium,

234 4069 453 4136 Sacram,
473 4071 790 4135 Fausnnus,
815 4072 1165 4124 Caescosws.
1185 4071 1253 4125 At
1273 4070 1363 4123 ille
1388 4071 1575 4123 eadem
1607 4078 1794 4122 aucto-

236 4160 377 4215 ritate
395 4177 494 4231 qua
526 4177 691 4217 novas
722 4162 881 4217 urbes
908 4163 1112 4229 condit,
1141 4176 1242 4231 qua
1275 4163 1428 4215 binos
1458 4164 1508 4215 in
1537 4178 1637 4215 una
1666 4162 1793 4216 sede

234 4252 502 4322 episcOpos
531 4253 705 4319 locat,
741 4270 842 4324 qua
870 4256 1141 4308 civitatum
1182 4263 1235 4307 et
1263 4255 1544 4322 praasulum
1577 4257 1789 4308 nomina

233 4342 520 4409 detruncat,
543 4356 723 4413 auget,
754 4356 1066 4413 commutat,
1098 4346 1305 4409 eadem,
1340 4345 1576 4415 inquam,
1605 4358 1791 4402 aucto-

232 4436 373 4490 ritate
397 4437 722 4505 Fwsnxun,
754 4453 922 4506 nuper
942 4438 1086 4491 domi
1113 4453 1224 4491 suae
1255 4448 1434 4490 natum
1457 4439 1785 4505 episcomtm,

232 4525 336 4579 sine
364 4528 605 4582 tractoria
646 4529 851 4599 synodo
892 4528 1111 4583 intrudi:
1140 4569 1155 4593 ,
1186 4544 1306 4582 cum
1343 4529 1463 4597 jure
1504 4530 1705 4583 ferendi
1737 4529 1789 4582 in

235 4613 496 4685 Pelagiana
522 4633 679 4673 causa
711 4619 966 4688 sullragii.
998 4619 1259 4672 Contineo
1285 4621 1559 4685 impetum,
1582 4635 1648 4672 ne
1676 4621 1789 4687 ep?-

232 4705 354 4757 stola
383 4706 433 4759 in
456 4718 689 4776 satyram
718 4692 901 4776 migret
924 4725 938 4770 ;
961 4723 1151 4762 vereor
1178 4719 1350 4762 tamen
1380 4724 1447 4763 ne
1479 4712 1589 4777 ipse
1620 4709 1788 4763 risum

232 4801 487 4853 continere
515 4801 711 4867 possis.
736 4801 866 4854 dum
910 4804 1023 4853 tunc
1050 4817 1148 4853 non
1179 4801 1289 4854 sine
1323 4817 1443 4853 cura
1471 4816 1500 4853 a
1532 4799 1791 4855 Garnerio

233 4893 409 4959 SCripta
437 4892 590 4945 audis
615 4934 629 4956 ,
661 4893 750 4961 qui
778 4906 846 4945 ne
887 4893 1024 4946 ullus
1056 4894 1107 4946 in
1154 4890 1495 4944 numerandis
1525 4891 1791 4958 episcopis

233 4993 370 5033 error
411 4982 677 5049 obreptet,
721 4982 1036 5051 epigraphes
1084 4982 1274 5034 iterum
1325 4979 1565 5047 legenda:
1602 4993 1786 5032 curam

231 5069 434 5126 dimisit.

292 5163 612 5217 CRESCONIUS
642 5163 992 5217 Tuamteams.
1022 5160 1148 5214 Cum
1174 5161 1393 5228 quinque
1407 5157 1790 5211 Cresconiorum

223 5255 421 5307 nomina
444 5255 545 5307 sint
571 5255 816 5321 inscripta
837 5254 1112 5321 synodicae,
1136 5253 1262 5305 scire
1288 5250 1493 5320 quidem
1526 5263 1789 5314 possumus

215 5361 325 5412 qua
349 5348 413 5397 ab
442 5347 504 5398 iis
543 5344 806 5411 inde/inde
844 5341 1084 5394 Ecclesite
1124 5342 1175 5392 in
1211 5338 1460 5392 Numidia
1500 5345 1647 5389 rectae
1676 5337 1791 5403 fue-

210 5442 347 5501 rint;
375 5438 592 5505 deﬁnire
614 5452 713 5489 non
744 5450 1011 5504 possumus
1036 5448 1148 5501 qua:
1178 5450 1208 5482 (ι
1237 5430 1474 5499 singulis.
1496 5427 1792 5481 Cresconius

205 5532 531 5587 Tubiniensis
567 5528 757 5595 alituis
808 5526 1104 5595 appellatur
1149 5526 1200 5574 in
1247 5520 1539 5584 collatione,
1584 5520 1790 5586 ponitur

199 5642 323 5683 tero
344 5627 397 5677 in
426 5622 477 5676 Ν
484 5610 626 5675 utilia
659 5620 919 5673 Numidia:
948 5617 1230 5683 Reparatus
1254 5613 1612 5665 'I‘ubunienst's.
1644 5609 1788 5665 Scri~

200 5723 444 5776 bcttdum
471 5722 551 5768 est
576 5713 765 5781 ubique
795 5708 1160 5770 Tubunensia,
1197 5715 1245 5750 ιιι
1287 5706 1335 5756 in
1371 5702 1583 5757 Not'tia.
1612 5699 1667 5751 lu
1701 5714 1789 5758 sv-

1895 1905 2015 1950 nus,
2039 1904 2195 1957 quem
2228 1906 2296 1945 ex
2327 1892 2574 1962 Cypriani
2605 1898 2810 1966 synodo
2832 1900 3183 1965 appellabam.

1964 1978 2187 2046 Vtcron,
2217 1982 2557 2048 GIGNANTH‘S,
2582 1996 2635 2040 et
2672 1988 3029 2043 Possmostus.
3066 1989 3282 2045 Incertae
3312 1994 3461 2046 sedis.

1892 2072 2027 2137 Quid
2056 2073 2128 2127 illi
2170 2075 2294 2127 mali
2333 2076 2505 2130 intulit
2541 2077 2713 2131 Victor
2738 2081 3000 2149 episc0pus
3026 2081 3317 2136 Callitensis
3338 2127 3348 2144 ,
3373 2087 3461 2151 qui

1893 2177 2013 2231 cap.
2055 2165 2157 2219 125
2187 2164 2240 2219 in
2268 2167 2552 2221 collatione
2581 2172 2922 2224 nominatur?
2967 2173 3084 2226 Fuit
3114 2175 3254 2227 enim
3285 2176 3462 2233 Cullu.

1893 2268 1985 2308 seu
2020 2254 2213 2323 Colops
2242 2272 2480 2324 magnus,
2505 2258 2759 2314 Numidia:
2780 2263 3029 2329 Oppidum
3064 2265 3121 2317 Pl
3148 2267 3255 2326 nio,
3290 2266 3464 2318 l'tole-

1894 2361 2048 2409 mmo,
2077 2347 2603 2417 Antonino,ali-sque
2631 2352 2680 2403 in
2710 2351 2862 2405 Numi
2885 2354 2947 2404 lia
2975 2367 3342 2413 memoratum.
3372 2370 3462 2407 cn-

1890 2436 1974 2504 jus
2021 2437 2179 2490 situm
2213 2440 2262 2490 in
2298 2438 2556 2493 littorario
2598 2440 2738 2493 illius
2778 2445 3060 2509 provinciae
3093 2444 3277 2496 itinere
3315 2440 3465 2498 exhil

1896 2528 2021 2579 bent
2043 2526 2257 2579 Tabula:
2287 2527 2728 2598 Pentingerianm.
2763 2531 2800 2585 S
2826 2531 2976 2585 lin-ts
3018 2548 3134 2599 cap.
3165 2534 3234 2587 27
3260 2535 3325 2586 de
3356 2534 3459 2587 Nu.

1896 2613 2052 2666 Inidia
2086 2629 2248 2675 agens
2281 2631 2294 2667 :
2330 2616 2491 2669 Urbes
2512 2661 2527 2685 ,
2560 2619 2757 2686 inquit,
2791 2621 2839 2671 in
2871 2637 2929 2672 ea
2958 2621 3347 2687 quamplurimm
3375 2639 3463 2673 no-

1895 2703 2146 2766 bilesque;
2174 2705 2261 2754 sed
2286 2704 2427 2756 Cirta
2456 2708 2637 2757 eminet
2660 2746 2677 2769 ,
2704 2708 2821 2758 dein
2849 2707 3018 2770 Cullu,
3053 2725 3305 2777 purpureo
3348 2710 3463 2776 [nco

1898 2790 2065 2859 Tyriis
2090 2791 2354 2846 velleribus
2378 2804 2703 2862 comparatae.
2732 2795 2852 2849 llrec
2872 2797 2981 2849 ille.

1965 2882 2267 2946 Aaroaws,
2301 2881 2438 2937 forte
2468 2888 2806 2939 Aaroauacs
2845 2884 3245 2939 Lunenruasrs
3272 2928 3284 2947 ,
3317 2887 3464 2953 cujus

1896 2975 2079 3026 mentio
2103 2981 2175 3027 est
2218 2975 2268 3026 in
2295 2974 2596 3040 collatione;
2646 2976 3047 3047 Lamfotensem
3094 2992 3244 3042 porro
3291 2977 3465 3029 Eccle-

1896 3068 2024 3118 siam
2050 3068 2350 3136 pertinuisse
2386 3066 2453 3119 ad
2481 3068 2799 3132 Numidiam,
2824 3072 3002 3138 probat
3048 3064 3097 3122 Ν
3103 3069 3212 3120 otiti
3224 3083 3244 3119 τ
3271 3070 3464 3133 episco-

1821 3138 1866 3199 Ο
1896 3173 2075 3228 parum
2106 3158 2369 3211 Numidia:
2391 3198 2407 3224 ,
2435 3174 2550 3211 cum
2576 3170 2791 3212 recenset
2828 3161 2960 3212 inter
2994 3163 3305 3226 confessorea
3332 3157 3466 3209 Feli-

1895 3267 2000 3303 cem
2029 3240 2451 3318 Lamfortensem.
2477 3248 2522 3301 0
2541 3264 2699 3315 quam
2721 3251 2945 3314 turpiter
2974 3249 3046 3302 illi
3077 3249 3233 3302 vertit
3264 3263 3326 3301 ex
3356 3248 3466 3300 An.

1896 3343 2040 3394 tonio
2064 3342 2279 3394 tinxisse
2313 3342 2703 3395 Amonianuml
2751 3342 3015 3409 Nusquam
3048 3340 3308 3393 inf-licius
3331 3340 3465 3391 a’lu-

1893 3432 2098 3485 cinatus
2125 3440 2239 3493 est;
2271 3430 2467 3483 etenim
2489 3431 2805 3484 catholicum
2834 3427 3216 3496 episcopum‘in
3248 3431 3463 3481 heretiq.

1893 3534 2013 3573 cum
2036 3520 2404 3572 commutavit.
2430 3519 2484 3570 In
2513 3519 2801 3571 collatione
2822 3532 2939 3581 cap.
2972 3520 3092 3579 149,
3128 3530 3245 3583 post
3269 3517 3462 3569 lanna.

1894 3609 2026 3661 rium
2043 3618 2096 3661 et
2112 3606 2838 3661 PrimiauumDonatHarum
2864 3605 3129 3672 primates,
3154 3605 3177 3657 f
3206 3621 3262 3657 re
3283 3606 3459 3659 statim

1893 3700 2144 3752 recitatur
2178 3697 2488 3751 Antonianas
2523 3696 2787 3764 episcopus
2820 3695 3166 3747 l.ansort-:nsis
3186 3736 3200 3758 ,
3228 3697 3313 3762 qui
3338 3708 3457 3760 cap.

1895 3787 2015 3850 163,
2048 3802 2166 3840 cum
2200 3787 2389 3839 iterum
2422 3788 2559 3839 inter
2605 3786 2993 3839 Donatistarum
3033 3785 3238 3836 turbam
3283 3785 3425 3834 uonl

1895 3891 2131 3945 narctur,
2160 3880 2287 3933 dixit
2316 3878 2472 3933 :Non
2494 3880 2600 3931 illic
2618 3877 2777 3931 habeo
2796 3876 3159 3929 adversarium.
3194 3874 3458 3928 Pssimo:

1892 3974 2031 4024 enim
2064 3970 2335 4023 Donatista
2358 3977 2523 4021 totam
2552 3968 2825 4021 dioecesim
2860 3966 2908 4018 in
2935 3975 3082 4032 parte
3109 3965 3291 4016 Donati
3316 3978 3459 4015 omni

1892 4064 2068 4115 studio
2104 4060 2337 4115 tenebat.
2379 4061 2444 4113 Et
2480 4059 2622 4112 hunc
2672 4059 3058 4112 Douatistarmn
3111 4055 3458 4122 primipilmn.

1895 4162 2142 4219 tanquam
2174 4150 2297 4203 Saul
2330 4151 2468 4203 inter
2497 4147 2818 4217 prophetas,
2844 4147 2981 4198 locat
3016 4143 3302 4205 Garnerius
3326 4145 3448 4196 intct

1893 4241 2182 4293 catholicos
2223 4239 2503 4306 episcopos
2547 4236 2736 4306 synodi
2778 4234 3127 4288 Milevitanaz?
3162 4233 3324 4284 Estne
3364 4235 3454 4283 ista

1894 4334 2137 4384 immensa
2164 4330 2464 4383 eruditionis
2493 4330 2637 4395 copia
2664 4343 2764 4393 qua
2793 4328 2877 4379 via:
2909 4341 3010 4381 non
3040 4322 3268 4376 obruitur
3309 4320 3458 4373 Citrio

1894 4423 2089 4475 stianus
2120 4420 2330 4485 Lupus?
2354 4420 2552 4473 Omitto
2591 4418 2730 4485 quod
2763 4416 2916 4484 hujus
2957 4412 3185 4467 luere'ici
3231 4410 3461 4462 Ecclesia

1895 4526 1996 4563 non
2028 4509 2374 4576 Lanfortensis
2420 4508 2639 4562 dicenda
2679 4516 2786 4569 est,
2829 4505 2922 4558 sed
2970 4499 3334 4555 Lansortensis.
3388 4498 3463 4552 lia

1895 4602 2084 4668 legitur
2112 4603 2160 4653 in
2186 4599 2490 4663 collatione,
2526 4598 2675 4665 cujus
2696 4595 3059 4650 testimonium
3090 4591 3328 4657 proxime
3353 4587 3464 4638 lau-

1894 4694 2107 4757 dabam,
2158 4693 2210 4745 in
2242 4691 2439 4745 Notitia
2479 4689 2776 4756 appellatur
2817 4684 2968 4736 Felix
3000 4678 3380 4738 Lansortensis;
3411 4676 3461 4726 in

1895 4782 2101 4852 synodo
2144 4780 2400 4835 Bonifacii
2447 4794 2534 4832 an.
2585 4775 2690 4831 525
2735 4769 3028 4824 Florentius
3086 4764 3462 4819 Lansortensis.

1896 4876 2033 4928 Dum
2061 4875 2221 4928 audio
2242 4871 2559 4927 Garnerium
2587 4882 2651 4919 ex
2691 4860 2923 4917 Antonio
2954 4860 3331 4919 Antonianum,
3368 4856 3467 4905 hoc

1893 4975 2006 5029 est,
2034 4980 2095 5017 ex
2122 4962 2385 5017 catholico
2414 4956 2723 5010 haereticum
2756 4951 3036 5004 cll‘ormare
3061 4990 3076 5013 ,
3110 4964 3210 4999 non
3252 4961 3463 5015 possunt

1893 5070 1996 5109 non
2027 5061 2269 5119 repetere
2297 5048 2528 5116 lepidum
2572 5041 2876 5109 llieronymi
2912 5041 3108 5093 dictum
3140 5040 3191 5093 in
3223 5036 3465 5104 apologis

1895 5143 2059 5215 priori
2100 5150 2284 5199 contra
2316 5138 2563 5191 Ruﬁnum
2590 5177 2603 5200 ,
2637 5134 2726 5203 qui
2768 5132 2983 5187 Eusebii
3017 5130 3194 5185 Ariani
3229 5144 3322 5196 pro
3350 5127 3468 5177 0r:-

1892 5252 2026 5307 gene
2054 5234 2246 5287 librum
2278 5232 2337 5286 S.
2367 5227 2629 5296 Pamphili
2659 5226 2906 5289 martyris
2934 5223 3086 5277 titulo
3118 5229 3348 5311 pra-nota
3378 5232 3465 5311 mn

1894 5324 2261 5395 publicaverat
2294 5339 2306 5373 :
2349 5318 2478 5372 Cum
2519 5327 2710 5369 tantam
2737 5355 2751 5379 ,
2785 5314 2972 5379 inquit,
3005 5314 3195 5369 habeas,
3216 5309 3470 5395 lireutmm

1897 5393 2157 5469 nominum
2192 5408 2658 5467 immutandorum,
2686 5416 2740 5456 ut
2774 5405 2837 5455 de
2866 5402 3082 5453 Eusebio
3115 5398 3280 5460 l’nntp
3319 5393 3465 5454 ilum,

1895 5512 1958 5561 de
2004 5506 2236 5559 Ita'retico
2278 5516 2547 5572 martyrem
2576 5501 2747 5570 feceris
2773 5538 2788 5559 ,
2811 5494 3059 5549 cavendus
3090 5493 3258 5550 homo,
3280 5499 3324 5540 et
3347 5488 3471 5539 milii

1896 5601 2116 5654 maxime
2164 5596 2497 5649 declinandns
2524 5630 2538 5651 ,
2572 5607 2632 5641 ne
2662 5603 2739 5639 me
2773 5597 2971 5652 repente
3007 5583 3126 5632 dum
3175 5580 3361 5641 neuio,
3408 5578 3471 5627 de

1900 5694 2210 5760 Hieronymo
2236 5682 2648 5751 Sardanapalnm
2681 5674 2926 5728 nominet.
2966 5672 3082 5725 Πίος
3118 5671 3221 5723 ille.
3258 5669 3469 5729 Poterat
