3908 6308
455 311 548 364 511
1342 296 1894 355 SUPPLEMENTUM
1933 295 2023 349 AD
2063 293 2286 347 OPERA
2331 294 2389 348 S.
2433 293 2820 350 AUGUSTINL

3601 291 3702 347 512

456 420 741 476 Carnerius
765 457 780 480 ,
815 418 1114 471 Antoniano
1160 415 1430 467 Donatista
1476 415 1525 465 iu
1575 412 1766 465 malam
1811 424 2024 463 crucem
2058 413 2101 464 A
2133 411 2365 478 probato,
2394 410 2468 464 Μ.
2495 411 2730 499 Lrispum
2770 412 3024 464 tribunum
3066 428 3176 465 cum
3204 412 3436 476 cohorte,
3481 422 3526 463 et
3550 411 3705 482 sagit-

454 511 597 565 abire
622 510 772 579 jussu
791 549 805 573 ,
830 510 1004 575 legere
1027 513 1189 574 eaput
1214 507 1312 558 155
1341 518 1381 557 c.
1408 502 1639 556 ll.iti0uis
1660 545 1674 568 ,
1707 501 1792 553 ubi
1819 499 2031 566 ponitur

455 602 592 655 inter
632 599 927 654 catholicos
967 597 1215 649 Antonius
1257 595 1524 664 episcopus
1567 593 1723 662 plebis
1759 591 2030 661 Mutugen-

456 693 644 744 nensis.
681 689 987 743 llulsteuius
1017 686 1151 738 lianc
1184 685 1475 737 Ecclesiam
1509 683 1559 735 in
1583 681 1829 735 Numidia
1858 680 2026 747 pouif.

457 781 780 851 Augustinus
814 779 988 831 villam
1019 776 1387 844 Mutugenna»:
1431 774 1481 828 in
1527 772 1802 827 territorio
1833 771 2028 840 [lippo-

456 873 606 927 neusi
634 879 878 926 recenset
903 869 1058 938 epist.
1090 867 1212 922 204.

525 966 869 1018 INNOCENTIUS
893 961 1304 1015 GEMIAMENSIS.
1333 956 1419 1011 Ita
1447 956 1630 1027 legitur
1659 955 1711 1009 in
1734 955 2022 1009 collatione.

458 1053 548 1107 Est
575 1065 740 1106 autem
771 1051 1125 1106 Germanensis
1156 1051 1329 1101 civitas
1361 1049 1414 1101 in
1448 1046 1694 1098 Numidia
1713 1090 1726 1113 ,
1750 1054 1805 1098 ut
1832 1054 2027 1099 constat

457 1161 516 1197 eo:
545 1143 740 1196 Notitia
772 1158 790 1195 :
831 1149 1064 1194 censetur
1100 1141 1235 1192 enim
1265 1140 1395 1190 inter
1427 1138 1737 1207 confessores
1768 1131 2028 1189 Numidas

458 1234 714 1302 episcopos
753 1230 1142 1284 Crescentianus
1166 1226 1542 1281 Germanensis.
1569 1226 1624 1280 Si
1665 1226 1732 1280 ab
1760 1239 1900 1278 anno
1922 1224 2021 1280 411

459 1326 519 1378 ad
560 1339 757 1378 annum
796 1321 900 1376 416
941 1319 1280 1374 Innocentius
1311 1315 1712 1373 Germaniensis
1751 1325 2027 1385 superstes

459 1420 571 1484 luit,
605 1418 886 1484 nullu~que
911 1415 1048 1468 alius
1086 1413 1304 1481 hujusce
1331 1411 1559 1464 nominis
1584 1409 1866 1478 episcopus
1889 1408 2028 1463 inter

461 1512 563 1564 125
585 1507 843 1563 Numidia:
873 1505 1139 1559 antistites
1169 1505 1396 1567 exstitit,
1431 1517 1614 1555 verum
1642 1501 1789 1554 dicit.

525 1599 812 1652 Pus-25mins
840 1604 896 1650 et
923 1593 1303 1648 Cnsscmrws.
1332 1590 1546 1644 Incerta:
1570 1590 1723 1644 sedis.
1755 1588 2026 1659 Nusquam

454 1691 693 1746 securius
721 1705 747 1744 s
772 1688 822 1743 bi
853 1687 1082 1741 consulit
1111 1700 1267 1754 quam
1294 1699 1413 1738 cum
1453 1683 1522 1736 ita
1553 1681 1805 1751 loquitur.

525 1779 686 1833 Feux
712 1778 1012 1832 Tustessrs.
1040 1775 1120 1829 Ita
1139 1776 1319 1845 legitur
1337 1776 1387 1827 in
1409 1774 1701 1827 collatione.
1723 1771 2024 1825 Tubiensem
2055 1761 2102 1821 Β

456 1887 565 1925 vero
622 1868 903 1922 Ecclesium
943 1883 1042 1920 non
1098 1866 1278 1936 procul
1319 1883 1351 1920 a
1398 1864 1732 1934 Villaregensi
1778 1865 2024 1930 positam,

457 1973 601 2030 atque
627 1961 753 2014 adeo
791 1962 843 2013 in
873 1959 1120 2014 Numidia
1147 1958 1499 2012 collocandum
1522 1996 1538 2020 ,
1567 1955 1737 2025 colligi
1777 1964 1937 2023 potet
1967 1970 2028 2007 ea:

457 2069 569 2107 can.
624 2054 690 2107 48
739 2052 865 2107 Cod.
901 2053 1156 2121 Africana:
1190 2050 1450 2105 Ecclesiae.
1495 2049 1685 2104 Vidisti
1732 2064 1795 2102 ex
1835 2047 2025 2102 eodem

458 2161 658 2199 canone
699 2145 1001 2214 oppositum
1030 2143 1305 2198 evidenter
1333 2141 1542 2196 deduci.
1573 2141 1684 2193 Dixi
1716 2140 1877 2193 etiam
1902 2138 2029 2192 llol-

457 2237 681 2289 stenium
708 2251 826 2304 pag.
852 2235 920 2289 63
942 2245 995 2289 et
1016 2235 1083 2288 96
1114 2234 1430 2287 'l'ubicnsem
1457 2230 1749 2284 Ecclesium
1772 2245 1892 2284 cum
1922 2230 2027 2283 Tu-

457 2331 710 2381 bun‘ense
759 2326 1088 2381 confundere
1123 2343 1135 2377 :
1176 2340 1295 2378 cum
1325 2332 1501 2376 tamen
1532 2322 1704 2375 eidem
1755 2319 2026 2374 coilationi

457 2414 794 2468 interfuerint
840 2430 904 2467 ex
955 2429 1073 2481 cap.
1110 2414 1204 2466 1‘21
1260 2411 1412 2466 Felix
1457 2411 1828 2476 Tubuniensis,
1868 2421 1922 2464 et
1959 2427 2025 2465 ex

458 2519 571 2572 cap.
602 2504 703 2556 155
731 2501 880 2555 Felix
907 2501 1195 2567 Tubiensis,
1229 2502 1385 2555 ambo
1415 2499 1662 2555 catholici
1693 2501 1951 2568 episcopi.

525 2597 796 2651 ANTONIUS
845 2596 1220 2650 Fussusxsts.
1254 2593 1337 2648 Ita
1383 2594 1588 2663 quidem
1632 2594 1773 2649 mihi
1805 2593 2024 2659 videtur,

463 2689 678 2758 psamvis
725 2688 868 2740 nulla
914 2686 1075 2754 ipsius
1117 2686 1304 2738 mentio
1345 2685 1395 2738 in
1436 2683 1708 2737 collatione
1744 2683 1856 2752 ﬁat,
1898 2687 2030 2752 forte

463 2778 574 2846 quia
603 2778 825 2830 nondum
865 2776 1126 2829 ordinatus
1157 2775 1338 2842 fuerat.
1369 2774 1484 2840 Quo
1510 2788 1640 2842 ergo
1664 2773 1781 2841 jure
1812 2773 1896 2826 hic
1918 2774 2029 2826 An-

462 2869 633 2922 tonius
667 2876 781 2936 post
813 2881 1009 2920 annum
1056 2864 1155 2918 411
1211 2865 1490 2919 ordinatus
1516 2906 1529 2928 ,
1563 2864 1702 2918 sedit
1736 2865 1787 2916 in
1822 2863 2028 2933 synodo

463 2958 759 3011 dilexitana
799 2967 922 3010 ante
951 2956 1212 3009 Donatum
1236 2994 1250 3018 ,
1284 2954 1628 3021 Lampadium
1653 2993 1669 3017 ,
1722 2963 1774 3007 et
1813 2953 2031 3020 Delphi-

464 3063 607 3112 num,
636 3061 768 3114 quos
790 3045 964 3099 eidem
1002 3043 1274 3098 collationi
1312 3043 1545 3097 adfuisse
1585 3041 1875 3097 Garuerius
1904 3057 2026 3096 mox

464 3141 679 3194 scribit?
705 3140 893 3194 Junior
919 3137 1249 3206 antiquiores
1271 3139 1552 3208 episcopos
1577 3153 1649 3193 ex
1665 3152 1785 3192 can.
1810 3139 1881 3194 55
1893 3139 2025 3194 Cod.
2055 3115 2101 3176 (ἶ

464 3227 690 3282 Africani
713 3226 1014 3297 praecedere
1037 3242 1140 3281 non
1170 3236 1393 3296 poterat.

532 3319 754 3374 Vtcron.
802 3317 998 3388 Ignotae
1025 3319 1235 3386 perinde
1263 3319 1394 3373 sedis
1419 3360 1434 3386 ,
1461 3328 1612 3388 atque
1632 3320 1761 3373 alter
1784 3336 1904 3373 mox
1939 3337 2033 3392 ap-

463 3406 701 3481 pellatus.
729 3409 852 3464 llaec
865 3408 931 3464 de
961 3409 1410 3478 utroqueV’ictore
1425 3410 1802 3475 scribens,nec
1830 3412 2030 3477 oleum,

465 3514 561 3553 nec
588 3513 804 3568 operam
845 3499 1016 3569 perdit
1040 3540 1056 3567 ,
1084 3500 1529 3568 quemadmodum
1559 3501 1698 3556 malo
1721 3501 1893 3558 eidem
1920 3502 2032 3556 fato

464 3593 516 3646 in
540 3591 764 3647 aliorum
795 3592 1008 3647 sedibus
1037 3592 1379 3663 designandis
1404 3594 1643 3664 contigit.

533 3682 852 3739 lloa'ona'rus
876 3683 1258 3739 TABENNENSIS.
1314 3684 1418 3738 Cur
1463 3696 1635 3739 autem
1681 3685 2029 3753 Honoratum,

464 3775 548 3842 qui
577 3775 868 3829 Milevitana
895 3775 1069 3828 ltuicce
1113 3776 1325 3828 concilio
1356 3776 1614 3842 interfuit,
1654 3775 2032 3832 Tabennensem

464 3866 629 3932 potius
657 3875 823 3930 putem
844 3880 989 3931 quam
1022 3863 1079 3916 Μ
1084 3870 1404 3918 octar'ensem
1427 3883 1514 3918 seu
1541 3865 1918 3935 Matoriensem,
1947 3873 2033 3941 qui

464 3963 747 4005 recensetur
775 3953 905 4004 inter
933 3955 1193 4022 episcOpos
1223 3955 1273 4006 in
1300 3953 1602 4017 collatione,
1629 3956 1740 4009 licet
1771 3958 1875 4027 ipse
1901 3976 2033 4028 quo-

465 4056 558 4109 que
585 4041 652 4091 ad
675 4039 975 4091 Numidiam
1003 4041 1284 4105 pertineat,
1318 4043 1526 4111 perinde
1551 4059 1609 4095 ac
1631 4042 2030 4113 Thabennensis,

470 4129 593 4196 facit
628 4126 1002 4182 Thabennensis
1038 4131 1276 4183 sanctitas
1316 4133 1736 4203 familiaritasque
1765 4149 1880 4187 cum
1923 4137 2033 4187 Au-

468 4218 700 4290 gustino,
723 4219 869 4288 cujus
899 4219 1119 4287 impulsu
1154 4221 1378 4288 synodus
1405 4231 1578 4276 coacta
1603 4231 1695 4288 est,
1720 4240 1751 4276 a
1779 4240 1876 4292 quo
1903 4223 2036 4278 velut

468 4329 543 4366 res
571 4328 661 4366 sua
689 4319 895 4380 propter
922 4309 1040 4377 ﬁdei
1067 4311 1291 4362 studium
1321 4322 1592 4381 procurata
1616 4353 1631 4378 ,
1657 4313 1833 4367 amicis
1854 4356 1868 4380 ,
1897 4331 2032 4381 reor,

468 4419 565 4456 non
579 4403 687 4455 sine
708 4400 1001 4454 invitatione
1024 4401 1393 4467 praetermissis.
1423 4402 1488 4455 Et
1515 4412 1667 4458 antea
1691 4421 1704 4456 :
1727 4403 2034 4474 Suspicatur

469 4494 690 4546 Ortelius
739 4489 1064 4543 Thabennam
1083 4489 1307 4542 eamdem
1345 4506 1451 4545 esse
1478 4509 1591 4545 cum
1633 4494 1838 4548 Thabba
1859 4534 1873 4558 ,
1921 4513 2033 4565 qua:
2061 4475 2112 4534 D

467 4594 585 4639 nota
627 4585 724 4653 fuit
772 4581 1072 4635 Pto.’emwo.
1119 4580 1472 4647 Suspicionem
1512 4602 1612 4638 non
1651 4589 1829 4654 Opinor
1851 4589 2027 4642 levem.

467 4679 598 4731 Cum
647 4675 916 4730 Tliabena:
966 4688 1066 4728 nec
1114 4672 1352 4739 Plinius,
1394 4690 1494 4730 nec
1540 4676 1879 4744 Ptolemaeus,
1933 4694 2031 4734 nec

468 4768 657 4824 Strabo
698 4767 1067 4832 meminerint;
1109 4765 1218 4820 imo
1262 4780 1381 4819 cum
1429 4767 1667 4835 ejusdem
1711 4768 2030 4840 episcOpalis

467 4858 621 4914 sedes
647 4859 840 4912 omissa
868 4858 1026 4915 fuerit
1052 4874 1081 4915 a
1112 4859 1304 4914 Carolo
1333 4875 1361 4914 a
1385 4860 1440 4915 S.
1472 4861 1634 4915 Paulo
1657 4872 1707 4916 et
1733 4862 2026 4932 Holstenio,

467 4948 593 5006 licet
630 4960 695 4999 ex
729 4948 786 4999 D.
836 4948 1076 5004 Possidio
1120 4965 1238 5020 cap.
1285 4952 1354 5006 50
1401 4951 1468 5006 de
1495 4951 1610 5006 Vita
1639 4952 1697 5007 S.
1749 4952 2029 5024 Augustini

471 5041 768 5094 Honoratus
811 5038 1146 5096 Thabenensis
1172 5045 1438 5113 episcOpns
1480 5045 1796 5114 innotescat,
1831 5046 2033 5105 Garne-

469 5132 579 5186 rius
610 5129 662 5183 in
690 5136 836 5182 tanto
862 5129 1173 5198 scriptorum
1205 5135 1417 5190 silentio
1441 5180 1455 5204 ,
1481 5138 1596 5193 sine
1640 5147 1790 5206 teste,
1824 5141 2033 5197 leabe-

467 5235 588 5274 nam
619 5215 879 5273 Numidia:
907 5218 1142 5273 ascribit.
1178 5220 1322 5277 Unus
1364 5226 1429 5277 A.
1473 5227 1681 5282 llirtius
1721 5229 2027 5287 Tltabenam

467 5308 742 5375 Oppidum,
789 5306 1007 5375 ejuSque
1050 5309 1206 5362 situm
1237 5314 1448 5381 egregie
1496 5317 1654 5370 tradit
1697 5317 1749 5372 in
1786 5320 1922 5375 libro
1962 5321 2030 5376 de

466 5399 617 5453 Bello
666 5398 958 5454 Africano:
1016 5397 1398 5467 Thabenenses,
1449 5403 1736 5474 inquiens,
1792 5412 1878 5479 qui
1933 5411 2029 5466 sub

465 5489 660 5543 (titione
700 5499 748 5542 et
773 5497 1014 5560 potestate
1045 5486 1194 5543 Jubte
1217 5507 1321 5545 esse
1342 5507 1663 5550 consuescent
1690 5539 1703 5564 ,
1734 5501 1786 5552 in
1809 5510 2031 5555 extrema

465 5585 577 5651 ejus
605 5584 804 5653 regione
832 5585 1084 5638 maritima
1115 5584 1288 5652 locati,
1318 5588 1578 5659 interfecto
1602 5593 1738 5662 regio
1769 5596 1991 5664 praesidia
2013 5653 2030 5667 δ

468 5671 657 5729 legatos
699 5673 763 5724 ad
809 5671 1056 5742 Caesarem
1108 5677 1326 5732 uti/lunt.
1375 5679 1547 5734 Casar
1601 5697 1772 5735 eorum
1821 5701 1912 5737 con
1943 5687 2031 5737 itto

2133 504 2299 568 tariis,
2352 501 2712 573 tormenti.~qu‘e
2751 504 3090 573 compluribus
3130 505 3368 574 prwsidio
3416 503 3703 559 Thebanam

2131 596 2303 646 mittit.
2336 594 2468 646 Tres
2498 593 2548 647 id
2595 596 2844 662 temporis
2889 594 2940 648 in
2983 594 3155 648 Alrit-a
3187 608 3338 660 reges
3365 602 3520 646 erant
3572 592 3705 647 Juba

2130 684 2454 740 Massinissze
2486 699 2747 753 preuepos
2776 684 3217 738 mediterraneum
3247 682 3504 736 Numidia:
3533 683 3708 752 regiu—

2131 792 2250 829 nem
2274 791 2302 829 a
2334 776 2472 830 Cirta
2506 791 2671 842 usque
2701 774 2914 828 Zamam
2950 773 3270 842 possidebat,
3302 775 3424 825 item
3448 789 3531 840 jue
3562 774 3709 827 Mau-

2129 867 2376 920 ritaniam
2427 866 2732 920 Sitifensem
2787 879 2952 933 usque
2997 863 3060 917 ad
3111 863 3407 917 Mulucliam
3459 862 3704 920 ﬂuvium.

2129 957 2254 1013 lude
2284 957 2525 1013 Bocchus
2556 957 2921 1011 Mauritaniam
2940 956 3322 1012 Caesariensem
3353 960 3604 1027 regebat;
3639 961 3709 1013 de

2129 1065 2232 1118 quo
2263 1051 2374 1105 lm-c
2405 1051 2565 1104 habet
2595 1050 2690 1103 Dio
2720 1049 2814 1103 lib.
2836 1066 2956 1103 χιιι
2987 1067 2998 1102 :
3029 1047 3153 1102 Fuit
3187 1049 3228 1102 is
3257 1066 3346 1102 rea:
3377 1049 3712 1105 Mauritania

2130 1141 2470 1195 Ca‘sarienst's.
2495 1140 2865 1196 Postremusin
2892 1140 3201 1194 Mauritania
3225 1140 3498 1208 Tingitana
3525 1155 3709 1195 rerum

2130 1231 2429 1301 potiebatur
2451 1231 2651 1301 Bogud,
2675 1248 2739 1285 ex
2771 1231 2958 1286 eodem
2990 1231 3081 1284 lib.
3127 1246 3309 1284 XLVITI.
3342 1230 3553 1296 Jubam,
3583 1240 3712 1300 post

2130 1323 2362 1378 occisum
2406 1338 2528 1377 cum
2569 1323 2738 1392 copiis
2771 1321 3058 1376 Curionem
3087 1336 3184 1390 pro
3209 1321 3418 1376 Caesare
3443 1321 3494 1375 in
3524 1316 3711 1376 Africa

2132 1413 2346 1481 ducem,
2401 1413 2687 1483 Pompeius
2729 1415 2883 1483 eique
2924 1413 3205 1468 adlimrens
3257 1422 3474 1466 senatus
3523 1428 3708 1481 regem

2130 1505 2371 1570 dixerat;
2404 1519 2510 1574 quo
2551 1515 2791 1573 tempore
2823 1504 3066 1559 Bocchus
3105 1513 3160 1559 et
3198 1504 3376 1573 Bogud
3405 1504 3591 1558 eadem
3626 1505 3708 1558 di-

2129 1596 2330 1665 gnitate
2359 1611 2388 1649 a
2417 1596 2627 1651 Caasarc
2651 1595 3053 1666 insignitisuut,
3083 1611 3202 1666 qua:
3223 1613 3286 1648 ex
3312 1596 3476 1651 Dione
3496 1595 3590 1651 lib.
3621 1610 3707 1651 xu

2133 1687 2284 1740 iuitio
2326 1686 2441 1742 lere
2476 1686 2603 1741 belli
2631 1688 2802 1742 civilis
2839 1688 3132 1757 contigere.
3165 1686 3302 1742 Juba
3334 1697 3511 1742 tamen
3549 1697 3706 1742 antea

2129 1777 2247 1844 jure
2275 1778 2420 1846 regio
2467 1776 2726 1832 Getuliam
2767 1792 2829 1832 ac
2875 1778 3089 1847 Libyam
3133 1777 3377 1842 tenebat;
3413 1791 3534 1832 cum
3563 1779 3705 1832 enim

2131 1868 2290 1922 Curio
2319 1877 2461 1922 esset
2486 1868 2729 1922 tribunus
2761 1867 2959 1937 plebis,
2995 1876 3311 1930 tentaverat,
3343 1867 3515 1936 ejecto
3544 1866 3705 1932 Juba,

2130 1973 2352 2028 regnum
2381 1960 2430 2012 in
2457 1957 2780 2026 provinciam
2812 1957 3106 2012 Romanam
3139 1957 3398 2027 redigere,
3429 1965 3566 2016 teste
3593 1958 3706 2011 Ca:-

2128 2064 2250 2104 sare
2295 2049 2388 2103 lib.
2442 2065 2479 2103 u
2529 2047 2596 2103 de
2647 2049 2797 2104 Bello
2849 2049 3009 2103 civili.
3057 2049 3217 2104 Curio
3252 2058 3429 2104 autem
3469 2058 3708 2119 gesserat

2131 2143 2452 2196 tribunatum
2503 2157 2567 2196 ex
2628 2142 2795 2196 Dione
2840 2141 2934 2197 lib.
2984 2157 3091 2206 XL,
3143 2142 3396 2197 Marcello
3445 2152 3499 2196 et
3549 2140 3707 2194 Rullo

2128 2245 2330 2295 conss.,
2365 2232 2579 2287 biennio
2607 2241 2889 2301 antequam
2912 2247 2944 2289 a
2974 2233 3105 2288 Juba
3127 2233 3475 2288 occideretur.
3501 2234 3708 2288 Plinius

2130 2325 2244 2380 lia-c
2271 2327 2453 2380 scribit
2481 2327 2570 2381 lib.
2607 2343 2636 2380 v
2663 2370 2677 2395 ,
2712 2340 2824 2397 cap.
2854 2328 2889 2381 2
2910 2370 2924 2393 ,
2948 2328 3014 2382 de
3044 2328 3393 2394 Mauritania,
3424 2329 3705 2399 Tingitana

2129 2430 2184 2475 et
2208 2419 2544 2474 Ca‘sariensi.
2580 2418 2815 2488 Namque
2843 2422 2929 2474 diu
2955 2437 3132 2492 regum
3167 2423 3376 2474 nomina
3407 2423 3667 2476 obtinuere
3690 2462 3705 2488 ,

2129 2517 2183 2562 ut
2233 2509 2535 2579 Bogudiana
2572 2510 2915 2579 appellaretur
2972 2514 3178 2577 eatima,
3227 2513 3441 2579 itemque
3493 2513 3704 2580 Bocchi,

2131 2615 2244 2665 qua:
2267 2617 2402 2652 nunc
2426 2600 2777 2656 Ctesariensis.
2808 2603 2882 2656 Ab
2906 2620 2964 2658 ea
2992 2615 3166 2672 portus
3206 2621 3418 2676 magnus
3465 2622 3496 2658 a
3539 2609 3710 2675 spatio

2131 2691 2442 2761 appellatus,
2490 2694 2552 2746 ci.
2569 2694 2674 2746 iam
2719 2692 3066 2750 Romanorum
3093 2697 3368 2767 Oppidum;
3394 2699 3560 2750 amnis
3582 2697 3707 2750 Mu-

2132 2781 2282 2834 luclta
2329 2781 2518 2835 Bocchi
2575 2783 3070 2854 Massesuloruntque
3120 2787 3256 2853 ﬁnis.
3316 2787 3513 2842 Verum
3578 2789 3707 2843 olim

2133 2881 2252 2940 post
2273 2873 2467 2928 bellum
2497 2873 2892 2942 Iugurthinum,
2924 2886 2980 2930 ut
3001 2879 3074 2933 ait
3096 2878 3284 2945 Rufus,
3313 2879 3365 2931 in
3391 2880 3566 2949 pepuli
3602 2880 3708 2934 Ro:

2132 2963 2266 3014 mani
2309 2972 2607 3031 potestatem
2637 2962 2889 3020 Numidia
2935 2970 3086 3022 venit.
3117 2970 3244 3036 Qua:
3283 2969 3494 3038 quidem
3522 2969 3588 3024 de
3619 2984 3708 3025 re-

2131 3049 2288 3117 gione
2317 3053 2580 3106 maritima
2603 3054 2895 3121 Numidite,
2924 3063 3044 3126 quae
3073 3058 3245 3113 fuerat
3273 3057 3403 3112 ditio
3432 3058 3708 3114 Adherba-

2137 3138 2202 3192 lis
2244 3155 2272 3193 a
2299 3140 2555 3210 Jugurtha
2599 3146 2758 3200 occisi
2804 3147 3144 3216 intelligenda
3193 3157 3336 3213 sunt,
3360 3164 3423 3204 ex
3455 3149 3707 3204 SallustTo

2135 3250 2252 3307 cap.
2272 3238 2342 3293 26
2374 3239 2441 3294 de
2467 3241 2614 3295 Bello
2639 3241 2959 3312 Iugurthino
2980 3261 2994 3310 ;
3012 3246 3229 3300 Zamam
3253 3247 3392 3301 enim
3423 3257 3477 3303 et
3504 3247 3708 3303 Cirtam

2135 3329 2308 3398 regias
2339 3329 2391 3383 in
2424 3331 2830 3388 mediterraneis
2857 3335 2998 3389 illius
3029 3338 3314 3406 provincia:
3343 3339 3502 3393 urbes
3529 3337 3712 3394 Csesar

2132 3418 2281 3474 Juba:
2297 3420 2543 3485 abstulit;
2568 3422 2709 3479 unde
2724 3438 2786 3479 ea
2813 3424 3074 3480 Numidiae
3105 3442 3225 3495 pars
3247 3428 3537 3496 provincia:
3561 3445 3712 3484 nova:

2135 3525 2330 3567 nomen
2376 3515 2561 3568 sortita
2611 3525 2729 3582 est,
2783 3518 3087 3574 auctoribus
3141 3520 3381 3589 Appiano
3424 3529 3477 3575 et
3521 3521 3710 3576 Dione.

2134 3601 2309 3667 Quare
2363 3603 2408 3657 si
2451 3602 2833 3661 Thabenenses
2878 3615 3030 3661 erant
3075 3609 3165 3661 sub
3223 3609 3413 3662 ditione
3453 3608 3604 3663 Juba:
3658 3613 3712 3665 in

2133 3702 2355 3744 extrema
2394 3696 2503 3764 ejus
2551 3696 2756 3764 regione
2794 3697 3048 3750 maritima
3093 3698 3264 3760 locati.
3307 3715 3436 3756 sane
3473 3704 3709 3758 erantin

2134 3795 2226 3835 ora
2259 3784 2520 3838 maritima
2545 3786 2876 3842 Mauritania:
2906 3787 3171 3845 Sitifensis
3201 3805 3302 3844 non
3323 3792 3506 3859 procul
3535 3808 3562 3846 a
3597 3793 3716 3847 Mu-

2135 3871 2287 3925 luclia
2313 3914 2327 3937 ,
2360 3888 2461 3941 qua
2498 3873 2864 3931 Mauritaniam
2911 3877 3294 3936 Caesariensem
3343 3883 3537 3937 Bocchi
3571 3882 3714 3950 regis

2134 3963 2428 4029 spectabat.
2483 3966 2548 4019 Et
2592 3968 2806 4035 quidem
2860 3970 3090 4039 aliquam
3137 3972 3467 4029 Mauritania:
3505 3985 3711 4044 partem

2135 4054 2284 4108 Juba:
2321 4056 2587 4111 subditam
2619 4057 2784 4115 fuisse
2809 4101 2822 4128 ,
2854 4062 3026 4129 palam
3069 4079 3132 4117 ex
3171 4065 3239 4119 A.
3266 4065 3436 4122 llirtio
3464 4067 3712 4137 intelligi-

2138 4155 2243 4210 tur,
2275 4147 2362 4216 qui
2392 4149 2571 4202 scribit
2602 4163 2779 4218 regem
2801 4191 2815 4214 ,
2848 4167 2968 4205 cum
2991 4152 3312 4209 destinasset
3345 4156 3395 4208 iu
3426 4157 3712 4226 Byzacium

2137 4250 2258 4290 cum
2285 4237 2524 4291 exercitu
2556 4237 2622 4292 ad
2658 4238 2962 4309 Scipionem
3004 4258 3250 4312 pergere,
3281 4244 3546 4300 Saburatn
3589 4263 3712 4301 cmn

2137 4327 2257 4382 aliis
2287 4327 2454 4394 copiis
2485 4329 2535 4381 in
2569 4329 2936 4385 Mauritaniam
2969 4333 3212 4400 misisse,
3236 4349 3304 4390 ne
3335 4350 3424 4390 rex
3456 4335 3640 4406 Bogud
3662 4347 3713 4393 et

2139 4418 2307 4473 Sitius
2330 4418 2554 4474 Caesaris
2577 4421 2857 4488 prmlectus
2873 4422 2939 4477 ab
2958 4423 3126 4477 altera
3146 4433 3291 4492 parte
3309 4427 3474 4493 ipsius
3491 4443 3714 4497 regnum

2141 4511 2468 4567 invadi-rexit.
2494 4513 2626 4566 llinc
2649 4513 2784 4580 apud
2812 4515 3029 4570 Florum
3054 4517 3144 4570 lib.
3179 4534 3251 4584 tv,
3283 4533 3402 4586 cap.
3435 4518 3489 4582 2,
3521 4521 3714 4588 legitur

2140 4600 2469 4655 Mauritania:
2496 4619 2586 4656 rex
2599 4601 2756 4656 Juba.
2781 4603 2939 4659 Addit
2967 4591 3105 4661 idem
3133 4607 3329 4661 l-lirtius
3353 4608 3463 4663 fere
3483 4609 3535 4662 in
3567 4609 3714 4662 calce

2138 4692 2317 4759 operis
2343 4708 2356 4743 :
2392 4690 2603 4746 Publius
2633 4694 2834 4748 interim
2865 4696 3048 4762 Sitius,
3081 4699 3226 4765 pulso
3247 4699 3467 4752 exercitu
3496 4699 3714 4754 Sabura:

2140 4784 2362 4853 praefecti
2382 4782 2528 4838 Juba:
2547 4825 2560 4848 ,
2589 4786 2796 4857 ipsoque
2817 4788 3075 4856 interfecto
3095 4829 3110 4854 ,
3133 4805 3250 4842 cum
3277 4790 3371 4843 iter
3397 4806 3510 4843 cum
3535 4791 3714 4858 paucis

2139 4894 2226 4943 per
2260 4877 2626 4931 Mauritaniam
2651 4881 2720 4932 ad
2760 4879 3010 4934 Ctzsarem
3057 4883 3268 4950 faceret,
3294 4884 3425 4951 forte
3450 4883 3632 4935 incidit
3660 4885 3714 4935 in

2142 4967 2390 5023 Faustum
2413 4969 2808 5041 Afraniumque,
2841 4980 2944 5026 etc.
2987 4972 3112 5027 Erat
3144 4973 3194 5028 id
3238 4975 3491 5041 temporis
3532 4973 3712 5028 Cmsar

2139 5055 2305 5112 Utica:
2357 5061 2406 5112 in
2450 5061 2839 5127 proconsulari.
2875 5061 3055 5132 Itaque
3091 5063 3181 5117 illa
3207 5063 3540 5118 Mauritania:
3589 5078 3711 5133 pars

2137 5163 2255 5217 qua:
2285 5150 2410 5203 olim
2440 5149 2670 5218 Micipsa:
2691 5161 2743 5204 et
2770 5151 3053 5222 lliemp~ali
3085 5155 3222 5208 illius
3254 5155 3363 5210 lilio
3396 5156 3638 5224 parebat,
3659 5166 3711 5210 et

2140 5249 2322 5307 postea
2351 5256 2415 5292 ex
2457 5240 2717 5296 divisione
2755 5242 2783 5295 ὁ
2814 5243 2997 5312 legatis
3030 5246 3389 5301 Romanorum
3424 5247 3593 5314 facta,
3621 5248 3712 5303 Ju-

2135 5328 2341 5396 gurtha:
2371 5331 2560 5383 tradita
2592 5330 2715 5397 fuit,
2741 5332 2791 5385 in
2823 5332 2971 5388 Juba:
3003 5335 3320 5403 Hiempsalis
3344 5337 3434 5391 lilii
3469 5349 3710 5406 potesta-

2141 5429 2244 5473 tem
2291 5430 2537 5486 venerat,
2590 5423 2641 5475 iu
2685 5424 2837 5492 cujus
2878 5428 3146 5482 maritima
3204 5440 3442 5484 extrema
3493 5431 3707 5500 regione

2140 5509 2517 5564 Tliabenenses
2561 5512 2626 5566 ab
2658 5513 2826 5568 llirtio
2870 5527 3156 5583 ponuntur.
3199 5519 3323 5572 litec
3364 5535 3449 5573 me
3482 5521 3706 5574 fortasse

2141 5602 2405 5656 curiosius
2451 5615 2786 5672 prosecutum
2834 5609 3008 5674 dices;
3061 5611 3154 5664 sed
3201 5612 3275 5666 rei
3321 5613 3616 5668 obscuritas
3656 5614 3702 5667 id

2144 5690 2358 5759 exegit;
2390 5694 2583 5762 saepius
2625 5697 2763 5751 enim
2797 5697 3004 5754 illc-rum
3045 5701 3238 5756 Africa:
3278 5720 3457 5772 regum
3500 5705 3629 5760 fines
3673 5719 3700 5756 α
