3908 6304
813 316 948 370 \‘slt
973 316 1161 371 out-tt
1205 314 1795 371 EXERGITA'HUNES
1835 313 1897 372 lN
1934 317 1990 373 s.
2033 316 2400 374 AUGUSTINI
2439 320 2686 377 OPERA.
3251 318 3364 384 ait.

119 431 346 488 Romanis
365 430 551 484 mutati
583 439 728 496 sunt,
755 441 813 485 ut
833 431 1032 500 optimc
1060 447 1123 486 ex
1146 431 1407 486 Strabone
1441 431 1537 486 lib.
1561 446 1666 484 xvn
1699 431 1748 490 Α
1777 431 1922 488 llanc
1951 433 2136 488 urbem
2169 435 2385 503 egregie
2431 436 2674 505 designat
2703 437 2982 493 Sallustius
3013 441 3065 494 in
3093 441 3238 498 Bello
3262 445 3362 504 lu.

117 536 160 580 οι
186 524 342 578 Dione
370 524 605 577 noveris.
631 523 748 590 Quo
769 524 781 574 l
806 524 849 576 si
873 523 1160 577 Garncrius
1190 524 1242 576 in
1268 532 1506 578 extremo
1535 538 1667 593 quo-
1768 524 2018 593 gurthino
2045 538 2163 594 cap.
2188 525 2280 590 62,
2299 527 2387 580 ubi
2413 529 2573 581 tradit
2599 528 2810 584 Metello
2838 531 3060 585 Romani
3087 536 3360 594 exercitus

117 617 221 670 dam
249 628 306 668 ac
331 613 431 667 sibi
459 623 662 667 tantum
693 624 818 666 noto
847 612 1107 667 Numidiae
1151 614 1348 682 angulo
1395 614 1458 666 ad
1501 614 1669 668 Medi-
1769 614 2089 683 imperatore
2116 625 2299 671 contra
2334 617 2651 687 Jugurtham
2684 619 2942 674 Numidia:
2971 637 3148 690 regem
3180 625 3232 678 in
3255 626 3359 682 hac

120 720 393 763 terraueum
423 705 734 761 Thabenam
767 705 928 761 fuisse
954 706 1259 770 contendat,
1289 721 1449 760 unum
1476 705 1662 760 saltem
1772 707 1885 777 ipsa
1918 709 2189 775 provincia
2237 709 2437 764 bellum
2471 720 2710 780 gerente,
2740 728 2835 781 pro
2863 717 3228 784 componenda
3261 732 3361 786 pa-

118 809 282 856 tesletn
326 800 598 868 appellare
628 799 814 863 debet,
845 809 900 853 ut
939 808 1014 854 tot
1054 800 1500 864 testimoniorum,
1548 815 1666 869 quae
1769 813 1852 862 ce,
1892 799 2140 853 eumdem
2204 799 2522 871 Iugurtham
2579 802 2831 856 Tisidium
2884 805 3132 859 accitum.
3177 807 3358 875 Itaque

117 892 288 946 adduxi
314 891 794 946 fidemlabefactet.
822 892 899 946 Ex
915 893 994 946 his
1025 891 1279 961 intelligis
1307 893 1662 961 suspicionem
1768 887 2090 956 Lampadius
2106 889 2448 946 Tisiditensis
2477 893 2559 946 vel
2583 893 2910 949 Tisiditanus
2955 895 3211 950 dicendus
3249 908 3352 962 est,

118 984 240 1037 illam
280 982 345 1036 de
392 982 648 1037 Thabena
693 997 814 1038 cum
861 982 1134 1037 Ptolemaei
1175 983 1389 1038 Thabba
1436 984 1661 1039 confuu-
1768 995 1872 1034 non
1917 979 2279 1036 Tididitanus.
2325 982 2599 1052 Lampadii
2656 985 2841 1038 urbem
2873 985 3132 1040 Tisidium
3167 987 3353 1041 omisit

120 1072 289 1137 denda,
321 1087 479 1140 quam
513 1088 614 1125 non
639 1073 794 1126 levem
820 1073 1157 1142 opinabatur,
1185 1087 1304 1128 esse
1337 1089 1551 1142 prorsus
1576 1089 1666 1128 va-
1766 1069 1988 1124 Carolus
2031 1085 2062 1123 a
2119 1071 2178 1126 S.
2231 1072 2416 1136 Paulo,
2468 1073 2778 1128 Holstenius
2817 1075 3034 1132 incerta:
3064 1081 3351 1146 provincia:

119 1164 398 1228 nissimam;
443 1162 705 1231 siquidem
745 1163 1066 1217 Ptolemaeus
1104 1163 1379 1217 Thabham
1422 1163 1567 1232 ponit
1611 1164 1663 1219 in
1767 1161 2050 1229 ascripsit;
2079 1176 2236 1231 quam
2271 1173 2447 1218 tamen
2500 1163 2664 1219 fuisse
2693 1164 2745 1218 in
2773 1165 3016 1221 Numidia
3052 1180 3261 1224 constat
3287 1186 3353 1225 ex

119 1253 309 1321 regione
348 1252 450 1306 sita
498 1253 636 1307 inter
681 1253 868 1307 ﬂuvios
906 1253 1198 1322 Bragadam
1241 1264 1295 1309 et
1339 1255 1609 1311 Tritonem
1646 1272 1662 1309 :
1769 1251 2044 1316 Sallustio,
2068 1261 2121 1307 et
2141 1268 2204 1307 ex
2229 1252 2327 1308 hac
2355 1254 2643 1324 epigraphe
2663 1256 2714 1310 in
2742 1273 2843 1323 qua
2870 1257 3186 1326 Lampadius
3207 1261 3354 1328 ejus-

116 1358 313 1412 quorum
343 1344 549 1412 primus
576 1357 742 1412 prope
784 1342 986 1398 Uticam
1026 1344 1077 1397 in
1112 1344 1500 1412 proconsulari,
1530 1346 1665 1400 alter
1767 1341 1886 1396 dem
1918 1343 2097 1412 oppidi
2125 1343 2406 1413 episcOpus
2439 1345 2575 1400 inter
2597 1345 2849 1400 Numidas
2875 1349 3154 1403 recitatur.

117 1449 259 1501 prope
277 1433 538 1502 Tacapem
565 1434 616 1486 in
633 1433 858 1503 Byzacio
881 1433 1012 1486 mari
1035 1435 1319 1500 miscetur;
1349 1444 1405 1489 et
1427 1445 1665 1504 tempore
1842 1433 2161 1490 Duremus.
2188 1434 2388 1489 Incerti
2409 1438 2624 1490 nominis
2648 1435 2932 1492 Ecclesium
2953 1439 3117 1503 rexit,-
3142 1441 3354 1494 vicinam

116 1525 218 1576 belli
247 1525 411 1577 civilis
450 1524 651 1576 nullum
676 1524 926 1592 oppidum
969 1523 1293 1578 maritimum
1326 1525 1463 1580 ineo
1488 1533 1662 1580 tractu
1766 1534 1930 1578 tamen
1953 1525 2320 1592 Constantium,
2346 1533 2398 1578 ut
2425 1526 2687 1595 colligitur
2708 1545 2773 1582 ea:
2798 1545 2914 1597 cap.
2948 1529 3015 1583 65
3045 1530 3351 1598 collationis,

114 1633 138 1671 a
164 1617 284 1672 Juba
309 1617 610 1685 tenebatur,
642 1617 735 1672 sed
763 1617 845 1672 vel
875 1617 1194 1670 Caesarianis
1215 1659 1230 1682 ,
1261 1619 1342 1671 vel
1373 1617 1658 1688 Scipionis,
1765 1617 1852 1669 ubi
1879 1614 2161 1670 Petilianus
2194 1616 2462 1691 Donatista
2489 1618 2821 1672 interlocutus
2864 1636 2877 1670 :
2912 1619 2969 1672 ln
3006 1621 3158 1688 plebe
3202 1636 3345 1683 mea,

115 1717 158 1762 et
179 1708 384 1762 Catonis
414 1707 677 1773 νιηεείάιίς
706 1723 894 1761 omnes
917 1707 1021 1761 illic
1050 1708 1207 1761 urbes
1241 1708 1458 1762 insessze
1487 1718 1659 1774 erant,
1765 1707 1947 1776 inquit,
1996 1706 2047 1760 id
2092 1715 2174 1760 est
2219 1707 2433 1761 civitate
2470 1705 2929 1771 Constantinensi,
2982 1708 3344 1762 adversarium

116 1809 159 1851 ut
186 1814 245 1852 ex
285 1799 682 1852 commentariis
713 1798 867 1882 liii-lii
893 1839 907 1864 ,
939 1797 1161 1867 Appiani
1183 1839 1198 1866 ,
1223 1808 1278 1853 et
1303 1800 1485 1855 Dionis
1511 1816 1665 1870 aper-
1698 1794 1738 1852 Β
1769 1796 1940 1850 habeo
1968 1783 2350 1862 Fortunatum;
2381 1797 2434 1851 in
2484 1797 2663 1852 medio
2695 1807 2872 1852 autem
2923 1798 3169 1852 dimce-is
3219 1814 3353 1853 mea

116 1891 296 1944 tissime
320 1900 547 1945 conStat.
1519 1945 1526 1950 _
1763 1905 1903 1944 nunc
1951 1890 2248 1944 institutum
2295 1890 2495 1954 habeo,
2540 1891 2646 1942 imo
2699 1890 2797 1957 ipsi
2857 1888 3077 1953 habent,
3131 1889 3349 1943 nomine

175 1980 409 2035 Densus
450 1981 775 2046 BUBITANUS,
807 1996 898 2036 seu
942 1984 1248 2039 Buncgnsrs.
1295 1983 1378 2038 Ita
1423 1986 1474 2038 in
1499 1986 1662 2039 colla-
1764 1977 2103 2047 Delphinum.
2179 1978 2412 2032 Meminit
2459 1978 2669 2047 hujusce
2729 1977 2972 2047 Delpltini
3030 1978 3352 2048 Augustinus

114 2073 249 2125 tione.
299 2071 397 2125 Ubi
429 2089 545 2126 vero
576 2074 741 2140 posita
784 2075 936 2142 fuerit
977 2074 1143 2128 Burca
1175 2077 1264 2128 illa
1294 2077 1490 2135 civitas.
1520 2079 1657 2146 cujus

1807 2069 1911 2123 οἱδὶ.
1948 2068 2069 2132 158,
2113 2077 2218 2123 etc.
2263 2069 2358 2123 llic
2381 2070 2756 2137 episcoporum
2806 2069 3123 2138 epigraphes
3153 2084 3350 2139 agmen

114 2164 370 2217 Ecclesium
396 2164 627 2218 Donatus
656 2167 803 2232 rexit,
832 2167 1078 2220 incertum
1101 2176 1195 2221 est.
1222 2166 1287 2220 In
1325 2168 1525 2221 Notitia
1552 2169 1662 2237 epi-
1763 2161 1960 2215 claudit
1986 2178 1999 2226 ;
2033 2161 2084 2215 in
2115 2176 2220 2230 quo
2249 2162 2466 2230 quidem
2498 2163 2692 2217 vellem
2719 2178 2841 2217 cum
2873 2161 3132 2217 Garncrio
3160 2178 3353 2218 conve-

112 2271 352 2325 scoporum
374 2255 634 2308 Numidia:
651 2255 709 2322 ﬁt
739 2259 922 2310 mentio
941 2257 1131 2312 Leontii
1162 2257 1452 2312 Burccnsis.
1477 2259 1664 2312 Omnia
1766 2252 1904 2319 nire,
1932 2260 1989 2306 ut
2038 2263 2317 2322 postquam
2366 2252 2418 2306 in
2443 2253 2696 2308 litteraria
2730 2254 2973 2322 palaestra
2999 2253 3198 2308 diutius
3227 2269 3350 2308 cum

112 2359 308 2411 prorsus
336 2345 570 2400 invertit.
594 2346 922 2401 Scribiturin
944 2363 1064 2415 cop.
1095 2350 1192 2402 1³55
1223 2350 1520 2403 collationis
1561 2349 1662 2403 θοι
1765 2343 1952 2398 60dem
1988 2344 2216 2398 luelalus
2242 2359 2382 2411 sum,
2414 2345 2586 2398 amico
2616 2359 2740 2414 erga
2772 2343 3020 2411 etultdem
3063 2345 3243 2398 animo
3280 2359 3352 2398 ex

112 2445 245 2488 nutus
279 2437 545 2505 episcopus
578 2436 734 2504 plebis
777 2436 1143 2491 Buritanensis.
1180 2438 1248 2492 At
1277 2440 1427 2494 cxcel
1453 2440 1666 2495 entissi-
1757 2436 2060 2508 certamine
2087 2435 2440 2498 discederem,
2487 2444 2542 2490 et
2571 2436 2656 2490 ubi
2695 2435 2930 2504 delphini
2983 2435 3352 2490 imminentem

111 2542 214 2579 mus
239 2527 682 2582 immutandorutn
712 2528 984 2582 nominum
1019 2530 1206 2584 artifex
1238 2546 1298 2585 ex
1329 2531 1663 2585 Buritanensi
1765 2529 2054 2600 procellam
2084 2530 2259 2584 nautis
2287 2530 2542 2596 indicant,
2576 2531 2645 2584 ita
2670 2530 3080 2606 hicpelphinus
3106 2546 3137 2584 e
3169 2540 3354 2586 contra

113 2617 412 2672 Burreusem
440 2619 637 2682 reddit,
669 2619 797 2673 utin
824 2619 1064 2673 Numidia
1090 2630 1394 2684 censeatur,
1420 2637 1535 2675 cum
1567 2622 1667 2675 Bu-
1767 2633 2088 2677 commotam
2121 2622 2396 2690 hucusque
2423 2621 2834 2691 geographicam
2870 2629 3267 2690 tempestatem,
3303 2621 3356 2678 in

113 2712 264 2763 ritana
294 2710 534 2764 Ecclesia
565 2711 782 2764 incerta:
810 2711 1101 2780 provincia:
1148 2713 1238 2764 sit.
1284 2711 1486 2765 Rursus
1514 2727 1670 2778 supe-
1768 2730 1871 2782 qua
1901 2712 2190 2768 Garncrius
2213 2713 2491 2781 naufragio
2538 2713 2816 2782 proximus
2863 2712 2979 2776 fuit,
3019 2713 3160 2764 illata
3215 2722 3356 2765 tran-

113 2799 205 2853 tius
229 2801 275 2853 in
300 2802 442 2854 notis
473 2801 539 2855 ad
573 2801 892 2869 Servumdei,
924 2801 1136 2855 dixerat
1166 2802 1306 2856 hunc
1336 2802 1537 2856 sedisse
1568 2802 1667 2855 Bu-
1769 2805 2032 2876 quillitate
2080 2804 2315 2858 sedaret.
2373 2807 2440 2858 At
2469 2805 2589 2857 novi
2620 2803 2813 2856 iterum
2857 2802 3227 2856 difficultatum
3255 2801 3357 2854 ilu-

113 2909 168 2947 πη
201 2904 431 2962 tempore
452 2895 770 2961 collatioiiis,
800 2910 900 2964 qua
927 2895 987 2949 in:
1004 2896 1133 2949 urbe
1156 2910 1188 2964 p
1212 2905 1339 2949 istca
1372 2910 1512 2948 anno
1542 2895 1666 2959 485,
1770 2907 1888 2953 ctus
1911 2897 2210 2967 insurgunt.
2245 2895 2350 2950 Res
2368 2895 2547 2962 altius,
2572 2893 2698 2948 lteet
2724 2893 2924 2963 paucis,
2945 2893 3232 2960 repetenda
3257 2900 3360 2945 est.

114 2995 156 3034 ul
181 2983 440 3038 inNotitia
470 2985 716 3050 habetur,
741 2985 1159 3054 fuitepiscopus,
1191 2997 1241 3039 ut
1266 2985 1357 3040 ille
1385 2985 1476 3048 ait,
1508 2984 1670 3038 Leon-
1771 2991 1928 3044 Anno
1958 2990 2057 3043 Hi
2096 2989 2387 3043 Petilianns
2435 2987 2486 3041 in
2536 2987 2820 3041 collatione
2875 2987 2947 3039 ita
2999 2983 3359 3039 Marcellinum

113 3075 197 3127 lius
229 3075 484 3129 Burensis.
518 3077 584 3130 At
616 3075 756 3131 hunc
786 3078 955 3146 ipsum
999 3076 1274 3132 Leontium
1323 3077 1480 3130 modo
1533 3076 1671 3130 afiir-
1714 3149 1741 3152 7_
1772 3083 2004 3152 judicem
2025 3080 2289 3135 allocutus
2333 3079 2532 3134 dicitur
2561 3093 2679 3147 cap.
2716 3077 2992 3149 l65,‘cum
3028 3076 3205 3144 plures
3249 3077 3361 3144 epi-

113 3179 209 3218 tuat
243 3165 400 3220 fuisse
449 3181 815 3221 successorem
865 3175 984 3235 post
1019 3167 1198 3236 plures
1237 3166 1440 3220 medios
1483 3165 1670 3219 Donati
1700 3149 1746 3210 (ἶ
1774 3149 1924 3243 scepi
1949 3172 2194 3228 catholici
2238 3172 2599 3242 gloriarentur
2630 3186 2688 3226 se
2733 3171 2844 3224 suis
2896 3171 2945 3224 in
2980 3170 3205 3224 urbibus
3253 3185 3358 3224 non

113 3257 355 3321 Buritaui,
387 3274 483 3312 seu
509 3258 815 3323 Burcensis,
848 3259 938 3328 qui
970 3259 1142 3312 eidem
1182 3257 1448 3312 coi'ationi
1481 3257 1667 3311 adluit.
1775 3264 1972 3319 habere
2004 3265 2313 3332 episcopum
2347 3262 2675 3317 Donatistam
2705 3279 2717 3314 :
2751 3261 2975 3314 Lucrum
3001 3261 3137 3313 enim
3165 3261 3364 3313 videtur

112 3349 345 3421 Suspicor
371 3352 679 3405 Buritanam
715 3353 1006 3407 Ecclesium
1032 3359 1304 3417 Spectasse
1343 3351 1409 3406 ad
1439 3349 1671 3406 Proco:t-
1775 3357 1854 3412 Itis
1882 3357 2078 3419 cedere,
2121 3355 2208 3422 qui
2259 3355 2443 3407 multos
2471 3370 2524 3407 se
2554 3353 2794 3406 adversus
2825 3362 3024 3404 nostros
3050 3351 3233 3403 habere
3279 3367 3364 3414 per

113 3442 320 3497 solerem
348 3460 362 3496 :
395 3457 517 3496 nam
538 3452 642 3497 act.
675 3441 709 3493 2
752 3443 962 3497 concilii
1003 3442 1063 3497 S.
1098 3443 1309 3497 Martini
1361 3443 1498 3497 inter
1530 3444 1673 3498 illius
1774 3447 1908 3500 hanc
1938 3446 2251 3516 provinciam
2278 3445 2628 3508 ostenderunt,
2660 3444 2702 3495 si
2734 3444 2785 3495 in
2816 3442 3076 3512 provincia
3117 3440 3365 3494 Numidia

113 3536 378 3599 provincia:
400 3534 682 3603 episcopos
702 3535 988 3590 subscribit
1018 3536 1329 3606 synodicam
1360 3537 1674 3590 Cresciturus
1773 3555 1876 3593 non
1908 3538 2252 3601 ostendamus,
2282 3551 2366 3588 eos
2406 3534 2607 3603 penitus
2666 3548 2766 3585 non
2819 3532 3029 3593 habere,
3068 3541 3155 3582 aut
3188 3531 3366 3582 habere

115 3621 399 3686 Busilrmus,
423 3625 509 3693 qui
538 3625 673 3680 forte
696 3626 976 3679 Buritanus
999 3626 1253 3680 dicendus
1280 3636 1359 3680 est
1388 3643 1401 3690 ;
1427 3629 1478 3680 ni
1501 3628 1675 3696 potius
1774 3638 1928 3693 certe,
1961 3626 2048 3683 sed
2069 3626 2198 3678 raris
2223 3625 2369 3678 locis.
2401 3626 2530 3690 Qua:
2563 3623 2686 3678 licet
2712 3623 2778 3675 ab
2810 3621 3061 3674 haeretica
3090 3621 3212 3674 olim
3243 3633 3368 3672 cau~

113 3729 136 3766 e
167 3725 347 3768 contra
405 3715 641 3769 Donatus
683 3716 965 3771 Busit..nns
1007 3716 1358 3786 appellandus
1411 3718 1670 3772 videatur.
1775 3723 1965 3787 sidico,
2023 3721 2325 3790 emphatice
2370 3720 2514 3774 dicta
2567 3725 2710 3781 sunt,
2745 3716 2868 3771 illud
2924 3725 3098 3768 tamen
3155 3720 3367 3767 constat

115 3806 224 3862 Rem
251 3812 302 3860 in
332 3807 508 3862 ιιιεόὲο
534 3808 798 3877 relinquo.
1777 3815 2024 3870 hmresim
2049 3813 2472 3876 Donatistarum,
2506 3826 2644 3879 quin,
2672 3817 2727 3863 ut
2757 3810 2830 3862 ait
2865 3807 3191 3875 Augustinus
3206 3806 3365 3873 epist.

172 3899 264 3952 P51
281 3913 401 3963 nos,
434 3899 742 3961 l’nmsmtus',
782 3906 836 3952 et
869 3899 1216 3955 Cnescoa‘ws.
1266 3898 1481 3955 Incerta:
1520 3901 1672 3954 sedis.
1779 3907 1880 3962 134
1908 3905 1972 3960 ad
2025 3905 2422 3959 Pammachium
2507 3904 2560 3956 in
2620 3903 2787 3955 media
2834 3901 3094 3954 consulari
3125 3898 3368 3952 Numidia

117 3988 192 4042 Hic
217 3999 404 4045 sextus
433 3989 752 4044 Cresconius
782 3991 931 4044 tarde
957 3993 1102 4046 venit
1129 3992 1193 4045 ad
1221 3981 1561 4058 Garncrium,
1586 3993 1674 4061 qui
1777 4008 1950 4053 ortum
1997 3996 2279 4061 habuerat,
2332 3995 2486 4050 istius
2530 3993 2816 4064 provincia:
2866 3994 3025 4046 urbes
3072 3992 3140 4043 ita
3190 4006 3369 4056 perva.

114 4098 212 4135 Wm
241 4083 480 4151 τιυὶηιιυθ
511 4083 629 4145 aliis
656 4093 811 4136 amen
843 4084 1125 4138 nominatis
1149 4086 1201 4138 in
1233 4085 1522 4155 epigraphc
1545 4087 1675 4140 Cre-
1778 4091 1935 4155 sisse,
1976 4100 2032 4143 ut
2081 4088 2260 4157 plures
2313 4089 2624 4155 episcopum
2678 4085 3016 4140 solummodo
3043 4085 3369 4139 DonatiSfam

115 4176 292 4229 scouiis
318 4175 474 4229 sedes
499 4176 549 4228 in
581 4175 825 4229 Numidia
873 4175 1216 4241 destinasset,
1260 4178 1465 4232 duabus
1516 4178 1673 4232 etiam
1777 4185 1892 4237 sine
1919 4181 2110 4235 :emuio
2139 4181 2403 4234 catholico
2432 4179 2672 4233 antistite
2703 4179 2754 4232 id
2804 4179 3057 4246 temporis
3090 4178 3368 4233 haberent.

116 4263 322 4317 urbibus
343 4263 633 4317 Titulitana
658 4279 721 4317 ex
753 4266 1135 4332 proconsalari,
1157 4266 1311 4320 Tllblt
1331 4270 1408 4320 nsi
1438 4283 1501 4321 ex
1536 4267 1679 4321 Mau—
1781 4273 1873 4327 lla:
1920 4271 2216 4340 prmsertim
2251 4270 2505 4324 Ecclesia:
2535 4286 2562 4322 a
2593 4271 2724 4323 Solis
2767 4269 3055 4323 Donatistis
3101 4270 3382 4337 episcopis,

115 4355 282 4408 I’ilattia
321 4356 560 4410 Sitifensi
591 4356 643 4408 in
678 4355 1018 4408 Numidarum
1050 4371 1265 4409 censum
1292 4358 1581 4420 translatis,
1611 4374 1677 4412 ne
1721 4357 1725 4360 ’
1778 4373 2057 4432 occupatu:
2087 4367 2138 4416 in
2166 4363 2452 4417 collatione
2495 4365 2790 4416 recitantur
2846 4362 3204 4416 Lunsorlensis
3249 4375 3380 4428 cap,

115 4445 214 4510 quis
240 4448 654 4500 Cresconiorum
689 4457 835 4501 extra
869 4447 1165 4501 Numidiam
1201 4450 1368 4501 sacris
1401 4455 1672 4516 praeesset,
1711 4507 1756 4524 η
1789 4458 1907 4521 H5,
1942 4456 2230 4508 ldassensts
2264 4470 2380 4522 cap.
2421 4455 2544 4516 189.,
2580 4453 2841 4523 Legensis,
2869 4454 3233 4524 Lamiggensis,
3266 4451 3379 4503 lio-

115 4537 296 4591 nullam
333 4546 516 4606 postea
549 4538 600 4590 in
625 4539 723 4592 hac
751 4540 1045 4608 provincia,
1097 4539 1201 4594 imo
1234 4554 1330 4592 nec
1363 4539 1413 4592 in
1442 4538 1677 4594 finitimis
1709 4507 1758 4566 υ
1785 4547 2016 4601 lariensis
2045 4560 2164 4615 cap.
2202 4545 2324 4607 187,
2355 4544 2631 4597 Tibilitana
2659 4560 2776 4612 cap.
2817 4544 2938 4605 197,
2979 4541 3372 4595 Παειέσὶαηεηιςίδ

115 4625 276 4680 urbem
307 4627 494 4682 habuit
526 4628 806 4695 reliquam,
837 4629 898 4680 ad
928 4645 1081 4697 quam
1105 4638 1310 4682 sextum
1333 4627 1676 4683 Cresconium
1765 4654 1900 4706 αφ,
1937 4639 2058 4702 198,
2091 4637 2475 4691 Lambirilénsis
2504 4652 2625 4705 cap.
2655 4638 2781 4702 906,
2808 4647 2858 4689 et
2885 4636 3003 4688 alizr-
3028 4633 3288 4700 plurimm,
3319 4643 3378 4687 ιιι-

115 4719 406 4787 episcopum
440 4719 693 4772 mitteret.
729 4718 893 4772 Doleo
927 4719 1078 4772 istius
1118 4720 1369 4772 antistitis
1394 4721 1557 4782 vices,
1593 4737 1658 4789 qu

1830 4745 1848 4782 ι
1897 4729 2307 4783 interlocutione
2367 4728 2636 4797 frequenti
2685 4725 2880 4778 Aurelii
2931 4722 3373 4776 illacomadieusis

115 4811 259 4862 sacris
296 4810 548 4864 omnibus
585 4811 858 4863 civitatum
892 4813 982 4862 Afr
1004 4825 1079 4864 c.c
1113 4809 1446 4878 prmieeturis
1480 4826 1508 4862 a
1548 4811 1678 4864 Gar-
1786 4818 2129 4874 Numidarum
2160 4821 2393 4889 episcopi
2446 4836 2548 4872 non
2578 4821 2803 4872 oltscurc
2852 4813 3135 4882 colligitur,
3171 4813 3381 4869 Rursus.

116 4901 245 4953 nerio
265 4903 386 4955 aliis
418 4901 721 4955 Cresconiis
748 4917 842 4968 pro
870 4900 1020 4954 lihito
1064 4901 1393 4965 distributis,
1443 4916 1656 4955 remane

1845 4929 2028 4980 mporc
2056 4913 2359 4966 collatioiiis
2389 4910 2651 4962 vacabant
2691 4906 3075 4959 catholicorum
3107 4906 3383 4962 cathedrar-

116 4989 300 5046 ini'crlte
327 4995 463 5048 sedis
492 4996 796 5061 episcopus.

1823 5020 1887 5056 ter
1910 5020 2001 5056 sex
2033 5003 2295 5055 Africana:
2317 5003 2616 5054 dimceseos
2641 4999 2940 5066 provincias
2966 5003 3228 5072 sexagin'a
3249 5018 3366 5068 qua-

177 5085 473 5142 LMIPADIUS
501 5089 881 5142 TISEDITENSF.
933 5085 1014 5139 Ita
1043 5087 1246 5156 quidem
1291 5087 1342 5138 in
1373 5086 1684 5152 collatione;
1794 5107 1928 5158 mor,
1954 5108 2071 5162 cap.
2102 5092 2245 5157 QIS;
2279 5106 2503 5159 quarum
2536 5100 2590 5142 ut
2622 5091 2893 5144 minimum
2926 5091 3114 5146 decem
3146 5091 3198 5145 fu
3238 5108 3294 5144 re
3323 5093 3376 5144 in

117 5185 158 5227 at
187 5176 506 5232 Tididitanus
547 5180 713 5246 potius
744 5180 844 5232 dici
883 5181 1043 5232 debet.
1082 5179 1216 5232 Nam
1256 5179 1456 5233 Notitia
1493 5179 1684 5233 Numi-
1793 5183 2060 5246 Numidia,
2087 5199 2205 5236 cum
2251 5183 2301 5236 in
2351 5181 2679 5248 Tripolitaua
2731 5184 2993 5247 provi:.eia
3026 5184 3257 5250 quinque
3287 5197 3376 5232 sos

121 5273 284 5324 durum
332 5275 685 5343 episcoporum
718 5274 940 5325 meminit
975 5274 1194 5325 Abundii
1219 5275 1524 5326 TidiJitani.
1577 5273 1684 5327 lmo
1792 5277 1896 5330 lum
1932 5275 2168 5346 episcopi
2195 5281 2625 5331 numerarentur.
2656 5273 2873 5326 Peracta
2909 5272 3072 5326 collat
3094 5288 3219 5329 one.
3256 5271 3378 5328 \‘lt'lk

121 5361 315 5419 Notilite
345 5377 520 5419 textus
544 5382 605 5419 ex
633 5365 920 5418 eollmioue
954 5366 1540 5432 fortassecorrigcndus
1563 5375 1680 5427 c.~t;
1790 5366 2024 5434 episcopi
2054 5364 2346 5419 Donatista:
2407 5375 2564 5430 atque
2596 5363 2816 5417 urbibus
2849 5363 2982 5431 pulsi
3027 5363 3094 5426 ab
3145 5362 3377 5413 Honorio

124 5451 193 5506 lic
221 5459 359 5509 enim
387 5458 546 5509 etiam
579 5459 713 5509 inter
738 5458 1040 5511 DOtmilSlilS
1080 5467 1404 5510 memoratur
1427 5472 1543 5524 cap.
1582 5460 1681 5512 l98
1789 5459 2136 5523 imperatore,
2187 5457 2357 5509 solum
2408 5467 2618 5508 vertere
2661 5455 2829 5507 coacti
2883 5461 3025 5515 sunt,
3062 5459 3116 5503 ut
3149 5459 3287 5516 patet
3312 5463 3379 5504 es

123 5542 339 5597 Donatus
366 5550 627 5614 episcopus
666 5547 1025 5610 Tiseditensis;
1048 5547 1198 5615 cuius
1228 5549 1442 5616 quidem
1489 5565 1679 5603 nomen
1786 5548 1906 5602 coll.
1943 5546 2152 5602 Theod.
2183 5547 2291 5617 lege
2313 5545 2380 5598 δι
2407 5556 2450 5598 et
2570 5587 2581 5606 ,
2603 5547 2665 5596 de
2687 5544 2956 5606 Ita'reticis,
2989 5543 3095 5595 dat.
3127 5541 3382 5596 Constan-

119 5635 263 5701 CaPili
303 5638 397 5692 [35
430 5639 771 5692 inserendum
801 5650 906 5701 est,
940 5639 1026 5693 ubi
1067 5639 1338 5707 Lampadii
1385 5639 1678 5693 Tiscditen-
1787 5642 1856 5692 tio
1887 5649 1932 5692 et
1961 5639 2229 5694 Constante
2279 5655 2433 5700 coss.,
2485 5652 2624 5690 anno
2658 5637 2781 5688 sli.
2833 5635 2981 5688 'l'uue
3028 5650 3056 5689 a
3103 5635 3380 5690 catholicis

121 5736 183 5778 tis
213 5728 540 5785 alversitrius
566 5748 671 5786 non
706 5731 914 5802 legitur,
947 5732 1134 5788 lacuna
1164 5731 1354 5788 ibidem
1393 5731 1676 5786 existente.
1788 5733 2051 5803 episropis
2081 5734 2130 5788 in
2160 5731 2409 5790 omnibus
2441 5729 2632 5785 Africm
2667 5727 2910 5794 urbibus,
2943 5729 3030 5785 ubi
3074 5731 3219 5795 prius
3265 5727 3378 5782 hin-
