3908 6366
441 318 544 373 513

1332 300 1896 387 SUPPLEMEN'I‘UM
1935 299 2026 354 AD
2065 297 2301 354 OPERA
2337 301 2394 355 S.
2440 300 2831 356 AUGUST.i\'l.

3598 305 3705 357 511)

442 432 593 486 retici
620 441 770 483 sacra
808 424 1199 487 ministrabant,
1250 420 1532 474 orthodoxi
1579 419 1846 473 antistites
1893 428 2018 469 eou-
2051 418 2097 476 Α
2126 413 2327 471 Catone
2356 424 2621 483 ostensas,
2658 415 3175 471 senatusconsultum
3201 414 3266 469 dc
3296 414 3491 469 ωηιυιςι
3519 430 3581 469 ac
3607 416 3709 469 La-

442 520 637 578 secrati
676 528 820 584 sunt,
848 526 902 573 et
933 516 1163 571 videatis
1185 513 1454 569 cathedris
1492 511 1612 565 novi
1643 508 1896 579 praesules
1938 521 2025 559 as-

443 615 660 686 signati.
699 615 882 683 Itaque
932 612 984 665 in
1023 607 1267 665 Numidia
1317 604 1503 675 viginti
1544 604 1733 657 saltem
1789 598 2023 668 episc0pi
2064 586 2072 593 ’

445 706 604 776 paulo
629 714 751 774 post
791 716 986 756 annum
1016 702 1115 754 411
1153 695 1454 766 inaugurati
1481 701 1624 754 sunt,
1664 704 1798 760 quos
1839 702 2027 742 omnes

447 796 739 866 Delphinus
758 796 865 862 jam
896 793 963 846 ab
996 805 1137 845 anno
1161 791 1259 845 Ml
1309 796 1429 840 ante
1457 783 1793 838 collationem
1824 779 2029 848 cpisco-

448 901 545 955 pus
569 885 927 955 prrecedebat.
959 882 1141 950 Itaque
1181 880 1225 933 si
1276 878 1361 931 hic
1406 876 1495 930 ille
1540 875 1680 928 idem
1709 880 1791 927 est
1814 869 1902 941 qui
1935 883 2030 937 po-

448 983 680 1029 stremus
739 975 790 1027 in
839 972 994 1027 titulo
1034 970 1305 1041 synodicae
1371 966 1690 1021 Milevitana:
1744 962 2027 1023 recitatur,

449 1065 852 1120 nullusiilorum
877 1063 1064 1133 viginti
1105 1060 1402 1115 antistitum
1440 1069 1555 1124 post
1580 1069 1780 1107 annum
1812 1049 1911 1105 411
1944 1066 2033 1104 or-

450 1156 752 1210 dinatorum
784 1153 849 1207 ad
901 1153 1161 1223 synodum
1207 1150 1330 1203 anni
1369 1146 1474 1201 416
1503 1161 1562 1199 se
1602 1144 1845 1198 Contulit.
1902 1143 2033 1208 Qua:

450 1248 665 1318 quidem
714 1261 849 1301 unus
873 1246 1163 1301 Garuerius
1212 1242 1309 1296 sibi
1355 1238 1700 1309 persuaserit.
1767 1236 2031 1289 Prteterea

452 1338 591 1394 idem
617 1339 907 1393 Petilianus
931 1338 981 1389 in
1012 1335 1299 1390 collatione
1329 1349 1445 1403 Cap.
1476 1332 1544 1386 65'
1591 1329 1658 1383 de
1683 1328 1881 1383 Sabino
1930 1326 2038 1395 epi—

452 1444 615 1497 scopo
629 1428 893 1482 Turicensi
924 1426 1091 1480 dixit:
1118 1426 1246 1479 Ante
1270 1424 1527 1476 biennium
1556 1422 1755 1474 videtur
1780 1434 1882 1471 esse
1910 1433 2033 1469 con-

454 1526 679 1575 stitutus.
708 1520 884 1586 Quare
930 1533 1069 1571 anno
1104 1516 1206 1570 409
1237 1515 1465 1570 Sabinus
1498 1513 1700 1580 primus
1727 1510 1863 1579 apud
1894 1509 2038 1561 Tun—

455 1628 570 1666 eam
590 1612 868 1680 episc0pus
892 1610 1045 1665 sedit.
1073 1608 1267 1663 Ibidem
1295 1619 1469 1661 autem
1495 1603 1787 1659 Petilianus
1817 1609 2039 1654 testatur

457 1703 778 1772 Delphinum
832 1716 965 1754 nunc
1020 1699 1308 1752 institutum
1357 1698 1665 1765 episcopum
1711 1696 1762 1746 in
1816 1690 2035 1745 dimccsi

459 1793 892 1848 Constantinensi
928 1810 941 1846 :
994 1806 1185 1859 nempe
1222 1786 1344 1854 411,
1394 1799 1449 1842 ιιι
1490 1788 1731 1856 proxime
1769 1785 2038 1839 notabam.
2074 1779 2120 1839 Β

458 1884 591 1937 Cum
626 1898 757 1938 vero
781 1885 833 1936 in
851 1881 1139 1952 epigraphe
1173 1881 1312 1934 inter
1334 1879 1589 1933 Sabinum
1624 1884 1678 1930 et
1723 1874 2037 1942 Delphinum

459 1975 759 2029 octodecim
792 1974 1021 2042 episcopi
1058 1972 1418 2032 nominentur,
1443 1970 1485 2021 si
1513 1967 1599 2023 hic
1630 1966 1920 2034 Delphinus
1952 1966 2042 2021 ille
2076 1990 2082 1995 ·

460 2074 543 2119 est
570 2064 720 2131 cujus
750 2064 950 2117 mentio
979 2064 1038 2116 tit
1069 2062 1121 2115 in
1163 2076 1281 2129 cap.
1313 2061 1379 2115 65
1427 2048 2043 2123 εοιιοιὶυιι15,’ειῐίὶιίιιίιιό

463 2152 623 2208 debet
667 2153 953 2207 Garttcrius
1008 2151 1147 2205 intra
1187 2152 1461 2205 biennium
1495 2147 1793 2203 octodecim
1844 2147 1896 2199 in
1936 2136 2040 2200 una

461 2246 735 2315 provincia
760 2246 1019 2299 Numidia:
1058 2244 1339 2313 episcopos
1386 2243 1526 2297 diem
1570 2242 1794 2305 obiisse,
1827 2254 1887 2293 ac
1918 2239 2042 2292 toti-

464 2336 583 2390 dem
614 2328 957 2405 subrogatus,
989 2335 1077 2404 qui
1103 2334 1262 2387 medii
1289 2334 1535 2401 leguntur
1558 2331 1692 2384 inter
1713 2329 1964 2384 Sabinum
1993 2338 2046 2382 et

466 2428 803 2495 Delphinum.
837 2427 966 2493 Quae
997 2427 1113 2479 sine
1141 2424 1355 2485 tabulis,
1382 2424 1497 2476 sine
1522 2430 1653 2475 teste
1677 2436 1779 2473 non
1807 2419 2041 2473 credam.

468 2517 662 2572 Verum
694 2518 783 2585 qui
833 2526 912 2572 tot
960 2530 1123 2569 novas
1166 2515 1217 2568 in
1250 2512 1479 2567 Africam
1534 2511 1693 2565 urbes
1725 2508 2041 2572 transvexit,
2102 2516 2115 2527 ’

467 2619 668 2675 pestem
700 2608 925 2676 aliquam
956 2605 1217 2660 Numidia:
1243 2605 1379 2659 forte
1411 2600 1737 2671 importabit,
1777 2614 1877 2668 qua
1908 2600 2042 2651 intra

467 2700 734 2754 biennium
767 2707 963 2752 tantam
994 2697 1366 2765 episcoporqu
1392 2701 1620 2763 stragem
1645 2691 1749 2745 late
1773 2696 2043 2759 propaget.

467 2790 573 2844 Nec
595 2789 755 2844 credo
786 2787 1038 2842 Numidas
1070 2786 1134 2841 de
1166 2795 1241 2840 tot
1270 2785 1495 2840 sublatis
1545 2796 1649 2838 tam
1698 2781 1845 2836 brevi
1876 2780 2048 2849 spatio

468 2886 732 2955 episc0pis
761 2884 826 2938 de
871 2882 1134 2937 Garuerio
1180 2878 1586 2949 crinqizestur'os,
1620 2893 1741 2932 cum
1794 2876 1966 2941 MOpta
1997 2883 2049 2926 et

469 2978 632 3031 altera
661 2974 988 3029 hlacomodia
1014 2972 1063 3026 iu
1097 2986 1157 3026 ea
1186 2970 1455 3039 provincia
1499 2978 1770 3021 momento
1797 2962 2044 3024 conditis,

473 3084 533 3124 ac
562 3070 612 3124 in
639 3069 778 3123 illius
801 3066 1072 3121 dimcesim
1103 3061 1368 3116 translatis
1392 3059 1610 3114 urbibus
1632 3058 1812 3121 Tituli,
1838 3054 2043 3120 Tubite,

2132 512 2241 563 tino
2266 509 2469 564 nomini
2514 525 2728 579 semper
2773 509 2984 583 infesta,
3018 510 3147 563 urbe
3183 509 3495 572 evertenda,
3526 508 3714 563 invit-e

2132 602 2241 657 fere
2258 603 2568 657 extorsisse.
2597 602 2731 656 llinc
2758 602 2870 669 ipse
2894 601 3088 669 pariter
3111 610 3353 656 recentes
3364 600 3714 670 geographia

2133 693 2359 758 fructus,
2393 706 2550 763 quos,
2580 702 2633 746 te
2655 692 2898 761 jubente,
2924 693 2975 746 in
3004 693 3178 746 Africa
3207 706 3492 759 parumper
3518 706 3715 746 censo-

2132 786 2212 839 rio
2241 785 2378 856 ston
2410 793 2651 840 versatus
2682 785 2950 853 decerpsi,
2983 786 3087 838 tuis
3112 783 3284 839 oculis
3321 783 3573 852 subjoin,
3598 798 3718 852 quo

2134 885 2205 928 tot
2237 876 2395 930 nrbes
2424 892 2595 944 nuper
2624 892 2652 931 a
2685 875 2944 930 Garuerio
2974 890 3067 944 per
3115 875 3344 929 Africam
3385 883 3713 939 exstructas,

2135 985 2239 1023 nou
2272 969 2443 1023 dicam
2475 970 2591 1022 solo
2636 970 2922 1037 tenuandas
2953 968 3232 1030 decernas,
3263 967 3355 1021 sed
3386 967 3532 1034 quod
3557 970 3743 1020 serite“

2138 1077 2354 1130 prorsus
2384 1072 2526 1125 sunt,
2561 1060 2718 1114 unico
2763 1062 2873 1114 oris
2920 1059 3043 1114 ﬂatu
3085 1059 3381 1127 dispergas.
3414 1057 3510 1114 Ille
3541 1066 3715 1111 tamen

2140 1160 2380 1215 testatur,
2413 1166 2512 1203 non
2541 1151 2649 1202 sine
2671 1166 2795 1202 cura
2820 1157 2866 1201 et
2894 1148 3069 1201 labore
3102 1162 3160 1200 se
3197 1161 3507 1215 aggressum
3561 1162 3715 1212 opus,

2136 1244 2269 1311 quod
2308 1244 2550 1295 hactenus
2587 1242 2795 1293 tentavit
2832 1254 2997 1291 nemo.
3043 1238 3103 1293 In
3130 1254 3249 1308 qua:
3286 1239 3530 1293 Garuerii
3578 1238 3747 1293 dicta

2140 1318 2300 1387 libeat
2325 1332 2425 1386 hoc
2453 1331 2568 1385 rudi
2600 1331 2836 1384 carmine
2866 1329 3072 1384 ludere.

2262 1447 2566 1495 Μειιωτοιιις
2588 1458 2727 1504 opus,
2752 1445 2895 1492 tantis
2912 1444 3037 1503 quod
3061 1442 3306 1490 mercibus
3331 1453 3544 1504 auctum,

2326 1509 2538 1556 Plurima
2566 1508 2770 1555 Garueri
2794 1518 2913 1554 cura
2935 1504 3165 1556 laborque
3188 1504 3291 1551 fuit.

2264 1568 2481 1619 Exstruit
2507 1569 2585 1616 liTc
2610 1570 2759 1615 urbes
2788 1582 2798 1614 :
2824 1566 2940 1613 alias
2964 1580 2991 1613 e
3016 1566 3134 1612 sede
3157 1566 3391 1623 revulsas,

2328 1631 2424 1679 Per
2444 1628 2604 1689 Libyae
2629 1629 2824 1676 celeres
2846 1639 3048 1689 currere
3071 1639 3223 1689 regna
3248 1627 3407 1689 jubet.

2264 1690 2353 1739 Jns
2375 1687 2592 1739 habet'in
2619 1691 2807 1747 Manes;
2833 1687 3022 1749 quando
3046 1688 3102 1734 ad
3128 1687 3355 1749 sutl‘ragia
3375 1688 3527 1736 mittit

2330 1754 2459 1810 Quies
2481 1751 2525 1797 ol
2548 1766 2591 1799 ιιι
2614 1766 2641 1797 e
2664 1752 2780 1798 vivis
2806 1748 2999 1797 abstulit
3023 1750 3265 1810 atradivs.

2267 1813 2308 1863 Ο
2328 1808 2499 1873 pheus
2522 1814 2585 1860 hu
2605 1826 2631 1861 e
2654 1813 2783 1861 cedit
2806 1826 2817 1859 :
2840 1813 2994 1858 minor
3019 1819 3094 1873 est
3112 1808 3381 1873 Amphiona
3403 1808 3570 1858 laude.

2330 1867 2464 1935 Quod
2484 1874 2637 1923 semel
2665 1874 2739 1921 his
2761 1879 2940 1933 actum,
2968 1872 3144 1932 saepius
3162 1867 3247 1919 ille
3267 1867 3396 1920 facit.

2215 1984 2310 2038 llic
2337 1993 2513 2037 tamen
2544 1990 2594 2036 te
2617 1981 2873 2035 monitum
2923 1980 3105 2045 velim,
3156 1994 3229 2034 ne
3260 1977 3484 2032 feliciori
3526 1976 3652 2031 aliis
3679 1994 3730 2032 tn

2144 2072 2355 2141 scriptis
2390 2070 2634 2125 Garnerii
2668 2068 2955 2124 eruditioni
2983 2068 3252 2137 quidpiam
3296 2082 3390 2136 per
3419 2082 3505 2120 tne
3550 2067 3734 2120 detra-

2145 2174 2288 2215 ctum
2318 2170 2505 2229 putes;
2542 2161 2690 2215 illum
2719 2160 2861 2214 enim
2888 2160 3016 2212 tanti
3043 2159 3199 2224 facio,
3244 2167 3301 2212 ut
3321 2158 3364 2211 si
3386 2157 3635 2227 ejusdem
3665 2159 3736 2212 de

2148 2254 2306 2307 rebus
2352 2252 2649 2320 Pelagianis
2700 2250 3080 2306 c‘immcntaria
3128 2250 3161 2303 1ι
3185 2251 3404 2305 storiam
3458 2264 3625 2317 quam
3668 2251 3738 2303 de

2146 2344 2330 2399 eadem
2360 2344 2547 2398 haeresi
2569 2342 2669 2396 hoc
2693 2357 2832 2396 anno
2855 2342 3122 2395 Patavinis
3149 2342 3286 2412 typis
3306 2355 3567 2396 excusant
3600 2343 3738 2394 emi-

2147 2435 2215 2496 si,
2248 2434 2647 2501 przevenissent,
2682 2448 2797 2487 mea
2838 2433 3014 2487 statim
3052 2433 3250 2501 scripta
3303 2433 3466 2503 (quod
3514 2435 3738 2487 sincera

2147 2526 2355 2577 afﬁrmo
2384 2538 2447 2578 ac
2475 2533 2657 2578 sancte
2681 2524 2826 2592 juro)
2867 2524 2918 2577 in
2949 2523 3198 2592 angulum
3222 2524 3441 2577 omnino
3471 2524 3735 2592 projecis-

2148 2630 2293 2680 sem;
2320 2616 2514 2669 etenim
2546 2615 2773 2682 plurima
2803 2630 2922 2683 qua:
2947 2630 3031 2669 me
3074 2614 3314 2679 primitus
3357 2627 3419 2669 ea
3447 2616 3515 2668 de
3547 2630 3608 2668 re
3645 2631 3738 2679 pn—

2150 2707 2467 2763 bliCaturum
2508 2705 2824 2769 arbitrabar,
2882 2716 2985 2759 tam
3029 2705 3251 2759 feliciter
3308 2714 3588 2760 assecutus
3630 2714 3734 2769 est,

2150 2807 2206 2851 ut
2233 2797 2394 2851 dubio
2419 2796 2602 2865 procul
2634 2795 2792 2864 plagii
2824 2810 2969 2850 reus
2999 2796 3205 2850 delatus
3248 2795 3488 2860 fuissem,
3533 2796 3577 2850 si
3616 2806 3739 2862 post

2152 2890 2420 2958 vulgatum
2451 2887 2695 2942 Garuerii
2747 2886 2996 2940 volumen
3055 2886 3242 2940 eadem
3298 2895 3544 2953 repetere
3575 2902 3739 2941 ausus

2149 2995 2345 3035 eSsem.
2381 2979 2574 3032 Fateor
2601 2994 2687 3033 me
2712 2978 2762 3032 in
2785 2976 3096 3047 quibusdam
3124 2978 3192 3031 ab
3211 2992 3275 3032 eo
3304 2976 3622 3043 dissentire,
3662 2990 3735 3043 et,

2153 3081 2211 3125 ut
2234 3080 2425 3124 caetera
2454 3070 2664 3132 sileam,
2700 3084 2907 3137 nequeo
2936 3069 3232 3138 approbare
3276 3068 3513 3136 ejusdem
3542 3084 3737 3122 einen-

476 3155 671 3225 Uirbte,
706 3158 1062 3227 Dionysiante,
1109 3154 1293 3215 Zellaa,
1346 3151 1619 3218 Ruspinte,
1665 3159 1719 3202 et
1759 3147 1897 3213 aliis,
1933 3162 2047 3214 qua:

2156 3161 2425 3214 dationem
2478 3174 2582 3226 qua
2633 3158 2929 3211 litterarum
2975 3157 3268 3211 antistitum
3328 3157 3737 3226 Pelagianorum

478 3246 734 3310 ﬁnitimis,
766 3248 848 3298 vel
882 3246 1100 3298 incertae
1135 3241 1420 3310 provincia:
1469 3239 1892 3298 ascribebtntur.
1944 3246 2048 3289 tam

480 3346 620 3391 arcte
646 3335 897 3391 Numidas
927 3336 1023 3390 sibi
1055 3334 1376 3399 devinxerit,
1410 3342 1466 3387 ut
1496 3331 1548 3385 in
1580 3331 1711 3385 lucri
1736 3330 1853 3383 loco
1883 3330 2052 3397 depu-

482 3440 593 3482 tare
620 3430 847 3499 p-issint,
894 3426 1191 3481 octodecim
1225 3426 1505 3493 episeopos
1529 3422 1707 3477 statim
1738 3421 1804 3475 ab
1830 3420 1927 3474 hoc
1958 3435 2054 3473 suo

485 3520 787 3574 Polioct'ste
824 3518 1081 3582 sublatos,
1112 3532 1231 3570 eum
1260 3516 1390 3570 facta
1421 3530 1515 3586 per
1542 3514 1788 3568 eumdem
1837 3521 1911 3564 tot
1964 3526 2057 3579 op-

482 3612 723 3682 pidorum
763 3612 1091 3677 accessione,
1140 3594 1425 3679 provincia:
1477 3607 1608 3662 lines
1648 3607 1802 3674 longe
1849 3606 2058 3673 lateque

483 3702 819 3773 prouilerint.

552 3795 750 3859 llahes,
810 3793 889 3845 vir
936 3793 1151 3856 eximie,
1204 3805 1377 3843 meum
1420 3788 1486 3841 de
1526 3787 1767 3842 Garuerii
1828 3786 1965 3839 uotis
1993 3784 2059 3838 ad

482 3893 760 3951 utramque
802 3883 1124 3949 cpigraphcu
1158 3879 1501 3947 epistularum
1531 3878 1739 3930 concilii
1786 3876 2061 3945 Carthagi-

485 3978 686 4041 nensis,
721 3977 953 4045 itemque
994 3975 1278 4028 Milevilani
1309 3973 1597 4041 judicium;
1631 3974 1681 4027 in
1713 3988 1817 4043 qua
1846 3974 2058 4043 quidem

484 4082 705 4121 censura
738 4067 861 4132 levi,
888 4076 943 4119 ut
973 4067 1143 4127 aiunt,
1200 4064 1417 4119 brachio
1449 4064 1663 4118 easdem
1716 4065 2056 4133 repaStinavi.

484 4155 728 4210 Profecto
754 4155 875 4208 dum
907 4156 1051 4224 leges
1082 4154 1221 4208 hunc
1244 4156 1557 4224 s;riptorem
1588 4163 1664 4208 tot
1692 4154 1881 4209 Africa:
1904 4155 2062 4209 urbes

485 4243 807 4307 eontudissc,
850 4246 1062 4299 multas
1094 4246 1389 4314 ignorasse,
1409 4244 1673 4314 quasdam
1725 4261 1892 4313 nuper
1920 4246 2064 4300 exei-

486 4346 649 4404 tasse,
682 4335 935 4404 plurimas
980 4336 1030 4389 in
1070 4336 1257 4390 aliena:
1307 4338 1604 4391 dimceseos
1644 4337 1760 4405 jura
1813 4337 2063 4391 transcri-

485 4428 678 4498 psisse,
719 4427 1087 4497 episcoporum
1131 4442 1424 4497 eorumque
1469 4429 1679 4483 urbium
1714 4428 1923 4483 nomina
1967 4443 2062 4497 pro

486 4518 633 4574 lihito
660 4519 917 4584 variasse,
946 4519 1099 4573 binos
1121 4519 1346 4574 subinde
1366 4520 1655 4574 catholicos
1678 4520 1941 4575 antistites
1968 4495 2060 4574 uni
2096 4495 2140 4553 D

485 4611 764 4679 eidemque
794 4611 992 4680 Oppido
1030 4612 1345 4677 praetecisse,
1379 4613 1658 4667 defunctos
1700 4611 1897 4665 dudum
1928 4628 2064 4681 prte-

487 4705 630 4758 sules
662 4716 951 4774 prmsentes
982 4706 1200 4777 syuodis
1249 4706 1481 4770 tinxisse,
1515 4716 1566 4759 et
1610 4706 1911 4759 llonatislas
1970 4719 2063 4773 pro

485 4796 798 4850 or:nudnxfs
846 4795 1091 4851 Patribus
1132 4796 1457 4860 obtrus'sse;
1489 4796 1635 4859 dum,
1680 4796 1914 4863 inquam.
1951 4795 2063 4850 IIIC

487 4895 729 4953 portenta
758 4887 920 4956 leges,
978 4888 1096 4958 jure
1126 4892 1325 4958 optuuo
1363 4886 1732 4956 prouuntiabis
1764 4887 1813 4938 in
1858 4885 2061 4941 Garue-

487 4975 648 5038 rium,
697 4990 814 5029 cum
868 4992 1000 5046 opus
1051 4980 1187 5048 quod
1244 4995 1274 5031 a
1327 4980 1522 5032 nomine
1546 4976 1788 5031 hactenus
1819 4986 2063 5031 tentatum

486 5065 694 5130 scribit,
731 5066 912 5128 illotis,
967 5079 1023 5121 ut
1071 5071 1238 5134 aiunt,
1302 5072 1522 5138 pedibus
1572 5085 1953 5140 aggressurus,
2009 5070 2060 5123 in

487 5156 716 5209 Atricmn
739 5158 1137 5227 transmitteret,
1164 5161 1290 5214 illud
1322 5162 1538 5229 Augusti
1567 5160 1955 5230 apopltthegma
1980 5175 2061 5213 re-

487 5248 600 5320 geri
629 5248 883 5316 potuisse,
915 5248 1024 5316 qui,
1072 5260 1204 5321 teste
1238 5253 1502 5307 .\lacrobio
1549 5252 1642 5306 lih.
1693 5268 1726 5305 ιι
1759 5252 2056 5320 SaturnaL,

487 5355 609 5408 cap.
642 5337 696 5404 4,
738 5337 1129 5394 Nomenclaturi
1162 5357 1260 5394 suo
1287 5342 1417 5395 satis
1446 5342 1707 5396 oblivioso
1737 5343 1871 5396 dixit
1908 5360 1922 5396 :
1955 5342 2057 5395 Ac-

487 5434 599 5502 cipe
618 5431 1077 5497 commendatitias,
1105 5434 1223 5503 quia
1268 5434 1372 5487 illic
1395 5438 1645 5489 neminem
1673 5437 1824 5489 nosti.
1860 5436 2061 5491 Plinius

489 5522 579 5578 illc
604 5532 786 5577 noster
809 5522 1133 5577 Veronensis
1162 5524 1252 5577 lib.
1289 5540 1373 5587 xv,
1398 5538 1517 5591 cap.
1551 5524 1635 5590 18,
1665 5524 1852 5578 scribit
1879 5541 2063 5580 recen-

492 5623 573 5667 tes
604 5616 731 5668 licus
753 5631 782 5669 e
811 5614 1306 5686 Carthaginiensium
1344 5618 1509 5670 hortis
1540 5616 1697 5670 tridui
1731 5624 1933 5671 tantum
1970 5632 2062 5669 ua-

493 5708 756 5776 vigatione
789 5707 1005 5763 lloniruu
1040 5710 1262 5776 delatas,
1298 5724 1355 5764 ac
1390 5707 1628 5764 l‘atribus
1671 5708 1988 5776 conscriptis
2032 5724 2059 5761 a

2157 3260 2355 3303 textum
2389 3246 2626 3316 corrigit.
2658 3247 2789 3301 Nam
2821 3248 3033 3302 dissert.
3074 3247 3105 3301 5
3135 3262 3197 3301 ex
3244 3246 3456 3300 sclicdis
3484 3263 3512 3298 a
3547 3262 3741 3315 Inaguo

2156 3336 2443 3395 Sirmoudo
2473 3335 2698 3393 Verona:
2735 3336 3078 3391 Venetiarum
3107 3336 3240 3389 urbe
3270 3334 3402 3389 intra
3459 3336 3738 3391 dioecesim

2158 3430 2475 3501 patriarcha:
2506 3427 2860 3496 Aquileiensis
2885 3428 3137 3491 inventis,
3178 3426 3384 3494 sibique
3429 3428 3739 3481 communi-

2158 3522 2311 3583 catis,
2347 3520 2531 3574 recitat
2561 3518 2794 3573 libellqu
2820 3516 2940 3572 tidei
2972 3516 3394 3586 Pelagianorum,
3424 3531 3586 3585 quem
3613 3519 3741 3571 seri-

2160 3614 2237 3668 bit
2266 3630 2293 3667 a
2324 3613 2534 3667 Juliano
2566 3612 2847 3666 Eclanensi
2871 3609 2936 3664 ad
2979 3611 3161 3664 sedem
3215 3608 3566 3678 apostolicam
3611 3613 3739 3661 mis-

2161 3722 2299 3781 sum,
2350 3708 2400 3759 in
2433 3720 2535 3773 quo
2562 3713 2685 3758 cum
2725 3717 2889 3771 prope
2923 3702 3079 3754 tinem
3117 3700 3231 3753 hazc
3275 3700 3517 3769 lcgantur
3551 3717 3565 3751 :
3604 3697 3740 3751 Ittud

2100 3842 2107 3855 πη
2161 3798 2336 3861 etiam,
2365 3804 2533 3848 sancte
2558 3810 2617 3846 ac
2645 3792 2939 3846 venerabilis
2983 3793 3144 3862 frater
3185 3800 3233 3843 et
3260 3799 3403 3860 pater
3434 3791 3739 3858 Augustine.

2161 3889 2443 3943 necessario
2478 3885 2879 3955 respondendum
2917 3884 3237 3951 putavimus;
3267 3891 3321 3934 et
3342 3890 3546 3947 certum
3574 3880 3662 3943 sit,
3690 3888 3740 3930 ut

2162 3980 2362 4046 optime
2390 3976 2597 4044 probat,
2624 3974 2736 4028 haec
2766 3972 2885 4027 illos
2920 3987 3024 4025 non
3067 3970 3353 4038 scripsisse
3381 3967 3445 4022 ad
3475 3967 3535 4023 S.
3563 3972 3738 4035 Augu-

2161 4072 2359 4126 stinum
2384 4070 2800 4138 llipponensem,
2836 4065 3039 4137 putavit
3083 4078 3320 4118 errorem
3356 4064 3409 4117 in
3445 4061 3741 4116 vetusﬁssi-

2164 4181 2307 4219 mum
2340 4162 2577 4217 codicem
2610 4158 2910 4228 irrepsisse,
2938 4172 3000 4213 ac
3040 4171 3135 4225 pro
3166 4156 3448 4227 Augustino
3470 4155 3740 4209 Zosimum

2166 4268 2353 4323 p-‘pam
2405 4249 2801 4320 reponendum;
2863 4247 3061 4301 etenim
3110 4246 3424 4314 Pelagianos
3461 4246 3742 4314 episcopos

2165 4343 2461 4398 reseribere
2507 4342 2701 4395 ibidem
2747 4339 2812 4393 ad
2849 4354 3003 4392 suum
3036 4339 3337 4407 primatem,
3378 4350 3407 4389 a
3437 4350 3545 4403 quo
3576 4336 3736 4388 han-e-

2167 4436 2264 4489 sim
2293 4434 2436 4488 illam
2459 4432 2713 4488 damnare
2742 4444 2834 4499 per
2852 4430 3055 4484 litteras
3074 4428 3421 4499 jubebantur,
3453 4427 3592 4480 idem
3617 4427 3742 4481 Gar-

2170 4527 2350 4581 nerius
2370 4525 2670 4582 luculenter
2698 4524 3049 4577 demonstrat.
3084 4520 3300 4575 Labitur
3329 4528 3504 4575 tamen
3526 4519 3610 4572 vir
3627 4534 3741 4573 cru-

2168 4618 2339 4680 ditus;
2386 4631 2507 4670 nam
2564 4615 2615 4669 id
2678 4614 2934 4682 temporis
2976 4613 3203 4667 celebris
3252 4623 3370 4667 erat
3423 4610 3739 4678 Augustinus

2168 4704 2527 4776 Aquileiensis
2575 4706 2773 4773 primas
2823 4704 3206 4767 Venetiarum,
3264 4702 3517 4768 llistrite,
3572 4696 3738 4753 Norici

2168 4799 2444 4866 utriusque
2472 4807 2525 4851 et
2557 4797 2779 4851 Rbmtia:
2812 4796 2849 4849 1.
2899 4796 3038 4853 Audi
3090 4794 3375 4850 llenricum
3428 4792 3736 4851 Palladium.

2177 4904 2283 4958 quo
2314 4904 2470 4943 nemo
2492 4888 2800 4965 diligentius
2846 4896 2936 4941 aut
2984 4886 3281 4955 elegantius
3330 4883 3739 4951 Aquileiensium

2168 4994 2257 5035 res
2309 4980 2363 5034 in
2394 4981 2599 5036 litteras
2628 4980 2806 5032 misit:
2840 4976 2966 5031 Post
2991 4976 3361 5041 Chromatium,
3388 4974 3577 5041 inquit.
3610 4971 3740 5042 eligi-

2170 5081 2251 5125 tur
2279 5071 2573 5142 patriarcha
2598 5068 2935 5138 Augustinus,
2965 5083 3065 5135 quo
3092 5075 3318 5135 tempore
3353 5065 3479 5118 alter
3508 5059 3739 5132 Augusti-

2168 5179 2263 5215 nus
2291 5159 2638 5231 Hipponensis
2667 5158 2930 5229 episc0pus
2959 5158 3255 5227 eloquentiae
3276 5166 3323 5209 et
3376 5154 3622 5207 doctrina:
3655 5153 3739 5220 ﬂu-

2167 5253 2388 5307 minibus
2418 5252 2770 5307 Iia’rcticorum
2809 5250 3065 5303 vesaniam
3092 5250 3145 5302 in
3170 5248 3346 5316 Africa
3389 5246 3651 5301 obruebat.
3691 5241 3736 5294 lu

2166 5344 2284 5396 aula
2310 5342 2644 5411 patriarcbali
2673 5341 2813 5410 apud
2829 5340 3040 5395 Utinutn
3064 5342 3298 5394 omnium
3328 5337 3736 5406 Aquileiensium

2167 5437 2450 5504 primatum
2477 5432 2647 5501 elegia
2693 5431 3084 5501 grandioribus,
3115 5438 3167 5485 et
3197 5415 3473 5497 plusquam
3523 5422 3735 5479 unciali-

2168 5529 2264 5581 bus
2322 5525 2720 5579 cbaracteribus
2795 5524 3092 5593 antiquitus
3154 5521 3422 5589 descripta
3479 5520 3732 5587 leguntur-

2169 5618 2335 5670 l'orro
2367 5614 2558 5669 ibidem
2602 5613 3115 5683 postChromatium
3164 5608 3459 5680 Augusﬁno
3506 5608 3604 5662 hoc
3634 5600 3735 5673 cpi“

2169 5725 2225 5778 gr
2264 5722 2401 5761 nulla
2436 5705 2767 5762 inscribitur
