3908 6312
135 329 252 389 517

151 437 555 497 AUGUSTINUS
602 437 769 489 UBBE
809 438 984 488 ROMA
1023 442 1059 488 A
1096 440 1329 489 GOTHIS
1366 439 1741 489 DEVASTATA

300 500 804 553 C(lNS'l‘ERNA'l'OS
826 501 1320 558 AQLILEIENSIUM
1349 502 1586 550 AMMOS

272 563 547 613 JEJL'NIIS
608 562 685 612 ET
746 561 1351 612 SUPl‘LlCA'l‘lUNlBUS
1399 562 1615 613 SACRIS

250 627 333 675 AD
365 623 642 673 DIVINAM
677 622 850 673 OPEM
898 622 1361 673 IMI’LORANDAM
1396 622 1645 673 EREXIT.

228 733 415 789 Scribit
440 731 640 786 ibidem
671 730 933 785 Palladius
964 732 1316 802 Augustinum
1345 733 1737 802 Aquileienscm

158 826 346 881 sedem
376 823 657 893 indeptum
692 823 854 876 fuisse
884 836 1025 876 anno
1051 824 1174 891 4H,
1207 837 1432 891 eamque
1470 838 1591 876 cum
1631 822 1738 875 vita

156 917 435 986 reliquisse
459 928 601 969 anno
630 912 755 977 49.2,
790 913 912 966 dato
932 912 1104 968 eidem
1130 912 1378 981 Adelpho
1405 926 1734 966 successore.

153 1008 407 1061 Errorem
435 1003 643 1073 Ugh'lli
690 1003 739 1055 in
770 1014 994 1071 utroque
1023 1001 1248 1071 primate
1290 1000 1427 1054 haud
1477 1015 1573 1054 suo
1622 1000 1739 1053 loco

145 1097 461 1162 statuendo,
484 1096 590 1151 scis
629 1110 715 1150 me
745 1095 1031 1149 adnotasse
1072 1095 1166 1147 lib.
1199 1110 1231 1146 ιι
1272 1084 1404 1147 llist.
1440 1094 1574 1153 Pel.,
1615 1109 1735 1162 cap.

146 1190 239 1247 η.
279 1188 417 1244 Cum
447 1188 694 1241 Zosimus
724 1201 866 1241 anno
908 1185 1013 1240 418
1056 1185 1371 1254 Pelagianos
1411 1184 1736 1250 damnasset,

140 1283 459 1353 eneyclieas
487 1280 552 1334 ad
584 1278 980 1350 Aquileiensem
1032 1286 1085 1355 et
1134 1277 1583 1331 Blediolaneusem
1632 1280 1737 1346 pri-

141 1384 323 1430 mates
350 1374 518 1440 misit,
565 1382 623 1426 ut
660 1372 873 1427 easdem
898 1370 1005 1425 Suis
1046 1370 1098 1424 iu
1141 1370 1459 1425 dioecesibus
1502 1370 1736 1438 publica-

142 1477 310 1532 rent;
364 1464 813 1536 quemadmodum
866 1464 1021 1533 paulo
1071 1472 1229 1518 antea
1261 1463 1526 1517 damnatis
1554 1463 1736 1515 llomze

143 1561 216 1615 ab
272 1559 561 1612 Anastasio
608 1571 745 1626 papa
791 1554 1126 1624 Origeuistis,
1182 1542 1524 1609 Chromatius
1574 1554 1736 1623 Aqui-

144 1650 370 1705 leiensis
402 1647 683 1718 Augustini
708 1647 977 1708 decessor,
1008 1657 1058 1700 et
1082 1643 1343 1698 Venerius
1370 1644 1731 1697 lllediolanen-

144 1740 220 1794 sis
246 1740 487 1808 acceptis
509 1736 892 1806 ab‘apostolica
924 1736 1052 1791 sede
1082 1736 1294 1800 litteris,
1328 1735 1509 1789 itidem
1543 1735 1593 1789 in
1620 1736 1730 1788 suis

858 327 1208 383 VAlllOllUM
1252 327 1844 386 EXERCITATIONES
1881 330 1948 391 ΙΝ
1989 332 2045 389 S.
2089 335 2455 396 AUGUSTINI
2494 343 2741 401 OI‘ER.\.

3316 362 3420 417 518

1850 446 2155 506 discrimine
2183 455 2397 521 evades,
2428 472 2515 526 qut
2547 474 2793 529 magnum
2823 462 3191 531 philosophum
3224 469 3417 524 Socra-

1848 550 1949 596 tem
1984 543 2242 609 imitatus,
2268 546 2397 600 nihil
2424 564 2526 601 non
2559 550 2729 604 dicam
2758 554 2804 605 in
2837 554 3061 619 litteras,
3107 559 3289 623 mittis,
3326 565 3416 616 sed

1843 635 1983 704 quod
2018 637 2067 688 in
2099 645 2148 690 te
2176 637 2357 691 mirari
2385 647 2491 693 tam
2522 654 2664 710 smpe
2690 643 2877 699 solitus
2914 661 3051 713 sum,
3083 652 3419 705 tenacissima

1844 730 2100 783 memoria
2151 730 2348 797 fultus,
2402 737 2811 791 succenturiatis
2841 740 3140 807 Q‘tiilttstllc
3181 742 3418 810 ejusdem

1844 822 2103 889 prmsidiis
2134 822 2387 891 dimissis,
2423 841 2488 879 ne
2530 828 2749 881 verbum
2775 830 2986 897 qu'dom
3022 837 3233 887 unicum
3281 840 3419 907 ston

1842 913 2066 981 alligas;
2098 914 2188 969 sed
2215 916 2479 969 volumina
2514 918 2800 985 devorans,
2831 924 2923 976 tibi
2956 924 3221 995 Musisque
3252 930 3417 985 instar

1844 1004 2094 1072 Aspendii
2121 1006 2290 1070 cauis,
2316 1007 2510 1075 publici
2534 1008 2716 1076 judicii
2740 1014 2910 1067 aleam
2946 1015 3159 1083 refugis,
3194 1026 3243 1072 et
3271 1019 3416 1071 nullo

1843 1094 2107 1150 scribendi
2140 1099 2392 1152 cacoctlte
2424 1100 2673 1155 titillaris.
2706 1103 2837 1157 lline
2862 1115 2910 1158 te
2939 1107 3299 1163 felicissimum
3325 1128 3419 1180 pu-

1843 1194 1914 1249 to,
1950 1187 2039 1252 qui
2083 1190 2259 1255 procul
2291 1190 2355 1241 ab
2398 1189 2693 1244 invidorum
2737 1198 3008 1263 censuris,
3043 1199 3249 1254 eximiis
3292 1220 3417 1273 erga

1842 1277 2102 1331 litteratos
2125 1277 2316 1331 officiis
2340 1295 2533 1334 nomen
2561 1292 2705 1335 tanto
2726 1286 2953 1340 nobilius
2976 1292 3272 1355 posteritati
3300 1310 3417 1359 pro-

1843 1372 2063 1445 pagnsti,
2098 1381 2294 1434 quanto
2326 1371 2534 1439 dignius
2565 1383 2643 1425 est
2674 1373 2825 1427 factis
2854 1379 3029 1443 potius
3061 1396 3215 1445 quant
3259 1382 3417 1437 dictis

1842 1479 2033 1518 nomen
2069 1465 2117 1517 in
2147 1482 2315 1520 mrum
2347 1470 2653 1524 extendere.
2706 1472 2762 1526 ΓΙ
2792 1490 2858 1527 ra
2888 1475 3045 1541 justas
3089 1478 3241 1530 molis
3267 1477 3417 1530 volu-

1842 1556 1980 1608 mina
2007 1554 2275 1611 Gallorum
2324 1574 2385 1613 ac
2426 1560 2743 1615 Batavorum
2793 1566 2929 1635 typis
2970 1582 3198 1632 excusa,
3230 1583 3292 1622 ae
3324 1569 3417 1622 tibi

1840 1646 2081 1699 certatim
2119 1647 2335 1701 honoris
2360 1651 2525 1716 gratia
2556 1664 2877 1721 itttncupata,
2908 1665 2981 1707 tot
3005 1657 3171 1726 elogia
3201 1659 3269 1711 ab
3296 1675 3418 1713 eru-

1830 1734 1963 1788 ‘ditis
1988 1736 2281 1805 quibusque
2306 1738 2451 1791 ltalis
2485 1742 2594 1793 suis
2626 1742 2674 1794 in
2699 1742 2850 1797 libris
2868 1744 2963 1797 tibi
3004 1749 3196 1813 passim
3230 1749 3417 1804 inscri-

150 1828 482 1899 diateesibus
529 1843 624 1898 per
670 1827 1038 1896 sulfraganeos
1090 1827 1368 1895 episcopos
1408 1825 1734 1895 Origeuistas
1767 1809 1812 1866 Β
1843 1839 1927 1895 p'a
1957 1836 2100 1890 sunt,
2134 1838 2189 1881 ut
2220 1828 2393 1881 nullus
2425 1843 2758 1899 posterorum
2793 1835 2981 1903 quibus
3004 1809 3159 1891 boum
3186 1850 3329 1895 artes
3363 1843 3414 1896 in

150 1919 569 1992 proscribendos
624 1927 964 1983 curaverant,
1022 1928 1155 1973 teste
1200 1917 1524 1987 Hieronymo
1569 1915 1658 1969 lib.
1699 1932 1735 1969 ιι

151 2012 414 2082 apologiat
434 2019 623 2066 contra
667 2008 934 2062 llufinum.
988 2008 1123 2062 llinc
1170 2007 1497 2075 Augustinus
1539 2006 1737 2073 primas

151 2102 516 2173 Aquileiensis
546 2101 851 2170 apostolicae
877 2100 1020 2155 sedis
1049 2111 1235 2155 contra
1285 2099 1595 2168 Pelagianos
1646 2098 1738 2150 de-

149 2203 354 2249 cretum
389 2208 510 2248 cum
543 2193 735 2246 litteris
765 2192 829 2245 ad
860 2206 1075 2245 suarum
1109 2191 1500 2259 provinciarum
1529 2188 1733 2257 episco-

148 2301 241 2354 pos
275 2287 426 2340 misit
451 2303 465 2351 ;
489 2299 716 2354 quorum
758 2283 1017 2351 nonnulli,
1048 2298 1167 2336 cum
1210 2281 1507 2349 Pelagianis
1536 2279 1735 2334 errori-

148 2376 245 2430 bus
280 2386 617 2443 tenerentur,
652 2384 1003 2430 mentoratum
1032 2374 1151 2429 fidei
1191 2373 1430 2428 libellum
1462 2372 1525 2424 ad
1558 2373 1737 2438 Augu-

146 2469 350 2519 slinum
379 2467 662 2537 primatem
691 2465 971 2520 dederunt.
991 2465 1159 2531 Quam
1189 2478 1318 2517 vero
1346 2462 1502 2515 altius
1524 2462 1575 2516 in
1603 2460 1735 2514 dim-

145 2557 251 2611 cesi
300 2557 542 2625 primatis
582 2556 935 2625 Aquileiensis
982 2556 1119 2625 apud
1163 2555 1553 2610 ecclesiasticos
1599 2568 1735 2620 pra:-

144 2649 359 2713 scrtim,
380 2648 660 2717 Pelagiana
686 2648 904 2702 haeresis
935 2648 1141 2702 radices
1182 2647 1405 2712 fixisset,
1438 2654 1647 2700 constat
1667 2661 1731 2699 ex

144 2738 343 2795 litteris
370 2739 617 2809 Septimii
650 2739 896 2793 Altittatis
927 2737 993 2793 ad
1022 2738 1078 2793 S.
1113 2738 1343 2792 Leonem
1392 2737 1657 2806 Magnum,
1681 2743 1735 2789 et

143 2833 309 2900 hujus
339 2831 616 2901 rescriptis
648 2831 713 2884 ad
745 2831 1022 2899 primatem
1066 2828 1460 2897 Aquileiensem
1487 2843 1500 2890 ;
1533 2828 1599 2879 de
1621 2826 1736 2893 qui-

138 2921 242 2976 bus
280 2922 452 2977 fusius
480 2922 563 2991 egi
595 2922 645 2976 in
677 2923 863 2977 eodem
906 2922 1041 2975 libro
1069 2920 1135 2974 de
1160 2918 1357 2973 llarresi
1391 2916 1696 2985 Pelagiana.

208 3015 299 3071 Ad
325 3016 647 3071 Garuerium
682 3014 858 3069 redeo.
896 3014 987 3069 llic
1018 3014 1069 3067 itt
1097 3014 1209 3068 suis
1236 3012 1374 3066 notis
1406 3009 1735 3081 publicandis

135 3107 455 3175 nonnullam
472 3107 531 3160 ab
554 3108 763 3161 eruditis
786 3106 1277 3176 lectoribusgraliam
1300 3104 1418 3157 iniri
1441 3116 1593 3171 posse
1615 3115 1736 3169 spe-

138 3203 341 3264 rabat;
382 3218 565 3256 verum
591 3211 695 3256 tant
717 3201 997 3255 infeliciter
1019 3216 1080 3255 ea
1113 3202 1163 3254 in
1188 3216 1243 3255 re
1279 3200 1513 3254 calculos
1536 3198 1730 3268 posoit,

139 3302 199 3355 ιιι
235 3294 291 3346 in
321 3294 458 3348 lucri
492 3295 607 3347 loco
637 3292 810 3347 eidem
838 3292 1204 3360 reponendum
1239 3291 1501 3354 videatur,
1533 3291 1577 3343 si
1626 3298 1734 3342 tam

142 3384 333 3438 densae
350 3400 595 3440 errorum
610 3384 863 3453 farragini
884 3385 1090 3437 veniam
1109 3398 1136 3435 a
1162 3383 1444 3436 lectoribus
1466 3382 1729 3449 impetret.

145 3472 287 3529 llinc
314 3474 533 3530 fatearis
564 3488 784 3529 necesse
811 3483 914 3542 est,
942 3473 1082 3528 viros
1126 3474 1362 3527 eruditos
1390 3471 1731 3541 quandoque,

146 3574 207 3617 ut
240 3575 331 3618 tuo
362 3567 526 3621 verbo
558 3575 695 3631 utar,
730 3564 1199 3635 paratragoadiare,
1239 3580 1300 3618 ac
1343 3566 1456 3618 suis
1498 3564 1733 3632 ipsorum

149 3657 372 3727 scriptis
401 3659 623 3712 nimium
657 3658 973 3721 lenocinari;
1003 3657 1190 3712 eadem
1221 3656 1551 3712 cettfideuter
1584 3669 1734 3724 reque

151 3760 215 3800 ac
241 3750 498 3803 audacter
524 3749 576 3803 in
601 3751 786 3803 oculos
813 3763 1107 3817 manusque
1135 3747 1405 3801 hominum
1439 3747 1730 3809 mittentes,

155 3854 275 3902 qua:
307 3848 484 3894 tamen
516 3855 546 3894 e
589 3856 646 3895 re
676 3842 909 3910 ipsorum
940 3848 1081 3894 esset
1126 3838 1323 3892 scrinio
1352 3838 1602 3893 claudere
1627 3878 1641 3903 ,
1673 3852 1734 3891 ac

160 3926 337 3982 blattis
370 3929 702 3984 corrodenda
736 3930 1058 3997 relinquere.
1094 3929 1156 3982 Et
1186 3928 1421 3998 quidem,
1456 3938 1511 3981 ut
1540 3928 1607 3982 de
1650 3944 1735 3982 me

163 4018 363 4089 loquar,
396 4038 502 4076 non
528 4022 667 4091 quod
696 4024 747 4076 in
773 4024 1104 4077 eruditorum
1137 4036 1413 4075 numerum
1440 4021 1620 4073 venire
1644 4036 1735 4073 au-

165 4111 257 4163 sim
280 4154 293 4176 ,
324 4112 421 4167 sed
450 4114 573 4182 quia
603 4114 935 4167 indoctorum
962 4152 976 4177 ,
1009 4122 1065 4167 ut
1110 4112 1182 4166 ait
1225 4122 1379 4181 poeta
1405 4152 1420 4177 ,
1466 4110 1732 4164 volumina

168 4203 352 4266 pa5sim
370 4204 715 4259 scribentium
732 4213 915 4257 turma:
931 4217 1246 4267 accenseor;
1264 4202 1635 4257 existimabam
1651 4217 1734 4257 me

167 4294 363 4348 cmteris
380 4295 688 4364 diligentius
711 4296 764 4349 in
785 4295 1062 4364 Pelagiana
1078 4294 1308 4349 Historia
1334 4293 1732 4363 chronologiam

170 4391 439 4449 tractasse;
462 4385 556 4440 sed
575 4394 828 4455 quantum
850 4400 967 4440 mea
988 4401 1071 4439 me
1088 4385 1267 4454 opinio
1290 4384 1532 4439 fefellerit
1555 4384 1731 4438 Statim

1839 1933 2021 1971 amore
2050 1929 2234 1983 erunt,
2269 1920 2514 1988 ignorare
2544 1939 2771 1988 unquam
2802 1928 2984 1992 possit,
3017 1928 3213 1983 vixisse
3246 1934 3415 1985 Anto-

1838 2009 1983 2063 nium
2032 2010 2408 2078 Magliabeeum
2431 2052 2444 2075 ,
2474 2012 2539 2067 de
2585 2013 2838 2069 litteraria
2872 2020 3137 2086 republica
3168 2022 3232 2074 ad
3276 2024 3416 2077 invi-

1838 2102 1978 2156 diam
2012 2116 2178 2170 usque
2222 2103 2607 2159 benemeritum
2644 2125 2655 2159 :
2689 2115 2745 2160 ut
2788 2108 2877 2162 illa
2910 2120 3111 2165 tantum
3145 2126 3413 2181 postrema

1839 2201 1928 2245 tuo
1969 2194 2167 2247 nomini
2197 2195 2307 2249 dies
2358 2206 2498 2251 stare
2544 2214 2701 2266 posse
2733 2201 3003 2267 videatur,
3039 2221 3156 2275 qure
3185 2212 3415 2275 pessimo

1838 2286 2140 2340 mortalium
2165 2286 2271 2341 fato
2299 2288 2551 2343 librorum
2581 2307 2640 2345 ac
2670 2293 2960 2349 litterarum
2988 2300 3225 2354 omnium
3253 2303 3413 2357 altam

1836 2375 2159 2431 oblivionem
2193 2378 2424 2434 inducat.
2457 2382 2564 2450 Ego
2594 2397 2723 2438 sane
2755 2386 2953 2440 nullum
2979 2392 3114 2456 grati
3146 2394 3307 2446 animi
3337 2396 3418 2447 of-

1837 2468 2015 2525 ficium
2041 2470 2258 2525 mi~snm
2284 2472 2491 2540 faciam,
2516 2490 2619 2544 quo
2645 2476 2735 2530 tibi
2760 2482 3252 2553 quantulascuuqne
3274 2487 3418 2542 vices

1837 2564 2148 2631 rependam.
2205 2564 2417 2619 Etenim
2467 2581 2569 2620 non
2620 2570 2781 2624 modo
2808 2572 2957 2637 prior
2982 2574 3305 2631 doctissimis
3356 2594 3418 2633 ac

1839 2652 2240 2708 ltumanissitnis
2274 2653 2462 2709 litteris
2493 2674 2578 2711 me
2606 2663 2925 2726 convenisti,
2954 2679 3135 2718 verum
3166 2668 3323 2721 etiam
3356 2670 3417 2721 il-

1836 2743 2140 2797 lustrissimi
2172 2746 2431 2798 senatoris
2456 2756 2509 2799 et
2537 2749 2729 2815 equitis
2753 2749 3021 2806 Ferrantis
3039 2755 3289 2821 Capponii
3322 2772 3418 2825 ge-

1837 2836 1981 2890 neris
2013 2835 2305 2900 nobilitate,
2333 2852 2512 2891 rerum
2533 2840 2861 2907 agendarum
2891 2842 3096 2909 peritia,
3127 2846 3260 2913 juris
3288 2850 3414 2901 utri-

1838 2942 2005 2996 usque
2034 2926 2278 2994 scicntia,
2301 2938 2354 2983 et
2392 2944 2581 2999 magna
2607 2930 2768 2985 etiam
2797 2932 2935 3000 apud
2966 2937 3253 3004 principem
3298 2953 3414 3009 gra-

1842 3016 1908 3069 tia
1938 3018 2230 3086 conspicui,
2265 3034 2483 3087 operam
2536 3021 2756 3089 rogasti,
2791 3029 2848 3075 ut
2878 3024 2927 3075 iit
2962 3025 3222 3079 litruiiam
3251 3043 3417 3085 sacrze

1840 3106 2158 3163 eruditionis
2205 3109 2474 3177 professor
2502 3126 2739 3165 vocarer.
2793 3113 2992 3167 Annuit
3020 3118 3251 3171 omnium
3299 3134 3418 3189 gra-

1843 3197 2034 3251 tiarum
2068 3200 2166 3265 vir,
2196 3215 2299 3268 quo
2328 3201 2392 3253 ad
2420 3201 2674 3256 beneficia
2708 3203 2925 3271 pronior
2956 3221 3022 3259 ne
3052 3218 3172 3259 voto
3204 3209 3414 3275 quidem

1841 3288 1963 3360 fingi
1996 3300 2197 3359 potest;
2229 3292 2433 3347 sciebat
2463 3294 2605 3348 enim
2630 3295 2972 3349 serenissimo
3000 3298 3256 3352 cardiuali
3285 3299 3416 3354 Len-

1844 3384 2003 3452 poldo
2029 3384 2157 3452 (quo
2185 3386 2234 3437 in
2265 3386 2479 3439 nomine
2508 3403 2755 3453 magnum
2778 3388 3021 3443 Medicece
3039 3390 3223 3459 gloria:
3250 3392 3419 3446 incre-

1838 3484 2098 3538 mentum,
2123 3484 2172 3529 et
2198 3476 2492 3529 litterarum
2516 3492 2666 3545 atque
2694 3493 2756 3532 ac
2782 3478 3129 3533 litteratorum
3160 3481 3416 3536 cultrrctu

1837 3574 1890 3619 et
1913 3565 2255 3618 Maecenatem
2286 3563 2752 3633 incomparabilem
2784 3567 2928 3620 orbis
2950 3570 3252 3641 veneratur)
3286 3571 3416 3627 nihil

1837 3669 1957 3709 esse
1985 3655 2278 3723 antiquius,
2304 3670 2459 3722 quam
2487 3664 2543 3709 ut
2572 3656 2790 3710 historia
2816 3672 2989 3724 saera,
3014 3675 3132 3728 qua}
3164 3662 3300 3730 apud
3325 3679 3418 3716 no-

1838 3754 2034 3800 strates
2049 3745 2293 3799 exsilium
2311 3746 2415 3814 pati
2440 3746 2738 3811 videbatur,
2758 3749 2979 3816 patriam
3001 3751 3049 3802 in
3070 3750 3277 3805 Etruria
3297 3768 3416 3808 cum

1838 3837 2043 3892 honore
2065 3839 2346 3908 reciperet.
2380 3838 2511 3892 Hinc
2535 3840 2844 3907 amplissimi
2868 3844 3130 3894 senatoris
3158 3858 3319 3910 opera
3344 3846 3417 3899 fas

1835 3938 1978 3982 ctum
2003 3937 2105 3993 est,
2127 3937 2181 3982 ut
2202 3928 2578 3983 serenissimus
2601 3944 2821 3998 magnus
2838 3931 3063 3986 Etruria:
3080 3932 3181 3986 dux
3198 3932 3417 3989 Cosmus

1836 4020 2268 4076 Ecclesiasticam
2288 4020 2598 4085 Historiam,
2613 4036 2730 4090 quae
2742 4023 2965 4092 publicis
2981 4025 3277 4092 sapientum
3292 4043 3417 4080 cun.

1835 4112 2080 4166 ventibus
2103 4113 2342 4177 exclusa,
2374 4126 2493 4166 eum
2521 4106 3165 4183 umbraticisquibusdam
3192 4115 3418 4171 homini-

1834 4201 1932 4256 bus
1948 4203 1998 4257 in
2014 4202 2162 4257 Italia
2175 4203 2273 4257 sub
2288 4218 2518 4272 paupere
2538 4211 2677 4257 tecto
2693 4204 3079 4271 ltospitabatur,
3102 4208 3241 4273 regia
3259 4223 3419 4264 manu

1834 4294 2180 4362 prebensam,
2216 4296 2267 4348 in
2298 4295 2545 4348 Pisanum
2575 4296 2897 4361 Atheneum,
2928 4296 3029 4351 hoc
3056 4307 3159 4360 est,
3187 4299 3236 4351 in
3268 4314 3420 4352 suam

1835 4384 2075 4437 omnium
2111 4385 2455 4440 scientiarum
2484 4386 2683 4455 regiam
2716 4387 3095 4453 introduxerit,
3129 4388 3417 4454 insignem-

175 4474 389 4531 intellexi
416 4495 431 4531 :
461 4477 726 4548 siquidem
754 4478 837 4533 vel
868 4479 919 4532 in
949 4479 1063 4547 ipso
1092 4478 1275 4533 limine
1302 4479 1353 4531 in
1385 4477 1729 4545 prochronis-
1758 4516 1810 4574 Β
1837 4490 1942 4543 que
1973 4476 2148 4530 eidem
2178 4475 2486 4529 cathedram
2529 4478 2938 4546 inauguraverit.
2968 4478 3098 4532 Cum
3132 4477 3416 4545 sapientis-

177 4580 299 4621 mum
328 4569 544 4640 impegi.
574 4570 704 4624 Nam
730 4571 781 4624 in
807 4571 966 4638 priori
999 4572 1189 4641 pagina
1214 4571 1401 4640 scripsi
1424 4585 1542 4624 eum
1575 4570 1733 4624 Baro-

178 4660 252 4714 ltio
276 4660 329 4719 S.
359 4662 713 4717 Athanasium
735 4678 875 4718 anno
901 4662 1007 4719 572
1027 4663 1168 4718 diem
1194 4663 1419 4728 ohiisse;
1448 4664 1570 4728 imo,
1587 4661 1726 4731 quod

181 4763 278 4805 cum
308 4753 508 4820 pudore
538 4754 657 4809 dico
680 4795 694 4819 ,
730 4754 950 4810 laudans
993 4754 1220 4809 Proterii
1262 4754 1606 4809 Alexandrini
1634 4768 1728 4824 pa-

181 4840 391 4896 schalem
421 4844 488 4897 ad
516 4843 747 4898 Leonem
780 4845 1025 4915 Magnum
1056 4844 1359 4913 epistolam,
1384 4859 1504 4898 eum
1534 4845 1725 4899 ibidem

180 4943 231 4985 ex
255 4934 447 5002 epocha
478 4935 812 5001 Diocletiani,
836 4946 888 4991 et
913 4936 1224 4992 charactere
1254 4938 1484 5005 paschali
1509 4938 1728 4991 eviden-

182 5030 245 5075 ter
267 5023 575 5092 deducatur,
611 5042 753 5081 anno
784 5028 1082 5097 insequenti
1112 5028 1349 5097 ejusdem
1373 5028 1575 5082 obitum
1617 5036 1726 5081 sta-

182 5114 404 5167 tuendum
454 5114 636 5170 fuisse.
673 5116 858 5171 Plures
888 5117 1021 5173 meis
1061 5118 1113 5172 in
1145 5119 1293 5172 libris
1339 5132 1551 5173 errores
1583 5120 1729 5170 inve.

182 5201 299 5258 Itieut
326 5204 475 5273 rigidi
506 5220 779 5270 censores,
807 5222 1033 5275 quorum
1062 5223 1247 5277 agmen
1270 5223 1355 5262 me
1378 5218 1587 5262 manet:
1612 5210 1728 5277 qui-

182 5287 275 5358 bus,
301 5293 385 5347 ubi
414 5309 500 5348 me
520 5295 859 5351 allueinatum
880 5298 1230 5361 ostenderint,
1254 5300 1448 5368 gratias
1474 5299 1726 5368 plurimas

183 5381 400 5451 referam,
424 5385 623 5454 quippe
636 5386 725 5455 qtti
749 5403 854 5442 non
877 5402 1017 5456 mea,
1038 5388 1131 5443 sed
1157 5390 1390 5456 ipsorum
1414 5398 1540 5443 cura
1565 5405 1626 5444 ac
1652 5391 1729 5443 la-

180 5471 303 5539 bore,
331 5488 437 5529 non
476 5476 650 5529 dicam
678 5477 908 5547 doctior,
945 5479 1040 5533 sed
1087 5478 1261 5533 minus
1292 5478 1535 5534 indoctus
1566 5482 1723 5544 tiam;

179 5564 281 5619 illud
308 5566 447 5621 enim
478 5568 704 5623 Subinde
735 5570 955 5626 Seneca:
983 5572 1182 5625 dictum
1213 5581 1398 5641 repeto
1421 5588 1483 5627 ex
1515 5588 1633 5642 cap.
1664 5574 1725 5628 18

170 5657 228 5717 de
254 5657 357 5711 Vita
387 5658 573 5723 beata,
604 5660 731 5716 Cum
766 5663 896 5716 vitiis
944 5664 1225 5717 convicium
1265 5666 1420 5733 facio,
1470 5665 1726 5735 imprimis

170 5750 273 5809 mis
294 5750 448 5819 facio.
477 5749 559 5808 Tu
587 5753 821 5821 quidem,
847 5754 925 5810 vir
952 5756 1267 5825 clarissime,
1294 5774 1511 5815 secutus
1537 5760 1599 5815 ab
1624 5759 1723 5814 hoc

1838 4567 2004 4621 simus
2036 4567 2282 4636 idemque
2327 4568 2771 4635 prudentissimus
2812 4572 3059 4639 princeps
3088 4572 3289 4637 optime
3338 4569 3389 4621 in

1835 4659 2097 4729 telligeret
2129 4675 2287 4713 unam
2320 4660 2595 4714 historiam
2628 4676 2939 4730 magnorum
2988 4675 3171 4728 regum
3201 4659 3417 4714 nomina

1834 4751 1899 4805 ad
1951 4762 2195 4820 posteros
2240 4767 2358 4806 cum
2413 4753 2565 4806 laude
2596 4754 2955 4807 transmittere
2979 4793 2993 4815 ,
3027 4750 3269 4805 eamdem
3304 4761 3410 4806 tam

1835 4844 1997 4899 nobili
2020 4844 2223 4913 judicio
2257 4860 2319 4899 ac
2349 4860 2611 4913 generosa
2646 4844 3000 4898 munificentia
3026 4843 3287 4899 demereri
3320 4862 3414 4900 vo-

1834 4935 1967 4989 luit:
1996 4944 2053 4988 ut
2073 4935 2283 5002 quando
2312 4934 2457 4988 illum
2484 4948 2728 5001 suprema
2754 4942 2808 4986 et
2850 4932 2983 4987 seris
3010 4943 3209 4989 tantum
3242 4952 3410 5005 nepo-

1833 5027 1973 5080 tibus
2013 5034 2135 5079 nota
2186 5026 2298 5078 dies
2323 5027 2459 5079 coelo
2509 5024 2749 5088 inseret,
2802 5023 3036 5079 ltiS!ori:e
3087 5043 3307 5087 munere
3359 5034 3413 5088 in

1833 5118 2071 5173 Etrusca:
2099 5117 2271 5185 gentis
2298 5115 2598 5183 desideriis,
2633 5116 2684 5169 in
2713 5117 2946 5171 omnium
2979 5121 3291 5187 populorum
3321 5127 3411 5192 qtti

1834 5212 2035 5265 litteras
2066 5217 2214 5262 extra
2271 5207 2569 5260 hzrharirm
2618 5210 2815 5275 norint,
2867 5211 3059 5265 animis
3108 5213 3414 5281 perenniter

1830 5310 1997 5358 vivat.
2039 5304 2101 5357 Et
2130 5303 2251 5354 licet
2283 5303 2427 5354 illum
2463 5302 2649 5371 ingens
2681 5319 2805 5373 erga
2837 5320 3057 5374 superos
3086 5307 3292 5375 religio,
3327 5323 3413 5359 ra-

1833 5412 1924 5450 rtts
1952 5397 2003 5449 in
2037 5394 2277 5448 suibditos
2308 5409 2478 5455 amor,
2509 5395 2737 5447 ex'mius
2780 5396 3075 5449 litterarum
3104 5398 3299 5459 cultus,
3348 5412 3410 5449 ac

1831 5486 2056 5541 sollicita
2110 5486 2340 5554 felixque
2388 5485 2607 5553 gerendi
2643 5485 2849 5553 imperii
2889 5501 3015 5541 cura
3058 5485 3166 5552 jam
3202 5485 3407 5551 pridem

1830 5578 1943 5631 orbi
1970 5578 2219 5630 univer:o
2269 5574 2610 5644 spectabilem
2644 5576 2886 5639 fecerint,
2914 5590 2975 5627 ac
2996 5575 3196 5642 grande
3236 5575 3298 5629 iis
3319 5577 3409 5644 qui

1831 5677 2041 5735 sceptra
2095 5666 2442 5721 moderantur
2468 5668 2767 5735 exemplum
2813 5666 3114 5735 posuerint;
3150 5676 3297 5737 grato
3330 5678 3407 5723 ta-

1833 5778 1951 5817 men
1978 5760 2215 5817 histor'a:
2246 5758 2499 5829 obsequio
2531 5758 2664 5815 ultra
2700 5777 2725 5816 τι
2747 5774 2865 5814 vum
2894 5774 2987 5829 per
3012 5772 3100 5814 ora
3133 5760 3405 5816 hominum
