3908 6306
544 304 649 358 διο

1442 291 1993 347 SUPPLEMENTUM
2034 292 2123 346 AD
2164 291 2390 346 UPERA
2430 293 2486 347 S.
2530 292 2921 350 AUGUSTINI.

3705 299 3804 350 ΩΟ

548 418 745 473 [eretur
773 456 789 479 ,
839 412 1136 485 iisdemque
1186 410 1378 478 quibus
1400 409 1664 467 virtutum
1712 420 1775 461 ac
1823 409 2116 461 litterarum
2147 410 2195 468 Α
2224 409 2308 459 nia
2341 407 2561 461 meritus
2590 418 2748 469 esset.
2787 411 2829 462 si
2873 409 3030 464 modo
3059 408 3347 479 Evangelia
3378 417 3611 478 pareret,
3645 409 3802 462 misso

548 511 755 574 notitia,
789 509 973 578 spatiis
1020 502 1413 575 pervagabitur.
1454 500 1718 554 Caeterum
1768 515 1888 554 cum
1935 500 2123 569 singuli

550 604 689 657 felici
725 597 1111 654 Ecclesiastica:
1158 593 1402 647 llistoriae
1453 590 1552 643 sub
1607 590 1836 643 Maximo
1888 588 2128 657 principe

528 692 682 751 .sorti
710 687 1127 758 adgratulentur,
1164 683 1279 750 ipse
1326 681 1428 735 hoc
1456 680 1610 734 unice
1639 678 1797 732 duleo
1823 718 1838 743 ,
1867 677 2009 746 quod
2043 693 2126 732 me

529 783 693 837 'nulla
743 794 908 833 sacrae
938 773 1257 832 eruditionis
1302 772 1633 839 supellectile
1672 779 1940 834 ornatum,
1986 771 2127 836 ejus-

530 844 670 935 ?dem
703 869 951 925 Historia:
980 867 1208 935 primum
1240 862 1294 917 in
1326 862 1517 916 Pisana
1551 861 1836 915 Academia
1866 862 2126 927 interpre-

527 920 657 1016 item
705 959 1040 1028 designavit;
1072 968 1262 1008 vereor
1290 953 1432 1007 enim
1460 940 1548 1006 ne
1594 965 1717 1004 cum
1765 949 2013 1004 sublimis
2058 950 2127 1003 sit

550 1051 783 1105 historia:
809 1047 1082 1116 majestas,
1116 1043 1424 1112 interpretis
1450 1042 1579 1095 vitio
1608 1041 1782 1095 minor
1801 1055 1921 1095 esse
1948 1038 2129 1093 videa-

548 1151 654 1195 tnr.
687 1140 832 1193 Unus
880 1146 1080 1209 tamen,
1115 1135 1197 1187 vir
1227 1132 1577 1201 nndequaque
1607 1129 2005 1191 eruditissime,
2040 1127 2124 1181 in-
2168 1192 2169 1195 η

544 1243 758 1301 gentem
788 1228 951 1283 animi
982 1224 1284 1280 molestiam
1317 1221 1545 1288 minuis,
1573 1220 1700 1274 dum
1746 1234 1779 1274 e
1821 1217 2127 1289 locupletis-

548 1325 681 1378 sima
731 1320 1075 1383 bibliotheca,
1108 1331 1225 1385 qua:
1271 1314 1414 1369 domi
1460 1321 1563 1367 tua:
1595 1310 1810 1376 atrium,
1860 1308 2123 1374 cubicula,

546 1411 771 1481 angulos
793 1414 1031 1478 quasque
1054 1412 1297 1473 occupat,
1323 1403 1487 1457 libros
1513 1400 1739 1455 subinde
1765 1399 1831 1453 ad
1856 1414 1940 1454 me
1962 1407 2129 1453 trans-

548 1502 737 1565 mittis,
771 1511 827 1553 ut
871 1508 1032 1552 tanta:
1060 1495 1377 1550 eruditionis
1424 1492 1685 1563 suppetits
1716 1492 1978 1557 lirmatus,
2006 1490 2123 1543 ani-

550 1609 695 1648 mum
726 1607 830 1643 nun
859 1586 1240 1658 despondeam.
1268 1583 1342 1638 Te
1371 1582 1580 1637 interim
1612 1597 1818 1651 precor,
1848 1590 1905 1635 ut
1929 1596 2014 1634 me
2043 1595 2127 1635 se-

548 1683 833 1739 renissimo
860 1672 1189 1748 domino'qui
1218 1687 1268 1731 te
1292 1692 1445 1745 mque
1475 1690 1537 1730 ac
1563 1675 1766 1729 litteras
1791 1683 1954 1738 amat,
1980 1688 2127 1727 com-

2229 498 2381 563 ei,ex
2409 513 2549 550 mera
2565 500 2754 565 gratia,
2782 499 3189 564 sevrvatoreJcsu
3204 499 3443 561 Christo,
3464 498 3555 567 qui
3584 500 3803 566 gratiam

2229 588 2372 639 illam
2421 587 2510 639 Dei
2540 587 2588 640 ei
2615 589 2976 651 annuntiaret,
3027 598 3081 643 et
3120 590 3185 643 ad
3227 588 3459 642 ofllcium
3508 587 3806 642 misericor-

2227 679 2365 731 diter
2412 690 2715 741 remearet;
2770 694 2901 747 neve
2944 680 3104 733 homo
3148 694 3332 748 parum
3380 679 3646 732 credibile
3691 693 3805 734 esse

2227 776 2508 833 censeret,
2536 771 2675 837 quod
2709 769 2795 820 ille
2848 770 3165 834 nuntiabat,
3216 769 3488 823 addidisse
3535 769 3804 823 Chri~tum

2229 857 2507 922 miracula,
2531 859 2723 926 quibus
2756 858 2910 913 fidem
2941 859 3042 913 sibi
3074 860 3154 913 vel
3177 859 3312 928 apud
3341 859 3643 929 pertinaces
3674 859 3807 913 face-

2228 958 2341 1014 ret;
2374 948 2641 1003 internum
2677 950 2837 1004 etiam
2882 952 3138 1005 auxilTutu
3189 952 3528 1018 suppeditare
3559 966 3665 1019 quo
3688 954 3803 1004 ani-

2229 1055 2345 1094 mos
2370 1040 2644 1095 hominum
2689 1042 2939 1105 illustrat,
2969 1044 3209 1113 quamtis
3243 1058 3346 1096 non
3381 1034 3687 1099 necessario
3714 1046 3804 1099 ad-

2227 1130 2384 1185 ducat
2410 1132 2474 1186 ad
2502 1132 2826 1188 credendum
2852 1150 2866 1197 ;
2899 1134 3023 1203 quin
3054 1142 3106 1188 et
3136 1150 3230 1203 per
3274 1134 3595 1202 baptismum
3641 1135 3804 1189 homi-

2228 1238 2324 1276 nes
2351 1223 2677 1291 regenerari,
2702 1235 2753 1277 et
2785 1224 2924 1279 filios
2963 1225 3052 1279 Dei
3082 1225 3214 1280 fieri.
3246 1225 3396 1291 Quod
3428 1242 3455 1277 a
3494 1227 3705 1295 Pelagio
3728 1229 3804 1281 di-

2227 1324 2370 1368 ctum
2412 1313 2593 1367 multis
2640 1317 2874 1368 ostendit
2927 1315 3146 1384 Diunys.
3187 1315 3435 1369 Petavius
3479 1316 3530 1369 in
3581 1316 3806 1371 Historia

2232 1404 2543 1471 Dngmatnm
2594 1403 3021 1477 Pelagianorum,
3061 1420 3179 1473 quae
3221 1413 3303 1458 est
3335 1414 3464 1459 tum.
3509 1405 3573 1459 lll
3622 1407 3803 1476 Dogm.

2226 1498 2341 1565 ejus
2365 1497 2778 1566 theologicnrum
2817 1497 2903 1550 ed.
2948 1498 3408 1552 Amstelodamens
3430 1513 3476 1552 s.
3503 1498 3614 1552 lloc
3648 1515 3806 1553 unum

2228 1589 2438 1643 dicebat
2464 1589 2706 1658 Pelagius
2728 1590 2957 1657 pendere
2985 1590 3050 1642 ab
3072 1590 3286 1643 homine
3311 1590 3452 1658 quod
3476 1598 3645 1657 posset
3669 1603 3807 1645 recte

2230 1682 2303 1733 uti
2326 1689 2418 1734 aut
2441 1680 2587 1734 abuti
2613 1689 2688 1734 tot
2709 1680 2904 1735 divinis
2927 1681 3230 1743 beneficiis;
3258 1697 3359 1747 qua
3393 1683 3443 1735 in
3468 1696 3547 1737 re.
3572 1683 3807 1751 quamvis

552 1776 858 1831 mendmum
892 1774 1074 1845 facias,
1108 1780 1164 1824 ut
1194 1769 1325 1823 tanti
1350 1767 1602 1837 principis
1625 1767 1915 1835 patrocinio
1946 1766 2127 1831 fultus,

2234 1789 2573 1842 surrmupcre
2599 1774 2930 1842 vituperandi
2978 1774 3086 1827 siut
3122 1774 3212 1843 qui
3244 1774 3518 1828 beneficiis
3563 1775 3656 1827 Dei
3689 1776 3809 1827 abu-

550 1870 690 1926 felici
726 1869 1000 1939 faustaque
1026 1865 1263 1935 auSpicio
1295 1862 1669 1917 demandatum
1721 1874 1911 1915 munus
1938 1873 2125 1930 aggre-

550 1946 688 2021 diar.
719 1964 847 2019 Vale
876 1979 937 2018 ac
964 1976 1072 2028 me,
1101 1970 1158 2014 ut
1186 1958 1349 2023 soles,
1378 1971 1517 2011 ama.

549 2084 1191 2150 ANIMADVERSIONES
1246 2087 1311 2142 ΙΝ
1379 2083 1663 2141 EAMDEM
1720 2082 2123 2140 EPISTOLAM.

619 2228 850 2299 Epi-tula
892 2225 1010 2280 I75.
1046 2222 1422 2291 lnsrriptiones
1474 2220 1632 2288 hujus
1661 2218 1902 2287 epistola:
1951 2226 2004 2273 et
2045 2231 2129 2271 se-

547 2320 760 2387 quentis
784 2316 997 2384 copiose
1026 2314 1279 2382 explicuit
1307 2310 1639 2363 eminentiss.
1672 2307 1976 2369 eardinalis,
2008 2321 2130 2359 con-

548 2420 628 2461 tra
662 2407 815 2461 Joan.
841 2404 1179 2459 Carnerimn.
1212 2400 1316 2455 Sed
1347 2414 1466 2452 cuin
1500 2398 1563 2452 ad
1594 2396 1735 2464 ipsas
1764 2396 2015 2462 epi~tolas
2043 2395 2127 2448 ni-

548 2500 622 2554 hil
644 2499 859 2560 dixerit,
889 2494 1139 2548 nonnulla
1171 2493 1234 2545 ad
1262 2505 1352 2543 eas
1380 2490 1714 2544 monebimtts
1740 2487 1804 2541 ad
1828 2488 2126 2542 doctrinam

548 2608 707 2662 quam
741 2589 1165 2657 emnplectuutur
1195 2584 1536 2653 pertinentia.
1576 2583 1827 2647 Quamvis
1854 2581 1991 2633 enim
2013 2621 2028 2645 ,
2062 2594 2129 2634 ne

546 2684 662 2752 quis
694 2681 1048 2735 calumnietur
1074 2676 1357 2729 candorem
1390 2684 1653 2735 nostrum,
1682 2670 1845 2724 multa
1878 2671 1983 2725 sint
2011 2685 2128 2739 qua:
2160 2740 2163 2743 ν

546 2772 910 2842 improbantus
951 2770 1001 2822 in
1032 2767 1271 2821 doctrina
1304 2764 1503 2833 Pelagii
1532 2768 1753 2829 ejusque
1797 2764 2127 2831 sequacium,

546 2862 844 2918 adversarii
881 2871 1059 2914 tamen
1093 2857 1209 2927 ejus
1236 2872 1341 2909 non
1380 2855 1449 2908 ita
1495 2870 1615 2909 sese
1638 2860 1915 2921 gesserunt
1937 2868 1999 2905 ac
2044 2867 2131 2905 ra-

549 2954 785 3011 tiocinati
835 2961 996 3015 sunt,
1038 2958 1097 3004 ut
1138 2949 1339 3016 possint
1367 2948 1527 2999 etiam
1560 2960 1590 2998 a
1632 2944 1786 2998 nobis
1817 2958 1910 3010 per
1951 2942 2127 2996 omnia

545 3047 779 3114 probari.
828 3045 1117 3096 Daninatus
1138 3038 1351 3108 quidem
1384 3036 1475 3090 ille
1506 3046 1587 3089 cst
1617 3043 1671 3089 et
1697 3034 1955 3088 conviciis
2002 3048 2128 3088 eia-

2234 1876 2435 1931 tuntur,
2465 1881 2567 1918 non
2614 1874 2736 1918 sunt
2761 1864 3045 1918 admodum
3077 1864 3344 1928 laudandi,
3398 1866 3442 1917 si
3486 1864 3642 1931 rigidi
3691 1880 3808 1918 cen-

2230 1969 2382 2010 sores
2410 1966 2612 2009 naturte
2642 1966 2838 2009 nostrae
2860 1969 2979 2009 esse
3006 1955 3254 2018 velimus,
3282 1956 3369 2022 qui
3403 1954 3464 2007 iis
3489 1965 3638 2008 recte
3663 1964 3809 2007 utun-

2232 2057 2350 2111 tur;
2385 2062 2504 2101 nam
2535 2046 2677 2116 quod
2721 2048 2927 2117 possint
2975 2046 3075 2102 hoc
3105 2055 3383 2116 praestare,
3416 2055 3584 2100 totum
3630 2063 3809 2100 mune-

2232 2121 2303 2192 ris
2328 2148 2410 2193 est
2451 2138 2637 2204 divini,
2675 2154 2773 2192 nec
2813 2140 3002 2191 mirum
3041 2146 3126 2191 est
3156 2153 3249 2191 eos
3280 2138 3461 2191 felices
3498 2152 3619 2192 esse
3660 2138 3810 2191 malle

2232 2229 2282 2281 in
2310 2238 2591 2293 aeternum,
2624 2244 2783 2297 quam
2816 2229 3061 2283 miseros.
3096 2228 3375 2282 Furiosum
3403 2229 3619 2298 quidem
3650 2240 3731 2281 est
3765 2239 3811 2281 et

2232 2319 2469 2387 impium,
2502 2320 2609 2373 Deo
2631 2318 2793 2373 vitam
2816 2329 2869 2373 et
2898 2331 3124 2373 mortem
3147 2319 3424 2384 offerente,
3452 2319 3655 2388 eligere
3680 2334 3809 2372 mor-

2232 2422 2335 2464 tem
2361 2427 2379 2463 :
2403 2422 2456 2463 at
2491 2411 2727 2478 profecto
2752 2428 2854 2464 non
2880 2423 2964 2468 est
2994 2412 3203 2466 eximito
3223 2413 3499 2479 cujusdam
3522 2411 3810 2478 prudentia

2231 2510 2284 2555 et
2305 2501 2510 2554 virtutis
2543 2501 2706 2556 malle
2731 2502 2912 2556 vitam.
2941 2502 3070 2569 Quis
3096 2502 3371 2572 superbiat
3394 2502 3463 2555 ob
3490 2502 3806 2569 sapientiam

2230 2603 2284 2648 et
2333 2608 2580 2661 acumen,
2628 2593 2768 2662 quod
2816 2593 3063 2648 maluerit
3090 2594 3268 2647 vivere
3298 2608 3455 2662 quam
3506 2591 3685 2644 mori?
3728 2586 3831 2645 Est

2233 2684 2411 2754 igitur,
2444 2699 2506 2739 ex
2538 2670 2801 2739 sententia
2824 2684 3043 2753 Pelagii,
3070 2700 3165 2739 cur
3189 2686 3295 2739 Deo
3316 2684 3512 2755 gratias
3533 2692 3705 2752 agant
3727 2688 3810 2733 bo-

2232 2778 2429 2840 mines,
2475 2776 2569 2829 sed
2604 2790 2707 2829 non
2734 2791 2828 2830 cur
2862 2775 2961 2830 sibi
2994 2775 3237 2847 placeant
3266 2790 3328 2828 ac
3356 2773 3634 2843 plaudant.
3690 2772 3809 2827 Afri-

2230 2883 2379 2922 cana:
2424 2878 2515 2921 aut
2554 2868 2764 2922 Puniem
2804 2867 3082 2922 rhetorica:
3137 2865 3475 2937 exaggeratio
3519 2864 3656 2930 fuit,
3702 2881 3809 2919 cum

2232 2959 2454 3014 liberum
2486 2959 2761 3013 arbitrium
2805 2960 3188 3030 its-sacrilegam
3229 2958 3517 3027 superbiam
3557 2959 3809 3013 extollere

2232 3050 2407 3104 dictus
2434 3062 2536 3105 est.
2570 3052 2737 3117 Quam
2771 3050 2925 3105 facile
2958 3050 3053 3104 fuit
3086 3049 3303 3118 Pelagio
3330 3065 3570 3120 premere
3598 3065 3809 3105 eontra-

551 3139 740 3201 sitams
763 3135 829 3187 ait
851 3132 1119 3195 omnibus.
1143 3130 1303 3184 (illam
1326 3127 1515 3196 ll“ibus
1536 3127 1650 3193 eius
1671 3125 1914 3193 δ⁰8¹¹¹³¹ι³
1949 3124 2125 3193 Ῑῧηοιεὶ
2157 3130 2202 3192 C
2234 3144 2339 3197 rias
2370 3155 2545 3211 partes
2590 3143 2865 3197 invidiosis
2891 3142 3258 3208 consectariis,
3295 3142 3461 3197 Deum
3497 3141 3696 3211 jubere
3722 3144 3810 3197 im-

548 3236 723 3291 erant,
754 3242 817 3279 ex
850 3238 954 3294 quo
996 3230 1079 3277 est
1106 3210 1173 3275 ab
1204 3218 1462 3274 Africanis
1497 3218 1765 3286 episcopis
1813 3217 2127 3283 infamatus;

547 3318 644 3371 sed
677 3316 819 3370 nulla
850 3314 1126 3368 hominum
1158 3312 1430 3366 damnatio
1460 3308 1671 3365 efﬁcere
1700 3318 1871 3377 potest
1904 3318 1961 3363 ut
1989 3309 2128 3377 quod

550 3423 731 3463 verum
767 3407 863 3461 fuit
892 3404 1083 3459 falsum
1112 3403 1221 3468 flat,
1249 3411 1303 3456 et
1328 3402 1442 3455 vice
1468 3415 1620 3455 versa
1664 3401 1822 3453 nullze
1856 3399 2129 3454 hominum

549 3488 733 3554 laudes
763 3512 827 3553 es
857 3510 1042 3551 errore
1067 3495 1343 3550 veritatem
1373 3491 1596 3545 faciunt.
1627 3491 1895 3545 Praeterea
1945 3500 2128 3545 notum

548 3599 630 3642 est
651 3587 703 3641 in
720 3588 924 3655 magnis
939 3585 1163 3640 coetibus
1186 3598 1272 3637 res
1294 3582 1498 3651 magnis
1519 3580 1795 3636 affectibus
1822 3580 2128 3649 dijudicari;

546 3697 653 3737 nec
687 3682 738 3734 in
782 3695 838 3734 re
865 3690 947 3733 sat
973 3676 1175 3732 difficili
1206 3676 1356 3730 facile
1382 3675 1677 3729 fuitierutn
1709 3689 1736 3726 a
1780 3673 1911 3728 falso
1949 3687 2128 3728 secer-

550 3791 679 3828 nere
707 3776 955 3827 omnibus
985 3771 1091 3825 illis
1122 3768 1387 3822 Africanis
1413 3767 1679 3834 epis-cepis
1699 3805 1713 3829 ,
1737 3780 1965 3832 quarunt
1998 3759 2159 3819 non?

547 3866 679 3918 nulli
722 3880 788 3917 ne
832 3861 1070 3916 scribere
1098 3858 1308 3927 quidem
1340 3858 1572 3924 potuisse
1600 3857 1849 3909 dicuntur
1894 3857 1917 3909 l
1950 3857 2128 3910 cellat.

554 3952 805 4023 Carthag.
836 3968 885 4008 e.
924 3952 1053 4018 155,
1078 3960 1132 4005 et
1167 3948 1481 4011 doctissimi,
1516 3956 1708 4014 prteter
1737 3947 1944 4000 dicendi
1971 3946 2133 4001 facul-

551 4056 739 4111 tatem,
767 4059 862 4112 pro
904 4042 1117 4096 modulo
1148 4040 1288 4093 illius
1323 4038 1443 4102 arvi,
1475 4037 1598 4103 quid
1631 4037 1883 4090 eximium
1928 4036 2016 4089 lial
2037 4053 2132 4091 ue-

551 4136 663 4188 rint
686 4149 790 4187 non
820 4131 997 4186 video.
1025 4130 1144 4185 Non
1172 4130 1404 4183 dicerem
1436 4127 1571 4190 liter,
1605 4126 1702 4179 nisi
1730 4123 1966 4178 viderem
1996 4126 2132 4179 mul-

551 4228 856 4291 titudineet
883 4230 1220 4289 auctoritate,
1251 4221 1419 4276 multo
1448 4219 1614 4289 magis
1641 4231 1796 4287 quam
1841 4217 2132 4272 rationibus

552 4320 796 4389 pugnari.

628 4410 756 4465 Ibid.
795 4408 903 4480 §2.
954 4406 1022 4460 Id
1070 4416 1227 4475 agunt
1278 4404 1362 4458 isti
1404 4393 1718 4475 (leestius
1761 4411 1814 4455 et
1856 4398 2155 4469 Pelagius)!

2236 3234 2505 3302 possibilia
2527 3275 2542 3298 ,
2574 3233 2790 3288 aiterais
2821 3235 2993 3301 pinnis
3020 3235 3233 3288 allicere
3264 3233 3507 3286 homines
3541 3234 3691 3301 quod
3720 3234 3811 3286 illi-

2233 3322 2509 3392 pussibilia
2534 3308 2650 3377 non
2682 3323 3051 3392 praestitissent
3074 3368 3087 3390 ,
3136 3323 3361 3393 aliisque
3388 3323 3438 3377 id
3468 3338 3673 3389 genus,
3707 3324 3811 3386 qui-

2233 3413 2332 3467 bus
2373 3424 2661 3467 excusatur
2691 3413 2844 3479 [lane
2897 3414 3076 3478 homo,
3110 3428 3171 3467 ac
3216 3423 3323 3468 tota
3364 3413 3517 3480 culpa
3566 3412 3619 3466 in
3660 3413 3810 3468 Deum

2232 3504 2548 3572 conjicitur?
2577 3502 2899 3557 llttmilitatis
2925 3502 3246 3558 Christiana:
3275 3518 3393 3559 esse
3438 3503 3702 3571 putabant
3729 3544 3742 3565 ,
3769 3504 3806 3555 si

2235 3593 2374 3649 Deus
2420 3593 2654 3647 omnium
2708 3594 2967 3647 bonorum
3013 3602 3200 3648 auctor
3258 3594 3437 3658 fieret;
3490 3601 3545 3647 et
3599 3595 3807 3663 quidem

2233 3688 2461 3752 merito;
2495 3696 2546 3739 at
2569 3702 2673 3741 non
2705 3686 2773 3741 ita
2803 3687 2851 3740 id
2903 3687 3122 3756 intelligi
3152 3688 3411 3756 oportuit,
3442 3697 3498 3741 ut
3530 3687 3691 3742 fleret
3726 3702 3806 3742 ea-

2236 3778 2358 3851 dem
2376 3794 2537 3846 opera
2555 3778 2766 3847 iniquus
2787 3778 2971 3855 judev,
2995 3779 3134 3849 quod
3156 3780 3263 3834 Deo
3284 3789 3363 3834 est
3388 3780 3808 3834 contumeliosis-

2233 3869 2451 3921 simum.
2483 3869 2558 3922 Ac
2584 3883 2712 3921 sane
2742 3868 2887 3924 hisce
2934 3880 3173 3938 permota
3203 3870 3397 3925 saacula
3440 3874 3719 3939 sequentia
3761 3871 3805 3924 in

2236 3957 2431 4026 Pelagii
2450 3958 2755 4025 Opinionem
2771 3958 2973 4027 dilapsa
2994 3969 3141 4027 sunt,
3165 3976 3320 4028 quam
3344 3962 3502 4015 etiam
3524 3961 3806 4028 Augustino

2236 4047 2556 4113 tribuerunt,
2588 4047 2671 4103 cui
2720 4049 2830 4117 ipsa
2877 4049 3076 4117 Pelagii
3126 4051 3379 4118 opuscula
3425 4051 3802 4118 ascripserunt;

2233 4137 2357 4205 quia
2378 4153 2480 4191 non
2507 4147 2749 4207 poterant
2769 4140 2868 4194 sibi
2893 4142 3213 4209 persuadere
3231 4151 3433 4195 tantum
3458 4142 3629 4194 virum
3650 4156 3800 4211 quam

2236 4238 2345 4281 tum
2390 4242 2509 4281 eum
2544 4228 2702 4283 fuisse
2732 4245 2797 4283 ex
2842 4231 2977 4284 fama
3023 4232 3295 4301 putabant,
3327 4232 3588 4298 ejusmodi
3620 4246 3799 4287 conse-

2234 4319 2398 4371 CIaria
2441 4317 2679 4384 potuisse
2730 4334 3081 4385 concoquere.
3116 4320 3361 4375 Profecto
3389 4322 3432 4375 si
3466 4320 3698 4375 Africani
3730 4320 3801 4373 illi

2238 4406 2419 4461 Patres
2467 4406 2517 4460 id
2561 4396 2783 4461 fuissent
2815 4409 2957 4477 quod
3002 4411 3170 4464 videri
3222 4410 3507 4478 volebant,
3559 4411 3797 4479 gravibus

548 4500 930 4556 dainnabilibus
957 4495 1388 4564 disputationibus
1416 4496 1543 4562 suis,
1576 4503 1629 4546 ut
1662 4510 1763 4546 non
1794 4491 2130 4561 defendendo,
2164 4496 2210 4552 υ
2239 4497 2340 4550 illis
2362 4498 2756 4566 Augu-tiniana:
2777 4500 3055 4554 sententia:
3080 4503 3429 4555 incommodis
3453 4504 3615 4569 probe
3641 4501 3801 4569 pensi—

550 4595 643 4650 sed
675 4595 841 4664 potius
870 4592 920 4645 in
950 4590 1237 4660 superbiam
1266 4582 1886 4664 sacrilegamextulieado
1915 4581 2132 4635 liberum

552 4689 843 4749 arbitrium.
876 4686 1076 4738 utilium
1117 4680 1403 4749 relinquant
1434 4680 1602 4731 locum
1645 4676 1822 4744 gratiae
1866 4675 1978 4737 Dei,
2033 4691 2133 4740 qua

554 4781 834 4833 Christiani
863 4793 1056 4833 sumus.
1084 4774 1105 4847 ]
1153 4774 1266 4828 Non
1306 4771 1457 4839 capio
1487 4770 1573 4840 qui
1607 4770 1657 4823 in
1709 4767 2010 4833 superbiant
2042 4766 2155 4820 ex;

558 4871 1041 4924 tollercntliberum
1057 4862 1645 4949 arbitrium,ctquidem
1670 4861 1924 4913 adversus
1941 4856 2152 4925 Deum,

558 4960 648 5025 qui
680 4960 976 5012 fatebantur
1002 4974 1121 5013 eum
1154 4948 1450 5012 creatorem
1492 4966 1612 5008 esse
1645 4952 1887 5005 humana:
1934 4960 2135 5003 natura:

561 5051 904 5119 tunnitnnque
934 5049 1049 5117 ejus
1083 5051 1407 5113 facultatum,
1442 5034 1573 5101 adeo
1605 5055 1660 5098 ut
1688 5046 1736 5097 ei
1766 5032 1997 5097 debeant
2042 5040 2137 5093 ho-

562 5147 734 5201 mines
761 5144 1009 5213 quidquid
1042 5144 1234 5196 habent
1263 5146 1382 5197 boui
1411 5185 1427 5209 ,
1470 5152 1524 5198 et
1549 5144 1615 5196 ab
1643 5156 1708 5196 eo
1754 5140 1903 5209 quasi
1932 5139 1997 5192 ab
2022 5151 2139 5191 om-

559 5239 707 5291 nium
738 5252 912 5290 rerum
942 5235 1156 5286 domino
1198 5237 1492 5302 pendeant;
1525 5234 1791 5286 hominem
1838 5248 1986 5297 vero,
2013 5246 2133 5283 cunt

559 5342 749 5385 nitura
781 5343 874 5381 sua
922 5324 1139 5378 minime
1172 5334 1414 5389 peccatur
1451 5333 1611 5385 esset,
1640 5338 1732 5375 sua
1781 5323 1935 5374 unius
1982 5322 2137 5387 culpa

561 5423 615 5473 in
644 5431 915 5488 peccatum
942 5431 1060 5469 esse
1087 5414 1358 5483 delapsum
1389 5425 1441 5467 et
1481 5413 1685 5475 delabi,
1728 5428 1830 5465 non
1861 5426 1989 5465 vero
2022 5411 2137 5476 Dei,

560 5513 711 5575 quasi
741 5510 814 5562 illi
848 5514 1095 5575 negasset
1122 5520 1242 5573 qua)
1271 5502 1571 5558 necessaria
1602 5513 1751 5553 erant
1780 5501 1844 5553 ad
1867 5500 2137 5554 vitandum

563 5606 870 5661 peccaturo;
902 5611 1000 5651 nec
1026 5611 1093 5651 eo
1122 5596 1296 5650 secius
1329 5595 1384 5646 Di
1404 5609 1490 5644 nm
1521 5590 1748 5644 Voluisse
1776 5591 1823 5641 ei
1866 5590 2140 5657 ignoscere

558 5696 780 5753 peccata
809 5696 861 5742 et
892 5698 1139 5742 :t'tt'rnatu
1170 5690 1329 5759 vitam
1360 5685 1558 5755 largiri,
1591 5701 1709 5737 cum
1740 5682 2002 5737 contraria
2027 5696 2138 5735 out-

2239 4590 2379 4655 tatis,
2405 4590 2503 4642 sibi
2534 4604 2635 4642 non
2672 4591 2874 4657 liquere
2894 4592 3360 4659 potiusdixissent,
3384 4609 3543 4662 quam
3570 4601 3647 4647 tot
3665 4592 3799 4646 dant-

2238 4679 2540 4732 nationihus
2561 4721 2574 4741 ,
2606 4696 2832 4746 quarum
2885 4682 3003 4735 alite
3039 4698 3201 4749 super
3225 4683 3342 4737 aliis
3390 4696 3795 4753 quaquaversum

2239 4769 2604 4833 mittebantur,
2635 4772 2931 4824 doctrinam
2965 4789 3068 4826 non
3104 4775 3420 4828 intellvctam
3445 4773 3791 4826 damnassent.

2308 4861 2536 4928 Pergunt
2568 4862 2714 4915 lii-ce
2744 4863 2920 4916 verbis
2956 4882 2967 4916 :
3003 4863 3118 4927 Qua
3157 4875 3202 4917 et
3233 4865 3400 4930 ipsum
3428 4872 3613 4916 nostra!
3639 4862 3798 4915 uolun-

2238 4952 2353 5003 tatis
2386 4950 2648 5004 arbitrium
2671 4968 2782 5004 vcre
2803 4953 2861 5018 [it
2891 4953 3125 5021 liberum,
3156 4955 3273 5006 dum
3307 4970 3338 5007 a
3370 4954 3653 5007 carnalium
3689 4964 3796 5003 cou-

2237 5044 2667 5107 cupisceutiarum
2683 5044 3027 5098 dominatione
3048 5045 3310 5109 liberatur,
3339 5045 3538 5097 dicente
3562 5042 3798 5096 Domino:

2241 5132 2296 5186 Si
2328 5148 2421 5185 vus
2452 5132 2616 5185 Filius
2640 5133 2971 5197 liberaverit,
2997 5145 3122 5188 tunc
3152 5150 3274 5187 vere
3300 5134 3452 5187 liberi
3477 5132 3652 5194 eritis;
3678 5126 3798 5199 quod

2239 5224 2487 5274 auxilium
2519 5223 2643 5289 ﬁdes
2672 5222 2909 5290 impetrat
2939 5240 3052 5293 qua:
3095 5234 3167 5279 est
3195 5225 3250 5278 in
3298 5224 3500 5278 Christo
3527 5223 3648 5276 Iesu
3694 5218 3794 5271 Do-

2241 5317 2377 5367 mino
2423 5328 2616 5370 nostra.
2649 5313 2762 5367 Non
2810 5315 3120 5368 dubitabant
3151 5316 3418 5383 Pelagiani
3465 5315 3588 5381 quia
3637 5309 3793 5362 divina

2240 5405 2407 5473 gratia
2452 5403 2696 5457 homines
2736 5419 2763 5456 a
2809 5406 3043 5474 peccatis
3075 5406 3451 5470 liberarentur,
3497 5406 3540 5458 si
3573 5401 3720 5455 modo
3742 5409 3796 5447 ea

2242 5508 2385 5551 recte
2411 5504 2702 5550 nti-rentur.
2723 5496 2824 5551 Sed
2852 5498 3107 5565 putabant
3125 5497 3368 5551 homines
3384 5511 3444 5549 ea
3470 5508 3617 5564 posse
3641 5486 3792 5547 abuti.

2242 5603 2305 5641 ac
2351 5597 2603 5656 praeterea
2636 5588 2901 5641 neminem
2931 5601 3052 5641 esse
3091 5601 3258 5653 usque
3283 5586 3419 5640 adeo
3461 5581 3795 5648 mancipatum

2243 5690 2480 5749 peccato,
2507 5689 2560 5734 ut
2587 5680 2750 5749 gratia
2784 5679 2870 5735 illa
2899 5677 3116 5734 excitari
3144 5662 3391 5749 nequeat,
3419 5676 3482 5731 ad
3511 5672 3796 5730 servitutem
