3908 6310
83 337 163 399 59!
792 333 1140 389 vamoaun
1183 333 1778 388 exencrra'rnmcs
1822 335 1882 387 ιχ
1925 337 1978 389 s.
2026 337 2388 392 annosum
2429 339 2676 394 oratu.
2729 314 2735 320 ’

3244 344 3346 399 5:12

91 450 212 506 illam
261 443 598 512 fugiendam.
643 440 746 496 Sed
788 444 912 509 quid
945 445 1041 496 sibi
1090 445 1270 496 volunt
1318 444 1439 496 boni
1475 443 1656 496 Patres
1689 447 1728 499 Α
1765 445 1903 498 nime
1935 445 2218 514 ingenuum
2244 449 2753 518 accomumdumque
2775 450 3184 516 adpr-tlaudtuu
3204 459 3342 524 quod

100 536 308 596 Africani
333 535 552 603 quando
571 533 790 597 addunt,
814 534 946 598 quod
968 535 1214 586 auxilium
1237 535 1361 600 ﬁdes
1389 535 1663 602 impetrat?

100 635 139 688 ld
164 631 300 685 enim
333 628 595 681 auxilium
628 627 765 694 quod
799 626 927 678 ﬁdes
956 625 1219 693 impetrat,
1259 641 1362 677 non
1388 637 1466 678 eSt
1494 625 1659 692 gratia

102 741 173 792 qua
203 723 352 788 [intus
384 720 700 784 Christiani,
734 734 850 787 qua:
879 719 1144 771 antecedit
1193 717 1379 784 ﬁdem,
1415 735 1516 770 non
1543 733 1658 770 eam

103 815 342 880 sequitur;
395 826 519 864 nam
550 809 761 878 quando
804 809 1126 863 credidimus
1164 819 1216 861 et
1261 810 1360 862 ﬁde
1389 809 1582 873 aliquid
1631 825 1658 861 a

105 912 187 958 lico
215 904 588 970 impetramus,
617 900 725 968 jam
749 914 931 953 sumus
954 899 1260 952 Christiani.
1289 899 1548 952 Redolent
1573 899 1660 950 illa

103 998 233 1048 verba
268 993 843 1061 semipelagianismum
867 1031 881 1053 ,
913 999 1003 1043 aut
1041 989 1215 1043 simile
1242 991 1529 1058 quidpiam.
1559 990 1659 1042 Ita-

101 1103 178 1155 que
206 1096 295 1136 aut
328 1085 452 1136 boni
487 1083 558 1135 illi
590 1083 686 1134 viri
733 1079 964 1134 nondum
1004 1082 1134 1132 satis
1174 1079 1535 1148 intelligebant
1563 1079 1655 1131 do-

99 1177 300 1228 urinam
335 1173 639 1242 Augustini,
668 1183 756 1224 aut
781 1182 861 1226 est
893 1171 992 1226 hoc
1031 1171 1485 1237 additamentum;
1515 1186 1654 1235 cum,

99 1282 135 1320 ut
167 1270 429 1321 adnatant
476 1265 804 1320 Benedictini
830 1305 844 1330 ,
879 1265 932 1317 in
964 1264 1171 1318 duobus
1202 1278 1332 1319 mss.
1376 1265 1532 1318 codd.
1567 1266 1658 1318 de-

97 1370 198 1412 smt.

147 1447 241 1499 Isti
261 1458 431 1501 autem
454 1456 703 1511 asserunt,
719 1447 849 1498 sicut
878 1463 909 1498 α
935 1446 1176 1514 fratribus
1197 1446 1283 1515 qui
1306 1461 1476 1498 eorum
1501 1445 1656 1498 libros

96 1540 298 1606 legerunt
345 1541 667 1607 cognovimus
691 1578 705 1601 ,
737 1538 789 1589 in
818 1553 875 1589 eo
905 1536 999 1588 Dei
1027 1538 1243 1607 gratiam
1271 1539 1615 1604 deputandum
1635 1579 1650 1604 ,

94 1635 207 1696 quod
254 1630 409 1682 talem
450 1629 668 1681 hominis
710 1630 1001 1693 constituit,
1047 1629 1325 1695 creavitque
1377 1641 1650 1693 naturam,

95 1737 183 1787 pne
205 1736 297 1789 per
317 1720 578 1790 propriam
602 1718 905 1772 voluntatem
934 1719 1092 1788 legem
1119 1718 1211 1772 Dei
1237 1721 1394 1788 possit
1420 1721 1648 1787 implere,

1767 536 1968 599 volunt,
2003 539 2140 603 apud
2169 537 2673 622 horniues‘vci'itatis
2703 540 2868 593 solius
2901 551 3162 596 amantes.

1835 628 1990 693 lhid.,
2027 628 2053 698 §
2086 631 2136 683 5.
2172 629 2326 681 Illam
2359 646 2472 683 vero
2518 633 2735 699 gratiam
2759 649 2887 700 qna,
2916 643 2984 684 nt.
3005 635 3195 686 dictum
3225 646 3298 688 est
3325 678 3339 700 ,

1770 713 2043 770 Christiani
2066 736 2242 772 smnus
2263 759 2276 781 ,
2313 722 2460 790 cujus
2490 721 2760 786 Apostolus
2803 727 3102 792 pra'dicator
3122 736 3214 784 est,
3255 728 3339 779 di-

1767 823 1882 860 cens
1908 824 1925 862 :
1953 811 2302 864 Condeleetor
2323 813 2462 864 enim
2493 813 2591 882 legi
2624 815 2711 867 Dei
2742 855 2754 877 ,
2800 817 3090 868 secundum
3123 818 3340 872 interio-

1763 913 1874 952 rem
1907 899 2207 965 hominetn;
2235 903 2389 955 video
2410 913 2582 956 autem
2614 905 2769 958 aliam
2801 907 2966 976 legem
3000 909 3050 959 in
3084 911 3337 963 membrzs

1761 993 1895 1044 meis
1928 1003 2306 1060 repugnantem
2355 995 2451 1062 legi
2487 999 2676 1048 mentis
2709 1013 2862 1064 mem,
2895 1008 2946 1051 et
2976 1001 3332 1066 captivantem

1763 1097 1846 1134 me
1874 1085 1970 1133 sub
2002 1082 2115 1151 lege
2143 1085 2339 1150 peccati
2358 1126 2370 1144 ,
2398 1101 2515 1151 qn;e
2537 1097 2615 1138 est
2639 1086 2688 1138 in
2720 1089 2972 1141 membris
3000 1091 3150 1143 meis.
3176 1091 3335 1145 Miser

1760 1190 1858 1243 ego
1881 1174 2060 1238 homo,
2085 1178 2202 1245 quis
2227 1191 2310 1229 me
2334 1177 2576 1229 liberabit
2601 1177 2665 1230 de
2687 1193 2909 1246 corpore
2937 1196 3038 1233 moi
3055 1184 3121 1233 tis
3144 1183 3329 1248 hujus?

1761 1264 1938 1321 Gratia
1970 1267 2085 1331 Dei,
2123 1284 2215 1335 per
2241 1267 2421 1322 Jesum
2446 1269 2713 1322 Christum
2743 1271 3019 1324 Domintnu
3054 1284 3328 1338 nostrum;

1762 1359 1940 1411 nolunt
1971 1360 2171 1411 omnino
2197 1377 2487 1430 agnoscere,
2512 1362 2598 1414 sed
2625 1378 2714 1414 nec
2742 1374 2913 1429 aperte
2937 1366 3137 1431 qu’dem
3165 1382 3331 1431 oppu-

1759 1463 1914 1519 gnare
1940 1450 2148 1503 audent.
2185 1450 2375 1503 Verum
2417 1451 2466 1504 in
2496 1451 2639 1504 Pauli
2670 1453 2865 1516 verbis,
2899 1453 3021 1520 quid
3070 1454 3212 1506 aliud
3252 1464 3333 1507 est

1759 1542 1924 1611 gratia
1955 1541 2064 1602 Dei,
2100 1557 2257 1610 quant
2289 1541 2384 1594 Dei
2411 1543 2779 1608 misericordia,
2811 1555 2901 1596 aut
2936 1544 3027 1597 Dei
3057 1547 3334 1610 beneﬁcio?

1762 1631 1930 1686 Nemo
1983 1635 2307 1686 contrarium
2358 1649 2588 1702 unquam
2623 1649 2686 1687 ex
2723 1636 2773 1688 vi
2825 1636 3002 1688 nativa
3034 1637 3178 1690 vocis
3210 1652 3334 1690 nsu-

1757 1739 1861 1792 que
1893 1725 2155 1791 probabit.
2205 1723 2318 1777 Νοιι
2353 1725 2576 1792 negabat
2602 1735 2775 1780 autem
2818 1726 3056 1793 Pelagius
3088 1729 3331 1783 homines

93 1816 172 1864 :ire
202 1813 506 1864 naturaliter
526 1811 578 1863 in
603 1811 753 1863 corde
772 1810 1128 1876 conscriptam,
1153 1811 1253 1862 sive
1277 1811 1329 1862 in
1353 1810 1531 1862 litem
1558 1814 1648 1862 tta-
1687 1801 1731 1862 Β
1761 1815 1850 1868 Dei
1884 1814 2143 1867 beneﬁcio
2163 1825 2378 1880 peccato
2395 1816 2528 1883 eripi
2546 1832 2565 1880 ;
2592 1815 2684 1869 sed
2716 1817 2938 1883 negabat
2968 1817 3077 1869 ﬁeri
3110 1817 3157 1869 id
3185 1818 3331 1870 ama-

94 1916 194 1956 tam.
230 1901 479 1954 Eamdem
509 1917 700 1970 quoque
727 1900 883 1971 legem
911 1900 976 1953 ad
1003 1902 1224 1970 gratiam
1254 1899 1346 1952 Dei
1378 1903 1647 1966 pertinere,

93 1994 206 2058 quod
232 1993 374 2045 illam
404 1991 539 2044 Deus
561 1993 611 2043 in
633 1991 945 2064 adjutoriunt
969 1991 1251 2044 hominibus
1271 1992 1431 2044 dedit.
1459 1993 1513 2046 Si
1537 2007 1650 2045 ctev

94 2084 246 2137 dimus
275 2082 481 2136 aucteti
509 2080 898 2146 Przedestinati,
929 2080 976 2133 in
1003 2081 1169 2149 prima
1200 2082 1404 2148 synodo
1429 2082 1651 2136 Cartha-

95 2174 295 2238 puiensi
326 2211 340 2233 ,
376 2170 740 2241 quinquennio
789 2182 910 2224 ante
943 2171 1120 2226 habita
1147 2212 1161 2236 ,
1195 2173 1481 2226 obtulerunt
1525 2171 1647 2228 C(13-

97 2265 229 2315 lesuo
254 2263 408 2315 libros
437 2279 580 2326 suos,
609 2263 661 2315 in
683 2262 877 2331 quibus
908 2262 1186 2331 Pelagiana
1215 2265 1462 2331 dogmata
1491 2267 1650 2332 expli-

96 2355 247 2404 tabat.
278 2353 427 2418 Quod
455 2354 498 2405 si
522 2367 705 2406 verum
732 2362 892 2415 esset,
915 2368 1016 2406 non
1035 2353 1215 2407 mirari
1245 2370 1372 2409 sane
1401 2370 1506 2408 non
1528 2371 1650 2425 pos.

96 2458 250 2496 semus
268 2444 587 2513 Carthagine
609 2460 713 2498 non
744 2455 1042 2498 asservatos
1067 2445 1406 2501 tuissehbros
1426 2447 1566 2510 illos,
1595 2457 1649 2501 nt

97 2553 230 2602 qualn
269 2537 387 2603 jure
437 2538 716 2589 damnatus
747 2536 834 2589 ille
875 2545 1017 2590 esset
1043 2537 1294 2605 liqueret;
1326 2551 1487 2607 utque
1513 2543 1646 2592 cou-

99 2637 156 2674 tra
184 2641 326 2688 cuttl,
371 2625 458 2678 ubi
493 2640 618 2678 u-us
669 2626 958 2694 postularet
991 2638 1380 2694 promerentur.
1412 2629 1514 2683 Sed
1559 2644 1648 2696 pa-

97 2731 191 2768 rum
225 2716 326 2770 hoc
354 2717 608 2770 credibile
630 2726 728 2782 est,
756 2733 873 2770 cum
891 2718 1198 2772 Ctelestium
1227 2718 1311 2771 hic
1329 2719 1649 2772 PatresL‘ar-

97 2808 436 2875 thiginienses
465 2807 734 2873 damnent,
771 2810 914 2863 libris
962 2809 1074 2877 ejus
1109 2811 1325 2864 minime
1371 2809 1643 2878 inSpectis.

99 2896 268 2949 Veram
300 2907 354 2951 et
382 2899 482 2952 hoc
503 2900 694 2952 mirum
718 2908 818 2965 est,
851 2916 1038 2968 graves
1064 2900 1342 2970 episc0pos
1372 2910 1475 2955 tam
1501 2915 1648 2955 acer-

95 2988 171 3042 bas
211 2993 502 3045 sententias
540 2994 589 3045 in
631 2992 903 3047 absentem
951 2993 1178 3059 dixisse,
1220 2995 1439 3048 minime
1497 2993 1646 3048 lectis

95 3081 191 3145 ejus
232 3081 378 3135 libris
404 3094 455 3136 et
482 3083 719 3137 recitatis
745 3083 1001 3138 duntaxat
1031 3095 1400 3140 accusatomm
1431 3085 1641 3141 litteris.

96 3174 204 3238 Quae
234 3177 369 3227 ratio
390 3175 664 3244 judicandi
695 3193 723 3230 a
756 3180 966 3232 nemine
1000 3178 1154 3247 paulo
1179 3179 1414 3247 arquiore
1437 3178 1646 3233 defendi

97 3275 278 3329 potest;
324 3269 618 3335 prtesertim
649 3283 767 3322 cum
796 3268 1038 3324 dil‘ﬁciles
1066 3272 1407 3339 qutestiones'
1429 3285 1648 3340 ageren-

96 3363 181 3418 tur,
215 3355 266 3408 in
296 3357 486 3423 quibus
517 3356 825 3411 facillimum
857 3366 971 3412 erat
1019 3361 1334 3412 sententiam
1367 3375 1468 3412 non
1494 3360 1646 3413 audi-

97 3454 244 3497 lorum
278 3446 417 3500 male
445 3447 755 3517 intelligere.
791 3449 971 3517 Itaque
998 3456 1052 3502 et
1100 3448 1301 3519 tequius
1331 3459 1383 3504 et
1417 3451 1648 3517 pruden-

1760 1914 1811 1956 tu
1843 1901 2072 1972 quodam
2106 1905 2336 1968 interno,
2369 1906 2450 1957 cui
2484 1905 2734 1958 reluctari
2765 1921 2867 1958 non
2899 1905 3104 1966 liceret,
3133 1915 3186 1960 et
3214 1907 3331 1961 sine

1759 2009 1865 2062 quo
1894 2006 2081 2048 caetera
2107 1997 2283 2048 omnia
2309 1995 2398 2049 Dei
2423 1995 2674 2049 beneﬁcia
2707 1997 2905 2050 inutilia
2935 2007 3132 2051 essent.
3161 1999 3331 2064 Opor-

1768 2085 1909 2139 tt-bat
1955 2085 2232 2140 Africanos
2264 2087 2514 2154 prarsnles
2557 2088 2834 2155 perSpicue
2871 2103 3019 2141 suam
3050 2099 3102 2143 et
3135 2089 3329 2158 Pelagii

1768 2179 2083 2229 sententiam
2111 2183 2452 2244 exprimere,
2501 2187 2555 2230 ut
2594 2177 2718 2245 quid
2761 2178 3092 2232 sentiemlum
3138 2180 3331 2246 quidve

1759 2267 2138 2330 damnandum,
2171 2281 2239 2319 ex
2269 2281 2452 2320 eorum
2481 2267 2741 2320 sententia
2773 2268 3054 2322 manifesto
3081 2268 3327 2338 liqut-ret.

1757 2357 1858 2413 Sed
1890 2359 2044 2427 longe
2072 2363 2353 2413 maximam
2383 2371 2584 2428 partem
2608 2357 3026 2413 Christianorum
3055 2361 3107 2414 in
3129 2375 3186 2415 se
3203 2375 3330 2414 con-

1754 2451 2029 2512 cita~scnt,
2062 2452 2105 2503 si
2133 2461 2317 2519 aperte
2346 2451 2601 2503 dixissent
2625 2451 2765 2519 quod
2795 2451 3123 2512 sentiebant;
3158 2468 3329 2521 neque

1754 2543 1892 2595 enim
1921 2551 2044 2595 ante
2069 2542 2180 2596 hare
2205 2552 2466 2610 tempora,
2493 2552 2543 2594 et
2562 2551 2684 2595 ante
2701 2541 3037 2597 deﬁnitiones
3057 2544 3328 2598 Africano-

1754 2647 1869 2682 rum
1902 2632 2273 2695 coneiliorum,
2299 2632 2449 2684 aliter
2477 2633 2543 2685 de
2565 2633 2735 2702 gratia
2767 2633 3010 2688 homines
3051 2646 3328 2691 senserant

1752 2735 1910 2787 quam
1945 2720 2208 2788 Pelagius.

1825 2810 2056 2879 Pergunt
2085 2809 2537 2876 Carthaginiensis
2577 2809 2786 2863 concilii
2820 2808 3002 2865 Patres
3035 2828 3047 2862 :
3080 2810 3184 2865 Sed
3203 2812 3326 2880 quid

1752 2901 1895 2953 aliud
1919 2911 2101 2972 agunt,
2133 2917 2246 2952 cum
2274 2900 2563 2953 hominibus
2585 2901 2911 2962 animalibus,
2937 2917 3033 2953 non
3056 2903 3326 2971 percipien-

1753 2993 1884 3045 tibus
1914 3008 2028 3055 qua:
2047 3003 2162 3046 sunt
2191 2991 2419 3058 Spiritus
2446 2990 2560 3054 Dei,
2584 2992 2886 3062 persuadere
2915 3009 3015 3044 non
3039 3003 3232 3045 C1880!”
3260 2995 3325 3046 ad

1754 3085 2063 3152 operandam
2092 3085 2558 3154 perﬁciendamque
2578 3086 2854 3152 justitiam,
2890 3102 2948 3137 ac
2973 3084 3066 3138 Dei
3088 3085 3325 3138 narendata

1679 3165 1725 3228 C
1757 3175 2056 3245 complenda
2083 3219 2096 3242 ,
2127 3177 2287 3227 solam
2325 3173 2420 3226 sibi
2447 3175 2717 3228 humanam
2752 3175 2972 3241 stt/[icere
3009 3190 3153 3242 posse
3179 3182 3325 3226 natu-

1753 3257 1899 3319 ram?
1928 3268 2029 3321 Sed
2062 3267 2308 3319 mandata
2343 3265 2437 3320 Dei
2483 3281 2584 3318 non
2615 3275 2737 3318 sunt
2767 3265 3050 3332 ejusmodi,
3099 3276 3155 3319 ut
3181 3269 3324 3322 omni

1757 3357 1803 3409 vi
1856 3357 2104 3410 destituta
2152 3357 2258 3409 sint
2306 3357 2370 3408 ad
2427 3357 2716 3408 movendos
2773 3356 3043 3408 hominum
3094 3358 3322 3412 animos.

1759 3446 1955 3501 Eorum
1988 3449 2255 3501 maximus
2283 3461 2573 3500 consensus
2610 3462 2728 3499 cum
2764 3458 2903 3499 recta
2951 3449 3155 3500 ratione
3194 3463 3322 3501 con-

99 3534 181 3586 ti-ts
201 3550 254 3588 se
275 3537 524 3605 gessisset
548 3539 808 3606 synodus,
838 3539 881 3592 si
910 3538 1166 3606 judicium
1191 3551 1306 3608 pOsl
1339 3539 1473 3594 lecta
1496 3539 1647 3593 Pela-

97 3627 224 3691 giana
255 3631 450 3698 seripta
481 3630 793 3685 distulisset.
824 3631 902 3684 Ad
932 3631 984 3684 id
1012 3647 1138 3685 vero
1167 3633 1306 3702 quod
1339 3633 1423 3685 hic
1447 3649 1509 3687 ex
1544 3632 1646 3686 illis

97 3714 229 3771 habet
254 3721 392 3786 quod
441 3721 645 3786 attinet,
677 3723 1002 3776 creationem
1035 3738 1098 3776 ac
1127 3723 1296 3792 legem
1329 3725 1521 3794 g.'atias
1552 3723 1642 3777 Dei

97 3822 211 3874 θεῖε,
240 3825 342 3863 non
366 3823 538 3880 petest
563 3813 659 3868 hoc
682 3813 886 3882 negari,
919 3829 1037 3867 cum
1071 3816 1178 3868 sint
1209 3815 1320 3869 ΙΜξο
1353 3815 1508 3883 longe
1538 3831 1646 3868 ma-

98 3901 211 3955 xima
237 3901 330 3958 Dei
380 3905 656 3960 beneﬁcia.
710 3905 820 3960 Nisi
851 3912 991 3960 enim
1033 3923 1128 3961 nos
1159 3911 1362 3962 ratione
1391 3910 1642 3978 praeditos

98 3991 213 4049 Deus
240 4007 495 4062 creasset,
529 4015 633 4052 non
665 4015 943 4070 possemus
961 4002 1008 4055 ei
1035 4016 1242 4070 parcre,
1275 4017 1446 4072 neque
1477 4001 1643 4055 beati-

98 4089 252 4143 tudine
281 4090 412 4154 ﬁui;
446 4091 545 4145 nisi
593 4093 750 4145 etiam
801 4093 968 4161 legem
1013 4093 1370 4161 evangelcam
1401 4092 1638 4160 promul-

96 4191 258 4244 gasset,
293 4182 525 4234 ofﬁcium
555 4193 792 4237 nostrum
825 4183 977 4236 nobis
999 4199 1184 4252 parum
1220 4192 1400 4236 notum
1430 4185 1635 4248 luisset,

96 4271 402 4341 maximaque
445 4274 698 4327 credendi
737 4274 1076 4329 incitamenta
1107 4289 1168 4328 ac
1198 4275 1633 4344 pretantissima

1750 3540 2130 3605 stitutioneque
2165 3537 2276 3605 ipsa
2324 3537 2565 3589 humana:
2597 3547 2816 3598 natttrtn,
2863 3537 3138 3604 magniﬁca
3189 3553 3323 3603 pra:-

1754 3617 1856 3684 mia
1882 3632 1944 3683 iis
1974 3631 2243 3698 adjuncta,
2278 3628 2528 3681 miracula
2556 3629 2746 3696 quibus
2774 3630 2850 3681 eis
2897 3627 3026 3681 ﬁdes
3055 3629 3186 3682 tacta
3213 3641 3313 3690 est,

1747 3722 1990 3790 exempla
2023 3730 2325 3776 sanctorum
2358 3721 2610 3784 virorum,
2651 3733 2712 3772 ac
2765 3720 3056 3788 prtesertim
3099 3719 3318 3784 Christi,

1746 3816 1834 3887 qui
1869 3833 1925 3868 t-a
1952 3816 2330 3876 observarunt;
2364 3811 2579 3880 hujusce
2611 3815 2731 3864 v'ta:
2763 3811 2989 3864 tui-erite
3015 3827 3075 3864 ac
3104 3813 3319 3864 calami-

1749 3917 1903 3973 tates,
1938 3921 2058 3975 qua:
2091 3906 2284 3958 frustra
2334 3902 2738 3967 beatitudinem,
2788 3917 2945 3970 quam
2989 3918 3155 3972 usque
3183 3901 3317 3955 adeo

1745 4011 2010 4067 Optamus,
2057 3997 2106 4050 in
2149 4012 2209 4050 ea
2256 3997 2419 4066 quaeri
2453 3997 2759 4058 osmndnut,
2809 3995 3014 4062 aliaque
3056 3995 3108 4048 id
3153 4011 3320 4065 genus

1745 4091 1987 4144 maximae
2013 4099 2138 4143 sunt
2158 4087 2405 4143 elticatire
2421 4089 2483 4140 ad
2504 4086 2847 4149 revocandm,
2868 4086 3116 4153 paulatim
3148 4103 3225 4142 ce:
3243 4096 3316 4152 te,

1746 4185 1984 4239 homines
2026 4185 2089 4236 ad
2132 4183 2324 4235 bonam
2364 4183 2585 4246 frugem.
2625 4179 2728 4233 Sed
2769 4179 2920 4232 homo
2960 4181 3196 4233 animalis
3237 4179 3317 4233 itt-

1741 4275 1914 4345 quies,
1950 4286 1999 4327 ut
2033 4273 2188 4326 docet
2220 4270 2414 4324 Paulus
2443 4269 2458 4321 1
2491 4269 2613 4322 Cor.
2648 4284 2704 4331 ιι,
2748 4269 2832 4331 ll,
2858 4267 2920 4320 ad
2954 4284 3108 4335 quem
3139 4268 3313 4321 locum

97 4362 280 4423 taminia
311 4380 341 4416 n
365 4381 413 4416 ιη
439 4364 769 4418 haberemus.
797 4365 1039 4419 Profecto
1067 4381 1169 4418 non
1194 4367 1344 4434 capio
1373 4382 1467 4420 cur
1487 4380 1637 4435 spre-
1740 4368 2026 4435 respiciunt
2054 4366 2164 4418 Afri
2195 4364 2470 4432 prmsules,
2498 4377 2596 4415 non
2626 4363 2838 4429 percipit
2870 4376 2980 4428 qum
3004 4370 3118 4411 sunt
3143 4357 3315 4422 Spiri-

97 4452 170 4503 t'nn
194 4453 254 4506 de
279 4459 425 4509 hisce
453 4457 609 4509 tantis
633 4455 725 4508 Dei
755 4456 1249 4526 gratiisloquantur
1274 4456 1508 4510 Africani
1529 4457 1630 4509 Pa-
1678 4525 1685 4526 ί
1742 4469 1820 4511 tus
1844 4457 1957 4511 Dei.
1989 4457 2097 4510 lmo
2119 4471 2217 4509 non
2244 4455 2487 4520 admittit,
2522 4456 2579 4508 οὐ
2610 4453 2835 4524 δέχεται.
2863 4453 2961 4504 hoc
2991 4461 3092 4513 est,
3119 4451 3182 4503 iis
3212 4464 3313 4502 non

104 4549 202 4605 tres,
228 4525 777 4599 nisiaccedatat’tlatns
801 4549 979 4599 nescio
995 4547 1132 4614 quis,
1158 4546 1509 4600 cuiresistere
1531 4561 1633 4599 non
1665 4525 1716 4588 υ
1743 4549 2049 4610 assentitur,
2093 4546 2366 4611 nimirum,
2411 4545 2536 4599 dum
2582 4553 2663 4598 cst
2701 4543 2937 4596 animalis
2972 4541 3315 4608 sequiturque

109 4630 216 4700 licet,
259 4637 406 4703 isque
438 4636 675 4703 pauculis
704 4636 1094 4690 coneedendus.
1130 4637 1404 4690 Prioribus
1433 4635 1636 4691 beneli-

1764 4652 1996 4708 mpetum
2022 4639 2319 4704 brutorttm,
2342 4638 2618 4706 praesentia
2641 4645 2842 4689 tantum
2867 4644 2919 4686 et
2942 4631 3154 4685 sensilia
3178 4645 3316 4696 qum~

109 4727 177 4778 cits
197 4728 402 4781 referta:
428 4737 552 4781 sunt
582 4728 767 4781 littera:
790 4743 978 4792 sacrae,
1003 4729 1241 4798 adeoque
1269 4728 1546 4796 perspicue
1569 4728 1635 4782 de
1743 4735 1991 4788 rentiutn.
2041 4732 2109 4787 At
2133 4731 2262 4786 nihil
2294 4731 2468 4784 obstat
2497 4728 2778 4798 quominus
2808 4724 3068 4776 intellecta
3099 4732 3150 4773 et
3190 4737 3316 4790 pen-

109 4813 150 4867 iis
184 4820 479 4889 loquuntur,
515 4830 570 4873 ut
612 4824 725 4874 sine
776 4821 979 4874 insania
1009 4820 1076 4874 ab
1107 4820 1169 4874 tis
1211 4823 1300 4888 qui
1346 4821 1636 4888 Scriptum
1748 4824 1905 4878 sitata
1939 4823 2212 4893 Evangelii
2240 4822 2563 4888 pra‘stan'ia,
2596 4814 2838 4869 animalis
2870 4813 3026 4865 homo
3053 4811 3313 4880 ejusmodi

101 4910 289 4964 credunt
319 4911 498 4980 negari
549 4922 813 4979 nequeant
847 4927 860 4965 :
896 4912 1244 4979 posteriorem
1280 4925 1407 4964 vero
1440 4911 1634 4964 frustra

1760 4930 1868 4971 esse
1899 4915 2108 4968 tandem
2139 4913 2364 4966 desinat.
2417 4913 2680 4962 Prwterea
2718 4904 2857 4957 enim
2900 4901 3238 4970 qua-siverint
3283 4919 3310 4956 a

95 5002 289 5064 probare
345 5002 494 5054 nitun
524 5017 585 5053 ur
635 5000 820 5054 Patres
873 5000 1151 5063 Africani,
1207 5013 1304 5053 uec
1348 5000 1633 5068 quidquam

1760 5005 1989 5060 l’atribus
2011 5005 2170 5068 Afris,
2193 5019 2256 5053 an
2284 5017 2386 5053 non
2415 4996 2758 5063 Deusjuheat
2791 4997 3031 5049 homines
3059 4997 3314 5050 animales

96 5091 362 5155 proferunt,
417 5102 608 5160 praeter
637 5092 749 5144 loca
778 5102 866 5142 aut
895 5090 1049 5158 plane
1079 5089 1250 5143 aliena
1297 5092 1364 5143 ab
1386 5104 1450 5141 eo
1497 5087 1636 5157 quod

1760 5085 1988 5153 lesinere
2017 5094 2333 5149 animalibus
2378 5090 2757 5156 cupiditatibus
2797 5089 3047 5153 obsequi;
3094 5104 3159 5140 an
3209 5105 3313 5140 non

94 5195 327 5247 spectant,
362 5194 453 5235 aut
483 5199 747 5238 summum
778 5186 1047 5253 ambigua.
1097 5184 1208 5237 Iloc
1235 5197 1446 5252 quoque
1476 5183 1638 5236 nteri-
1743 5190 1988 5244 mandata
2044 5184 2368 5251 negligentes
2417 5180 2633 5248 plectat,
2687 5193 2746 5231 ac
2802 5179 3025 5246 proinde
3069 5181 3311 5232 excusari

95 5282 135 5322 tn
159 5277 420 5329 desideres
467 5279 516 5328 in
549 5280 645 5330 hac
671 5293 853 5331 eorum
880 5280 1122 5345 epistola,
1154 5279 1291 5344 quod
1322 5278 1539 5347 gratiam
1572 5275 1636 5328 il-

1763 5296 1847 5332 ion
1881 5291 2036 5347 posse
2065 5273 2318 5329 censeat?
2343 5272 2452 5326 Hoc
2482 5271 2522 5324 si
2560 5270 2627 5323 ita
2659 5276 2762 5334 est,
2791 5269 2930 5338 quod
2971 5284 3125 5321 nemo
3156 5268 3312 5318 Chri-

94 5366 176 5416 lam
202 5383 345 5420 suam
379 5382 637 5435 nusquam
681 5368 956 5430 deﬁniant,
1009 5385 1182 5436 neque
1209 5368 1352 5421 vocis
1380 5366 1638 5435 ambigui-

1760 5371 1945 5424 atianus
1978 5375 2152 5435 neget,
2201 5371 2412 5432 oportet
2441 5371 2496 5414 nt
2525 5361 2772 5426 habeant,
2802 5369 2889 5412 aut
2916 5361 3116 5426 possint
3153 5357 3184 5407 ii
3217 5355 3310 5406 ho-

100 5466 228 5512 tamn
258 5463 571 5524 discutiant;
601 5462 746 5529 quasi
775 5461 865 5514 illo
893 5477 998 5514 uno
1024 5476 1182 5514 sensu
1207 5476 1363 5529 quem
1388 5459 1638 5511 volebant.
1747 5462 1916 5515 mines
1931 5456 2181 5525 eottsequi
2209 5467 2538 5524 quzecunqne
2565 5461 2686 5506 sunt
2713 5449 3012 5504 necessaria
3041 5446 3104 5497 ad
3131 5460 3308 5510 parcn-

111 5545 328 5614 lep-retur
357 5553 409 5604 in
436 5552 729 5618 Scriptura,
756 5555 986 5620 ~atisque
1007 5562 1146 5606 esset
1175 5551 1411 5620 proferre
1442 5551 1556 5604 loca
1585 5552 1636 5602 in

1760 5554 1900 5614 lum;
1933 5549 2162 5617 alioquin
2191 5548 2427 5614 iniquum
2453 5551 2597 5598 esset
2616 5543 2692 5597 eis
2717 5542 2764 5593 id
2801 5542 3062 5605 imperare
3084 5535 3146 5588 ad
3172 5539 3309 5603 quod

112 5642 256 5698 'luibns
283 5652 540 5706 exstaret,
574 5652 626 5694 ut
659 5645 969 5709 probaretur
998 5643 1135 5710 quod
1174 5643 1491 5696 sentiebant.
1526 5644 1636 5708 Ap.
1745 5641 2100 5714 praestandam
2155 5635 2474 5691 necessariis
2525 5641 2704 5687 essent
2751 5627 2986 5683 destituti
3035 5625 3309 5680 subsidiis.

115 5742 182 5792 tum
212 5740 308 5794 hoc
348 5749 450 5801 est,
487 5738 672 5802 t‘ate--r,
711 5740 771 5789 ad
809 5738 1116 5791 iutvendam
1152 5739 1309 5792 invidi
1332 5756 1421 5805 tm,
1455 5751 1504 5794 at
1535 5741 1636 5791 mi-
1746 5736 1898 5790 Plura
1925 5747 2026 5788 non
2051 5729 2238 5786 :tdd‘uu
2268 5745 2280 5780 :
2306 5723 2660 5781 noruntenim
2679 5719 2975 5790 quicunque
3003 5717 3160 5773 hasce
3184 5731 3312 5771 cmi"
