3908 6300
563 303 664 358 5%

1446 286 2001 345 SUPPI.EMENTUM
2046 282 2133 339 AD
2173 279 2396 335 OPEllA
2436 281 2494 336 S.
2541 278 2925 337 AUGUSTINI.
3713 272 3799 326 52’»

548 411 851 475 ltrovcrsias
880 410 1187 480 attigerunt,
1219 416 1335 476 qute
1369 404 1503 458 hanc
1539 403 1589 455 in
1634 417 1745 455 rem
1775 401 1981 453 soleant
2010 398 2135 451 dici.
2168 396 2219 455 Α
2244 395 2334 449 scd
2373 397 2478 451 Deo
2507 396 2724 449 deheri?
2752 398 2819 449 At
2845 395 3203 463 apostolorum
3240 393 3540 464 prtesertim
3578 392 3805 461 sufficim-

550 502 671 560 iScd
704 502 981 558 audiamus
1012 498 1168 553 Afros
1190 495 1471 564 episcOpos
1493 489 1837 547 ostendentes
1864 498 2025 542 satam
2049 504 2141 539 ua-

556 590 740 647 ituram
770 593 1042 643 humanam
1077 602 1178 641 non
1212 582 1458 639 sufficere
1488 582 1556 635 ad
1581 580 1873 649 parendum
1908 579 2142 646 Evange-

575 688 643 740 lio
671 679 1086 739 circumstantiis
1113 691 1243 747 quas
1269 684 1423 729 antea
1454 671 1864 727 memoravimus
1894 664 2068 724 cincto
2097 678 2150 723 et

576 774 814 830 suﬂ'ulto.

649 866 767 919 Non
788 862 1099 918 attendmtes
1122 858 1258 928 quod
1285 857 1527 927 scriptum
1551 866 1621 909 est
1642 872 1659 908 :
1681 854 1910 923 Spiritus
1938 852 2153 921 adjuvat

577 957 939 1011 inﬁrmitatem
971 959 1204 1004 nostram
1238 948 1411 1018 (Rom.
1447 963 1567 1013 vtu,
1599 946 1733 1015 ‘26);
1766 955 1812 1000 et
1845 962 1862 999 :
1895 945 2009 999 Non
2055 960 2150 998 vo-

579 1046 734 1100 lentis
763 1058 935 1111 neque
966 1039 1253 1106 currentis,
1283 1038 1374 1092 sed
1403 1039 1703 1091 miserentis
1732 1045 1812 1090 est
1840 1036 1935 1090 Dei
1965 1036 2145 1105 (Rom.

580 1151 654 1201 Ix,
689 1135 808 1202 16);
836 1145 880 1185 et
907 1132 1043 1202 quod
1075 1146 1239 1183 unum
1266 1144 1451 1183 omnes
1482 1143 1664 1183 smnus
1694 1128 1743 1181 in
1775 1128 1929 1181 Chris
1955 1142 2005 1191 0,
2047 1127 2157 1180 sin-

580 1223 689 1295 guli
714 1234 890 1277 autem
920 1223 1056 1276 alter
1083 1221 1298 1274 alterius
1330 1218 1587 1282 membra,
1622 1219 1876 1272 habentes
1909 1219 2046 1271 dona
2075 1218 2157 1271 di-

591 1330 768 1381 versa,
804 1312 1092 1368 secundum
1140 1310 1359 1382 gratiam
1388 1326 1505 1381 quae
1536 1310 1653 1362 data
1686 1319 1766 1363 est
1794 1308 1947 1362 nobis
1979 1306 2153 1378 (Rom.

583 1424 679 1473 xu,
710 1408 784 1475 5);
818 1418 908 1459 et:
943 1405 1119 1460 Gratia
1164 1404 1256 1458 Dei
1287 1418 1403 1457 sum
1452 1401 1504 1455 id
1547 1401 1687 1470 quod
1734 1415 1873 1467 smn,
1909 1411 1955 1455 et
1988 1400 2156 1468 gratia

584 1497 697 1564 ejus
721 1497 772 1549 in
802 1510 885 1550 me
915 1510 1078 1548 vacua
1111 1510 1217 1547 non
1250 1493 1370 1559 fuit,
1401 1491 1494 1546 sed
1522 1491 1881 1545 abundantius
1911 1492 2158 1544 omnibus

594 1586 702 1639 illis
734 1585 1004 1650 laboravi;
1064 1598 1169 1637 non
1223 1599 1319 1653 ego
1349 1590 1549 1648 autem,
1592 1582 1684 1635 sed
1712 1584 1878 1652 gratia
1926 1582 2016 1635 Dei
2048 1597 2161 1636 me-

586 1690 706 1730 cum
737 1674 779 1746 (ῐ
797 1674 916 1729 Cor.
948 1691 1036 1740 xv,
1072 1676 1189 1742 10);
1224 1684 1301 1726 et:
1330 1673 1539 1728 Gratias
1569 1673 1696 1734 Deo.
1718 1674 1805 1741 qui
1833 1672 1975 1726 dedit
2009 1674 2159 1726 nobis

2248 487 2340 553 tia,
2371 487 2435 539 ad
2468 503 2660 540 munus
2703 488 2765 539 ad
2800 486 2939 555 quod
2977 486 3147 539 vocati
3178 485 3385 539 fuerant
3426 482 3803 551 sustinendum,

2249 592 2351 628 non
2386 575 2637 641 humana,
2667 575 2759 630 sed
2791 570 2965 628 divina
3002 575 3117 628 fuit.
3154 574 3447 627 Thesaurus
3503 573 3730 642 denique
3763 577 3812 629 in

2249 668 2381 719 vasis
2413 666 2651 733 ﬁctilibus
2678 665 2744 720 de
2788 682 2890 736 quo
2919 664 3139 729 Paulus,
3175 673 3298 719 sunt
3324 663 3462 717 dona
3498 665 3809 732 apostolica,

2252 758 2501 828 ut'liquet
2525 774 2589 812 ex
2614 759 2759 812 serie
2792 768 3091 811 contextus.
3133 756 3188 811 Si
3228 756 3366 810 oculi
3401 771 3507 809 non
3540 756 3696 825 plane
3733 774 3813 810 nc-

2252 850 2515 921 gligenter
2554 850 2911 919 conjiciantur
2935 850 2984 903 in
3018 851 3130 903 loca
3163 849 3343 913 allata,
3387 849 3667 902 verissima
3708 864 3815 904 esse

2256 941 2433 996 omnia
2462 956 2524 995 ac
2545 940 2971 994 manifestissima
2996 954 3113 1009 qua!
3144 939 3374 992 diximus
3404 941 3813 1006 comperientur;

2258 1032 2395 1085 unde
2423 1031 2724 1100 intelligere
2758 1030 2934 1084 licebit
2962 1031 3133 1084 bonus
3178 1030 3299 1082 illos
3332 1029 3525 1083 Patres
3555 1029 3817 1082 Africanos

2258 1138 2445 1192 parum
2494 1134 2644 1188 aptos
2701 1123 2864 1176 fuisse
2916 1122 3312 1190 Scripturarum
3372 1122 3714 1189 interpretes,
3764 1139 3817 1177 ac

2259 1213 2480 1281 proinde
2496 1228 2693 1267 meram
2708 1228 2891 1268 eorum
2909 1213 3277 1267 auctoritatem
3294 1211 3420 1265 levis
3448 1213 3701 1281 ponderis
3718 1228 3819 1267 esse

2261 1314 2531 1373 oportere.

2335 1394 2493 1456 lbid.,
2530 1394 2555 1463 ᾗ
2592 1394 2643 1446 4.
2674 1394 2964 1447 Consideret
3015 1394 3257 1448 sanctitas
3298 1404 3386 1446 tua
3419 1404 3467 1447 et
3496 1396 3821 1464 pastoralibus

2264 1488 2405 1539 nobis
2451 1486 2793 1556 compatiatur
2855 1486 3146 1551 visceribus,
3189 1502 3337 1553 quam
3376 1488 3442 1540 sit
3478 1489 3759 1556 pestiferum
3784 1502 3822 1541 et

2263 1577 2467 1630 exitiale
2489 1578 2659 1629 ovibus
2687 1574 2896 1649 Christi,
2923 1577 3060 1644 quod
3087 1578 3297 1629 istorum
3320 1578 3592 1645 sacrilegas
3615 1579 3825 1647 dispunt.

2266 1670 2423 1723 tiones
2450 1670 2735 1721 necessario
2752 1672 3092 1736 consequitur,
3128 1677 3180 1720 ut
3212 1685 3300 1721 nec
3325 1685 3471 1721 orare
3491 1670 3750 1723 debeamus
3772 1686 3825 1722 ne

598 1766 899 1821 victoriam.
931 1779 1028 1835 per
1076 1764 1354 1818 Dominum
1392 1772 1632 1817 nostrum
1678 1762 1858 1818 Jesum
1892 1762 2161 1816 Christum
2195 1752 2240 1811 Β
2267 1762 2509 1812 intremus
2549 1760 2603 1811 in
2642 1759 3001 1821 tentationem;
3031 1760 3164 1826 quod
3203 1756 3446 1813 Dominus
3487 1771 3533 1812 et
3564 1761 3824 1828 discipulos

595 1856 761 1929 (Ibid.
793 1857 915 1928 57);
970 1867 1047 1910 et:
1078 1858 1189 1910 Non
1223 1858 1346 1925 quia
1389 1855 1563 1910 idonei
1597 1870 1781 1911 sumus
1809 1856 2044 1925 cogitare
2070 1855 2165 1908 ali-

599 1948 747 2017 quid,
779 1949 928 2017 quasi
965 1964 1029 2001 cx
1063 1946 1481 2015 nobismetipsis,
1515 1948 1606 2000 sed
1640 1946 1954 2000 sufficientia
1987 1956 2166 1999 nostra

592 2054 658 2093 ex
700 2038 808 2093 Deo
840 2049 919 2093 est
952 2038 1014 2108 (ll
1044 2038 1161 2092 Cor.
1198 2054 1275 2101 ιιι,
1310 2034 1394 2105 5);
1428 2047 1517 2091 et:
1548 2037 1816 2091 llabcmus
1851 2037 2161 2091 thesaurum

599 2130 758 2184 istum
808 2132 859 2184 in
900 2130 1040 2184 vasis
1081 2130 1352 2194 tictslibus,
1406 2138 1462 2183 ut
1507 2130 1793 2183 eminentia
1847 2129 2058 2183 virtutis
2099 2129 2169 2182 sit

593 2220 687 2274 Dei
720 2230 773 2275 et
804 2236 905 2274 non
938 2236 1002 2275 ex
1031 2220 1182 2274 nobis
1216 2219 1278 2290 (ll
1308 2218 1423 2272 Cor.
1457 2234 1530 2283 tv,
1560 2219 1651 2288 7);
1684 2227 1729 2271 et
1772 2219 2169 2271 innumerabilia

594 2311 739 2376 talia,
763 2329 874 2380 qua:
899 2314 961 2366 de
998 2313 1279 2382 Scripturis
1307 2310 1536 2364 omnibus
1576 2312 1620 2363 si
1672 2311 1911 2381 colligere
1939 2311 2167 2373 velimus,

596 2413 790 2472 tempus
821 2419 918 2455 non
961 2404 1192 2470 sufficiat.
1229 2401 1636 2455 Recordaudum
1675 2401 1789 2455 lucc
1831 2401 2008 2454 omnia
2042 2417 2169 2475 pro-

601 2493 725 2547 ferri
755 2507 805 2547 ut
832 2495 1083 2564 probetur
1107 2494 1276 2564 gratia
1306 2507 1465 2562 quam
1496 2490 1898 2558 descripsimus,
1941 2491 2043 2544 hoc
2068 2498 2169 2557 est,

598 2586 839 2649 internus
865 2586 1071 2639 afflatus
1101 2587 1251 2655 isque
1273 2584 1625 2653 necessarius,
1656 2595 1716 2639 ut
1737 2583 1950 2638 Christo
1981 2582 2173 2637 creda-

599 2691 750 2740 mus;
786 2690 881 2730 ncc
908 2675 1123 2729 dubium
1164 2684 1245 2728 est
1292 2676 1420 2744 quin
1454 2675 1724 2742 potissima
1753 2674 1867 2728 loca
1916 2673 2031 2727 haec
2056 2686 2175 2725 esse

598 2767 835 2835 putarint
871 2765 1061 2835 synodi
1092 2765 1277 2820 Patres
1316 2765 1509 2833 quibus
1536 2765 1952 2833 Pelagianismus
1984 2762 2172 2833 profli-

596 2857 709 2925 gari
743 2864 968 2926 poterat.
1007 2855 1167 2923 Atqui
1200 2872 1265 2908 ne
1309 2869 1447 2908 unus
1475 2854 1689 2923 quidem
1719 2854 1906 2922 probat
1932 2854 1983 2907 id
2032 2854 2175 2923 quod

599 2949 805 3012 volunt;
831 2964 947 3015 qua:
978 2948 1111 3001 ratio
1129 2947 1325 3001 citaudi
1351 2948 1677 3015 Seripturam
1705 2947 1801 2999 fuit
1834 2947 2045 3000 illorum
2074 2961 2176 3000 sac-

599 3039 857 3101 culorum,
877 3039 1067 3107 quibus
1094 3040 1209 3091 soni
1236 3038 1567 3107 singulorum
1589 3038 1995 3102 vocabulorum,
2016 3054 2171 3106 quatn

601 3128 876 3181 sententia:
904 3130 1163 3190 locorum,
1195 3142 1290 3195 pro
1318 3126 1575 3180 orationis
1606 3126 1765 3179 totius
1796 3127 1957 3190 serie,
2008 3129 2172 3181 multo
2202 3126 2245 3162 ‘I

604 3217 774 3285 major
801 3218 933 3270 ratio
963 3212 1272 3270 habebatur.
1309 3216 1500 3270 Statim
1533 3216 1672 3271 enim
1698 3231 1760 3270 ac
1786 3232 1950 3270 sonus
1982 3217 2172 3270 verbo-
2214 3212 2221 3217 ’

603 3320 717 3365 rum
767 3321 870 3361 non
924 3321 1143 3374 prorsus
1194 3306 1448 3362 ahludere
1488 3307 1765 3361 videbatur
1809 3306 1875 3361 ab
1918 3322 1983 3361 eo
2032 3309 2171 3378 quod

603 3395 877 3464 agebatur,
911 3411 993 3450 res
1020 3397 1262 3451 confecta
1297 3397 1600 3466 putabatur,
1628 3405 1684 3451 et
1716 3398 1994 3465 probatum
2029 3398 2170 3467 quod

602 3496 718 3541 erat
762 3487 813 3541 in
843 3488 1227 3542 controversia.
1261 3488 1495 3551 Scilicet,
1528 3487 1894 3553 declamitare,
1942 3497 1997 3542 et
2036 3488 2172 3542 ell'n-

602 3579 703 3631 tire
732 3576 982 3646 quidquid
1012 3577 1062 3631 in
1091 3593 1153 3631 os
1182 3577 1426 3633 veniebat
1451 3578 1589 3647 apud
1622 3578 1835 3646 plebem
1859 3593 2175 3632 excommu-

598 3670 903 3735 nicandam,
937 3670 977 3723 si
1014 3670 1149 3723 forte
1183 3686 1212 3723 a
1255 3670 1587 3723 declamante
1628 3669 1959 3735 dissentiret,
2008 3672 2174 3724 multo

602 3761 808 3815 facilius
837 3761 952 3823 fuit,
985 3776 1139 3828 quam
1167 3760 1367 3813 critica:
1388 3760 1582 3812 seriam
1615 3773 1833 3826 operam
1865 3760 2011 3812 dare.
2049 3760 2172 3824 Spi-

601 3853 727 3905 ritus
756 3852 841 3921 qui
874 3853 1083 3919 adjuvat
1106 3851 1449 3918 infirmitatem
1477 3862 1719 3915 nostram,
1745 3852 1810 3905 de
1833 3868 1934 3919 quo
1957 3852 2173 3919 Paulus,

604 3953 687 3998 est
716 3945 802 4013 qni
833 3954 913 3996 est
942 3944 991 3994 in
1020 3944 1126 4010 jam
1159 3942 1516 4005 credentibus,
1550 3956 1747 4006 eosnue
1774 3945 1824 3995 in
1847 3945 2175 3999 orationibus

604 4042 751 4087 recte
782 4031 1065 4086 fundendis
1092 4034 1228 4100 apud
1260 4032 1423 4086 Deum
1450 4033 1683 4100 adjuvat.
1719 4033 1840 4085 Non
1864 4048 1933 4086 est
1966 4037 2177 4089 volentis

604 4137 761 4189 neque
790 4123 1058 4185 currentis,
1089 4123 1174 4175 sed
1198 4120 1292 4175 Dei
1322 4123 1621 4185 miscrentis,
1656 4124 1793 4191 quod
1826 4125 2041 4176 \‘t‘t'blllll
2087 4127 2176 4180 Dei
2238 4120 2247 4127 θ

608 4212 831 4265 mittitur
888 4214 952 4264 ad
1016 4214 1261 4282 populmn
1331 4214 1629 4283 quempiam
1702 4217 1767 4268 ad
1818 4215 2176 4284 cognitionem

603 4301 719 4369 ejus
747 4302 1075 4368 vocandum;
1104 4304 1197 4356 sed
1214 4304 1333 4372 quid
1354 4303 1454 4358 hoc
1486 4304 1607 4358 facit
1639 4305 1704 4359 ad
1733 4307 1913 4360 afflatu
1942 4329 1968 4357 ιι
2001 4309 2180 4375 singu-

605 4393 812 4446 lorum?
852 4390 1031 4446 Gratia
1069 4394 1359 4447 secundum
1410 4411 1565 4462 quam
1607 4411 1727 4450 sum
1776 4399 1990 4452 diversa
2039 4402 2177 4453 dona

2268 1850 2488 1910 monuit,
2514 1859 2556 1901 et
2589 1849 2753 1917 posuit
2788 1849 2838 1900 in
2866 1849 3095 1901 oratione
3124 1864 3271 1916 quam
3294 1850 3497 1913 docuit;
3527 1862 3616 1903 aut
3645 1865 3705 1902 ne
3745 1852 3823 1902 dr-

2269 1942 2409 2010 ficiat
2438 1940 2567 2009 fides
2613 1950 2806 2004 nostra,
2843 1940 2979 2007 quod
3022 1955 3113 2008 pro
3137 1941 3367 2007 apostolo
3390 1939 3543 1993 Petra
3566 1958 3617 1994 se
3644 1958 3825 2011 rogasse

2270 2034 2376 2101 ipse
2408 2042 2619 2086 tes‘atus
2660 2040 2750 2084 est.
2793 2032 2905 2084 Non
2936 2032 3242 2084 necessario
3290 2035 3389 2085 hoc
3419 2035 3677 2100 sequitur,
3717 2049 3825 2086 nam

2273 2123 2526 2194 particula
2553 2123 2641 2177 illa
2673 2121 2929 2175 orationis
2958 2121 3260 2185 dominicm,
3285 2132 3375 2174 aut
3411 2136 3597 2189 preces
3642 2121 3822 2175 Christi

2272 2234 2367 2287 pro
2409 2218 2567 2271 Petro
2588 2233 2694 2270 non
2738 2216 3040 2283 signitiant
3078 2214 3127 2267 id
3157 2212 3295 2282 quod
3351 2215 3576 2267 innuunt
3636 2215 3825 2279 Patres,

2272 2308 2425 2377 quasi
2468 2307 2568 2361 hoc
2606 2308 2705 2361 sibi
2750 2305 2986 2359 Vellent:
3018 2320 3048 2357 ο
3086 2306 3245 2370 Deus,
3283 2302 3366 2357 fac
3389 2303 3569 2357 afﬂatu
3608 2304 3825 2370 interno,

2274 2400 2362 2454 cui
2396 2400 2647 2452 resistere
2678 2411 3022 2467 nequeamus,
3066 2406 3120 2450 ttt
3162 2396 3507 2450 tentationem
3537 2396 3827 2455 vincamus;

2274 2492 2457 2561 quidni
2491 2493 2631 2548 enim
2663 2493 2798 2546 Deus
2831 2499 3008 2560 potest
3040 2490 3297 2558 impedire
3326 2504 3393 2543 ne
3437 2488 3829 2543 succumbamus

2275 2583 2579 2648 teutationi,
2614 2585 2784 2653 ipsam
2814 2584 3156 2638 tentationem
3190 2581 3496 2646 minuendo,
3532 2596 3594 2633 ac
3640 2590 3829 2650 tempe-

2274 2676 2467 2738 rando,
2502 2676 2570 2729 ita
2609 2684 2664 2728 ut
2707 2675 2845 2728 vires
2884 2681 3094 2728 nostras
3132 2688 3235 2726 non
3267 2672 3522 2741 superet?
3550 2670 3701 2725 Novit
3758 2673 3831 2724 ille

2278 2783 2433 2836 quam
2463 2767 2597 2821 firmi
2622 2776 2712 2820 aut
2732 2783 2888 2835 quam
2914 2765 3106 2821 infirmi
3134 2748 3321 2828 simus,
3338 2766 3527 2819 melius
3549 2781 3696 2834 quam
3732 2781 3831 2829 nos,

2279 2870 2557 2926 potestque
2586 2875 2644 2913 ea
2687 2859 2894 2912 amoliri
2941 2860 3130 2927 quibus
3174 2861 3452 2927 aegerrime
3491 2871 3643 2927 pares
3687 2874 3831 2912 esse-

2280 2963 2398 3000 mus
2435 2950 2477 3000 si
2509 2948 2779 3011 adessent;
2815 2958 2867 3002 et
2899 2947 3090 3016 quibus
3119 2947 3359 3011 remotis,
3393 2947 3546 3001 laede
3570 2950 3618 3000 in
3651 2949 3833 3015 pietate

2276 3022 2580 3093 constantes
2609 3054 2811 3093 sumus.
2847 3038 2907 3093 Si
2927 3040 3060 3092 enim
3084 3040 3189 3091 Itaac
3219 3038 3552 3106 possibilitate
3586 3052 3698 3091 nam
3714 3051 3833 3092 J'wtl

2279 3131 2489 3183 arbitrio
2529 3132 2826 3200 voluntatis,
2876 3131 3120 3199 inquiunt
3152 3139 3326 3184 tamen
3362 3130 3500 3195 Afri,
3529 3132 3581 3183 in
3612 3142 3829 3196 potestate

2279 3230 2397 3272 sunt
2426 3221 2721 3286 constituta,
2750 3222 2863 3291 quis
2901 3238 2998 3273 non
3023 3237 3079 3273 ea
3103 3220 3266 3274 videat
3292 3238 3324 3273 a
3359 3222 3461 3274 Il‘eo
3484 3221 3702 3274 inaniter
3726 3225 3825 3291 pell,

2279 3325 2322 3364 et
2351 3313 2604 3381 fallaciter
2634 3313 2789 3377 arari,
2838 3329 2949 3363 tum
2978 3312 3174 3365 orando
3207 3323 3483 3381 poscuntur
3504 3329 3619 3380 qua:
3662 3326 3827 3367 natura:

2278 3413 2462 3455 nostra:
2475 3403 2587 3472 jam
2611 3402 2680 3453 ita
2703 3403 2917 3454 condita:
2943 3402 3294 3472 sufficientibus
3320 3403 3505 3456 viribus
3529 3404 3828 3459 obtinentur!

2279 3495 2347 3547 At
2376 3492 2617 3562 quamvis
2660 3492 2798 3545 forte
2852 3494 3167 3547 concederet
3206 3493 3446 3563 Pelagius
3478 3494 3679 3548 nullam
3727 3510 3828 3547 cou-

2282 3583 2485 3650 tingere
2518 3593 2622 3637 tam
2663 3590 2897 3636 atrocem
2934 3584 3277 3637 tentationem
3324 3585 3409 3637 cui
3461 3585 3716 3639 resitcre
3755 3600 3825 3638 ne-

2279 3687 2557 3740 queamus,
2606 3682 2793 3726 natnra
2827 3671 3110 3741 Evangelio
3141 3674 3401 3729 illustrata
3448 3683 3501 3729 et
3528 3678 3825 3735 etnendata;

2280 3775 2386 3815 non
2424 3763 2647 3830 negabat
2677 3772 2874 3827 tamen,
2917 3778 3017 3816 nec
3049 3778 3246 3832 negare
3292 3773 3500 3834 poterat
3543 3765 3593 3818 in
3617 3766 3826 3834 periculo

2278 3855 2579 3908 constitutis
2603 3855 2668 3908 ad
2705 3855 2797 3908 Dei
2830 3855 3107 3922 auxilium,
3146 3856 3306 3909 etiam
3343 3857 3824 3919 extraordinarium,

2283 3959 2403 3999 esse
2431 3944 2862 4014 confugiendum,
2892 3946 3095 3999 duabus
3123 3946 3189 4001 de
3212 3946 3528 4001 rationibus.
3561 3949 3738 4002 Primo
3760 3955 3826 3999 ta-

2280 4037 2435 4090 metsi
2469 4035 2669 4090 viribus
2713 4037 2877 4090 semel
2908 4052 2937 4089 a
2966 4036 3077 4091 Deo
3121 4039 3412 4105 concessis,
3447 4050 3500 4093 et
3526 4023 3825 4093 confirmatis

2282 4128 2557 4198 promissis
2572 4128 2784 4194 divinis,
2819 4129 3065 4183 resistere
3083 4121 3360 4184 téntationi
3393 4146 3697 4199 possumus;
3725 4144 3823 4199 pos-

2282 4231 2463 4270 sumus
2480 4218 2637 4270 etiam
2668 4218 2715 4270 in
2745 4234 2803 4271 ea
2831 4219 3041 4281 cadere,
3068 4219 3207 4286 quod
3236 4233 3339 4273 non
3368 4219 3437 4273 ita
3469 4219 3623 4274 facile
3649 4220 3826 4275 contin-

2281 4308 2353 4376 git
2384 4320 2501 4361 cum
2530 4309 2781 4363 inusitato
2816 4310 2903 4363 Dei
2949 4312 3155 4364 auxilio
3185 4306 3541 4380 quodcunque
3568 4315 3637 4366 sit
3667 4311 3821 4383 (modo

2286 4416 2353 4455 ne
2397 4401 2841 4455 sitinelnctabilis
2886 4401 3120 4470 afflatus)
3146 4404 3475 4472 adjuvamur.
3517 4406 3649 4469 Quis
3676 4414 3823 4458 autem

605 4502 712 4540 non
736 4496 818 4539 est
843 4489 1009 4555 gratia
1036 4500 1136 4554 qua
1186 4486 1377 4555 singuli
1422 4487 1601 4542 fideles
1631 4488 1694 4542 ad
1740 4490 1901 4544 Deum
1934 4493 2178 4546 conversi
2217 4466 2262 4526 θ
2290 4494 2339 4546 in
2370 4495 2605 4562 periculo
2640 4509 2741 4546 non
2766 4493 2863 4546 sibi
2894 4502 3041 4561 optet
3073 4511 3175 4548 non
3216 4495 3373 4549 modo
3416 4497 3554 4563 quod
3599 4507 3681 4549 est
3704 4510 3826 4564 pror-

606 4585 753 4642 sunt,
782 4576 875 4630 sed
906 4575 1256 4630 beneficentia
1294 4577 1436 4632 varia
1468 4579 1582 4647 Dei,
1614 4595 1714 4648 qua
1739 4581 1856 4634 aliis
1881 4583 2010 4636 alias
2032 4582 2185 4638 dotes

606 4675 974 4730 concesserat;
1005 4683 1096 4720 seu
1128 4665 1281 4719 solita
1324 4681 1415 4721 sua
1441 4668 1790 4736 providentia,
1826 4671 1918 4723 sed
1942 4681 2172 4727 extraor-

607 4757 809 4810 dinaria
840 4757 1190 4823 Spiritualium
1232 4757 1495 4810 donorum
1534 4758 1816 4812 effusione.
1850 4758 2028 4813 Gratia
2062 4761 2180 4828 Dei,

607 4860 706 4913 qua
743 4846 930 4899 Paulus
953 4855 1059 4899 erat
1088 4848 1140 4898 id
1161 4848 1296 4913 quod
1329 4855 1455 4909 erat,
1492 4846 1593 4899 hoc
1621 4859 1727 4911 est,
1759 4850 2058 4916 apostolus,
2096 4862 2180 4906 est

611 4935 706 4988 Dei
738 4939 1100 4991 misericordia
1130 4947 1181 4991 et
1203 4937 1583 5002 munificentia,
1609 4953 1712 5007 qua
1744 4955 1865 4992 eum
1892 4941 1940 4993 ci
1975 4944 2179 4997 muneri

610 5026 923 5079 sustinendo
969 5031 1283 5083 necessariis
1318 5028 1470 5083 donis
1516 5030 1870 5096 instruxerat;
1906 5048 2003 5087 nec
2037 5035 2184 5102 quis-

610 5131 769 5185 quam
816 5131 1043 5182 unquam
1088 5122 1295 5185 negavit
1345 5136 1372 5172 a
1406 5121 1513 5174 Deo
1559 5138 1654 5189 per
1690 5123 1869 5177 lesum
1914 5122 2183 5179 Christum

612 5204 764 5259 nobis
794 5205 968 5257 datam
1001 5220 1118 5259 esse
1145 5210 1212 5260 de
1251 5222 1466 5275 peccato
1502 5212 1802 5277 victoriam,
1847 5229 1905 5267 ac
1941 5204 2060 5270 esse
2090 5231 2185 5270 cur

614 5306 890 5366 prapteret
921 5296 969 5350 ei
995 5300 1188 5365 gratias
1219 5313 1463 5368 agamus;
1520 5318 1704 5358 verum
1752 5306 1851 5360 hoc
1884 5305 2077 5361 factum
2103 5308 2182 5360 af-

612 5389 737 5443 llatu
758 5388 965 5443 interno
987 5400 1039 5444 et
1061 5389 1402 5457 ineluctabili,
1424 5409 1555 5463 nusq
1581 5413 1679 5449 ~am
1697 5397 1851 5451 docet
1890 5399 2181 5468 Scriptura.

614 5480 930 5549 Sufﬁcientia
962 5496 1094 5535 sane
1118 5483 1350 5536 omnium
1373 5483 1821 5553 Christianorum,
1847 5490 1910 5541 ad
1942 5491 2181 5559 cogitau-

615 5572 739 5625 dum
780 5572 975 5640 aliquid
1036 5573 1320 5645 E'angelio
1362 5585 1797 5639 consentaneum,
1856 5590 1985 5633 csta
2043 5581 2181 5646 Deo;

615 5667 733 5735 quis
762 5668 903 5719 cnim
938 5671 1104 5723 nescit
1135 5669 1467 5740 fivangcliutn
1499 5686 1600 5724 non
1640 5671 1853 5740 ingenio
1887 5673 2179 5741 hominum,

2283 4599 2375 4637 sus
2406 4586 2787 4646 necessarium,
2816 4584 2909 4637 sed
2939 4586 3096 4639 etiam
3128 4601 3283 4654 quam
3312 4590 3569 4641 maximas
3600 4589 3749 4651 vires,
3783 4592 3826 4636 ut

2286 4672 2493 4725 facilius
2519 4683 2572 4726 et
2611 4673 2850 4727 securius
2888 4690 3006 4729 sese
3049 4691 3113 4729 co
3155 4678 3432 4744 expediat?
3468 4679 3663 4732 Deinde
3714 4677 3826 4730 inter

2288 4764 2430 4832 ipsas
2460 4764 2622 4831 vires,
2661 4781 2794 4834 quas
2826 4767 2966 4821 Dens
2996 4767 3314 4823 Cluistianis
3345 4770 3673 4826 sufficientes
3695 4766 3825 4834 largi-

2289 4862 2393 4920 tur,
2429 4856 2559 4909 nihil
2592 4866 2757 4923 vetat,
2796 4872 2890 4925 pro
2922 4859 3284 4926 magnitudine
3322 4862 3695 4929 periculorum,
3733 4859 3825 4913 inu-

2288 4947 2443 5002 sitata
2471 4949 2663 5001 auxilia
2694 4948 2894 5002 haberi.
2946 4948 3125 5018 Itaque
3157 4966 3259 5003 non
3315 4952 3481 5019 potuit
3510 4953 3698 5007 merito
3722 4947 3825 5003 insi-

2290 5038 2480 5093 mulari
2514 5040 2778 5108 Pelagius,
2812 5041 2962 5109 quasi
3010 5040 3249 5096 doctrina
3293 5056 3387 5095 sua
3418 5043 3672 5098 orationis
3700 5051 3823 5094 usum

2288 5130 2611 5183 sustulisset.

2360 5220 2514 5281 Ibid.,
2551 5218 2577 5290 ς
2605 5220 2658 5274 5.
2711 5219 3088 5275 Contradicitur
3110 5225 3259 5277 etiam
3290 5225 3498 5278 istorum
3544 5223 3825 5279 contentione

2289 5312 2717 5365 benedictionibus
2740 5313 2951 5377 nostris,
2978 5322 3030 5364 ut
3056 5314 3307 5367 incassum
3328 5332 3481 5381 super
3508 5317 3734 5386 papulum
3760 5311 3824 5359 di-

2287 5419 2401 5456 cere
2447 5402 2707 5455 videamur
2742 5403 2996 5472 quidquid
3035 5405 3106 5457 eis
3146 5421 3177 5456 a
3223 5404 3443 5459 Domino
3484 5418 3753 5477 precamur,
3781 5408 3822 5449 ut

2288 5501 2419 5545 recte
2446 5508 2507 5544 ac
2535 5493 2617 5559 pie
2643 5493 2854 5546 vivendo
2877 5493 2952 5546 illi
2978 5493 3235 5563 placeant,
3264 5498 3338 5549 vel
3364 5498 3456 5549 illa
3478 5512 3586 5565 qua:
3603 5510 3689 5564 pro
3715 5490 3823 5560 ﬁde-

2288 5581 2417 5635 libus
2442 5592 2681 5652 prccatur
2705 5583 2996 5651 Apostolus,
3017 5585 3187 5640 dicens
3208 5602 3229 5641 :
3252 5587 3433 5643 Flecto
3462 5603 3621 5660 genua
3645 5599 3751 5639 mea
3770 5582 3821 5633 ad

2290 5675 2455 5731 Deum
2497 5676 2708 5731 Patrem
2742 5675 2947 5731 Domini
2980 5677 3146 5734 nostri
3178 5679 3300 5737 Jesu
3330 5680 3637 5738 Christi.....
3668 5686 3719 5732 ut
3752 5674 3821 5729 det
