  <div class='ocr_page' id='page_1' title='image "/cluster/home/n/w/nwhite01/storage/ocr_20150623/47/uva.x000827107/170.png"; bbox 0 0 3908 6302; ppageno 0'>
   <div class='ocr_carea' id='block_1_1' title="bbox 123 329 210 386">
    <p class='ocr_par' dir='ltr' id='par_1_1' title="bbox 123 329 210 386">
     <span class='ocr_line' id='line_1_1' title="bbox 123 329 210 386; baseline -0.034 -1"><span class='ocrx_word' id='word_1_1' title='bbox 123 329 210 386; x_wconf 70' lang='lat' dir='ltr'><strong>523i</strong></span> 
     </span>
    </p>
   </div>
   <div class='ocr_carea' id='block_1_2' title="bbox 764 321 1699 384">
    <p class='ocr_par' dir='ltr' id='par_1_2' title="bbox 764 326 1699 384">
     <span class='ocr_line' id='line_1_2' title="bbox 764 326 1699 384; baseline -0.002 -3"><span class='ocrx_word' id='word_1_2' title='bbox 764 362 769 367; x_wconf 98' lang='lat'><strong><em>-</em></strong></span> <span class='ocrx_word' id='word_1_3' title='bbox 814 327 1169 384; x_wconf 66' lang='lat' dir='ltr'><strong>VARIORUM</strong></span> <span class='ocrx_word' id='word_1_4' title='bbox 1211 326 1699 383; x_wconf 62' lang='lat' dir='ltr'><strong>EXERCITATIOD</strong></span> 
     </span>
    </p>
   </div>
   <div class='ocr_carea' id='block_1_3' title="bbox 1807 321 2698 384">
    <p class='ocr_par' dir='ltr' id='par_1_3' title="bbox 1842 321 2698 381">
     <span class='ocr_line' id='line_1_3' title="bbox 1842 321 2698 381; baseline 0.001 -2"><span class='ocrx_word' id='word_1_5' title='bbox 1842 324 1904 379; x_wconf 75' lang='grc' dir='ltr'><strong>ΙΝ</strong></span> <span class='ocrx_word' id='word_1_6' title='bbox 1944 324 2003 381; x_wconf 89' lang='lat' dir='ltr'><strong>S.</strong></span> <span class='ocrx_word' id='word_1_7' title='bbox 2027 321 2407 381; x_wconf 66' lang='lat' dir='ltr'><strong>&#39;AUGUSTINI</strong></span> <span class='ocrx_word' id='word_1_8' title='bbox 2449 324 2698 381; x_wconf 77' lang='lat' dir='ltr'><strong>OPERA.</strong></span> 
     </span>
    </p>
   </div>
   <div class='ocr_carea' id='block_1_4' title="bbox 3279 335 3380 391">
    <p class='ocr_par' dir='ltr' id='par_1_4' title="bbox 3279 335 3380 391">
     <span class='ocr_line' id='line_1_4' title="bbox 3279 335 3380 391; baseline 0.03 -4"><span class='ocrx_word' id='word_1_9' title='bbox 3279 335 3380 391; x_wconf 71' lang='lat'><strong>526</strong></span> 
     </span>
    </p>
   </div>
   <div class='ocr_carea' id='block_1_5' title="bbox 127 437 3381 507">
    <p class='ocr_par' dir='ltr' id='par_1_5' title="bbox 127 437 3381 507">
     <span class='ocr_line' id='line_1_5' title="bbox 127 437 3381 507; baseline 0.001 -12"><span class='ocrx_word' id='word_1_10' title='bbox 127 440 259 495; x_wconf 73' lang='lat' dir='ltr'><strong>vobis</strong></span> <span class='ocrx_word' id='word_1_11' title='bbox 282 438 580 493; x_wconf 90' lang='lat' dir='ltr'><strong>secundum</strong></span> <span class='ocrx_word' id='word_1_12' title='bbox 605 438 815 492; x_wconf 88' lang='lat' dir='ltr'><strong>divitias</strong></span> <span class='ocrx_word' id='word_1_13' title='bbox 842 439 1024 507; x_wconf 65' lang='lat' dir='ltr'><strong>glorias</strong></span> <span class='ocrx_word' id='word_1_14' title='bbox 1052 456 1179 503; x_wconf 67' lang='lat' dir='ltr'><strong>suae,</strong></span> <span class='ocrx_word' id='word_1_15' title='bbox 1215 442 1409 493; x_wconf 88' lang='lat' dir='ltr'><strong>virtute</strong></span> <span class='ocrx_word' id='word_1_16' title='bbox 1434 438 1694 493; x_wconf 87' lang='lat' dir='ltr'><strong>corrobo-</strong></span> <span class='ocrx_word' id='word_1_17' title='bbox 1731 444 1776 503; x_wconf 80' lang='grc' dir='ltr'><strong>Α</strong></span> <span class='ocrx_word' id='word_1_18' title='bbox 1806 452 1975 504; x_wconf 69' lang='lat' dir='ltr'><strong>ustrie</strong></span> <span class='ocrx_word' id='word_1_19' title='bbox 1998 439 2118 490; x_wconf 77' lang='lat' dir='ltr'><strong>vita:</strong></span> <span class='ocrx_word' id='word_1_20' title='bbox 2176 446 2521 506; x_wconf 78' lang='lat' dir='ltr'><strong>peccatorum</strong></span> <span class='ocrx_word' id='word_1_21' title='bbox 2558 438 2726 492; x_wconf 79' lang='lat' dir='ltr'><strong>semel</strong></span> <span class='ocrx_word' id='word_1_22' title='bbox 2768 437 3122 496; x_wconf 71' lang='lat' dir='ltr'><strong>admissorum</strong></span> <span class='ocrx_word' id='word_1_23' title='bbox 3172 448 3381 500; x_wconf 76' lang='lat' dir='ltr'><strong>veniam</strong></span> 
     </span>
    </p>
   </div>
   <div class='ocr_carea' id='block_1_6' title="bbox 134 527 1694 600">
    <p class='ocr_par' dir='ltr' id='par_1_6' title="bbox 134 527 1694 600">
     <span class='ocr_line' id='line_1_6' title="bbox 134 527 1694 600; baseline -0.001 -15"><span class='ocrx_word' id='word_1_24' title='bbox 134 532 221 585; x_wconf 86' lang='lat' dir='ltr'><strong>rari</strong></span> <span class='ocrx_word' id='word_1_25' title='bbox 273 544 366 597; x_wconf 86' lang='lat' dir='ltr'><strong>per</strong></span> <span class='ocrx_word' id='word_1_26' title='bbox 413 527 673 598; x_wconf 87' lang='lat' dir='ltr'><strong>Spirittnn</strong></span> <span class='ocrx_word' id='word_1_27' title='bbox 722 530 858 598; x_wconf 85' lang='lat' dir='ltr'><strong>ejus.</strong></span> <span class='ocrx_word' id='word_1_28' title='bbox 908 530 970 584; x_wconf 90' lang='lat' dir='ltr'><strong>Si</strong></span> <span class='ocrx_word' id='word_1_29' title='bbox 991 548 1109 600; x_wconf 81' lang='lat' dir='ltr'><strong>ergo</strong></span> <span class='ocrx_word' id='word_1_30' title='bbox 1148 532 1454 585; x_wconf 13' lang='lat' dir='ltr'><strong>voluerit-nus</strong></span> <span class='ocrx_word' id='word_1_31' title='bbox 1490 531 1694 584; x_wconf 83' lang='lat' dir='ltr'><strong>benedi-</strong></span> 
     </span>
    </p>
   </div>
   <div class='ocr_carea' id='block_1_7' title="bbox 133 618 1696 689">
    <p class='ocr_par' dir='ltr' id='par_1_7' title="bbox 133 618 1696 689">
     <span class='ocr_line' id='line_1_7' title="bbox 133 618 1696 689; baseline -0.001 -14"><span class='ocrx_word' id='word_1_32' title='bbox 133 626 270 675; x_wconf 76' lang='lat' dir='ltr'><strong>cendo</strong></span> <span class='ocrx_word' id='word_1_33' title='bbox 310 626 465 688; x_wconf 66' lang='lat' dir='ltr'><strong>super</strong></span> <span class='ocrx_word' id='word_1_34' title='bbox 495 618 745 689; x_wconf 83' lang='lat' dir='ltr'><strong>papulum</strong></span> <span class='ocrx_word' id='word_1_35' title='bbox 780 620 991 673; x_wconf 81' lang='lat' dir='ltr'><strong>dicere:</strong></span> <span class='ocrx_word' id='word_1_36' title='bbox 1039 618 1109 674; x_wconf 78' lang='lat' dir='ltr'><strong>Da</strong></span> <span class='ocrx_word' id='word_1_37' title='bbox 1142 622 1267 686; x_wconf 85' lang='lat' dir='ltr'><strong>illis,</strong></span> <span class='ocrx_word' id='word_1_38' title='bbox 1305 622 1550 686; x_wconf 79' lang='lat' dir='ltr'><strong>Domine,</strong></span> <span class='ocrx_word' id='word_1_39' title='bbox 1588 622 1696 674; x_wconf 87' lang='lat' dir='ltr'><strong>vir-</strong></span> 
     </span>
    </p>
   </div>
   <div class='ocr_carea' id='block_1_8' title="bbox 134 710 1697 780">
    <p class='ocr_par' dir='ltr' id='par_1_8' title="bbox 134 710 1697 780">
     <span class='ocr_line' id='line_1_8' title="bbox 134 710 1697 780; baseline 0.001 -16"><span class='ocrx_word' id='word_1_40' title='bbox 134 718 230 768; x_wconf 83' lang='lat' dir='ltr'><strong>Iule</strong></span> <span class='ocrx_word' id='word_1_41' title='bbox 268 710 608 766; x_wconf 74' lang='lat' dir='ltr'><strong>conoborari</strong></span> <span class='ocrx_word' id='word_1_42' title='bbox 662 724 757 780; x_wconf 84' lang='lat' dir='ltr'><strong>per</strong></span> <span class='ocrx_word' id='word_1_43' title='bbox 785 711 1037 779; x_wconf 90' lang='lat' dir='ltr'><strong>Spiritum</strong></span> <span class='ocrx_word' id='word_1_44' title='bbox 1082 722 1261 776; x_wconf 88' lang='lat' dir='ltr'><strong>tuum;</strong></span> <span class='ocrx_word' id='word_1_45' title='bbox 1304 712 1511 766; x_wconf 86' lang='lat' dir='ltr'><strong>illorum</strong></span> <span class='ocrx_word' id='word_1_46' title='bbox 1554 712 1697 765; x_wconf 88' lang='lat' dir='ltr'><strong>nobis</strong></span> 
     </span>
    </p>
   </div>
   <div class='ocr_carea' id='block_1_9' title="bbox 129 803 1691 875">
    <p class='ocr_par' dir='ltr' id='par_1_9' title="bbox 129 803 1691 875">
     <span class='ocr_line' id='line_1_9' title="bbox 129 803 1691 875; baseline 0.001 -20"><span class='ocrx_word' id='word_1_47' title='bbox 129 804 387 872; x_wconf 70' lang='lat' dir='ltr'><strong>disputatio</strong></span> <span class='ocrx_word' id='word_1_48' title='bbox 433 803 761 871; x_wconf 85' lang='lat' dir='ltr'><strong>contradicit,</strong></span> <span class='ocrx_word' id='word_1_49' title='bbox 804 804 1059 872; x_wconf 72' lang='lat' dir='ltr'><strong>aﬂirntans</strong></span> <span class='ocrx_word' id='word_1_50' title='bbox 1091 807 1265 875; x_wconf 75' lang='lat' dir='ltr'><strong>negari</strong></span> <span class='ocrx_word' id='word_1_51' title='bbox 1308 804 1521 857; x_wconf 83' lang='lat' dir='ltr'><strong>liberant</strong></span> <span class='ocrx_word' id='word_1_52' title='bbox 1562 804 1691 857; x_wconf 86' lang='lat' dir='ltr'><strong>arbi-</strong></span> 
     </span>
    </p>
   </div>
   <div class='ocr_carea' id='block_1_10' title="bbox 126 892 1701 964">
    <p class='ocr_par' dir='ltr' id='par_1_10' title="bbox 126 892 1701 964">
     <span class='ocr_line' id='line_1_10' title="bbox 126 892 1701 964; baseline 0.003 -19"><span class='ocrx_word' id='word_1_53' title='bbox 126 897 286 958; x_wconf 84' lang='lat' dir='ltr'><strong>trium,</strong></span> <span class='ocrx_word' id='word_1_54' title='bbox 323 894 367 945; x_wconf 94' lang='lat' dir='ltr'><strong>si</strong></span> <span class='ocrx_word' id='word_1_55' title='bbox 404 894 501 945; x_wconf 79' lang='lat' dir='ltr'><strong>hoc</strong></span> <span class='ocrx_word' id='word_1_56' title='bbox 532 910 562 945; x_wconf 93' lang='lat' dir='ltr'><strong>a</strong></span> <span class='ocrx_word' id='word_1_57' title='bbox 600 892 701 946; x_wconf 84' lang='lat' dir='ltr'><strong>Deo</strong></span> <span class='ocrx_word' id='word_1_58' title='bbox 729 896 976 963; x_wconf 87' lang='lat' dir='ltr'><strong>poscitur,</strong></span> <span class='ocrx_word' id='word_1_59' title='bbox 998 896 1137 964; x_wconf 88' lang='lat' dir='ltr'><strong>quod</strong></span> <span class='ocrx_word' id='word_1_60' title='bbox 1168 897 1219 947; x_wconf 87' lang='lat' dir='ltr'><strong>in</strong></span> <span class='ocrx_word' id='word_1_61' title='bbox 1260 905 1432 948; x_wconf 90' lang='lat' dir='ltr'><strong>nostra</strong></span> <span class='ocrx_word' id='word_1_62' title='bbox 1456 905 1529 948; x_wconf 87' lang='lat' dir='ltr'><strong>est</strong></span> <span class='ocrx_word' id='word_1_63' title='bbox 1558 904 1701 962; x_wconf 77' lang='lat' dir='ltr'><strong>pote-</strong></span> 
     </span>
    </p>
   </div>
   <div class='ocr_carea' id='block_1_11' title="bbox 125 984 1695 1056">
    <p class='ocr_par' dir='ltr' id='par_1_11' title="bbox 125 984 1695 1056">
     <span class='ocr_line' id='line_1_11' title="bbox 125 984 1695 1056; baseline 0.001 -19"><span class='ocrx_word' id='word_1_64' title='bbox 125 995 287 1037; x_wconf 84' lang='lat' dir='ltr'><strong>state:</strong></span> <span class='ocrx_word' id='word_1_65' title='bbox 316 984 503 1037; x_wconf 77' lang='lat' dir='ltr'><strong>virtute</strong></span> <span class='ocrx_word' id='word_1_66' title='bbox 542 986 676 1038; x_wconf 88' lang='lat' dir='ltr'><strong>enim</strong></span> <span class='ocrx_word' id='word_1_67' title='bbox 711 986 753 1037; x_wconf 89' lang='lat' dir='ltr'><strong>si</strong></span> <span class='ocrx_word' id='word_1_68' title='bbox 796 987 1117 1039; x_wconf 78' lang='lat' dir='ltr'><strong>corroborari</strong></span> <span class='ocrx_word' id='word_1_69' title='bbox 1158 986 1406 1049; x_wconf 85' lang='lat' dir='ltr'><strong>volumus,</strong></span> <span class='ocrx_word' id='word_1_70' title='bbox 1439 988 1695 1056; x_wconf 79' lang='lat' dir='ltr'><strong>inquiunt,</strong></span> 
     </span>
    </p>
   </div>
   <div class='ocr_carea' id='block_1_12' title="bbox 123 1074 1698 1147">
    <p class='ocr_par' dir='ltr' id='par_1_12' title="bbox 123 1074 1698 1147">
     <span class='ocr_line' id='line_1_12' title="bbox 123 1074 1698 1147; baseline 0.004 -24"><span class='ocrx_word' id='word_1_71' title='bbox 123 1091 380 1143; x_wconf 76' lang='lat' dir='ltr'><strong>possumus</strong></span> <span class='ocrx_word' id='word_1_72' title='bbox 408 1090 470 1128; x_wconf 87' lang='lat' dir='ltr'><strong>ea</strong></span> <span class='ocrx_word' id='word_1_73' title='bbox 518 1074 849 1142; x_wconf 80' lang='lat' dir='ltr'><strong>possibilitate</strong></span> <span class='ocrx_word' id='word_1_74' title='bbox 878 1087 1078 1130; x_wconf 78' lang='lat' dir='ltr'><strong>natura:</strong></span> <span class='ocrx_word' id='word_1_75' title='bbox 1114 1092 1267 1147; x_wconf 89' lang='lat' dir='ltr'><strong>quam</strong></span> <span class='ocrx_word' id='word_1_76' title='bbox 1310 1093 1445 1129; x_wconf 88' lang='lat' dir='ltr'><strong>nunc</strong></span> <span class='ocrx_word' id='word_1_77' title='bbox 1473 1094 1573 1130; x_wconf 85' lang='lat' dir='ltr'><strong>non</strong></span> <span class='ocrx_word' id='word_1_78' title='bbox 1613 1094 1698 1130; x_wconf 88' lang='lat' dir='ltr'><strong>ac-</strong></span> 
     </span>
    </p>
   </div>
   <div class='ocr_carea' id='block_1_13' title="bbox 122 1164 1699 1235">
    <p class='ocr_par' dir='ltr' id='par_1_13' title="bbox 122 1164 1699 1235">
     <span class='ocr_line' id='line_1_13' title="bbox 122 1164 1699 1235; baseline 0.003 -19"><span class='ocrx_word' id='word_1_79' title='bbox 122 1166 350 1233; x_wconf 75' lang='lat' dir='ltr'><strong>cipimus,</strong></span> <span class='ocrx_word' id='word_1_80' title='bbox 374 1164 464 1216; x_wconf 79' lang='lat' dir='ltr'><strong>sed</strong></span> <span class='ocrx_word' id='word_1_81' title='bbox 492 1180 605 1216; x_wconf 81' lang='lat' dir='ltr'><strong>cum</strong></span> <span class='ocrx_word' id='word_1_82' title='bbox 628 1180 914 1218; x_wconf 83' lang='lat' dir='ltr'><strong>crearentur</strong></span> <span class='ocrx_word' id='word_1_83' title='bbox 942 1166 1252 1235; x_wconf 89' lang='lat' dir='ltr'><strong>accepimus.</strong></span> <span class='ocrx_word' id='word_1_84' title='bbox 1277 1166 1436 1234; x_wconf 85' lang='lat' dir='ltr'><strong>Quasi</strong></span> <span class='ocrx_word' id='word_1_85' title='bbox 1465 1183 1588 1219; x_wconf 90' lang='lat' dir='ltr'><strong>vero</strong></span> <span class='ocrx_word' id='word_1_86' title='bbox 1616 1168 1699 1221; x_wconf 89' lang='lat' dir='ltr'><strong>in-</strong></span> 
     </span>
    </p>
   </div>
   <div class='ocr_carea' id='block_1_14' title="bbox 124 1256 1697 1325">
    <p class='ocr_par' dir='ltr' id='par_1_14' title="bbox 124 1256 1697 1325">
     <span class='ocr_line' id='line_1_14' title="bbox 124 1256 1697 1325; baseline 0.003 -20"><span class='ocrx_word' id='word_1_87' title='bbox 124 1270 338 1309; x_wconf 88' lang='lat' dir='ltr'><strong>numera</strong></span> <span class='ocrx_word' id='word_1_88' title='bbox 373 1269 480 1308; x_wconf 90' lang='lat' dir='ltr'><strong>non</strong></span> <span class='ocrx_word' id='word_1_89' title='bbox 514 1258 637 1317; x_wconf 89' lang='lat' dir='ltr'><strong>sint,</strong></span> <span class='ocrx_word' id='word_1_90' title='bbox 674 1266 869 1323; x_wconf 63' lang='lat' dir='ltr'><strong>praeter</strong></span> <span class='ocrx_word' id='word_1_91' title='bbox 893 1256 1242 1321; x_wconf 89' lang='lat' dir='ltr'><strong>creationem,</strong></span> <span class='ocrx_word' id='word_1_92' title='bbox 1269 1271 1385 1325; x_wconf 75' lang='lat' dir='ltr'><strong>qua:</strong></span> <span class='ocrx_word' id='word_1_93' title='bbox 1415 1270 1443 1308; x_wconf 91' lang='lat' dir='ltr'><strong>a</strong></span> <span class='ocrx_word' id='word_1_94' title='bbox 1478 1256 1587 1309; x_wconf 90' lang='lat' dir='ltr'><strong>Deo</strong></span> <span class='ocrx_word' id='word_1_95' title='bbox 1610 1272 1697 1325; x_wconf 86' lang='lat' dir='ltr'><strong>pe-</strong></span> 
     </span>
    </p>
   </div>
   <div class='ocr_carea' id='block_1_15' title="bbox 127 1344 1697 1415">
    <p class='ocr_par' dir='ltr' id='par_1_15' title="bbox 127 1344 1697 1415">
     <span class='ocr_line' id='line_1_15' title="bbox 127 1344 1697 1415; baseline 0.003 -19"><span class='ocrx_word' id='word_1_96' title='bbox 127 1355 228 1397; x_wconf 87' lang='lat' dir='ltr'><strong>tere</strong></span> <span class='ocrx_word' id='word_1_97' title='bbox 256 1358 563 1412; x_wconf 79' lang='lat' dir='ltr'><strong>possumus,</strong></span> <span class='ocrx_word' id='word_1_98' title='bbox 598 1353 655 1398; x_wconf 90' lang='lat' dir='ltr'><strong>ut</strong></span> <span class='ocrx_word' id='word_1_99' title='bbox 676 1346 994 1399; x_wconf 90' lang='lat' dir='ltr'><strong>curriculum</strong></span> <span class='ocrx_word' id='word_1_100' title='bbox 1029 1346 1239 1415; x_wconf 56' lang='lat' dir='ltr'><strong>pietatis</strong></span> <span class='ocrx_word' id='word_1_101' title='bbox 1268 1355 1578 1401; x_wconf 89' lang='lat' dir='ltr'><strong>constanter</strong></span> <span class='ocrx_word' id='word_1_102' title='bbox 1600 1344 1697 1400; x_wconf 87' lang='lat' dir='ltr'><strong>dc-</strong></span> 
     </span>
    </p>
   </div>
   <div class='ocr_carea' id='block_1_16' title="bbox 125 1436 1695 1504">
    <p class='ocr_par' dir='ltr' id='par_1_16' title="bbox 125 1436 1695 1504">
     <span class='ocr_line' id='line_1_16' title="bbox 125 1436 1695 1504; baseline 0.001 -17"><span class='ocrx_word' id='word_1_103' title='bbox 125 1448 418 1494; x_wconf 83' lang='lat' dir='ltr'><strong>eurramus,</strong></span> <span class='ocrx_word' id='word_1_104' title='bbox 452 1448 569 1504; x_wconf 78' lang='lat' dir='ltr'><strong>qua:</strong></span> <span class='ocrx_word' id='word_1_105' title='bbox 603 1444 777 1488; x_wconf 86' lang='lat' dir='ltr'><strong>tamen</strong></span> <span class='ocrx_word' id='word_1_106' title='bbox 813 1436 1033 1489; x_wconf 87' lang='lat' dir='ltr'><strong>minime</strong></span> <span class='ocrx_word' id='word_1_107' title='bbox 1070 1444 1196 1489; x_wconf 88' lang='lat' dir='ltr'><strong>sunt</strong></span> <span class='ocrx_word' id='word_1_108' title='bbox 1228 1436 1584 1490; x_wconf 89' lang='lat' dir='ltr'><strong>ineluctabilis</strong></span> <span class='ocrx_word' id='word_1_109' title='bbox 1619 1436 1695 1489; x_wconf 84' lang='lat' dir='ltr'><strong>af-</strong></span> 
     </span>
    </p>
   </div>
   <div class='ocr_carea' id='block_1_17' title="bbox 127 1525 1698 1594">
    <p class='ocr_par' dir='ltr' id='par_1_17' title="bbox 127 1525 1698 1594">
     <span class='ocr_line' id='line_1_17' title="bbox 127 1525 1698 1594; baseline 0.003 -19"><span class='ocrx_word' id='word_1_110' title='bbox 127 1527 302 1579; x_wconf 83' lang='lat' dir='ltr'><strong>tlatus!</strong></span> <span class='ocrx_word' id='word_1_111' title='bbox 334 1527 560 1593; x_wconf 83' lang='lat' dir='ltr'><strong>Semper</strong></span> <span class='ocrx_word' id='word_1_112' title='bbox 580 1527 791 1594; x_wconf 83' lang='lat' dir='ltr'><strong>quidem</strong></span> <span class='ocrx_word' id='word_1_113' title='bbox 828 1539 904 1580; x_wconf 90' lang='lat' dir='ltr'><strong>est</strong></span> <span class='ocrx_word' id='word_1_114' title='bbox 935 1525 1095 1579; x_wconf 89' lang='lat' dir='ltr'><strong>saluti</strong></span> <span class='ocrx_word' id='word_1_115' title='bbox 1124 1526 1561 1594; x_wconf 91' lang='lat' dir='ltr'><strong>incumbendum,</strong></span> <span class='ocrx_word' id='word_1_116' title='bbox 1582 1543 1698 1579; x_wconf 88' lang='lat' dir='ltr'><strong>cum</strong></span> 
     </span>
    </p>
   </div>
   <div class='ocr_carea' id='block_1_18' title="bbox 128 1615 1699 1685">
    <p class='ocr_par' dir='ltr' id='par_1_18' title="bbox 128 1615 1699 1685">
     <span class='ocr_line' id='line_1_18' title="bbox 128 1615 1699 1685; baseline 0.004 -20"><span class='ocrx_word' id='word_1_117' title='bbox 128 1618 298 1668; x_wconf 81' lang='lat' dir='ltr'><strong>timore</strong></span> <span class='ocrx_word' id='word_1_118' title='bbox 327 1624 376 1669; x_wconf 87' lang='lat' dir='ltr'><strong>et</strong></span> <span class='ocrx_word' id='word_1_119' title='bbox 420 1623 655 1679; x_wconf 82' lang='lat' dir='ltr'><strong>tremore,</strong></span> <span class='ocrx_word' id='word_1_120' title='bbox 691 1616 811 1684; x_wconf 83' lang='lat' dir='ltr'><strong>quia</strong></span> <span class='ocrx_word' id='word_1_121' title='bbox 840 1616 1080 1682; x_wconf 82' lang='lat' dir='ltr'><strong>quamvis</strong></span> <span class='ocrx_word' id='word_1_122' title='bbox 1132 1615 1273 1670; x_wconf 87' lang='lat' dir='ltr'><strong>Dens</strong></span> <span class='ocrx_word' id='word_1_123' title='bbox 1304 1617 1458 1685; x_wconf 80' lang='lat' dir='ltr'><strong>faciat</strong></span> <span class='ocrx_word' id='word_1_124' title='bbox 1489 1615 1613 1669; x_wconf 85' lang='lat' dir='ltr'><strong>velle</strong></span> <span class='ocrx_word' id='word_1_125' title='bbox 1650 1626 1699 1671; x_wconf 88' lang='lat' dir='ltr'><strong>et</strong></span> 
     </span>
    </p>
   </div>
   <div class='ocr_carea' id='block_1_19' title="bbox 129 1707 1694 1776">
    <p class='ocr_par' dir='ltr' id='par_1_19' title="bbox 129 1707 1694 1776">
     <span class='ocr_line' id='line_1_19' title="bbox 129 1707 1694 1776; baseline -0.001 -16"><span class='ocrx_word' id='word_1_126' title='bbox 129 1709 362 1775; x_wconf 80' lang='lat' dir='ltr'><strong>perﬁcere</strong></span> <span class='ocrx_word' id='word_1_127' title='bbox 384 1709 435 1760; x_wconf 86' lang='lat' dir='ltr'><strong>in</strong></span> <span class='ocrx_word' id='word_1_128' title='bbox 460 1709 623 1772; x_wconf 86' lang='lat' dir='ltr'><strong>nobis,</strong></span> <span class='ocrx_word' id='word_1_129' title='bbox 673 1722 957 1776; x_wconf 84' lang='lat' dir='ltr'><strong>possumus</strong></span> <span class='ocrx_word' id='word_1_130' title='bbox 986 1708 1233 1762; x_wconf 88' lang='lat' dir='ltr'><strong>oumibus</strong></span> <span class='ocrx_word' id='word_1_131' title='bbox 1283 1707 1491 1762; x_wconf 77' lang='lat' dir='ltr'><strong>auxiliis</strong></span> <span class='ocrx_word' id='word_1_132' title='bbox 1515 1707 1694 1774; x_wconf 83' lang='lat' dir='ltr'><strong>abuti;</strong></span> 
     </span>
    </p>
   </div>
   <div class='ocr_carea' id='block_1_20' title="bbox 1801 527 3383 602">
    <p class='ocr_par' dir='ltr' id='par_1_20' title="bbox 1801 527 3383 602">
     <span class='ocr_line' id='line_1_20' title="bbox 1801 527 3383 602; baseline 0.006 -21"><span class='ocrx_word' id='word_1_133' title='bbox 1801 539 1978 593; x_wconf 74' lang='lat' dir='ltr'><strong>leterc</strong></span> <span class='ocrx_word' id='word_1_134' title='bbox 2009 542 2196 581; x_wconf 86' lang='lat' dir='ltr'><strong>omnes</strong></span> <span class='ocrx_word' id='word_1_135' title='bbox 2239 542 2459 581; x_wconf 86' lang='lat' dir='ltr'><strong>necesse</strong></span> <span class='ocrx_word' id='word_1_136' title='bbox 2499 527 2777 583; x_wconf 83' lang='lat' dir='ltr'><strong>habemus.</strong></span> <span class='ocrx_word' id='word_1_137' title='bbox 2808 528 2933 583; x_wconf 68' lang='lat' dir='ltr'><strong>llaec</strong></span> <span class='ocrx_word' id='word_1_138' title='bbox 2973 545 3100 602; x_wconf 87' lang='lat' dir='ltr'><strong>ergo</strong></span> <span class='ocrx_word' id='word_1_139' title='bbox 3134 542 3218 586; x_wconf 87' lang='lat' dir='ltr'><strong>est</strong></span> <span class='ocrx_word' id='word_1_140' title='bbox 3246 535 3383 590; x_wconf 79' lang='lat' dir='ltr'><strong>invi-</strong></span> 
     </span>
    </p>
   </div>
   <div class='ocr_carea' id='block_1_21' title="bbox 1798 616 3384 688">
    <p class='ocr_par' dir='ltr' id='par_1_21' title="bbox 1798 616 3384 688">
     <span class='ocr_line' id='line_1_21' title="bbox 1798 616 3384 688; baseline 0.004 -17"><span class='ocrx_word' id='word_1_141' title='bbox 1798 616 1943 671; x_wconf 83' lang='lat' dir='ltr'><strong>diosa</strong></span> <span class='ocrx_word' id='word_1_142' title='bbox 2003 618 2329 683; x_wconf 86' lang='lat' dir='ltr'><strong>criminatio,</strong></span> <span class='ocrx_word' id='word_1_143' title='bbox 2377 618 2546 686; x_wconf 83' lang='lat' dir='ltr'><strong>qualis</strong></span> <span class='ocrx_word' id='word_1_144' title='bbox 2584 628 2664 672; x_wconf 91' lang='lat' dir='ltr'><strong>est</strong></span> <span class='ocrx_word' id='word_1_145' title='bbox 2687 628 2740 672; x_wconf 90' lang='lat' dir='ltr'><strong>et</strong></span> <span class='ocrx_word' id='word_1_146' title='bbox 2771 633 3001 688; x_wconf 86' lang='lat' dir='ltr'><strong>sequens</strong></span> <span class='ocrx_word' id='word_1_147' title='bbox 3034 638 3047 674; x_wconf 90' lang='lat'><strong>:</strong></span> <span class='ocrx_word' id='word_1_148' title='bbox 3083 619 3228 675; x_wconf 85' lang='lat' dir='ltr'><strong>Illud</strong></span> <span class='ocrx_word' id='word_1_149' title='bbox 3269 641 3384 679; x_wconf 82' lang='lat' dir='ltr'><strong>t&#39;ero</strong></span> 
     </span>
    </p>
   </div>
   <div class='ocr_carea' id='block_1_22' title="bbox 1796 708 3443 779">
    <p class='ocr_par' dir='ltr' id='par_1_22' title="bbox 1796 708 3443 779">
     <span class='ocr_line' id='line_1_22' title="bbox 1796 708 3443 779; baseline 0.006 -19"><span class='ocrx_word' id='word_1_150' title='bbox 1796 709 1933 777; x_wconf 79' lang='lat' dir='ltr'><strong>quod</strong></span> <span class='ocrx_word' id='word_1_151' title='bbox 1965 709 2210 778; x_wconf 80' lang='lat' dir='ltr'><strong>sequitur,</strong></span> <span class='ocrx_word' id='word_1_152' title='bbox 2245 724 2312 763; x_wconf 91' lang='lat' dir='ltr'><strong>ne</strong></span> <span class='ocrx_word' id='word_1_153' title='bbox 2341 724 2437 762; x_wconf 93' lang='lat' dir='ltr'><strong>nos</strong></span> <span class='ocrx_word' id='word_1_154' title='bbox 2469 709 2667 763; x_wconf 78' lang='lat' dir='ltr'><strong>inferas</strong></span> <span class='ocrx_word' id='word_1_155' title='bbox 2700 708 3144 779; x_wconf 88' lang='lat' dir='ltr'><strong>intentationem,</strong></span> <span class='ocrx_word' id='word_1_156' title='bbox 3172 730 3274 768; x_wconf 87' lang='lat' dir='ltr'><strong>non</strong></span> <span class='ocrx_word' id='word_1_157' title='bbox 3312 717 3383 769; x_wconf 87' lang='lat' dir='ltr'><strong>i:a</strong></span> <span class='ocrx_word' id='word_1_158' title='bbox 3435 762 3443 770; x_wconf 92' lang='lat'><strong>.</strong></span> 
     </span>
    </p>
   </div>
   <div class='ocr_carea' id='block_1_23' title="bbox 1795 800 3376 875">
    <p class='ocr_par' dir='ltr' id='par_1_23' title="bbox 1795 800 3376 875">
     <span class='ocr_line' id='line_1_23' title="bbox 1795 800 3376 875; baseline 0.006 -24"><span class='ocrx_word' id='word_1_159' title='bbox 1795 800 2179 869; x_wconf 79' lang='lat' dir='ltr'><strong>intelligendum</strong></span> <span class='ocrx_word' id='word_1_160' title='bbox 2202 810 2441 868; x_wconf 87' lang='lat' dir='ltr'><strong>tanquam</strong></span> <span class='ocrx_word' id='word_1_161' title='bbox 2472 801 2697 854; x_wconf 60' lang='lat' dir='ltr'><strong>divinum</strong></span> <span class='ocrx_word' id='word_1_162' title='bbox 2720 804 3035 873; x_wconf 85' lang='lat' dir='ltr'><strong>adjutorium</strong></span> <span class='ocrx_word' id='word_1_163' title='bbox 3058 819 3267 875; x_wconf 84' lang='lat' dir='ltr'><strong>poscere</strong></span> <span class='ocrx_word' id='word_1_164' title='bbox 3286 808 3376 861; x_wconf 86' lang='lat' dir='ltr'><strong>de-</strong></span> 
     </span>
    </p>
   </div>
   <div class='ocr_carea' id='block_1_24' title="bbox 1797 887 3383 963">
    <p class='ocr_par' dir='ltr' id='par_1_24' title="bbox 1797 887 3383 963">
     <span class='ocr_line' id='line_1_24' title="bbox 1797 887 3383 963; baseline 0.008 -24"><span class='ocrx_word' id='word_1_165' title='bbox 1797 887 2020 950; x_wconf 80' lang='lat' dir='ltr'><strong>beamus,</strong></span> <span class='ocrx_word' id='word_1_166' title='bbox 2051 906 2111 942; x_wconf 88' lang='lat' dir='ltr'><strong>ne</strong></span> <span class='ocrx_word' id='word_1_167' title='bbox 2136 891 2186 941; x_wconf 88' lang='lat' dir='ltr'><strong>in</strong></span> <span class='ocrx_word' id='word_1_168' title='bbox 2224 901 2479 943; x_wconf 85' lang='lat' dir='ltr'><strong>neccatum</strong></span> <span class='ocrx_word' id='word_1_169' title='bbox 2504 893 2681 944; x_wconf 87' lang='lat' dir='ltr'><strong>tentati</strong></span> <span class='ocrx_word' id='word_1_170' title='bbox 2722 892 3037 963; x_wconf 83' lang='lat' dir='ltr'><strong>decidamus,</strong></span> <span class='ocrx_word' id='word_1_171' title='bbox 3076 896 3164 949; x_wconf 89' lang='lat' dir='ltr'><strong>sed</strong></span> <span class='ocrx_word' id='word_1_172' title='bbox 3206 896 3299 951; x_wconf 87' lang='lat' dir='ltr'><strong>hoc</strong></span> <span class='ocrx_word' id='word_1_173' title='bbox 3332 900 3383 951; x_wconf 87' lang='lat' dir='ltr'><strong>in</strong></span> 
     </span>
    </p>
   </div>
   <div class='ocr_carea' id='block_1_25' title="bbox 1799 981 3353 1057">
    <p class='ocr_par' dir='ltr' id='par_1_25' title="bbox 1799 981 3353 1057">
     <span class='ocr_line' id='line_1_25' title="bbox 1799 981 3353 1057; baseline 0.008 -28"><span class='ocrx_word' id='word_1_174' title='bbox 1799 988 1971 1030; x_wconf 76' lang='lat' dir='ltr'><strong>nostra</strong></span> <span class='ocrx_word' id='word_1_175' title='bbox 1990 995 2097 1031; x_wconf 81' lang='lat' dir='ltr'><strong>esse</strong></span> <span class='ocrx_word' id='word_1_176' title='bbox 2121 981 2340 1049; x_wconf 84' lang='lat' dir='ltr'><strong>positum</strong></span> <span class='ocrx_word' id='word_1_177' title='bbox 2354 991 2621 1049; x_wconf 79' lang='lat' dir='ltr'><strong>potestate.</strong></span> <span class='ocrx_word' id='word_1_178' title='bbox 2648 983 2918 1050; x_wconf 79' lang='lat' dir='ltr'><strong>Quamvis,</strong></span> <span class='ocrx_word' id='word_1_179' title='bbox 2945 1001 3007 1041; x_wconf 73' lang='lat' dir='ltr'><strong>ex</strong></span> <span class='ocrx_word' id='word_1_180' title='bbox 3031 986 3231 1057; x_wconf 81' lang='lat' dir='ltr'><strong>Pelagii</strong></span> <span class='ocrx_word' id='word_1_181' title='bbox 3259 1005 3353 1044; x_wconf 89' lang='lat' dir='ltr'><strong>seu</strong></span> 
     </span>
    </p>
   </div>
   <div class='ocr_carea' id='block_1_26' title="bbox 1803 1070 3351 1145">
    <p class='ocr_par' dir='ltr' id='par_1_26' title="bbox 1803 1070 3351 1145">
     <span class='ocr_line' id='line_1_26' title="bbox 1803 1070 3351 1145; baseline 0.01 -25"><span class='ocrx_word' id='word_1_182' title='bbox 1803 1071 1987 1135; x_wconf 88' lang='lat' dir='ltr'><strong>tentia,</strong></span> <span class='ocrx_word' id='word_1_183' title='bbox 2011 1070 2194 1138; x_wconf 75' lang='lat' dir='ltr'><strong>gratia:</strong></span> <span class='ocrx_word' id='word_1_184' title='bbox 2213 1073 2461 1127; x_wconf 76' lang='lat' dir='ltr'><strong>cmlestes</strong></span> <span class='ocrx_word' id='word_1_185' title='bbox 2489 1073 2753 1129; x_wconf 86' lang='lat' dir='ltr'><strong>neminem</strong></span> <span class='ocrx_word' id='word_1_186' title='bbox 2783 1076 2999 1145; x_wconf 84' lang='lat' dir='ltr'><strong>adigant</strong></span> <span class='ocrx_word' id='word_1_187' title='bbox 3021 1079 3087 1133; x_wconf 90' lang='lat' dir='ltr'><strong>ad</strong></span> <span class='ocrx_word' id='word_1_188' title='bbox 3119 1082 3351 1136; x_wconf 82' lang='lat' dir='ltr'><strong>otticium</strong></span> 
     </span>
    </p>
   </div>
   <div class='ocr_carea' id='block_1_27' title="bbox 1806 1161 3376 1233">
    <p class='ocr_par' dir='ltr' id='par_1_27' title="bbox 1806 1161 3376 1233">
     <span class='ocr_line' id='line_1_27' title="bbox 1806 1161 3376 1233; baseline 0.01 -25"><span class='ocrx_word' id='word_1_189' title='bbox 1806 1164 2036 1211; x_wconf 89' lang='lat' dir='ltr'><strong>attamen</strong></span> <span class='ocrx_word' id='word_1_190' title='bbox 2067 1174 2169 1212; x_wconf 91' lang='lat' dir='ltr'><strong>non</strong></span> <span class='ocrx_word' id='word_1_191' title='bbox 2211 1175 2392 1228; x_wconf 88' lang='lat' dir='ltr'><strong>parum</strong></span> <span class='ocrx_word' id='word_1_192' title='bbox 2425 1161 2474 1213; x_wconf 89' lang='lat' dir='ltr'><strong>in</strong></span> <span class='ocrx_word' id='word_1_193' title='bbox 2509 1164 2803 1218; x_wconf 86' lang='lat' dir='ltr'><strong>teutatione</strong></span> <span class='ocrx_word' id='word_1_194' title='bbox 2828 1164 3035 1233; x_wconf 82' lang='lat' dir='ltr'><strong>juvant,</strong></span> <span class='ocrx_word' id='word_1_195' title='bbox 3060 1182 3124 1222; x_wconf 90' lang='lat' dir='ltr'><strong>ac</strong></span> <span class='ocrx_word' id='word_1_196' title='bbox 3160 1169 3279 1224; x_wconf 87' lang='lat' dir='ltr'><strong>sine</strong></span> <span class='ocrx_word' id='word_1_197' title='bbox 3310 1171 3376 1225; x_wconf 87' lang='lat' dir='ltr'><strong>iis</strong></span> 
     </span>
    </p>
   </div>
   <div class='ocr_carea' id='block_1_28' title="bbox 1803 1247 3369 1319">
    <p class='ocr_par' dir='ltr' id='par_1_28' title="bbox 1803 1247 3369 1319">
     <span class='ocr_line' id='line_1_28' title="bbox 1803 1247 3369 1319; baseline 0.01 -19"><span class='ocrx_word' id='word_1_198' title='bbox 1803 1247 1854 1300; x_wconf 92' lang='lat' dir='ltr'><strong>in</strong></span> <span class='ocrx_word' id='word_1_199' title='bbox 1913 1250 2159 1319; x_wconf 77' lang='lat' dir='ltr'><strong>gravibus</strong></span> <span class='ocrx_word' id='word_1_200' title='bbox 2209 1252 2593 1307; x_wconf 90' lang='lat' dir='ltr'><strong>tentationibus</strong></span> <span class='ocrx_word' id='word_1_201' title='bbox 2649 1252 2890 1309; x_wconf 84' lang='lat' dir='ltr'><strong>homines</strong></span> <span class='ocrx_word' id='word_1_202' title='bbox 2941 1259 3369 1316; x_wconf 83' lang='lat' dir='ltr'><strong>succumberent.</strong></span> 
     </span>
    </p>
   </div>
   <div class='ocr_carea' id='block_1_29' title="bbox 1806 1340 3373 1417">
    <p class='ocr_par' dir='ltr' id='par_1_29' title="bbox 1806 1340 3373 1417">
     <span class='ocr_line' id='line_1_29' title="bbox 1806 1340 3373 1417; baseline 0.008 -26"><span class='ocrx_word' id='word_1_203' title='bbox 1806 1340 1979 1404; x_wconf 83' lang='lat' dir='ltr'><strong>Quare</strong></span> <span class='ocrx_word' id='word_1_204' title='bbox 2007 1357 2035 1392; x_wconf 90' lang='lat' dir='ltr'><strong>a</strong></span> <span class='ocrx_word' id='word_1_205' title='bbox 2068 1340 2196 1407; x_wconf 86' lang='lat' dir='ltr'><strong>Deo,</strong></span> <span class='ocrx_word' id='word_1_206' title='bbox 2232 1342 2303 1395; x_wconf 91' lang='lat' dir='ltr'><strong>uti</strong></span> <span class='ocrx_word' id='word_1_207' title='bbox 2332 1343 2567 1408; x_wconf 86' lang='lat' dir='ltr'><strong>putabat,</strong></span> <span class='ocrx_word' id='word_1_208' title='bbox 2599 1357 2750 1397; x_wconf 86' lang='lat' dir='ltr'><strong>erant</strong></span> <span class='ocrx_word' id='word_1_209' title='bbox 2779 1346 2974 1399; x_wconf 86' lang='lat' dir='ltr'><strong>auxilia</strong></span> <span class='ocrx_word' id='word_1_210' title='bbox 3004 1346 3091 1401; x_wconf 90' lang='lat' dir='ltr'><strong>illa</strong></span> <span class='ocrx_word' id='word_1_211' title='bbox 3125 1350 3373 1417; x_wconf 88' lang='lat' dir='ltr'><strong>petenda.</strong></span> 
     </span>
    </p>
   </div>
   <div class='ocr_carea' id='block_1_30' title="bbox 1809 1431 3373 1511">
    <p class='ocr_par' dir='ltr' id='par_1_30' title="bbox 1809 1431 3373 1511">
     <span class='ocr_line' id='line_1_30' title="bbox 1809 1431 3373 1511; baseline 0.006 -25"><span class='ocrx_word' id='word_1_212' title='bbox 1809 1433 1970 1500; x_wconf 87' lang='lat' dir='ltr'><strong>Igitur</strong></span> <span class='ocrx_word' id='word_1_213' title='bbox 2002 1431 2191 1487; x_wconf 83' lang='lat' dir='ltr'><strong>frustra</strong></span> <span class='ocrx_word' id='word_1_214' title='bbox 2225 1442 2409 1488; x_wconf 87' lang='lat' dir='ltr'><strong>contra</strong></span> <span class='ocrx_word' id='word_1_215' title='bbox 2452 1450 2571 1488; x_wconf 90' lang='lat' dir='ltr'><strong>eum</strong></span> <span class='ocrx_word' id='word_1_216' title='bbox 2602 1436 2803 1490; x_wconf 89' lang='lat' dir='ltr'><strong>addunt</strong></span> <span class='ocrx_word' id='word_1_217' title='bbox 2833 1437 3071 1493; x_wconf 70' lang='lat' dir='ltr'><strong>Numida:</strong></span> <span class='ocrx_word' id='word_1_218' title='bbox 3097 1440 3333 1511; x_wconf 85' lang='lat' dir='ltr'><strong>episcopi</strong></span> <span class='ocrx_word' id='word_1_219' title='bbox 3362 1462 3373 1495; x_wconf 91' lang='lat'>:</span> 
     </span>
    </p>
   </div>
   <div class='ocr_carea' id='block_1_31' title="bbox 1803 1524 3376 1598">
    <p class='ocr_par' dir='ltr' id='par_1_31' title="bbox 1803 1524 3376 1598">
     <span class='ocr_line' id='line_1_31' title="bbox 1803 1524 3376 1598; baseline 0.008 -23"><span class='ocrx_word' id='word_1_220' title='bbox 1803 1532 2047 1592; x_wconf 79' lang='lat' dir='ltr'><strong>tanquam</strong></span> <span class='ocrx_word' id='word_1_221' title='bbox 2076 1524 2270 1592; x_wconf 80' lang='lat' dir='ltr'><strong>[rustra</strong></span> <span class='ocrx_word' id='word_1_222' title='bbox 2294 1524 2568 1592; x_wconf 79' lang='lat' dir='ltr'><strong>Apostolus</strong></span> <span class='ocrx_word' id='word_1_223' title='bbox 2589 1526 2775 1581; x_wconf 67' lang='lat' dir='ltr'><strong>dixerit</strong></span> <span class='ocrx_word' id='word_1_224' title='bbox 2799 1543 2818 1581; x_wconf 83' lang='lat'><strong>.&#39;</strong></span> <span class='ocrx_word' id='word_1_225' title='bbox 2848 1528 2962 1583; x_wconf 81' lang='lat' dir='ltr'><strong>Non</strong></span> <span class='ocrx_word' id='word_1_226' title='bbox 2997 1530 3247 1598; x_wconf 85' lang='lat' dir='ltr'><strong>volentis,</strong></span> <span class='ocrx_word' id='word_1_227' title='bbox 3282 1548 3376 1587; x_wconf 84' lang='lat' dir='ltr'><strong>ue-</strong></span> 
     </span>
    </p>
   </div>
   <div class='ocr_carea' id='block_1_32' title="bbox 1800 1615 3380 1683">
    <p class='ocr_par' dir='ltr' id='par_1_32' title="bbox 1800 1615 3380 1683">
     <span class='ocr_line' id='line_1_32' title="bbox 1800 1615 3380 1683; baseline 0.007 -18"><span class='ocrx_word' id='word_1_228' title='bbox 1800 1630 1902 1680; x_wconf 90' lang='lat' dir='ltr'><strong>que</strong></span> <span class='ocrx_word' id='word_1_229' title='bbox 1930 1616 2218 1675; x_wconf 85' lang='lat' dir='ltr'><strong>currentis,</strong></span> <span class='ocrx_word' id='word_1_230' title='bbox 2277 1615 2369 1668; x_wconf 85' lang='lat' dir='ltr'><strong>sed</strong></span> <span class='ocrx_word' id='word_1_231' title='bbox 2426 1616 2731 1671; x_wconf 90' lang='lat' dir='ltr'><strong>miserentis</strong></span> <span class='ocrx_word' id='word_1_232' title='bbox 2769 1629 2850 1671; x_wconf 82' lang='lat' dir='ltr'><strong>est</strong></span> <span class='ocrx_word' id='word_1_233' title='bbox 2894 1618 3018 1683; x_wconf 84' lang='lat' dir='ltr'><strong>Dei;</strong></span> <span class='ocrx_word' id='word_1_234' title='bbox 3045 1630 3133 1674; x_wconf 87' lang='lat' dir='ltr'><strong>et:</strong></span> <span class='ocrx_word' id='word_1_235' title='bbox 3181 1620 3380 1677; x_wconf 83' lang='lat' dir='ltr'><strong>Fidelis</strong></span> 
     </span>
    </p>
   </div>
   <div class='ocr_carea' id='block_1_33' title="bbox 1804 1705 3379 1781">
    <p class='ocr_par' dir='ltr' id='par_1_33' title="bbox 1804 1705 3379 1781">
     <span class='ocr_line' id='line_1_33' title="bbox 1804 1705 3379 1781; baseline 0.006 -24"><span class='ocrx_word' id='word_1_236' title='bbox 1804 1705 1962 1771; x_wconf 75' lang='lat' dir='ltr'><strong>Deus,</strong></span> <span class='ocrx_word' id='word_1_237' title='bbox 1997 1708 2084 1773; x_wconf 88' lang='lat' dir='ltr'><strong>qui</strong></span> <span class='ocrx_word' id='word_1_238' title='bbox 2119 1721 2221 1758; x_wconf 90' lang='lat' dir='ltr'><strong>non</strong></span> <span class='ocrx_word' id='word_1_239' title='bbox 2262 1706 2530 1774; x_wconf 88' lang='lat' dir='ltr'><strong>permittet</strong></span> <span class='ocrx_word' id='word_1_240' title='bbox 2576 1721 2671 1760; x_wconf 87' lang='lat' dir='ltr'><strong>vos</strong></span> <span class='ocrx_word' id='word_1_241' title='bbox 2707 1709 2899 1761; x_wconf 82' lang='lat' dir='ltr'><strong>tentari</strong></span> <span class='ocrx_word' id='word_1_242' title='bbox 2941 1723 3100 1777; x_wconf 82' lang='lat' dir='ltr'><strong>supra</strong></span> <span class='ocrx_word' id='word_1_243' title='bbox 3138 1709 3189 1764; x_wconf 93' lang='lat' dir='ltr'><strong>id</strong></span> <span class='ocrx_word' id='word_1_244' title='bbox 3235 1713 3379 1781; x_wconf 89' lang='lat' dir='ltr'><strong>quod</strong></span> 
     </span>
    </p>
   </div>
   <div class='ocr_carea' id='block_1_34' title="bbox 126 1795 3381 1870">
    <p class='ocr_par' dir='ltr' id='par_1_34' title="bbox 126 1795 3381 1870">
     <span class='ocr_line' id='line_1_34' title="bbox 126 1795 3381 1870; baseline 0.001 -17"><span class='ocrx_word' id='word_1_245' title='bbox 126 1801 210 1855; x_wconf 81' lang='lat' dir='ltr'><strong>sed</strong></span> <span class='ocrx_word' id='word_1_246' title='bbox 259 1799 438 1852; x_wconf 85' lang='lat' dir='ltr'><strong>minus</strong></span> <span class='ocrx_word' id='word_1_247' title='bbox 487 1808 662 1852; x_wconf 88' lang='lat' dir='ltr'><strong>tamen</strong></span> <span class='ocrx_word' id='word_1_248' title='bbox 711 1798 1001 1852; x_wconf 86' lang='lat' dir='ltr'><strong>timendum</strong></span> <span class='ocrx_word' id='word_1_249' title='bbox 1051 1798 1206 1853; x_wconf 77' lang='lat' dir='ltr'><strong>nobis</strong></span> <span class='ocrx_word' id='word_1_250' title='bbox 1253 1807 1354 1862; x_wconf 87' lang='lat' dir='ltr'><strong>est,</strong></span> <span class='ocrx_word' id='word_1_251' title='bbox 1386 1814 1506 1853; x_wconf 91' lang='lat' dir='ltr'><strong>cum</strong></span> <span class='ocrx_word' id='word_1_252' title='bbox 1557 1798 1697 1853; x_wconf 84' lang='lat' dir='ltr'><strong>Deus</strong></span> <span class='ocrx_word' id='word_1_253' title='bbox 1732 1803 1773 1861; x_wconf 85' lang='lat' dir='ltr'><strong>B</strong></span> <span class='ocrx_word' id='word_1_254' title='bbox 1806 1796 2047 1864; x_wconf 79' lang='lat' dir='ltr'><strong>poteStis,</strong></span> <span class='ocrx_word' id='word_1_255' title='bbox 2088 1797 2182 1850; x_wconf 91' lang='lat' dir='ltr'><strong>sed</strong></span> <span class='ocrx_word' id='word_1_256' title='bbox 2210 1795 2367 1851; x_wconf 81' lang='lat' dir='ltr'><strong>faciet</strong></span> <span class='ocrx_word' id='word_1_257' title='bbox 2398 1813 2517 1852; x_wconf 91' lang='lat' dir='ltr'><strong>cum</strong></span> <span class='ocrx_word' id='word_1_258' title='bbox 2554 1800 2845 1853; x_wconf 89' lang='lat' dir='ltr'><strong>tentatione</strong></span> <span class='ocrx_word' id='word_1_259' title='bbox 2872 1801 3033 1854; x_wconf 89' lang='lat' dir='ltr'><strong>etiam</strong></span> <span class='ocrx_word' id='word_1_260' title='bbox 3064 1802 3288 1870; x_wconf 82' lang='lat' dir='ltr'><strong>exitum,</strong></span> <span class='ocrx_word' id='word_1_261' title='bbox 3324 1815 3381 1859; x_wconf 89' lang='lat' dir='ltr'><strong>ut</strong></span> 
     </span>
    </p>
   </div>
   <div class='ocr_carea' id='block_1_35' title="bbox 130 1890 1696 1960">
    <p class='ocr_par' dir='ltr' id='par_1_35' title="bbox 130 1890 1696 1960">
     <span class='ocr_line' id='line_1_35' title="bbox 130 1890 1696 1960; baseline 0 -15"><span class='ocrx_word' id='word_1_262' title='bbox 130 1903 333 1946; x_wconf 83' lang='lat' dir='ltr'><strong>amovet</strong></span> <span class='ocrx_word' id='word_1_263' title='bbox 358 1908 385 1943; x_wconf 90' lang='lat' dir='ltr'><strong>a</strong></span> <span class='ocrx_word' id='word_1_264' title='bbox 417 1890 571 1945; x_wconf 86' lang='lat' dir='ltr'><strong>nobis</strong></span> <span class='ocrx_word' id='word_1_265' title='bbox 601 1892 826 1959; x_wconf 88' lang='lat' dir='ltr'><strong>plurima</strong></span> <span class='ocrx_word' id='word_1_266' title='bbox 840 1906 954 1960; x_wconf 73' lang='lat' dir='ltr'><strong>qua:</strong></span> <span class='ocrx_word' id='word_1_267' title='bbox 985 1892 1038 1945; x_wconf 91' lang='lat' dir='ltr'><strong>in</strong></span> <span class='ocrx_word' id='word_1_268' title='bbox 1069 1892 1167 1944; x_wconf 89' lang='lat' dir='ltr'><strong>hac</strong></span> <span class='ocrx_word' id='word_1_269' title='bbox 1196 1892 1301 1944; x_wconf 88' lang='lat' dir='ltr'><strong>vita</strong></span> <span class='ocrx_word' id='word_1_270' title='bbox 1330 1892 1579 1947; x_wconf 81' lang='lat' dir='ltr'><strong>virtutem</strong></span> <span class='ocrx_word' id='word_1_271' title='bbox 1601 1907 1696 1945; x_wconf 89' lang='lat' dir='ltr'><strong>no-</strong></span> 
     </span>
    </p>
   </div>
   <div class='ocr_carea' id='block_1_36' title="bbox 128 1984 1695 2054">
    <p class='ocr_par' dir='ltr' id='par_1_36' title="bbox 128 1984 1695 2054">
     <span class='ocr_line' id='line_1_36' title="bbox 128 1984 1695 2054; baseline 0 -16"><span class='ocrx_word' id='word_1_272' title='bbox 128 1996 283 2038; x_wconf 87' lang='lat' dir='ltr'><strong>stram</strong></span> <span class='ocrx_word' id='word_1_273' title='bbox 347 1984 665 2039; x_wconf 77' lang='lat' dir='ltr'><strong>labefactare</strong></span> <span class='ocrx_word' id='word_1_274' title='bbox 695 1995 927 2052; x_wconf 88' lang='lat' dir='ltr'><strong>possent.</strong></span> <span class='ocrx_word' id='word_1_275' title='bbox 957 1986 1003 2039; x_wconf 90' lang='lat' dir='ltr'><strong>ls</strong></span> <span class='ocrx_word' id='word_1_276' title='bbox 1034 1995 1206 2039; x_wconf 87' lang='lat' dir='ltr'><strong>metus</strong></span> <span class='ocrx_word' id='word_1_277' title='bbox 1231 1999 1399 2054; x_wconf 90' lang='lat' dir='ltr'><strong>caque</strong></span> <span class='ocrx_word' id='word_1_278' title='bbox 1432 1984 1695 2054; x_wconf 83' lang='lat' dir='ltr'><strong>ejusmodi</strong></span> 
     </span>
    </p>
   </div>
   <div class='ocr_carea' id='block_1_37' title="bbox 128 2075 1695 2144">
    <p class='ocr_par' dir='ltr' id='par_1_37' title="bbox 128 2075 1695 2144">
     <span class='ocr_line' id='line_1_37' title="bbox 128 2075 1695 2144; baseline 0.002 -18"><span class='ocrx_word' id='word_1_279' title='bbox 128 2075 295 2129; x_wconf 63' lang='lat' dir='ltr'><strong>auxilii</strong></span> <span class='ocrx_word' id='word_1_280' title='bbox 334 2075 500 2128; x_wconf 84' lang='lat' dir='ltr'><strong>divini</strong></span> <span class='ocrx_word' id='word_1_281' title='bbox 553 2075 817 2129; x_wconf 82' lang='lat' dir='ltr'><strong>invocatio</strong></span> <span class='ocrx_word' id='word_1_282' title='bbox 865 2089 984 2129; x_wconf 90' lang='lat' dir='ltr'><strong>cum</strong></span> <span class='ocrx_word' id='word_1_283' title='bbox 1025 2076 1194 2130; x_wconf 90' lang='lat' dir='ltr'><strong>libero</strong></span> <span class='ocrx_word' id='word_1_284' title='bbox 1238 2076 1462 2129; x_wconf 89' lang='lat' dir='ltr'><strong>arbitrio</strong></span> <span class='ocrx_word' id='word_1_285' title='bbox 1493 2075 1695 2144; x_wconf 89' lang='lat' dir='ltr'><strong>optime</strong></span> 
     </span>
    </p>
   </div>
   <div class='ocr_carea' id='block_1_38' title="bbox 130 2166 1695 2236">
    <p class='ocr_par' dir='ltr' id='par_1_38' title="bbox 130 2166 1695 2236">
     <span class='ocr_line' id='line_1_38' title="bbox 130 2166 1695 2236; baseline 0 -16"><span class='ocrx_word' id='word_1_286' title='bbox 130 2168 434 2221; x_wconf 76' lang='lat' dir='ltr'><strong>enisiSttint.</strong></span> <span class='ocrx_word' id='word_1_287' title='bbox 472 2167 565 2220; x_wconf 83' lang='lat' dir='ltr'><strong>llic</strong></span> <span class='ocrx_word' id='word_1_288' title='bbox 602 2179 898 2235; x_wconf 83' lang='lat' dir='ltr'><strong>possemus,</strong></span> <span class='ocrx_word' id='word_1_289' title='bbox 936 2168 1147 2221; x_wconf 90' lang='lat' dir='ltr'><strong>nomine</strong></span> <span class='ocrx_word' id='word_1_290' title='bbox 1195 2166 1416 2236; x_wconf 88' lang='lat' dir='ltr'><strong>l’elagii,</strong></span> <span class='ocrx_word' id='word_1_291' title='bbox 1463 2166 1695 2235; x_wconf 84' lang='lat' dir='ltr'><strong>objicere</strong></span> 
     </span>
    </p>
   </div>
   <div class='ocr_carea' id='block_1_39' title="bbox 129 2256 1690 2326">
    <p class='ocr_par' dir='ltr' id='par_1_39' title="bbox 129 2256 1690 2326">
     <span class='ocr_line' id='line_1_39' title="bbox 129 2256 1690 2326; baseline 0.001 -17"><span class='ocrx_word' id='word_1_292' title='bbox 129 2256 282 2320; x_wconf 72' lang='lat' dir='ltr'><strong>Afris,</strong></span> <span class='ocrx_word' id='word_1_293' title='bbox 306 2272 369 2311; x_wconf 70' lang='lat' dir='ltr'><strong>et</strong></span> <span class='ocrx_word' id='word_1_294' title='bbox 405 2271 589 2310; x_wconf 88' lang='lat' dir='ltr'><strong>eorum</strong></span> <span class='ocrx_word' id='word_1_295' title='bbox 620 2258 881 2310; x_wconf 71' lang='lat' dir='ltr'><strong>sententia</strong></span> <span class='ocrx_word' id='word_1_296' title='bbox 920 2272 948 2309; x_wconf 91' lang='lat' dir='ltr'><strong>a</strong></span> <span class='ocrx_word' id='word_1_297' title='bbox 976 2257 1085 2310; x_wconf 88' lang='lat' dir='ltr'><strong>Deo</strong></span> <span class='ocrx_word' id='word_1_298' title='bbox 1114 2256 1244 2311; x_wconf 86' lang='lat' dir='ltr'><strong>nihil</strong></span> <span class='ocrx_word' id='word_1_299' title='bbox 1285 2257 1523 2326; x_wconf 90' lang='lat' dir='ltr'><strong>potuisse</strong></span> <span class='ocrx_word' id='word_1_300' title='bbox 1549 2256 1690 2325; x_wconf 90' lang='lat' dir='ltr'><strong>peti;</strong></span> 
     </span>
    </p>
   </div>
   <div class='ocr_carea' id='block_1_40' title="bbox 128 2345 1696 2418">
    <p class='ocr_par' dir='ltr' id='par_1_40' title="bbox 128 2345 1696 2418">
     <span class='ocr_line' id='line_1_40' title="bbox 128 2345 1696 2418; baseline 0 -18"><span class='ocrx_word' id='word_1_301' title='bbox 128 2362 236 2401; x_wconf 87' lang='lat' dir='ltr'><strong>cum</strong></span> <span class='ocrx_word' id='word_1_302' title='bbox 268 2348 514 2418; x_wconf 83' lang='lat' dir='ltr'><strong>reprobis</strong></span> <span class='ocrx_word' id='word_1_303' title='bbox 544 2345 754 2416; x_wconf 87' lang='lat' dir='ltr'><strong>quidem</strong></span> <span class='ocrx_word' id='word_1_304' title='bbox 786 2350 1086 2402; x_wconf 88' lang='lat' dir='ltr'><strong>necessaria</strong></span> <span class='ocrx_word' id='word_1_305' title='bbox 1121 2363 1336 2417; x_wconf 79' lang='lat' dir='ltr'><strong>negare,</strong></span> <span class='ocrx_word' id='word_1_306' title='bbox 1368 2348 1555 2401; x_wconf 88' lang='lat' dir='ltr'><strong>electis</strong></span> <span class='ocrx_word' id='word_1_307' title='bbox 1571 2362 1696 2401; x_wconf 90' lang='lat' dir='ltr'><strong>vero</strong></span> 
     </span>
    </p>
   </div>
   <div class='ocr_carea' id='block_1_41' title="bbox 128 2438 1695 2507">
    <p class='ocr_par' dir='ltr' id='par_1_41' title="bbox 128 2438 1695 2507">
     <span class='ocr_line' id='line_1_41' title="bbox 128 2438 1695 2507; baseline 0 -16"><span class='ocrx_word' id='word_1_308' title='bbox 128 2441 294 2491; x_wconf 88' lang='lat' dir='ltr'><strong>omnia</strong></span> <span class='ocrx_word' id='word_1_309' title='bbox 320 2439 637 2502; x_wconf 87' lang='lat' dir='ltr'><strong>concedere,</strong></span> <span class='ocrx_word' id='word_1_310' title='bbox 688 2438 847 2492; x_wconf 90' lang='lat' dir='ltr'><strong>etiam</strong></span> <span class='ocrx_word' id='word_1_311' title='bbox 876 2452 982 2491; x_wconf 88' lang='lat' dir='ltr'><strong>non</strong></span> <span class='ocrx_word' id='word_1_312' title='bbox 1021 2439 1343 2507; x_wconf 84' lang='lat' dir='ltr'><strong>petentibus,</strong></span> <span class='ocrx_word' id='word_1_313' title='bbox 1381 2438 1448 2492; x_wconf 89' lang='lat' dir='ltr'><strong>ab</strong></span> <span class='ocrx_word' id='word_1_314' title='bbox 1492 2447 1695 2492; x_wconf 65' lang='lat' dir='ltr'><strong>mterno</strong></span> 
     </span>
    </p>
   </div>
   <div class='ocr_carea' id='block_1_42' title="bbox 128 2528 1689 2595">
    <p class='ocr_par' dir='ltr' id='par_1_42' title="bbox 128 2528 1689 2595">
     <span class='ocr_line' id='line_1_42' title="bbox 128 2528 1689 2595; baseline -0.001 -13"><span class='ocrx_word' id='word_1_315' title='bbox 128 2531 436 2583; x_wconf 85' lang='lat' dir='ltr'><strong>decreverit.</strong></span> <span class='ocrx_word' id='word_1_316' title='bbox 467 2528 572 2582; x_wconf 88' lang='lat' dir='ltr'><strong>Sed</strong></span> <span class='ocrx_word' id='word_1_317' title='bbox 604 2528 873 2581; x_wconf 81' lang='lat' dir='ltr'><strong>latendum</strong></span> <span class='ocrx_word' id='word_1_318' title='bbox 905 2529 1150 2583; x_wconf 75' lang='lat' dir='ltr'><strong>[nomines</strong></span> <span class='ocrx_word' id='word_1_319' title='bbox 1183 2543 1286 2581; x_wconf 90' lang='lat' dir='ltr'><strong>non</strong></span> <span class='ocrx_word' id='word_1_320' title='bbox 1311 2542 1526 2595; x_wconf 85' lang='lat' dir='ltr'><strong>semper</strong></span> <span class='ocrx_word' id='word_1_321' title='bbox 1555 2542 1689 2583; x_wconf 81' lang='lat' dir='ltr'><strong>coii-</strong></span> 
     </span>
    </p>
   </div>
   <div class='ocr_carea' id='block_1_43' title="bbox 129 2619 1695 2690">
    <p class='ocr_par' dir='ltr' id='par_1_43' title="bbox 129 2619 1695 2690">
     <span class='ocr_line' id='line_1_43' title="bbox 129 2619 1695 2690; baseline 0.001 -18"><span class='ocrx_word' id='word_1_322' title='bbox 129 2623 393 2674; x_wconf 73' lang='lat' dir='ltr'><strong>venienter</strong></span> <span class='ocrx_word' id='word_1_323' title='bbox 432 2619 769 2688; x_wconf 83' lang='lat' dir='ltr'><strong>dogmatibus</strong></span> <span class='ocrx_word' id='word_1_324' title='bbox 802 2621 911 2674; x_wconf 90' lang='lat' dir='ltr'><strong>suis</strong></span> <span class='ocrx_word' id='word_1_325' title='bbox 957 2634 1014 2674; x_wconf 91' lang='lat' dir='ltr'><strong>se</strong></span> <span class='ocrx_word' id='word_1_326' title='bbox 1044 2635 1259 2690; x_wconf 81' lang='lat' dir='ltr'><strong>gerere;</strong></span> <span class='ocrx_word' id='word_1_327' title='bbox 1286 2635 1383 2674; x_wconf 90' lang='lat' dir='ltr'><strong>nec</strong></span> <span class='ocrx_word' id='word_1_328' title='bbox 1414 2628 1538 2673; x_wconf 91' lang='lat' dir='ltr'><strong>sunt</strong></span> <span class='ocrx_word' id='word_1_329' title='bbox 1567 2621 1695 2674; x_wconf 89' lang='lat' dir='ltr'><strong>insi-</strong></span> 
     </span>
    </p>
   </div>
   <div class='ocr_carea' id='block_1_44' title="bbox 130 2712 1105 2780">
    <p class='ocr_par' dir='ltr' id='par_1_44' title="bbox 130 2712 1105 2780">
     <span class='ocr_line' id='line_1_44' title="bbox 130 2712 1105 2780; baseline -0.002 -14"><span class='ocrx_word' id='word_1_330' title='bbox 130 2713 379 2775; x_wconf 85' lang='lat' dir='ltr'><strong>tnulaudi,</strong></span> <span class='ocrx_word' id='word_1_331' title='bbox 405 2713 505 2765; x_wconf 88' lang='lat' dir='ltr'><strong>nisi</strong></span> <span class='ocrx_word' id='word_1_332' title='bbox 536 2726 721 2765; x_wconf 87' lang='lat' dir='ltr'><strong>eorum</strong></span> <span class='ocrx_word' id='word_1_333' title='bbox 750 2726 867 2780; x_wconf 61' lang='lat' dir='ltr'><strong>qum</strong></span> <span class='ocrx_word' id='word_1_334' title='bbox 889 2712 1105 2764; x_wconf 76' lang='lat' dir='ltr'><strong>faciunt.</strong></span> 
     </span>
    </p>
   </div>
   <div class='ocr_carea' id='block_1_45' title="bbox 192 2801 1695 2873">
    <p class='ocr_par' dir='ltr' id='par_1_45' title="bbox 192 2801 1695 2873">
     <span class='ocr_line' id='line_1_45' title="bbox 192 2801 1695 2873; baseline -0.001 -17"><span class='ocrx_word' id='word_1_335' title='bbox 192 2804 344 2866; x_wconf 89' lang='lat' dir='ltr'><strong>lbid.,</strong></span> <span class='ocrx_word' id='word_1_336' title='bbox 376 2802 404 2873; x_wconf 61' lang='grc' dir='ltr'>ᾗ</span> <span class='ocrx_word' id='word_1_337' title='bbox 434 2802 488 2856; x_wconf 86' lang='grc'><strong>6.</strong></span> <span class='ocrx_word' id='word_1_338' title='bbox 526 2801 773 2854; x_wconf 81' lang='lat' dir='ltr'><strong>Parvulos</strong></span> <span class='ocrx_word' id='word_1_339' title='bbox 799 2807 971 2868; x_wconf 88' lang='lat' dir='ltr'><strong>etiam,</strong></span> <span class='ocrx_word' id='word_1_340' title='bbox 997 2810 1203 2873; x_wconf 85' lang='lat' dir='ltr'><strong>prapter</strong></span> <span class='ocrx_word' id='word_1_341' title='bbox 1230 2801 1447 2855; x_wconf 82' lang='lat' dir='ltr'><strong>salutem</strong></span> <span class='ocrx_word' id='word_1_342' title='bbox 1468 2817 1581 2869; x_wconf 75' lang='lat' dir='ltr'><strong>qua:</strong></span> <span class='ocrx_word' id='word_1_343' title='bbox 1607 2818 1695 2871; x_wconf 87' lang='lat' dir='ltr'><strong>per</strong></span> 
     </span>
    </p>
   </div>
   <div class='ocr_carea' id='block_1_46' title="bbox 129 2890 1735 2964">
    <p class='ocr_par' dir='ltr' id='par_1_46' title="bbox 129 2890 1735 2964">
     <span class='ocr_line' id='line_1_46' title="bbox 129 2890 1735 2964; baseline -0.001 -17"><span class='ocrx_word' id='word_1_344' title='bbox 129 2894 437 2947; x_wconf 82' lang='lat' dir='ltr'><strong>Sulcatorem</strong></span> <span class='ocrx_word' id='word_1_345' title='bbox 461 2890 716 2946; x_wconf 81' lang='lat' dir='ltr'><strong>Christum</strong></span> <span class='ocrx_word' id='word_1_346' title='bbox 741 2893 913 2957; x_wconf 78' lang='lat' dir='ltr'><strong>datur,</strong></span> <span class='ocrx_word' id='word_1_347' title='bbox 943 2893 1276 2961; x_wconf 83' lang='lat' dir='ltr'><strong>baptizandos</strong></span> <span class='ocrx_word' id='word_1_348' title='bbox 1300 2902 1507 2964; x_wconf 85' lang='lat' dir='ltr'><strong>negant,</strong></span> <span class='ocrx_word' id='word_1_349' title='bbox 1539 2906 1596 2945; x_wconf 88' lang='lat' dir='ltr'><strong>ac</strong></span> <span class='ocrx_word' id='word_1_350' title='bbox 1625 2894 1698 2946; x_wconf 71' lang='lat' dir='ltr'><strong>sic</strong></span> <span class='ocrx_word' id='word_1_351' title='bbox 1726 2924 1735 2932; x_wconf 73' lang='grc' dir='ltr'><strong><em>ο</em></strong></span> 
     </span>
    </p>
   </div>
   <div class='ocr_carea' id='block_1_47' title="bbox 128 2986 1696 3057">
    <p class='ocr_par' dir='ltr' id='par_1_47' title="bbox 128 2986 1696 3057">
     <span class='ocr_line' id='line_1_47' title="bbox 128 2986 1696 3057; baseline -0.001 -18"><span class='ocrx_word' id='word_1_352' title='bbox 128 3003 204 3040; x_wconf 82' lang='lat' dir='ltr'><strong>eos</strong></span> <span class='ocrx_word' id='word_1_353' title='bbox 224 2990 486 3057; x_wconf 82' lang='lat' dir='ltr'><strong>mortifera</strong></span> <span class='ocrx_word' id='word_1_354' title='bbox 512 2988 608 3041; x_wconf 84' lang='lat' dir='ltr'><strong>ista</strong></span> <span class='ocrx_word' id='word_1_355' title='bbox 639 2987 873 3041; x_wconf 87' lang='lat' dir='ltr'><strong>doctrina</strong></span> <span class='ocrx_word' id='word_1_356' title='bbox 904 2987 954 3040; x_wconf 88' lang='lat' dir='ltr'><strong>in</strong></span> <span class='ocrx_word' id='word_1_357' title='bbox 980 2998 1226 3040; x_wconf 75' lang='lat' dir='ltr'><strong>wternum</strong></span> <span class='ocrx_word' id='word_1_358' title='bbox 1248 2996 1446 3051; x_wconf 84' lang='lat' dir='ltr'><strong>necant,</strong></span> <span class='ocrx_word' id='word_1_359' title='bbox 1478 2986 1696 3056; x_wconf 86' lang='lat' dir='ltr'><strong>promit-</strong></span> 
     </span>
    </p>
   </div>
   <div class='ocr_carea' id='block_1_48' title="bbox 130 3079 1696 3150">
    <p class='ocr_par' dir='ltr' id='par_1_48' title="bbox 130 3079 1696 3150">
     <span class='ocr_line' id='line_1_48' title="bbox 130 3079 1696 3150; baseline 0.002 -20"><span class='ocrx_word' id='word_1_360' title='bbox 130 3090 299 3144; x_wconf 79' lang='lat' dir='ltr'><strong>tentes,</strong></span> <span class='ocrx_word' id='word_1_361' title='bbox 330 3082 527 3135; x_wconf 86' lang='lat' dir='ltr'><strong>etiamsi</strong></span> <span class='ocrx_word' id='word_1_362' title='bbox 556 3096 657 3133; x_wconf 88' lang='lat' dir='ltr'><strong>non</strong></span> <span class='ocrx_word' id='word_1_363' title='bbox 705 3080 1037 3150; x_wconf 72' lang='lat' dir='ltr'><strong>baptizentur,</strong></span> <span class='ocrx_word' id='word_1_364' title='bbox 1087 3090 1191 3135; x_wconf 87' lang='lat' dir='ltr'><strong>etc.</strong></span> <span class='ocrx_word' id='word_1_365' title='bbox 1226 3079 1480 3134; x_wconf 84' lang='lat' dir='ltr'><strong>Falentur</strong></span> <span class='ocrx_word' id='word_1_366' title='bbox 1523 3089 1696 3134; x_wconf 85' lang='lat' dir='ltr'><strong>tamen</strong></span> 
     </span>
    </p>
   </div>
   <div class='ocr_carea' id='block_1_49' title="bbox 1801 1887 3381 1964">
    <p class='ocr_par' dir='ltr' id='par_1_49' title="bbox 1801 1887 3381 1964">
     <span class='ocr_line' id='line_1_49' title="bbox 1801 1887 3381 1964; baseline 0.005 -25"><span class='ocrx_word' id='word_1_367' title='bbox 1801 1888 2011 1956; x_wconf 88' lang='lat' dir='ltr'><strong>possitis</strong></span> <span class='ocrx_word' id='word_1_368' title='bbox 2035 1888 2319 1943; x_wconf 87' lang='lat' dir='ltr'><strong>sustinere.</strong></span> <span class='ocrx_word' id='word_1_369' title='bbox 2350 1887 2571 1942; x_wconf 87' lang='lat' dir='ltr'><strong>Frustra</strong></span> <span class='ocrx_word' id='word_1_370' title='bbox 2591 1890 2745 1942; x_wconf 86' lang='lat' dir='ltr'><strong>etiam</strong></span> <span class='ocrx_word' id='word_1_371' title='bbox 2773 1888 3022 1944; x_wconf 82' lang='lat' dir='ltr'><strong>Dominus</strong></span> <span class='ocrx_word' id='word_1_372' title='bbox 3048 1891 3237 1945; x_wconf 78' lang='lat' dir='ltr'><strong>dixerit</strong></span> <span class='ocrx_word' id='word_1_373' title='bbox 3263 1910 3381 1964; x_wconf 85' lang='lat' dir='ltr'><strong>apo-</strong></span> 
     </span>
    </p>
   </div>
   <div class='ocr_carea' id='block_1_50' title="bbox 1797 1976 3380 2048">
    <p class='ocr_par' dir='ltr' id='par_1_50' title="bbox 1797 1976 3380 2048">
     <span class='ocr_line' id='line_1_50' title="bbox 1797 1976 3380 2048; baseline 0.003 -18"><span class='ocrx_word' id='word_1_374' title='bbox 1797 1976 1925 2030; x_wconf 88' lang='lat' dir='ltr'><strong>stolo</strong></span> <span class='ocrx_word' id='word_1_375' title='bbox 1954 1976 2106 2030; x_wconf 64' lang='lat' dir='ltr'><strong>Petro</strong></span> <span class='ocrx_word' id='word_1_376' title='bbox 2132 1993 2150 2030; x_wconf 89' lang='lat'><strong><em>:</em></strong></span> <span class='ocrx_word' id='word_1_377' title='bbox 2194 1978 2393 2048; x_wconf 81' lang='lat' dir='ltr'><strong>Rogavi</strong></span> <span class='ocrx_word' id='word_1_378' title='bbox 2426 1995 2521 2048; x_wconf 76' lang='lat' dir='ltr'><strong>pro</strong></span> <span class='ocrx_word' id='word_1_379' title='bbox 2565 1990 2635 2044; x_wconf 88' lang='lat' dir='ltr'><strong>le,</strong></span> <span class='ocrx_word' id='word_1_380' title='bbox 2666 1994 2732 2034; x_wconf 91' lang='lat' dir='ltr'><strong>ne</strong></span> <span class='ocrx_word' id='word_1_381' title='bbox 2758 1979 2970 2034; x_wconf 82' lang='lat' dir='ltr'><strong>deﬁciat</strong></span> <span class='ocrx_word' id='word_1_382' title='bbox 3003 1982 3133 2035; x_wconf 84' lang='lat' dir='ltr'><strong>lides</strong></span> <span class='ocrx_word' id='word_1_383' title='bbox 3171 1989 3288 2046; x_wconf 88' lang='lat' dir='ltr'><strong>tua;</strong></span> <span class='ocrx_word' id='word_1_384' title='bbox 3333 1994 3380 2036; x_wconf 89' lang='lat' dir='ltr'><strong>et</strong></span> 
     </span>
    </p>
   </div>
   <div class='ocr_carea' id='block_1_51' title="bbox 1799 2067 3381 2141">
    <p class='ocr_par' dir='ltr' id='par_1_51' title="bbox 1799 2067 3381 2141">
     <span class='ocr_line' id='line_1_51' title="bbox 1799 2067 3381 2141; baseline 0.003 -20"><span class='ocrx_word' id='word_1_385' title='bbox 1799 2067 2028 2123; x_wconf 81' lang='lat' dir='ltr'><strong>omnibus</strong></span> <span class='ocrx_word' id='word_1_386' title='bbox 2058 2070 2164 2125; x_wconf 86' lang='lat' dir='ltr'><strong>suis</strong></span> <span class='ocrx_word' id='word_1_387' title='bbox 2192 2085 2211 2123; x_wconf 91' lang='lat'><strong><em>:</em></strong></span> <span class='ocrx_word' id='word_1_388' title='bbox 2246 2070 2469 2141; x_wconf 86' lang='lat' dir='ltr'><strong>Vigilate</strong></span> <span class='ocrx_word' id='word_1_389' title='bbox 2507 2080 2561 2126; x_wconf 90' lang='lat' dir='ltr'><strong>et</strong></span> <span class='ocrx_word' id='word_1_390' title='bbox 2609 2081 2757 2125; x_wconf 85' lang='lat' dir='ltr'><strong>orate</strong></span> <span class='ocrx_word' id='word_1_391' title='bbox 2785 2086 2848 2125; x_wconf 91' lang='lat' dir='ltr'><strong>ne</strong></span> <span class='ocrx_word' id='word_1_392' title='bbox 2886 2071 3096 2126; x_wconf 88' lang='lat' dir='ltr'><strong>intretis</strong></span> <span class='ocrx_word' id='word_1_393' title='bbox 3125 2073 3176 2127; x_wconf 92' lang='lat' dir='ltr'><strong>in</strong></span> <span class='ocrx_word' id='word_1_394' title='bbox 3209 2083 3381 2128; x_wconf 84' lang='lat' dir='ltr'><strong>tenta-</strong></span> 
     </span>
    </p>
   </div>
   <div class='ocr_carea' id='block_1_52' title="bbox 1799 2158 3379 2235">
    <p class='ocr_par' dir='ltr' id='par_1_52' title="bbox 1799 2158 3379 2235">
     <span class='ocr_line' id='line_1_52' title="bbox 1799 2158 3379 2235; baseline 0.005 -23"><span class='ocrx_word' id='word_1_395' title='bbox 1799 2158 2027 2226; x_wconf 89' lang='lat' dir='ltr'><strong>tionem;</strong></span> <span class='ocrx_word' id='word_1_396' title='bbox 2065 2162 2109 2215; x_wconf 91' lang='lat' dir='ltr'><strong>si</strong></span> <span class='ocrx_word' id='word_1_397' title='bbox 2129 2162 2223 2215; x_wconf 84' lang='lat' dir='ltr'><strong>hoc</strong></span> <span class='ocrx_word' id='word_1_398' title='bbox 2251 2173 2409 2215; x_wconf 90' lang='lat' dir='ltr'><strong>totum</strong></span> <span class='ocrx_word' id='word_1_399' title='bbox 2435 2172 2507 2217; x_wconf 88' lang='lat' dir='ltr'><strong>est</strong></span> <span class='ocrx_word' id='word_1_400' title='bbox 2529 2164 2791 2233; x_wconf 80' lang='lat' dir='ltr'><strong>potestatis</strong></span> <span class='ocrx_word' id='word_1_401' title='bbox 2814 2163 3070 2219; x_wconf 70' lang='lat' dir='ltr'><strong>humanm.</strong></span> <span class='ocrx_word' id='word_1_402' title='bbox 3103 2165 3178 2219; x_wconf 89' lang='lat' dir='ltr'><strong>De</strong></span> <span class='ocrx_word' id='word_1_403' title='bbox 3206 2167 3379 2235; x_wconf 90' lang='lat' dir='ltr'><strong>primo</strong></span> 
     </span>
    </p>
   </div>
   <div class='ocr_carea' id='block_1_53' title="bbox 1800 2250 3382 2326">
    <p class='ocr_par' dir='ltr' id='par_1_53' title="bbox 1800 2250 3382 2326">
     <span class='ocr_line' id='line_1_53' title="bbox 1800 2250 3382 2326; baseline 0.004 -23"><span class='ocrx_word' id='word_1_404' title='bbox 1800 2250 1923 2304; x_wconf 80' lang='lat' dir='ltr'><strong>luco</strong></span> <span class='ocrx_word' id='word_1_405' title='bbox 1944 2250 2099 2304; x_wconf 77' lang='lat' dir='ltr'><strong>Rom.</strong></span> <span class='ocrx_word' id='word_1_406' title='bbox 2136 2268 2210 2319; x_wconf 84' lang='lat' dir='ltr'><strong>ix,</strong></span> <span class='ocrx_word' id='word_1_407' title='bbox 2259 2251 2492 2308; x_wconf 79' lang='lat' dir='ltr'><strong>diximus</strong></span> <span class='ocrx_word' id='word_1_408' title='bbox 2531 2253 2595 2306; x_wconf 90' lang='lat' dir='ltr'><strong>ad</strong></span> <span class='ocrx_word' id='word_1_409' title='bbox 2640 2254 3044 2309; x_wconf 64' lang='lat' dir='ltr'><strong>antecellentem</strong></span> <span class='ocrx_word' id='word_1_410' title='bbox 3077 2257 3382 2326; x_wconf 86' lang='lat' dir='ltr'><strong>epistolam,</strong></span> 
     </span>
    </p>
   </div>
   <div class='ocr_carea' id='block_1_54' title="bbox 1800 2340 3380 2414">
    <p class='ocr_par' dir='ltr' id='par_1_54' title="bbox 1800 2340 3380 2414">
     <span class='ocr_line' id='line_1_54' title="bbox 1800 2340 3380 2414; baseline 0.004 -19"><span class='ocrx_word' id='word_1_411' title='bbox 1800 2340 2100 2407; x_wconf 81' lang='lat' dir='ltr'><strong>Secundus,</strong></span> <span class='ocrx_word' id='word_1_412' title='bbox 2129 2343 2145 2396; x_wconf 91' lang='lat' dir='ltr'><strong>l</strong></span> <span class='ocrx_word' id='word_1_413' title='bbox 2174 2341 2295 2397; x_wconf 90' lang='lat' dir='ltr'><strong>Cor.</strong></span> <span class='ocrx_word' id='word_1_414' title='bbox 2326 2360 2379 2409; x_wconf 71' lang='grc' dir='ltr'><strong>ι,</strong></span> <span class='ocrx_word' id='word_1_415' title='bbox 2417 2343 2501 2407; x_wconf 75' lang='lat' dir='ltr'><strong>l3,</strong></span> <span class='ocrx_word' id='word_1_416' title='bbox 2549 2344 2707 2414; x_wconf 86' lang='lat' dir='ltr'><strong>plane</strong></span> <span class='ocrx_word' id='word_1_417' title='bbox 2733 2347 3033 2400; x_wconf 90' lang='lat' dir='ltr'><strong>contrarius</strong></span> <span class='ocrx_word' id='word_1_418' title='bbox 3062 2358 3143 2401; x_wconf 87' lang='lat' dir='ltr'><strong>est</strong></span> <span class='ocrx_word' id='word_1_419' title='bbox 3170 2357 3380 2402; x_wconf 87' lang='lat' dir='ltr'><strong>senten-</strong></span> 
     </span>
    </p>
   </div>
   <div class='ocr_carea' id='block_1_55' title="bbox 1802 2433 3383 2509">
    <p class='ocr_par' dir='ltr' id='par_1_55' title="bbox 1802 2433 3383 2509">
     <span class='ocr_line' id='line_1_55' title="bbox 1802 2433 3383 2509; baseline 0.005 -23"><span class='ocrx_word' id='word_1_420' title='bbox 1802 2433 1887 2487; x_wconf 77' lang='lat' dir='ltr'><strong>tia:</strong></span> <span class='ocrx_word' id='word_1_421' title='bbox 1914 2436 2221 2504; x_wconf 84' lang='lat' dir='ltr'><strong>Augustini,</strong></span> <span class='ocrx_word' id='word_1_422' title='bbox 2251 2449 2373 2489; x_wconf 92' lang='lat' dir='ltr'><strong>cum</strong></span> <span class='ocrx_word' id='word_1_423' title='bbox 2422 2435 2613 2489; x_wconf 89' lang='lat' dir='ltr'><strong>doceat</strong></span> <span class='ocrx_word' id='word_1_424' title='bbox 2656 2435 2852 2492; x_wconf 88' lang='lat' dir='ltr'><strong>Paulus</strong></span> <span class='ocrx_word' id='word_1_425' title='bbox 2904 2437 3071 2491; x_wconf 81' lang='lat' dir='ltr'><strong>Deum</strong></span> <span class='ocrx_word' id='word_1_426' title='bbox 3125 2438 3383 2509; x_wconf 82' lang='lat' dir='ltr'><strong>adjuvare</strong></span> 
     </span>
    </p>
   </div>
   <div class='ocr_carea' id='block_1_56' title="bbox 1800 2522 3385 2588">
    <p class='ocr_par' dir='ltr' id='par_1_56' title="bbox 1800 2522 3385 2588">
     <span class='ocr_line' id='line_1_56' title="bbox 1800 2522 3385 2588; baseline 0.005 -12"><span class='ocrx_word' id='word_1_427' title='bbox 1800 2522 2008 2588; x_wconf 87' lang='lat' dir='ltr'><strong>fideles,</strong></span> <span class='ocrx_word' id='word_1_428' title='bbox 2035 2538 2141 2578; x_wconf 82' lang='lat' dir='ltr'><strong>non</strong></span> <span class='ocrx_word' id='word_1_429' title='bbox 2171 2534 2225 2578; x_wconf 91' lang='lat' dir='ltr'><strong>ut</strong></span> <span class='ocrx_word' id='word_1_430' title='bbox 2245 2523 2573 2580; x_wconf 78' lang='lat' dir='ltr'><strong>ineluctabili</strong></span> <span class='ocrx_word' id='word_1_431' title='bbox 2600 2524 2783 2580; x_wconf 84' lang='lat' dir='ltr'><strong>afﬂatu</strong></span> <span class='ocrx_word' id='word_1_432' title='bbox 2810 2529 2912 2580; x_wconf 86' lang='lat' dir='ltr'><strong>acti</strong></span> <span class='ocrx_word' id='word_1_433' title='bbox 2940 2528 3242 2583; x_wconf 88' lang='lat' dir='ltr'><strong>sustineant</strong></span> <span class='ocrx_word' id='word_1_434' title='bbox 3270 2539 3385 2584; x_wconf 87' lang='lat' dir='ltr'><strong>ten-</strong></span> 
     </span>
    </p>
   </div>
   <div class='ocr_carea' id='block_1_57' title="bbox 1800 2614 3384 2689">
    <p class='ocr_par' dir='ltr' id='par_1_57' title="bbox 1800 2614 3384 2689">
     <span class='ocr_line' id='line_1_57' title="bbox 1800 2614 3384 2689; baseline 0.005 -22"><span class='ocrx_word' id='word_1_435' title='bbox 1800 2615 2083 2679; x_wconf 88' lang='lat' dir='ltr'><strong>tationem,</strong></span> <span class='ocrx_word' id='word_1_436' title='bbox 2117 2614 2211 2668; x_wconf 79' lang='lat' dir='ltr'><strong>sed</strong></span> <span class='ocrx_word' id='word_1_437' title='bbox 2254 2624 2310 2668; x_wconf 89' lang='lat' dir='ltr'><strong>ut</strong></span> <span class='ocrx_word' id='word_1_438' title='bbox 2342 2617 2533 2682; x_wconf 86' lang='lat' dir='ltr'><strong>possint</strong></span> <span class='ocrx_word' id='word_1_439' title='bbox 2564 2618 2830 2681; x_wconf 85' lang='lat' dir='ltr'><strong>sustinere,</strong></span> <span class='ocrx_word' id='word_1_440' title='bbox 2860 2617 2999 2686; x_wconf 75' lang='lat' dir='ltr'><strong>quod</strong></span> <span class='ocrx_word' id='word_1_441' title='bbox 3050 2618 3224 2672; x_wconf 91' lang='lat' dir='ltr'><strong>solum</strong></span> <span class='ocrx_word' id='word_1_442' title='bbox 3262 2635 3384 2689; x_wconf 70' lang='lat' dir='ltr'><strong>pro~</strong></span> 
     </span>
    </p>
   </div>
   <div class='ocr_carea' id='block_1_58' title="bbox 1802 2706 3111 2776">
    <p class='ocr_par' dir='ltr' id='par_1_58' title="bbox 1802 2706 3111 2776">
     <span class='ocr_line' id='line_1_58' title="bbox 1802 2706 3111 2776; baseline 0.004 -18"><span class='ocrx_word' id='word_1_443' title='bbox 1802 2706 1946 2759; x_wconf 69' lang='lat' dir='ltr'><strong>misit</strong></span> <span class='ocrx_word' id='word_1_444' title='bbox 1972 2706 2133 2759; x_wconf 88' lang='lat' dir='ltr'><strong>Deus.</strong></span> <span class='ocrx_word' id='word_1_445' title='bbox 2169 2706 2241 2759; x_wconf 92' lang='lat' dir='ltr'><strong>De</strong></span> <span class='ocrx_word' id='word_1_446' title='bbox 2272 2708 2483 2759; x_wconf 59' lang='lat' dir='ltr'><strong>caeteris</strong></span> <span class='ocrx_word' id='word_1_447' title='bbox 2513 2707 2672 2760; x_wconf 88' lang='lat' dir='ltr'><strong>etiam</strong></span> <span class='ocrx_word' id='word_1_448' title='bbox 2705 2718 2858 2761; x_wconf 90' lang='lat' dir='ltr'><strong>antea</strong></span> <span class='ocrx_word' id='word_1_449' title='bbox 2886 2708 3111 2776; x_wconf 84' lang='lat' dir='ltr'><strong>egimus.</strong></span> 
     </span>
    </p>
   </div>
   <div class='ocr_carea' id='block_1_59' title="bbox 1872 2796 3385 2867">
    <p class='ocr_par' dir='ltr' id='par_1_59' title="bbox 1872 2796 3385 2867">
     <span class='ocr_line' id='line_1_59' title="bbox 1872 2796 3385 2867; baseline 0.005 -18"><span class='ocrx_word' id='word_1_450' title='bbox 1872 2796 2006 2849; x_wconf 89' lang='lat' dir='ltr'><strong>Ibid.</strong></span> <span class='ocrx_word' id='word_1_451' title='bbox 2042 2796 2238 2850; x_wconf 87' lang='lat' dir='ltr'><strong>Pueros</strong></span> <span class='ocrx_word' id='word_1_452' title='bbox 2267 2814 2465 2866; x_wconf 87' lang='lat' dir='ltr'><strong>quoque</strong></span> <span class='ocrx_word' id='word_1_453' title='bbox 2495 2797 2752 2867; x_wconf 82' lang='lat' dir='ltr'><strong>parvulos,</strong></span> <span class='ocrx_word' id='word_1_454' title='bbox 2790 2798 2882 2850; x_wconf 80' lang='lat' dir='ltr'><strong>etsi</strong></span> <span class='ocrx_word' id='word_1_455' title='bbox 2906 2800 3059 2853; x_wconf 83' lang='lat' dir='ltr'><strong>nullis</strong></span> <span class='ocrx_word' id='word_1_456' title='bbox 3088 2800 3385 2856; x_wconf 85' lang='lat' dir='ltr'><strong>innoventur</strong></span> 
     </span>
    </p>
   </div>
   <div class='ocr_carea' id='block_1_60' title="bbox 1802 2884 3384 2959">
    <p class='ocr_par' dir='ltr' id='par_1_60' title="bbox 1802 2884 3384 2959">
     <span class='ocr_line' id='line_1_60' title="bbox 1802 2884 3384 2959; baseline 0.005 -20"><span class='ocrx_word' id='word_1_457' title='bbox 1802 2884 2108 2940; x_wconf 77' lang='lat' dir='ltr'><strong>Christiana:</strong></span> <span class='ocrx_word' id='word_1_458' title='bbox 2147 2889 2330 2959; x_wconf 74' lang='lat' dir='ltr'><strong>gratia:</strong></span> <span class='ocrx_word' id='word_1_459' title='bbox 2371 2889 2723 2953; x_wconf 82' lang='lat' dir='ltr'><strong>sacramentis,</strong></span> <span class='ocrx_word' id='word_1_460' title='bbox 2752 2887 3012 2943; x_wconf 83' lang='lat' dir='ltr'><strong>habituros</strong></span> <span class='ocrx_word' id='word_1_461' title='bbox 3054 2892 3203 2945; x_wconf 74' lang='lat' dir='ltr'><strong>vitam</strong></span> <span class='ocrx_word' id='word_1_462' title='bbox 3232 2902 3384 2947; x_wconf 67' lang='lat' dir='ltr'><strong>atter-</strong></span> 
     </span>
    </p>
   </div>
   <div class='ocr_carea' id='block_1_61' title="bbox 1801 2979 3384 3048">
    <p class='ocr_par' dir='ltr' id='par_1_61' title="bbox 1801 2979 3384 3048">
     <span class='ocr_line' id='line_1_61' title="bbox 1801 2979 3384 3048; baseline 0.007 -20"><span class='ocrx_word' id='word_1_463' title='bbox 1801 2993 1941 3043; x_wconf 85' lang='lat' dir='ltr'><strong>nam,</strong></span> <span class='ocrx_word' id='word_1_464' title='bbox 1991 2994 2206 3048; x_wconf 87' lang='lat' dir='ltr'><strong>nequam</strong></span> <span class='ocrx_word' id='word_1_465' title='bbox 2250 2980 2641 3048; x_wconf 65' lang='lat' dir='ltr'><strong>praesumptione</strong></span> <span class='ocrx_word' id='word_1_466' title='bbox 2683 2979 3033 3048; x_wconf 82' lang='lat' dir='ltr'><strong>conlenduut,</strong></span> <span class='ocrx_word' id='word_1_467' title='bbox 3087 2993 3384 3039; x_wconf 85' lang='lat' dir='ltr'><strong>evacuantcs</strong></span> 
     </span>
    </p>
   </div>
   <div class='ocr_carea' id='block_1_62' title="bbox 1801 3069 3384 3141">
    <p class='ocr_par' dir='ltr' id='par_1_62' title="bbox 1801 3069 3384 3141">
     <span class='ocr_line' id='line_1_62' title="bbox 1801 3069 3384 3141; baseline 0.006 -20"><span class='ocrx_word' id='word_1_468' title='bbox 1801 3069 1935 3137; x_wconf 89' lang='lat' dir='ltr'><strong>quod</strong></span> <span class='ocrx_word' id='word_1_469' title='bbox 1957 3069 2089 3122; x_wconf 81' lang='lat' dir='ltr'><strong>dixit</strong></span> <span class='ocrx_word' id='word_1_470' title='bbox 2114 3070 2389 3138; x_wconf 74' lang='lat' dir='ltr'><strong>Apostolus</strong></span> <span class='ocrx_word' id='word_1_471' title='bbox 2414 3070 2587 3141; x_wconf 84' lang='lat' dir='ltr'><strong>(Rom.</strong></span> <span class='ocrx_word' id='word_1_472' title='bbox 2618 3086 2668 3133; x_wconf 80' lang='grc' dir='ltr'><strong>ν,</strong></span> <span class='ocrx_word' id='word_1_473' title='bbox 2703 3071 2794 3141; x_wconf 72' lang='grc'><strong>12)</strong></span> <span class='ocrx_word' id='word_1_474' title='bbox 2834 3089 2846 3125; x_wconf 90' lang='lat'><strong>:</strong></span> <span class='ocrx_word' id='word_1_475' title='bbox 2892 3072 2992 3128; x_wconf 86' lang='lat' dir='ltr'><strong>Per</strong></span> <span class='ocrx_word' id='word_1_476' title='bbox 3022 3088 3183 3128; x_wconf 91' lang='lat' dir='ltr'><strong>unum</strong></span> <span class='ocrx_word' id='word_1_477' title='bbox 3208 3076 3384 3131; x_wconf 90' lang='lat' dir='ltr'><strong>homi-</strong></span> 
     </span>
    </p>
   </div>
   <div class='ocr_carea' id='block_1_63' title="bbox 129 3161 1699 3243">
    <p class='ocr_par' dir='ltr' id='par_1_63' title="bbox 129 3171 1699 3243">
     <span class='ocr_line' id='line_1_63' title="bbox 129 3171 1699 3243; baseline 0.001 -20"><span class='ocrx_word' id='word_1_478' title='bbox 129 3184 304 3238; x_wconf 70' lang='lat' dir='ltr'><strong>postea</strong></span> <span class='ocrx_word' id='word_1_479' title='bbox 332 3172 645 3227; x_wconf 67' lang='lat' dir='ltr'><strong>Caelestino]</strong></span> <span class='ocrx_word' id='word_1_480' title='bbox 674 3171 871 3225; x_wconf 69' lang='lat' dir='ltr'><strong>[assum</strong></span> <span class='ocrx_word' id='word_1_481' title='bbox 910 3187 1033 3227; x_wconf 89' lang='lat' dir='ltr'><strong>esse</strong></span> <span class='ocrx_word' id='word_1_482' title='bbox 1062 3189 1149 3243; x_wconf 88' lang='lat' dir='ltr'><strong>per</strong></span> <span class='ocrx_word' id='word_1_483' title='bbox 1184 3172 1484 3241; x_wconf 87' lang='lat' dir='ltr'><strong>baptismum</strong></span> <span class='ocrx_word' id='word_1_484' title='bbox 1515 3171 1699 3225; x_wconf 70' lang='grc' dir='ltr'><strong>(ΙΙιιίδιέ</strong></span> 
     </span>
    </p>
   </div>
   <div class='ocr_carea' id='block_1_64' title="bbox 1807 3161 3384 3243">
    <p class='ocr_par' dir='ltr' id='par_1_64' title="bbox 1811 3161 3384 3236">
     <span class='ocr_line' id='line_1_64' title="bbox 1811 3161 3384 3236; baseline 0.006 -24"><span class='ocrx_word' id='word_1_485' title='bbox 1811 3175 1929 3213; x_wconf 83' lang='lat' dir='ltr'><strong>nem</strong></span> <span class='ocrx_word' id='word_1_486' title='bbox 1961 3169 2235 3229; x_wconf 91' lang='lat' dir='ltr'><strong>peccatum</strong></span> <span class='ocrx_word' id='word_1_487' title='bbox 2266 3161 2480 3214; x_wconf 87' lang='lat' dir='ltr'><strong>intravit</strong></span> <span class='ocrx_word' id='word_1_488' title='bbox 2517 3161 2568 3213; x_wconf 92' lang='lat' dir='ltr'><strong>in</strong></span> <span class='ocrx_word' id='word_1_489' title='bbox 2601 3163 2883 3231; x_wconf 89' lang='lat' dir='ltr'><strong>mundum,</strong></span> <span class='ocrx_word' id='word_1_490' title='bbox 2909 3173 2963 3217; x_wconf 89' lang='lat' dir='ltr'><strong>ct</strong></span> <span class='ocrx_word' id='word_1_491' title='bbox 2991 3180 3086 3233; x_wconf 90' lang='lat' dir='ltr'><strong>per</strong></span> <span class='ocrx_word' id='word_1_492' title='bbox 3112 3176 3384 3236; x_wconf 89' lang='lat' dir='ltr'><strong>peccatum</strong></span> 
     </span>
    </p>
   </div>
   <div class='ocr_carea' id='block_1_65' title="bbox 130 3262 1698 3332">
    <p class='ocr_par' dir='ltr' id='par_1_65' title="bbox 130 3262 1698 3332">
     <span class='ocr_line' id='line_1_65' title="bbox 130 3262 1698 3332; baseline 0.001 -17"><span class='ocrx_word' id='word_1_493' title='bbox 130 3265 452 3329; x_wconf 79' lang='lat' dir='ltr'><strong>parvulorum</strong></span> <span class='ocrx_word' id='word_1_494' title='bbox 483 3264 594 3332; x_wconf 74' lang='lat' dir='ltr'><strong>ﬁcri</strong></span> <span class='ocrx_word' id='word_1_495' title='bbox 636 3264 1053 3331; x_wconf 83' lang='lat' dir='ltr'><strong>redemptionem.</strong></span> <span class='ocrx_word' id='word_1_496' title='bbox 1099 3262 1204 3318; x_wconf 86' lang='lat' dir='ltr'><strong>Sed</strong></span> <span class='ocrx_word' id='word_1_497' title='bbox 1230 3264 1397 3326; x_wconf 88' lang='lat' dir='ltr'><strong>multi,</strong></span> <span class='ocrx_word' id='word_1_498' title='bbox 1434 3264 1698 3331; x_wconf 90' lang='lat' dir='ltr'><strong>inquiunt,</strong></span> 
     </span>
    </p>
   </div>
   <div class='ocr_carea' id='block_1_66' title="bbox 130 3354 1701 3423">
    <p class='ocr_par' dir='ltr' id='par_1_66' title="bbox 130 3354 1701 3423">
     <span class='ocr_line' id='line_1_66' title="bbox 130 3354 1701 3423; baseline 0.001 -18"><span class='ocrx_word' id='word_1_499' title='bbox 130 3355 437 3415; x_wconf 83' lang='lat' dir='ltr'><strong>quiillorum</strong></span> <span class='ocrx_word' id='word_1_500' title='bbox 480 3355 806 3421; x_wconf 76' lang='lat' dir='ltr'><strong>pethibentur</strong></span> <span class='ocrx_word' id='word_1_501' title='bbox 843 3370 952 3407; x_wconf 90' lang='lat' dir='ltr'><strong>esse</strong></span> <span class='ocrx_word' id='word_1_502' title='bbox 999 3354 1075 3406; x_wconf 83' lang='lat' dir='ltr'><strong>re!</strong></span> <span class='ocrx_word' id='word_1_503' title='bbox 1100 3354 1258 3423; x_wconf 79' lang='lat' dir='ltr'><strong>fuisse</strong></span> <span class='ocrx_word' id='word_1_504' title='bbox 1306 3355 1546 3422; x_wconf 86' lang='lat' dir='ltr'><strong>discipuli</strong></span> <span class='ocrx_word' id='word_1_505' title='bbox 1594 3356 1701 3407; x_wconf 77' lang='lat' dir='ltr'><strong>lucc</strong></span> 
     </span>
    </p>
   </div>
   <div class='ocr_carea' id='block_1_67' title="bbox 132 3445 1701 3516">
    <p class='ocr_par' dir='ltr' id='par_1_67' title="bbox 132 3445 1701 3516">
     <span class='ocr_line' id='line_1_67' title="bbox 132 3445 1701 3516; baseline 0.001 -20"><span class='ocrx_word' id='word_1_506' title='bbox 132 3448 295 3509; x_wconf 81' lang='lat' dir='ltr'><strong>mala,</strong></span> <span class='ocrx_word' id='word_1_507' title='bbox 344 3447 525 3513; x_wconf 80' lang='lat' dir='ltr'><strong>quibus</strong></span> <span class='ocrx_word' id='word_1_508' title='bbox 563 3446 896 3516; x_wconf 78' lang='lat' dir='ltr'><strong>fundamenta</strong></span> <span class='ocrx_word' id='word_1_509' title='bbox 934 3445 1238 3498; x_wconf 79' lang='lat' dir='ltr'><strong>Christiana:</strong></span> <span class='ocrx_word' id='word_1_510' title='bbox 1287 3445 1409 3512; x_wconf 78' lang='lat' dir='ltr'><strong>ﬁdei</strong></span> <span class='ocrx_word' id='word_1_511' title='bbox 1453 3456 1701 3498; x_wconf 83' lang='lat' dir='ltr'><strong>conantur</strong></span> 
     </span>
    </p>
   </div>
   <div class='ocr_carea' id='block_1_68' title="bbox 131 3538 1697 3607">
    <p class='ocr_par' dir='ltr' id='par_1_68' title="bbox 131 3538 1697 3607">
     <span class='ocr_line' id='line_1_68' title="bbox 131 3538 1697 3607; baseline 0.003 -19"><span class='ocrx_word' id='word_1_512' title='bbox 131 3549 364 3600; x_wconf 75' lang='lat' dir='ltr'><strong>stertere,</strong></span> <span class='ocrx_word' id='word_1_513' title='bbox 424 3554 721 3606; x_wconf 66' lang='lat' dir='ltr'><strong>(Iunctaque</strong></span> <span class='ocrx_word' id='word_1_514' title='bbox 760 3549 968 3607; x_wconf 84' lang='lat' dir='ltr'><strong>possunt</strong></span> <span class='ocrx_word' id='word_1_515' title='bbox 1014 3538 1267 3606; x_wconf 67' lang='lat' dir='ltr'><strong>afﬁrmare</strong></span> <span class='ocrx_word' id='word_1_516' title='bbox 1329 3554 1429 3591; x_wconf 86' lang='lat' dir='ltr'><strong>non</strong></span> <span class='ocrx_word' id='word_1_517' title='bbox 1482 3551 1697 3593; x_wconf 73' lang='lat' dir='ltr'><strong>cessan&#39;.</strong></span> 
     </span>
    </p>
   </div>
   <div class='ocr_carea' id='block_1_69' title="bbox 130 3627 1703 3698">
    <p class='ocr_par' dir='ltr' id='par_1_69' title="bbox 130 3627 1703 3698">
     <span class='ocr_line' id='line_1_69' title="bbox 130 3627 1703 3698; baseline 0.001 -17"><span class='ocrx_word' id='word_1_518' title='bbox 130 3627 253 3693; x_wconf 79' lang='lat' dir='ltr'><strong>Quid</strong></span> <span class='ocrx_word' id='word_1_519' title='bbox 270 3629 335 3683; x_wconf 88' lang='lat' dir='ltr'><strong>de</strong></span> <span class='ocrx_word' id='word_1_520' title='bbox 358 3629 581 3697; x_wconf 84' lang='lat' dir='ltr'><strong>singulis</strong></span> <span class='ocrx_word' id='word_1_521' title='bbox 605 3629 990 3697; x_wconf 66' lang='lat' dir='ltr'><strong>qumStionibus</strong></span> <span class='ocrx_word' id='word_1_522' title='bbox 1013 3644 1129 3697; x_wconf 74' lang='lat' dir='ltr'><strong>qure</strong></span> <span class='ocrx_word' id='word_1_523' title='bbox 1152 3627 1219 3682; x_wconf 90' lang='lat' dir='ltr'><strong>de</strong></span> <span class='ocrx_word' id='word_1_524' title='bbox 1234 3629 1551 3697; x_wconf 87' lang='lat' dir='ltr'><strong>baptismate</strong></span> <span class='ocrx_word' id='word_1_525' title='bbox 1580 3636 1703 3698; x_wconf 62' lang='lat' dir='ltr'><strong>pro-&#39;-</strong></span> 
     </span>
    </p>
   </div>
   <div class='ocr_carea' id='block_1_70' title="bbox 130 3718 1703 3787">
    <p class='ocr_par' dir='ltr' id='par_1_70' title="bbox 130 3718 1703 3787">
     <span class='ocr_line' id='line_1_70' title="bbox 130 3718 1703 3787; baseline 0.004 -19"><span class='ocrx_word' id='word_1_526' title='bbox 130 3723 244 3787; x_wconf 77' lang='lat' dir='ltr'><strong>poni</strong></span> <span class='ocrx_word' id='word_1_527' title='bbox 292 3727 529 3787; x_wconf 88' lang='lat' dir='ltr'><strong>possent,</strong></span> <span class='ocrx_word' id='word_1_528' title='bbox 585 3719 856 3773; x_wconf 87' lang='lat' dir='ltr'><strong>censuerit</strong></span> <span class='ocrx_word' id='word_1_529' title='bbox 904 3718 1145 3787; x_wconf 84' lang='lat' dir='ltr'><strong>Pelagius</strong></span> <span class='ocrx_word' id='word_1_530' title='bbox 1187 3721 1401 3783; x_wconf 90' lang='lat' dir='ltr'><strong>nescio;</strong></span> <span class='ocrx_word' id='word_1_531' title='bbox 1454 3720 1548 3773; x_wconf 89' lang='lat' dir='ltr'><strong>sed</strong></span> <span class='ocrx_word' id='word_1_532' title='bbox 1604 3723 1703 3774; x_wconf 84' lang='lat' dir='ltr'><strong>hoc</strong></span> 
     </span>
    </p>
   </div>
   <div class='ocr_carea' id='block_1_71' title="bbox 130 3808 1701 3881">
    <p class='ocr_par' dir='ltr' id='par_1_71' title="bbox 130 3808 1701 3881">
     <span class='ocr_line' id='line_1_71' title="bbox 130 3808 1701 3881; baseline 0.003 -20"><span class='ocrx_word' id='word_1_533' title='bbox 130 3810 254 3875; x_wconf 71' lang='lat' dir='ltr'><strong>scio,</strong></span> <span class='ocrx_word' id='word_1_534' title='bbox 285 3824 354 3864; x_wconf 75' lang='lat' dir='ltr'><strong>ex</strong></span> <span class='ocrx_word' id='word_1_535' title='bbox 378 3809 535 3863; x_wconf 82' lang='lat' dir='ltr'><strong>Novo</strong></span> <span class='ocrx_word' id='word_1_536' title='bbox 555 3808 900 3863; x_wconf 86' lang='lat' dir='ltr'><strong>Testamento</strong></span> <span class='ocrx_word' id='word_1_537' title='bbox 929 3811 1143 3879; x_wconf 87' lang='lat' dir='ltr'><strong>probari</strong></span> <span class='ocrx_word' id='word_1_538' title='bbox 1174 3811 1319 3864; x_wconf 91' lang='lat' dir='ltr'><strong>nullo</strong></span> <span class='ocrx_word' id='word_1_539' title='bbox 1345 3812 1504 3865; x_wconf 88' lang='lat' dir='ltr'><strong>modo</strong></span> <span class='ocrx_word' id='word_1_540' title='bbox 1548 3827 1701 3881; x_wconf 83' lang='lat' dir='ltr'><strong>posse</strong></span> 
     </span>
    </p>
   </div>
   <div class='ocr_carea' id='block_1_72' title="bbox 136 3901 1701 3973">
    <p class='ocr_par' dir='ltr' id='par_1_72' title="bbox 136 3901 1701 3973">
     <span class='ocr_line' id='line_1_72' title="bbox 136 3901 1701 3973; baseline 0.001 -19"><span class='ocrx_word' id='word_1_541' title='bbox 136 3903 487 3955; x_wconf 83' lang='lat' dir='ltr'><strong>necessarium</strong></span> <span class='ocrx_word' id='word_1_542' title='bbox 506 3914 624 3955; x_wconf 85' lang='lat' dir='ltr'><strong>esse</strong></span> <span class='ocrx_word' id='word_1_543' title='bbox 653 3901 911 3970; x_wconf 89' lang='lat' dir='ltr'><strong>baptisma</strong></span> <span class='ocrx_word' id='word_1_544' title='bbox 932 3902 1087 3955; x_wconf 88' lang='lat' dir='ltr'><strong>saluti</strong></span> <span class='ocrx_word' id='word_1_545' title='bbox 1120 3901 1421 3965; x_wconf 80' lang='lat' dir='ltr'><strong>infantium,</strong></span> <span class='ocrx_word' id='word_1_546' title='bbox 1447 3914 1535 3956; x_wconf 89' lang='lat' dir='ltr'><strong>aut</strong></span> <span class='ocrx_word' id='word_1_547' title='bbox 1565 3918 1701 3973; x_wconf 63' lang='lat' dir='ltr'><strong>prin-</strong></span> 
     </span>
    </p>
   </div>
   <div class='ocr_carea' id='block_1_73' title="bbox 140 3990 1700 4062">
    <p class='ocr_par' dir='ltr' id='par_1_73' title="bbox 140 3990 1700 4062">
     <span class='ocr_line' id='line_1_73' title="bbox 140 3990 1700 4062; baseline 0.003 -20"><span class='ocrx_word' id='word_1_548' title='bbox 140 4000 344 4059; x_wconf 82' lang='lat' dir='ltr'><strong>ceptum</strong></span> <span class='ocrx_word' id='word_1_549' title='bbox 370 4005 494 4046; x_wconf 87' lang='lat' dir='ltr'><strong>esse</strong></span> <span class='ocrx_word' id='word_1_550' title='bbox 523 4006 552 4045; x_wconf 91' lang='lat' dir='ltr'><strong>a</strong></span> <span class='ocrx_word' id='word_1_551' title='bbox 591 3990 804 4045; x_wconf 88' lang='lat' dir='ltr'><strong>Christo</strong></span> <span class='ocrx_word' id='word_1_552' title='bbox 831 4005 926 4046; x_wconf 91' lang='lat' dir='ltr'><strong>eos</strong></span> <span class='ocrx_word' id='word_1_553' title='bbox 956 3991 1233 4061; x_wconf 80' lang='lat' dir='ltr'><strong>baptizari.</strong></span> <span class='ocrx_word' id='word_1_554' title='bbox 1264 3995 1445 4062; x_wconf 82' lang='lat' dir='ltr'><strong>Itaque</strong></span> <span class='ocrx_word' id='word_1_555' title='bbox 1490 3994 1700 4048; x_wconf 90' lang='lat' dir='ltr'><strong>nonnisi</strong></span> 
     </span>
    </p>
   </div>
   <div class='ocr_carea' id='block_1_74' title="bbox 135 4082 1703 4153">
    <p class='ocr_par' dir='ltr' id='par_1_74' title="bbox 135 4082 1703 4153">
     <span class='ocr_line' id='line_1_74' title="bbox 135 4082 1703 4153; baseline 0.005 -22"><span class='ocrx_word' id='word_1_556' title='bbox 135 4082 356 4136; x_wconf 84' lang='lat' dir='ltr'><strong>absurde</strong></span> <span class='ocrx_word' id='word_1_557' title='bbox 387 4083 729 4153; x_wconf 75' lang='lat' dir='ltr'><strong>fundamenta</strong></span> <span class='ocrx_word' id='word_1_558' title='bbox 778 4083 899 4151; x_wconf 80' lang='lat' dir='ltr'><strong>ﬁdei</strong></span> <span class='ocrx_word' id='word_1_559' title='bbox 936 4098 1127 4138; x_wconf 86' lang='lat' dir='ltr'><strong>vocare</strong></span> <span class='ocrx_word' id='word_1_560' title='bbox 1172 4094 1457 4153; x_wconf 89' lang='lat' dir='ltr'><strong>potuerunt</strong></span> <span class='ocrx_word' id='word_1_561' title='bbox 1490 4084 1601 4138; x_wconf 84' lang='lat' dir='ltr'><strong>Afri</strong></span> <span class='ocrx_word' id='word_1_562' title='bbox 1642 4100 1703 4140; x_wconf 87' lang='lat' dir='ltr'><strong>ea</strong></span> 
     </span>
    </p>
   </div>
   <div class='ocr_carea' id='block_1_75' title="bbox 134 4170 1700 4241">
    <p class='ocr_par' dir='ltr' id='par_1_75' title="bbox 134 4170 1700 4241">
     <span class='ocr_line' id='line_1_75' title="bbox 134 4170 1700 4241; baseline 0.005 -18"><span class='ocrx_word' id='word_1_563' title='bbox 134 4170 193 4224; x_wconf 90' lang='lat' dir='ltr'><strong>de</strong></span> <span class='ocrx_word' id='word_1_564' title='bbox 221 4173 416 4241; x_wconf 87' lang='lat' dir='ltr'><strong>quibus</strong></span> <span class='ocrx_word' id='word_1_565' title='bbox 442 4175 604 4227; x_wconf 89' lang='lat' dir='ltr'><strong>altum</strong></span> <span class='ocrx_word' id='word_1_566' title='bbox 634 4182 717 4228; x_wconf 89' lang='lat' dir='ltr'><strong>est</strong></span> <span class='ocrx_word' id='word_1_567' title='bbox 745 4175 797 4228; x_wconf 89' lang='lat' dir='ltr'><strong>in</strong></span> <span class='ocrx_word' id='word_1_568' title='bbox 840 4173 986 4228; x_wconf 87' lang='lat' dir='ltr'><strong>Novo</strong></span> <span class='ocrx_word' id='word_1_569' title='bbox 1016 4175 1363 4229; x_wconf 84' lang='lat' dir='ltr'><strong>Testamento</strong></span> <span class='ocrx_word' id='word_1_570' title='bbox 1408 4176 1700 4231; x_wconf 89' lang='lat' dir='ltr'><strong>silentium.</strong></span> 
     </span>
    </p>
   </div>
   <div class='ocr_carea' id='block_1_76' title="bbox 133 4266 1702 4338">
    <p class='ocr_par' dir='ltr' id='par_1_76' title="bbox 133 4266 1702 4338">
     <span class='ocr_line' id='line_1_76' title="bbox 133 4266 1702 4338; baseline 0.004 -22"><span class='ocrx_word' id='word_1_571' title='bbox 133 4266 392 4329; x_wconf 77' lang='lat' dir='ltr'><strong>Attamen,</strong></span> <span class='ocrx_word' id='word_1_572' title='bbox 429 4274 486 4319; x_wconf 90' lang='lat' dir='ltr'><strong>ut</strong></span> <span class='ocrx_word' id='word_1_573' title='bbox 532 4266 641 4335; x_wconf 83' lang='lat' dir='ltr'><strong>jam</strong></span> <span class='ocrx_word' id='word_1_574' title='bbox 688 4267 812 4321; x_wconf 89' lang='lat' dir='ltr'><strong>alibi</strong></span> <span class='ocrx_word' id='word_1_575' title='bbox 868 4266 1007 4331; x_wconf 82' lang='lat' dir='ltr'><strong>dixi,</strong></span> <span class='ocrx_word' id='word_1_576' title='bbox 1049 4283 1155 4321; x_wconf 91' lang='lat' dir='ltr'><strong>non</strong></span> <span class='ocrx_word' id='word_1_577' title='bbox 1195 4268 1389 4322; x_wconf 71' lang='lat' dir='ltr'><strong>damno</strong></span> <span class='ocrx_word' id='word_1_578' title='bbox 1439 4268 1702 4338; x_wconf 89' lang='lat' dir='ltr'><strong>baptisma</strong></span> 
     </span>
    </p>
   </div>
   <div class='ocr_carea' id='block_1_77' title="bbox 134 4355 1701 4428">
    <p class='ocr_par' dir='ltr' id='par_1_77' title="bbox 134 4355 1701 4428">
     <span class='ocr_line' id='line_1_77' title="bbox 134 4355 1701 4428; baseline 0.005 -21"><span class='ocrx_word' id='word_1_579' title='bbox 134 4355 437 4422; x_wconf 71' lang='lat' dir='ltr'><strong>infantium;</strong></span> <span class='ocrx_word' id='word_1_580' title='bbox 469 4358 609 4427; x_wconf 90' lang='lat' dir='ltr'><strong>quod</strong></span> <span class='ocrx_word' id='word_1_581' title='bbox 642 4372 761 4413; x_wconf 85' lang='lat' dir='ltr'><strong>esse</strong></span> <span class='ocrx_word' id='word_1_582' title='bbox 790 4371 969 4428; x_wconf 89' lang='lat' dir='ltr'><strong>queat,</strong></span> <span class='ocrx_word' id='word_1_583' title='bbox 1005 4362 1047 4413; x_wconf 93' lang='lat' dir='ltr'><strong>si</strong></span> <span class='ocrx_word' id='word_1_584' title='bbox 1077 4361 1327 4427; x_wconf 80' lang='lat' dir='ltr'><strong>velimus,</strong></span> <span class='ocrx_word' id='word_1_585' title='bbox 1362 4376 1467 4415; x_wconf 85' lang='lat' dir='ltr'><strong>non</strong></span> <span class='ocrx_word' id='word_1_586' title='bbox 1498 4370 1701 4417; x_wconf 91' lang='lat' dir='ltr'><strong>tantum</strong></span> 
     </span>
    </p>
   </div>
   <div class='ocr_carea' id='block_1_78' title="bbox 137 4449 1705 4521">
    <p class='ocr_par' dir='ltr' id='par_1_78' title="bbox 137 4449 1705 4521">
     <span class='ocr_line' id='line_1_78' title="bbox 137 4449 1705 4521; baseline 0.003 -19"><span class='ocrx_word' id='word_1_587' title='bbox 137 4449 386 4514; x_wconf 77' lang='lat' dir='ltr'><strong>professio</strong></span> <span class='ocrx_word' id='word_1_588' title='bbox 424 4450 549 4505; x_wconf 86' lang='lat' dir='ltr'><strong>fidei</strong></span> <span class='ocrx_word' id='word_1_589' title='bbox 580 4459 879 4519; x_wconf 87' lang='lat' dir='ltr'><strong>parentum,</strong></span> <span class='ocrx_word' id='word_1_590' title='bbox 909 4452 1005 4506; x_wconf 90' lang='lat' dir='ltr'><strong>sed</strong></span> <span class='ocrx_word' id='word_1_591' title='bbox 1053 4462 1108 4506; x_wconf 90' lang='lat' dir='ltr'><strong>et</strong></span> <span class='ocrx_word' id='word_1_592' title='bbox 1147 4453 1449 4521; x_wconf 80' lang='lat' dir='ltr'><strong>symbolum</strong></span> <span class='ocrx_word' id='word_1_593' title='bbox 1495 4455 1705 4509; x_wconf 88' lang='lat' dir='ltr'><strong>redem-</strong></span> 
     </span>
    </p>
   </div>
   <div class='ocr_carea' id='block_1_79' title="bbox 1808 3251 3387 3327">
    <p class='ocr_par' dir='ltr' id='par_1_79' title="bbox 1808 3251 3387 3327">
     <span class='ocr_line' id='line_1_79' title="bbox 1808 3251 3387 3327; baseline 0.006 -24"><span class='ocrx_word' id='word_1_594' title='bbox 1808 3264 1974 3317; x_wconf 88' lang='lat' dir='ltr'><strong>mors,</strong></span> <span class='ocrx_word' id='word_1_595' title='bbox 1999 3261 2052 3305; x_wconf 89' lang='lat' dir='ltr'><strong>et</strong></span> <span class='ocrx_word' id='word_1_596' title='bbox 2072 3251 2142 3304; x_wconf 87' lang='lat' dir='ltr'><strong>ita</strong></span> <span class='ocrx_word' id='word_1_597' title='bbox 2163 3251 2213 3304; x_wconf 91' lang='lat' dir='ltr'><strong>in</strong></span> <span class='ocrx_word' id='word_1_598' title='bbox 2240 3267 2425 3307; x_wconf 85' lang='lat' dir='ltr'><strong>omnes</strong></span> <span class='ocrx_word' id='word_1_599' title='bbox 2444 3251 2687 3307; x_wconf 87' lang='lat' dir='ltr'><strong>homines</strong></span> <span class='ocrx_word' id='word_1_600' title='bbox 2711 3257 3036 3323; x_wconf 86' lang='lat' dir='ltr'><strong>pertransiit,</strong></span> <span class='ocrx_word' id='word_1_601' title='bbox 3068 3257 3118 3309; x_wconf 90' lang='lat' dir='ltr'><strong>in</strong></span> <span class='ocrx_word' id='word_1_602' title='bbox 3145 3273 3249 3327; x_wconf 89' lang='lat' dir='ltr'><strong>quo</strong></span> <span class='ocrx_word' id='word_1_603' title='bbox 3275 3276 3387 3314; x_wconf 87' lang='lat' dir='ltr'><strong>om-</strong></span> 
     </span>
    </p>
   </div>
   <div class='ocr_carea' id='block_1_80' title="bbox 1807 3343 3387 3415">
    <p class='ocr_par' dir='ltr' id='par_1_80' title="bbox 1807 3343 3387 3415">
     <span class='ocr_line' id='line_1_80' title="bbox 1807 3343 3387 3415; baseline 0.008 -20"><span class='ocrx_word' id='word_1_604' title='bbox 1807 3357 1899 3396; x_wconf 90' lang='lat' dir='ltr'><strong>nes</strong></span> <span class='ocrx_word' id='word_1_605' title='bbox 1925 3356 2307 3411; x_wconf 86' lang='lat' dir='ltr'><strong>peccaverunt;</strong></span> <span class='ocrx_word' id='word_1_606' title='bbox 2356 3353 2404 3398; x_wconf 84' lang='lat' dir='ltr'><strong>et</strong></span> <span class='ocrx_word' id='word_1_607' title='bbox 2448 3345 2553 3396; x_wconf 92' lang='lat' dir='ltr'><strong>alio</strong></span> <span class='ocrx_word' id='word_1_608' title='bbox 2583 3343 2695 3397; x_wconf 89' lang='lat' dir='ltr'><strong>loco</strong></span> <span class='ocrx_word' id='word_1_609' title='bbox 2724 3346 2767 3415; x_wconf 83' lang='grc'><strong>(1</strong></span> <span class='ocrx_word' id='word_1_610' title='bbox 2795 3346 2918 3400; x_wconf 88' lang='lat' dir='ltr'><strong>Cor.</strong></span> <span class='ocrx_word' id='word_1_611' title='bbox 2959 3364 3049 3413; x_wconf 80' lang='lat' dir='ltr'><strong>xv,</strong></span> <span class='ocrx_word' id='word_1_612' title='bbox 3076 3349 3167 3415; x_wconf 72' lang='lat'><strong>2&#39;2)</strong></span> <span class='ocrx_word' id='word_1_613' title='bbox 3196 3367 3209 3403; x_wconf 86' lang='lat'>:</span> <span class='ocrx_word' id='word_1_614' title='bbox 3238 3351 3387 3407; x_wconf 80' lang='lat' dir='ltr'><strong>Sicut</strong></span> 
     </span>
    </p>
   </div>
   <div class='ocr_carea' id='block_1_81' title="bbox 1807 3433 3387 3499">
    <p class='ocr_par' dir='ltr' id='par_1_81' title="bbox 1807 3433 3387 3499">
     <span class='ocr_line' id='line_1_81' title="bbox 1807 3433 3387 3499; baseline 0.006 -13"><span class='ocrx_word' id='word_1_615' title='bbox 1807 3433 1859 3486; x_wconf 91' lang='lat' dir='ltr'><strong>in</strong></span> <span class='ocrx_word' id='word_1_616' title='bbox 1893 3434 2059 3487; x_wconf 86' lang='lat' dir='ltr'><strong>Adam</strong></span> <span class='ocrx_word' id='word_1_617' title='bbox 2086 3450 2272 3488; x_wconf 88' lang='lat' dir='ltr'><strong>omnes</strong></span> <span class='ocrx_word' id='word_1_618' title='bbox 2306 3438 2627 3499; x_wconf 90' lang='lat' dir='ltr'><strong>moriuntur,</strong></span> <span class='ocrx_word' id='word_1_619' title='bbox 2661 3438 2739 3489; x_wconf 81' lang='lat' dir='ltr'><strong>sic</strong></span> <span class='ocrx_word' id='word_1_620' title='bbox 2767 3445 2823 3491; x_wconf 90' lang='lat' dir='ltr'><strong>et</strong></span> <span class='ocrx_word' id='word_1_621' title='bbox 2868 3438 2919 3490; x_wconf 91' lang='lat' dir='ltr'><strong>in</strong></span> <span class='ocrx_word' id='word_1_622' title='bbox 2956 3436 3169 3493; x_wconf 87' lang='lat' dir='ltr'><strong>Christo</strong></span> <span class='ocrx_word' id='word_1_623' title='bbox 3199 3457 3387 3496; x_wconf 88' lang='lat' dir='ltr'><strong>omnes</strong></span> 
     </span>
    </p>
   </div>
   <div class='ocr_carea' id='block_1_82' title="bbox 1808 3526 3386 3596">
    <p class='ocr_par' dir='ltr' id='par_1_82' title="bbox 1808 3526 3386 3596">
     <span class='ocr_line' id='line_1_82' title="bbox 1808 3526 3386 3596; baseline 0.005 -19"><span class='ocrx_word' id='word_1_624' title='bbox 1808 3526 2233 3580; x_wconf 86' lang='lat' dir='ltr'><strong>vivificabuntur.</strong></span> <span class='ocrx_word' id='word_1_625' title='bbox 2288 3527 2305 3596; x_wconf 76' lang='lat' dir='ltr'><strong>j</strong></span> <span class='ocrx_word' id='word_1_626' title='bbox 2361 3526 2745 3579; x_wconf 74' lang='lat' dir='ltr'><strong>Existimabam</strong></span> <span class='ocrx_word' id='word_1_627' title='bbox 2803 3529 3088 3596; x_wconf 86' lang='lat' dir='ltr'><strong>legendum</strong></span> <span class='ocrx_word' id='word_1_628' title='bbox 3150 3532 3199 3584; x_wconf 90' lang='lat' dir='ltr'><strong>in</strong></span> <span class='ocrx_word' id='word_1_629' title='bbox 3267 3533 3386 3587; x_wconf 89' lang='lat' dir='ltr'><strong>loco</strong></span> 
     </span>
    </p>
   </div>
   <div class='ocr_carea' id='block_1_83' title="bbox 1809 3617 3385 3685">
    <p class='ocr_par' dir='ltr' id='par_1_83' title="bbox 1809 3617 3385 3685">
     <span class='ocr_line' id='line_1_83' title="bbox 1809 3617 3385 3685; baseline 0.005 -15"><span class='ocrx_word' id='word_1_630' title='bbox 1809 3617 1965 3671; x_wconf 79' lang='lat' dir='ltr'><strong>Rom.</strong></span> <span class='ocrx_word' id='word_1_631' title='bbox 1999 3634 2051 3685; x_wconf 80' lang='grc' dir='ltr'><strong>ν,</strong></span> <span class='ocrx_word' id='word_1_632' title='bbox 2102 3634 2237 3669; x_wconf 86' lang='lat' dir='ltr'><strong>mors</strong></span> <span class='ocrx_word' id='word_1_633' title='bbox 2283 3617 2596 3685; x_wconf 86' lang='lat' dir='ltr'><strong>pertransiit,</strong></span> <span class='ocrx_word' id='word_1_634' title='bbox 2643 3634 2763 3672; x_wconf 91' lang='lat' dir='ltr'><strong>nam</strong></span> <span class='ocrx_word' id='word_1_635' title='bbox 2818 3636 2919 3673; x_wconf 77' lang='lat' dir='ltr'><strong>vox</strong></span> <span class='ocrx_word' id='word_1_636' title='bbox 2968 3620 3182 3682; x_wconf 73' lang='grc' dir='ltr'><strong>θάνατος</strong></span> <span class='ocrx_word' id='word_1_637' title='bbox 3212 3634 3296 3678; x_wconf 90' lang='lat' dir='ltr'><strong>est</strong></span> <span class='ocrx_word' id='word_1_638' title='bbox 3331 3626 3385 3678; x_wconf 88' lang='lat' dir='ltr'><strong>in</strong></span> 
     </span>
    </p>
   </div>
   <div class='ocr_carea' id='block_1_84' title="bbox 1806 3708 3387 3785">
    <p class='ocr_par' dir='ltr' id='par_1_84' title="bbox 1806 3708 3387 3785">
     <span class='ocr_line' id='line_1_84' title="bbox 1806 3708 3387 3785; baseline 0.005 -23"><span class='ocrx_word' id='word_1_639' title='bbox 1806 3710 2055 3763; x_wconf 88' lang='lat' dir='ltr'><strong>omnibus</strong></span> <span class='ocrx_word' id='word_1_640' title='bbox 2085 3708 2287 3763; x_wconf 58' lang='lat' dir='ltr'><strong>Graecis</strong></span> <span class='ocrx_word' id='word_1_641' title='bbox 2326 3708 2758 3777; x_wconf 76' lang='lat' dir='ltr'><strong>exemplaribus;</strong></span> <span class='ocrx_word' id='word_1_642' title='bbox 2823 3711 2915 3764; x_wconf 77' lang='lat' dir='ltr'><strong>Sed</strong></span> <span class='ocrx_word' id='word_1_643' title='bbox 2947 3720 3002 3765; x_wconf 88' lang='lat' dir='ltr'><strong>et</strong></span> <span class='ocrx_word' id='word_1_644' title='bbox 3028 3711 3155 3766; x_wconf 89' lang='lat' dir='ltr'><strong>alibi</strong></span> <span class='ocrx_word' id='word_1_645' title='bbox 3197 3710 3387 3785; x_wconf 86' lang='lat' dir='ltr'><strong>perpe-</strong></span> 
     </span>
    </p>
   </div>
   <div class='ocr_carea' id='block_1_85' title="bbox 1810 3801 3384 3873">
    <p class='ocr_par' dir='ltr' id='par_1_85' title="bbox 1810 3801 3384 3873">
     <span class='ocr_line' id='line_1_85' title="bbox 1810 3801 3384 3873; baseline 0.005 -17"><span class='ocrx_word' id='word_1_646' title='bbox 1810 3818 1923 3856; x_wconf 89' lang='lat' dir='ltr'><strong>ram</strong></span> <span class='ocrx_word' id='word_1_647' title='bbox 1954 3803 2025 3854; x_wconf 88' lang='lat' dir='ltr'><strong>ita</strong></span> <span class='ocrx_word' id='word_1_648' title='bbox 2054 3802 2325 3869; x_wconf 80' lang='lat' dir='ltr'><strong>profertur</strong></span> <span class='ocrx_word' id='word_1_649' title='bbox 2372 3801 2458 3855; x_wconf 90' lang='lat' dir='ltr'><strong>hic</strong></span> <span class='ocrx_word' id='word_1_650' title='bbox 2486 3802 2633 3856; x_wconf 91' lang='lat' dir='ltr'><strong>locus</strong></span> <span class='ocrx_word' id='word_1_651' title='bbox 2663 3804 2730 3857; x_wconf 91' lang='lat' dir='ltr'><strong>ab</strong></span> <span class='ocrx_word' id='word_1_652' title='bbox 2760 3804 3085 3873; x_wconf 79' lang='lat' dir='ltr'><strong>Augustino,</strong></span> <span class='ocrx_word' id='word_1_653' title='bbox 3116 3815 3172 3860; x_wconf 92' lang='lat' dir='ltr'><strong>ut</strong></span> <span class='ocrx_word' id='word_1_654' title='bbox 3209 3808 3257 3861; x_wconf 91' lang='lat' dir='ltr'><strong>in</strong></span> <span class='ocrx_word' id='word_1_655' title='bbox 3293 3809 3384 3865; x_wconf 91' lang='lat' dir='ltr'><strong>lib.</strong></span> 
     </span>
    </p>
   </div>
   <div class='ocr_carea' id='block_1_86' title="bbox 1808 3893 3389 3969">
    <p class='ocr_par' dir='ltr' id='par_1_86' title="bbox 1808 3893 3389 3969">
     <span class='ocr_line' id='line_1_86' title="bbox 1808 3893 3389 3969; baseline 0.006 -22"><span class='ocrx_word' id='word_1_656' title='bbox 1808 3911 1881 3959; x_wconf 82' lang='lat' dir='ltr'><strong>iv,</strong></span> <span class='ocrx_word' id='word_1_657' title='bbox 1914 3903 2105 3948; x_wconf 86' lang='lat' dir='ltr'><strong>(onlra</strong></span> <span class='ocrx_word' id='word_1_658' title='bbox 2130 3895 2262 3948; x_wconf 90' lang='lat' dir='ltr'><strong>duas</strong></span> <span class='ocrx_word' id='word_1_659' title='bbox 2289 3893 2448 3963; x_wconf 90' lang='lat' dir='ltr'><strong>epist.</strong></span> <span class='ocrx_word' id='word_1_660' title='bbox 2479 3895 2909 3965; x_wconf 86' lang='lat' dir='ltr'><strong>Pelagianorum,</strong></span> <span class='ocrx_word' id='word_1_661' title='bbox 2954 3913 3105 3953; x_wconf 91' lang='lat' dir='ltr'><strong>num.</strong></span> <span class='ocrx_word' id='word_1_662' title='bbox 3134 3901 3185 3953; x_wconf 90' lang='lat'><strong>7.</strong></span> <span class='ocrx_word' id='word_1_663' title='bbox 3211 3904 3389 3969; x_wconf 84' lang='lat' dir='ltr'><strong>Atque</strong></span> 
     </span>
    </p>
   </div>
   <div class='ocr_carea' id='block_1_87' title="bbox 1808 3986 3389 4058">
    <p class='ocr_par' dir='ltr' id='par_1_87' title="bbox 1808 3986 3389 4058">
     <span class='ocr_line' id='line_1_87' title="bbox 1808 3986 3389 4058; baseline 0.006 -19"><span class='ocrx_word' id='word_1_664' title='bbox 1808 4002 1870 4039; x_wconf 81' lang='lat' dir='ltr'><strong>ex</strong></span> <span class='ocrx_word' id='word_1_665' title='bbox 1904 3989 2000 4039; x_wconf 91' lang='lat' dir='ltr'><strong>hac</strong></span> <span class='ocrx_word' id='word_1_666' title='bbox 2028 3986 2317 4041; x_wconf 88' lang='lat' dir='ltr'><strong>omissione</strong></span> <span class='ocrx_word' id='word_1_667' title='bbox 2340 4000 2620 4055; x_wconf 83' lang='lat' dir='ltr'><strong>perperam</strong></span> <span class='ocrx_word' id='word_1_668' title='bbox 2646 3988 2806 4042; x_wconf 89' lang='lat' dir='ltr'><strong>etiam</strong></span> <span class='ocrx_word' id='word_1_669' title='bbox 2836 3999 3263 4058; x_wconf 87' lang='lat' dir='ltr'><strong>argumentatur.</strong></span> <span class='ocrx_word' id='word_1_670' title='bbox 3289 3992 3389 4048; x_wconf 80' lang='lat' dir='ltr'><strong>Ve-</strong></span> 
     </span>
    </p>
   </div>
   <div class='ocr_carea' id='block_1_88' title="bbox 1809 4078 3388 4149">
    <p class='ocr_par' dir='ltr' id='par_1_88' title="bbox 1809 4078 3388 4149">
     <span class='ocr_line' id='line_1_88' title="bbox 1809 4078 3388 4149; baseline 0.006 -19"><span class='ocrx_word' id='word_1_671' title='bbox 1809 4094 1922 4131; x_wconf 90' lang='lat' dir='ltr'><strong>rum</strong></span> <span class='ocrx_word' id='word_1_672' title='bbox 1957 4079 2114 4146; x_wconf 77' lang='lat' dir='ltr'><strong>hujus</strong></span> <span class='ocrx_word' id='word_1_673' title='bbox 2168 4078 2271 4132; x_wconf 91' lang='lat' dir='ltr'><strong>loci</strong></span> <span class='ocrx_word' id='word_1_674' title='bbox 2320 4093 2510 4133; x_wconf 88' lang='lat' dir='ltr'><strong>sensus</strong></span> <span class='ocrx_word' id='word_1_675' title='bbox 2549 4088 2632 4135; x_wconf 88' lang='lat' dir='ltr'><strong>est</strong></span> <span class='ocrx_word' id='word_1_676' title='bbox 2676 4097 2688 4133; x_wconf 91' lang='lat'><strong>:</strong></span> <span class='ocrx_word' id='word_1_677' title='bbox 2740 4091 2790 4132; x_wconf 89' lang='lat' dir='ltr'><strong>ut</strong></span> <span class='ocrx_word' id='word_1_678' title='bbox 2819 4098 2908 4149; x_wconf 88' lang='lat' dir='ltr'><strong>per</strong></span> <span class='ocrx_word' id='word_1_679' title='bbox 2934 4099 3088 4135; x_wconf 88' lang='lat' dir='ltr'><strong>unum</strong></span> <span class='ocrx_word' id='word_1_680' title='bbox 3130 4084 3388 4140; x_wconf 88' lang='lat' dir='ltr'><strong>hominem</strong></span> 
     </span>
    </p>
   </div>
   <div class='ocr_carea' id='block_1_89' title="bbox 1810 4169 3389 4241">
    <p class='ocr_par' dir='ltr' id='par_1_89' title="bbox 1810 4169 3389 4241">
     <span class='ocr_line' id='line_1_89' title="bbox 1810 4169 3389 4241; baseline 0.007 -20"><span class='ocrx_word' id='word_1_681' title='bbox 1810 4177 2069 4236; x_wconf 79' lang='lat' dir='ltr'><strong>peccatum</strong></span> <span class='ocrx_word' id='word_1_682' title='bbox 2091 4170 2299 4222; x_wconf 53' lang='lat' dir='ltr'><strong>intravit</strong></span> <span class='ocrx_word' id='word_1_683' title='bbox 2330 4170 2380 4222; x_wconf 86' lang='lat' dir='ltr'><strong>in</strong></span> <span class='ocrx_word' id='word_1_684' title='bbox 2421 4169 2690 4235; x_wconf 66' lang='lat' dir='ltr'><strong>mundum,</strong></span> <span class='ocrx_word' id='word_1_685' title='bbox 2723 4180 2769 4222; x_wconf 86' lang='lat' dir='ltr'><strong>et</strong></span> <span class='ocrx_word' id='word_1_686' title='bbox 2791 4188 2883 4241; x_wconf 86' lang='lat' dir='ltr'><strong>per</strong></span> <span class='ocrx_word' id='word_1_687' title='bbox 2924 4184 3182 4240; x_wconf 84' lang='lat' dir='ltr'><strong>peccatum</strong></span> <span class='ocrx_word' id='word_1_688' title='bbox 3210 4194 3348 4231; x_wconf 90' lang='lat' dir='ltr'><strong>mors</strong></span> <span class='ocrx_word' id='word_1_689' title='bbox 3370 4194 3389 4232; x_wconf 92' lang='lat'><strong><em>:</em></strong></span> 
     </span>
    </p>
   </div>
   <div class='ocr_carea' id='block_1_90' title="bbox 1807 4262 3389 4335">
    <p class='ocr_par' dir='ltr' id='par_1_90' title="bbox 1807 4262 3389 4335">
     <span class='ocr_line' id='line_1_90' title="bbox 1807 4262 3389 4335; baseline 0.003 -17"><span class='ocrx_word' id='word_1_690' title='bbox 1807 4267 1878 4318; x_wconf 89' lang='lat' dir='ltr'><strong>ita</strong></span> <span class='ocrx_word' id='word_1_691' title='bbox 1904 4266 2054 4319; x_wconf 89' lang='lat' dir='ltr'><strong>etiam</strong></span> <span class='ocrx_word' id='word_1_692' title='bbox 2071 4281 2203 4318; x_wconf 88' lang='lat' dir='ltr'><strong>mors</strong></span> <span class='ocrx_word' id='word_1_693' title='bbox 2224 4266 2275 4317; x_wconf 86' lang='lat' dir='ltr'><strong>in</strong></span> <span class='ocrx_word' id='word_1_694' title='bbox 2300 4280 2470 4317; x_wconf 88' lang='lat' dir='ltr'><strong>omnes</strong></span> <span class='ocrx_word' id='word_1_695' title='bbox 2492 4262 2722 4318; x_wconf 84' lang='lat' dir='ltr'><strong>homines</strong></span> <span class='ocrx_word' id='word_1_696' title='bbox 2747 4269 3058 4334; x_wconf 83' lang='lat' dir='ltr'><strong>pertransiit,</strong></span> <span class='ocrx_word' id='word_1_697' title='bbox 3077 4269 3194 4335; x_wconf 88' lang='lat' dir='ltr'><strong>quia</strong></span> <span class='ocrx_word' id='word_1_698' title='bbox 3217 4286 3389 4323; x_wconf 84' lang='lat' dir='ltr'><strong>omnes</strong></span> 
     </span>
    </p>
   </div>
   <div class='ocr_carea' id='block_1_91' title="bbox 1808 4357 3386 4429">
    <p class='ocr_par' dir='ltr' id='par_1_91' title="bbox 1808 4357 3386 4429">
     <span class='ocr_line' id='line_1_91' title="bbox 1808 4357 3386 4429; baseline 0.003 -18"><span class='ocrx_word' id='word_1_699' title='bbox 1808 4367 2096 4429; x_wconf 75' lang='lat' dir='ltr'><strong>peccaram,</strong></span> <span class='ocrx_word' id='word_1_700' title='bbox 2136 4357 2263 4410; x_wconf 75' lang='lat' dir='ltr'><strong>Nam</strong></span> <span class='ocrx_word' id='word_1_701' title='bbox 2306 4358 2468 4418; x_wconf 78' lang='grc' dir='ltr'><strong>οὕτως</strong></span> <span class='ocrx_word' id='word_1_702' title='bbox 2499 4361 2603 4427; x_wconf 83' lang='grc' dir='ltr'><strong><em>καὶ,</em></strong></span> <span class='ocrx_word' id='word_1_703' title='bbox 2640 4360 2711 4411; x_wconf 85' lang='lat' dir='ltr'><strong>sic</strong></span> <span class='ocrx_word' id='word_1_704' title='bbox 2746 4368 2811 4421; x_wconf 89' lang='lat' dir='ltr'><strong>et,</strong></span> <span class='ocrx_word' id='word_1_705' title='bbox 2846 4360 3065 4427; x_wconf 86' lang='lat' dir='ltr'><strong>perinde</strong></span> <span class='ocrx_word' id='word_1_706' title='bbox 3105 4370 3188 4415; x_wconf 89' lang='lat' dir='ltr'><strong>est</strong></span> <span class='ocrx_word' id='word_1_707' title='bbox 3215 4376 3277 4413; x_wconf 92' lang='lat' dir='ltr'><strong>ac</strong></span> <span class='ocrx_word' id='word_1_708' title='bbox 3306 4368 3386 4415; x_wconf 79' lang='grc' dir='ltr'><strong>καὶ</strong></span> 
     </span>
    </p>
   </div>
   <div class='ocr_carea' id='block_1_92' title="bbox 1810 4447 3389 4517">
    <p class='ocr_par' dir='ltr' id='par_1_92' title="bbox 1810 4447 3389 4517">
     <span class='ocr_line' id='line_1_92' title="bbox 1810 4447 3389 4517; baseline 0.003 -15"><span class='ocrx_word' id='word_1_709' title='bbox 1810 4449 1990 4512; x_wconf 66' lang='grc' dir='ltr'><strong>οὕτως,</strong></span> <span class='ocrx_word' id='word_1_710' title='bbox 2016 4456 2061 4501; x_wconf 88' lang='lat' dir='ltr'><strong>et</strong></span> <span class='ocrx_word' id='word_1_711' title='bbox 2090 4450 2180 4511; x_wconf 88' lang='lat' dir='ltr'><strong>sic,</strong></span> <span class='ocrx_word' id='word_1_712' title='bbox 2208 4463 2261 4500; x_wconf 84' lang='lat' dir='ltr'><strong>nt</strong></span> <span class='ocrx_word' id='word_1_713' title='bbox 2290 4447 2417 4501; x_wconf 87' lang='lat' dir='ltr'><strong>Luc.</strong></span> <span class='ocrx_word' id='word_1_714' title='bbox 2452 4464 2575 4514; x_wconf 80' lang='lat' dir='ltr'><strong>xvu,</strong></span> <span class='ocrx_word' id='word_1_715' title='bbox 2609 4449 2815 4516; x_wconf 63' lang='lat'><strong>25,26;</strong></span> <span class='ocrx_word' id='word_1_716' title='bbox 2843 4450 2952 4503; x_wconf 83' lang='lat' dir='ltr'><strong>Jac.</strong></span> <span class='ocrx_word' id='word_1_717' title='bbox 2988 4467 3045 4517; x_wconf 87' lang='lat' dir='ltr'><strong>ll,</strong></span> <span class='ocrx_word' id='word_1_718' title='bbox 3072 4452 3164 4505; x_wconf 69' lang='lat'><strong>‘26.</strong></span> <span class='ocrx_word' id='word_1_719' title='bbox 3186 4451 3389 4506; x_wconf 88' lang='lat' dir='ltr'><strong>Deinde</strong></span> 
     </span>
    </p>
   </div>
   <div class='ocr_carea' id='block_1_93' title="bbox 138 4536 3383 4615">
    <p class='ocr_par' dir='ltr' id='par_1_93' title="bbox 138 4536 3383 4615">
     <span class='ocr_line' id='line_1_93' title="bbox 138 4536 3383 4615; baseline 0.001 -22"><span class='ocrx_word' id='word_1_720' title='bbox 138 4542 320 4607; x_wconf 85' lang='lat' dir='ltr'><strong>ptiouis</strong></span> <span class='ocrx_word' id='word_1_721' title='bbox 341 4542 648 4607; x_wconf 81' lang='lat' dir='ltr'><strong>infantium,</strong></span> <span class='ocrx_word' id='word_1_722' title='bbox 676 4556 779 4596; x_wconf 89' lang='lat' dir='ltr'><strong>non</strong></span> <span class='ocrx_word' id='word_1_723' title='bbox 808 4542 1021 4611; x_wconf 88' lang='lat' dir='ltr'><strong>quidem</strong></span> <span class='ocrx_word' id='word_1_724' title='bbox 1053 4557 1081 4595; x_wconf 91' lang='lat' dir='ltr'><strong>a</strong></span> <span class='ocrx_word' id='word_1_725' title='bbox 1110 4550 1349 4612; x_wconf 80' lang='lat' dir='ltr'><strong>peccato,</strong></span> <span class='ocrx_word' id='word_1_726' title='bbox 1372 4558 1476 4615; x_wconf 92' lang='lat' dir='ltr'><strong>quo</strong></span> <span class='ocrx_word' id='word_1_727' title='bbox 1494 4556 1698 4611; x_wconf 88' lang='lat' dir='ltr'><strong>carent,</strong></span> <span class='ocrx_word' id='word_1_728' title='bbox 1736 4536 1779 4594; x_wconf 88' lang='lat' dir='ltr'><strong>D</strong></span> <span class='ocrx_word' id='word_1_729' title='bbox 1808 4539 1972 4614; x_wconf 78' lang='grc' dir='ltr'><strong>Ἐφ”ᾦ</strong></span> <span class='ocrx_word' id='word_1_730' title='bbox 1995 4552 2076 4595; x_wconf 91' lang='lat' dir='ltr'><strong>est</strong></span> <span class='ocrx_word' id='word_1_731' title='bbox 2124 4541 2241 4609; x_wconf 89' lang='lat' dir='ltr'><strong>quia</strong></span> <span class='ocrx_word' id='word_1_732' title='bbox 2274 4541 2354 4595; x_wconf 85' lang='lat' dir='ltr'><strong>vel</strong></span> <span class='ocrx_word' id='word_1_733' title='bbox 2388 4558 2444 4592; x_wconf 86' lang='lat' dir='ltr'><strong>eo</strong></span> <span class='ocrx_word' id='word_1_734' title='bbox 2473 4542 2632 4611; x_wconf 87' lang='lat' dir='ltr'><strong>quod,</strong></span> <span class='ocrx_word' id='word_1_735' title='bbox 2685 4557 2788 4596; x_wconf 90' lang='lat' dir='ltr'><strong>non</strong></span> <span class='ocrx_word' id='word_1_736' title='bbox 2828 4544 2880 4596; x_wconf 85' lang='lat' dir='ltr'><strong>in</strong></span> <span class='ocrx_word' id='word_1_737' title='bbox 2924 4560 3043 4611; x_wconf 90' lang='lat' dir='ltr'><strong>quo,</strong></span> <span class='ocrx_word' id='word_1_738' title='bbox 3078 4552 3132 4595; x_wconf 90' lang='lat' dir='ltr'><strong>ut</strong></span> <span class='ocrx_word' id='word_1_739' title='bbox 3171 4542 3214 4596; x_wconf 89' lang='lat' dir='ltr'><strong>ll</strong></span> <span class='ocrx_word' id='word_1_740' title='bbox 3258 4543 3383 4598; x_wconf 89' lang='lat' dir='ltr'><strong>Cor.</strong></span> 
     </span>
    </p>
   </div>
   <div class='ocr_carea' id='block_1_94' title="bbox 137 4635 1697 4707">
    <p class='ocr_par' dir='ltr' id='par_1_94' title="bbox 137 4635 1697 4707">
     <span class='ocr_line' id='line_1_94' title="bbox 137 4635 1697 4707; baseline 0.003 -19"><span class='ocrx_word' id='word_1_741' title='bbox 137 4636 221 4688; x_wconf 82' lang='lat' dir='ltr'><strong>sed</strong></span> <span class='ocrx_word' id='word_1_742' title='bbox 249 4650 277 4688; x_wconf 86' lang='lat' dir='ltr'><strong>a</strong></span> <span class='ocrx_word' id='word_1_743' title='bbox 321 4636 555 4688; x_wconf 81' lang='lat' dir='ltr'><strong>vanitate</strong></span> <span class='ocrx_word' id='word_1_744' title='bbox 585 4635 669 4688; x_wconf 90' lang='lat' dir='ltr'><strong>cui</strong></span> <span class='ocrx_word' id='word_1_745' title='bbox 698 4649 820 4689; x_wconf 91' lang='lat' dir='ltr'><strong>cum</strong></span> <span class='ocrx_word' id='word_1_746' title='bbox 852 4635 1063 4691; x_wconf 68' lang='lat' dir='ltr'><strong>caneris</strong></span> <span class='ocrx_word' id='word_1_747' title='bbox 1088 4638 1350 4692; x_wconf 89' lang='lat' dir='ltr'><strong>creaturis</strong></span> <span class='ocrx_word' id='word_1_748' title='bbox 1394 4638 1697 4707; x_wconf 84' lang='lat' dir='ltr'><strong>subjaceut,</strong></span> 
     </span>
    </p>
   </div>
   <div class='ocr_carea' id='block_1_95' title="bbox 138 4728 1704 4798">
    <p class='ocr_par' dir='ltr' id='par_1_95' title="bbox 138 4728 1704 4798">
     <span class='ocr_line' id='line_1_95' title="bbox 138 4728 1704 4798; baseline 0.004 -18"><span class='ocrx_word' id='word_1_749' title='bbox 138 4737 185 4780; x_wconf 86' lang='lat' dir='ltr'><strong>et</strong></span> <span class='ocrx_word' id='word_1_750' title='bbox 221 4744 248 4781; x_wconf 87' lang='lat' dir='ltr'><strong>a</strong></span> <span class='ocrx_word' id='word_1_751' title='bbox 277 4743 382 4798; x_wconf 85' lang='lat' dir='ltr'><strong>qua</strong></span> <span class='ocrx_word' id='word_1_752' title='bbox 430 4728 674 4782; x_wconf 77' lang='lat' dir='ltr'><strong>liberabit</strong></span> <span class='ocrx_word' id='word_1_753' title='bbox 707 4742 799 4783; x_wconf 88' lang='lat' dir='ltr'><strong>eos</strong></span> <span class='ocrx_word' id='word_1_754' title='bbox 850 4728 1095 4784; x_wconf 89' lang='lat' dir='ltr'><strong>Christus</strong></span> <span class='ocrx_word' id='word_1_755' title='bbox 1142 4731 1195 4784; x_wconf 89' lang='lat' dir='ltr'><strong>in</strong></span> <span class='ocrx_word' id='word_1_756' title='bbox 1237 4730 1420 4784; x_wconf 87' lang='lat' dir='ltr'><strong>ultima</strong></span> <span class='ocrx_word' id='word_1_757' title='bbox 1463 4747 1704 4787; x_wconf 78' lang='lat' dir='ltr'><strong>resurre-</strong></span> 
     </span>
    </p>
   </div>
   <div class='ocr_carea' id='block_1_96' title="bbox 136 4812 1235 4875">
    <p class='ocr_par' dir='ltr' id='par_1_96' title="bbox 136 4812 1235 4875">
     <span class='ocr_line' id='line_1_96' title="bbox 136 4812 1235 4875; baseline 0.014 -3"><span class='ocrx_word' id='word_1_758' title='bbox 136 4822 322 4875; x_wconf 89' lang='lat' dir='ltr'><strong>ctione.</strong></span> <span class='ocrx_word' id='word_1_759' title='bbox 1232 4812 1235 4815; x_wconf 17' lang='grc' dir='ltr'><em>Α</em></span> 
     </span>
    </p>
   </div>
   <div class='ocr_carea' id='block_1_97' title="bbox 204 4910 1702 4980">
    <p class='ocr_par' dir='ltr' id='par_1_97' title="bbox 204 4910 1702 4980">
     <span class='ocr_line' id='line_1_97' title="bbox 204 4910 1702 4980; baseline 0.001 -14"><span class='ocrx_word' id='word_1_760' title='bbox 204 4912 436 4980; x_wconf 70' lang='lat' dir='ltr'><strong>Epistola</strong></span> <span class='ocrx_word' id='word_1_761' title='bbox 462 4910 586 4975; x_wconf 78' lang='grc'><strong>176,</strong></span> <span class='ocrx_word' id='word_1_762' title='bbox 619 4910 646 4980; x_wconf 83' lang='lat'>§</span> <span class='ocrx_word' id='word_1_763' title='bbox 674 4911 729 4965; x_wconf 76' lang='grc'><strong>2.</strong></span> <span class='ocrx_word' id='word_1_764' title='bbox 774 4910 899 4965; x_wconf 87' lang='lat' dir='ltr'><strong>Cum</strong></span> <span class='ocrx_word' id='word_1_765' title='bbox 932 4913 1180 4967; x_wconf 87' lang='lat' dir='ltr'><strong>Dominus</strong></span> <span class='ocrx_word' id='word_1_766' title='bbox 1208 4914 1437 4967; x_wconf 81' lang='lat' dir='ltr'><strong>docuerit</strong></span> <span class='ocrx_word' id='word_1_767' title='bbox 1473 4924 1528 4968; x_wconf 92' lang='lat' dir='ltr'><strong>ut</strong></span> <span class='ocrx_word' id='word_1_768' title='bbox 1557 4915 1702 4967; x_wconf 88' lang='lat' dir='ltr'><strong>dica-</strong></span> 
     </span>
    </p>
   </div>
   <div class='ocr_carea' id='block_1_98' title="bbox 138 5003 1703 5071">
    <p class='ocr_par' dir='ltr' id='par_1_98' title="bbox 138 5003 1703 5071">
     <span class='ocr_line' id='line_1_98' title="bbox 138 5003 1703 5071; baseline 0.003 -18"><span class='ocrx_word' id='word_1_769' title='bbox 138 5020 236 5057; x_wconf 82' lang='lat' dir='ltr'><strong>mus</strong></span> <span class='ocrx_word' id='word_1_770' title='bbox 267 5021 285 5057; x_wconf 87' lang='lat'><strong><em>:</em></strong></span> <span class='ocrx_word' id='word_1_771' title='bbox 312 5004 529 5057; x_wconf 90' lang='lat' dir='ltr'><strong>Dimitte</strong></span> <span class='ocrx_word' id='word_1_772' title='bbox 572 5003 726 5057; x_wconf 86' lang='lat' dir='ltr'><strong>nobis</strong></span> <span class='ocrx_word' id='word_1_773' title='bbox 767 5003 944 5057; x_wconf 90' lang='lat' dir='ltr'><strong>debita</strong></span> <span class='ocrx_word' id='word_1_774' title='bbox 989 5014 1189 5069; x_wconf 88' lang='lat' dir='ltr'><strong>nostra,</strong></span> <span class='ocrx_word' id='word_1_775' title='bbox 1242 5016 1362 5071; x_wconf 86' lang='lat' dir='ltr'><strong>etc.,</strong></span> <span class='ocrx_word' id='word_1_776' title='bbox 1403 5005 1488 5059; x_wconf 87' lang='lat' dir='ltr'><strong>isti</strong></span> <span class='ocrx_word' id='word_1_777' title='bbox 1529 5005 1703 5057; x_wconf 86' lang='lat' dir='ltr'><strong>dicunt</strong></span> 
     </span>
    </p>
   </div>
   <div class='ocr_carea' id='block_1_99' title="bbox 136 5093 1705 5165">
    <p class='ocr_par' dir='ltr' id='par_1_99' title="bbox 136 5093 1705 5165">
     <span class='ocr_line' id='line_1_99' title="bbox 136 5093 1705 5165; baseline -0.001 -18"><span class='ocrx_word' id='word_1_778' title='bbox 136 5110 269 5162; x_wconf 71' lang='lat' dir='ltr'><strong>posse</strong></span> <span class='ocrx_word' id='word_1_779' title='bbox 290 5095 547 5148; x_wconf 86' lang='lat' dir='ltr'><strong>hominem</strong></span> <span class='ocrx_word' id='word_1_780' title='bbox 572 5095 623 5146; x_wconf 88' lang='lat' dir='ltr'><strong>in</strong></span> <span class='ocrx_word' id='word_1_781' title='bbox 660 5093 759 5146; x_wconf 82' lang='lat' dir='ltr'><strong>hac</strong></span> <span class='ocrx_word' id='word_1_782' title='bbox 783 5095 906 5161; x_wconf 86' lang='lat' dir='ltr'><strong>vita,</strong></span> <span class='ocrx_word' id='word_1_783' title='bbox 940 5096 1204 5163; x_wconf 80' lang='lat' dir='ltr'><strong>prrcceptis</strong></span> <span class='ocrx_word' id='word_1_784' title='bbox 1243 5093 1341 5147; x_wconf 88' lang='lat' dir='ltr'><strong>Dei</strong></span> <span class='ocrx_word' id='word_1_785' title='bbox 1361 5095 1601 5165; x_wconf 85' lang='lat' dir='ltr'><strong>cognitis,</strong></span> <span class='ocrx_word' id='word_1_786' title='bbox 1639 5094 1705 5146; x_wconf 92' lang='lat' dir='ltr'><strong>ad</strong></span> 
     </span>
    </p>
   </div>
   <div class='ocr_carea' id='block_1_100' title="bbox 138 5184 1707 5260">
    <p class='ocr_par' dir='ltr' id='par_1_100' title="bbox 138 5184 1707 5260">
     <span class='ocr_line' id='line_1_100' title="bbox 138 5184 1707 5260; baseline 0.003 -26"><span class='ocrx_word' id='word_1_787' title='bbox 138 5193 318 5238; x_wconf 81' lang='lat' dir='ltr'><strong>tantam</strong></span> <span class='ocrx_word' id='word_1_788' title='bbox 341 5184 700 5255; x_wconf 73' lang='lat' dir='ltr'><strong>perfectionem</strong></span> <span class='ocrx_word' id='word_1_789' title='bbox 709 5184 930 5254; x_wconf 77' lang='lat' dir='ltr'><strong>justitia:</strong></span> <span class='ocrx_word' id='word_1_790' title='bbox 949 5202 1075 5249; x_wconf 66' lang='lat' dir='ltr'><strong>sum,</strong></span> <span class='ocrx_word' id='word_1_791' title='bbox 1112 5188 1224 5240; x_wconf 83' lang='lat' dir='ltr'><strong>sine</strong></span> <span class='ocrx_word' id='word_1_792' title='bbox 1245 5186 1507 5260; x_wconf 78' lang='lat' dir='ltr'><strong>odjutorio</strong></span> <span class='ocrx_word' id='word_1_793' title='bbox 1530 5186 1707 5255; x_wconf 79' lang='lat' dir='ltr'><strong>gratia:</strong></span> 
     </span>
    </p>
   </div>
   <div class='ocr_carea' id='block_1_101' title="bbox 151 5274 1707 5348">
    <p class='ocr_par' dir='ltr' id='par_1_101' title="bbox 151 5274 1707 5348">
     <span class='ocr_line' id='line_1_101' title="bbox 151 5274 1707 5348; baseline 0.002 -22"><span class='ocrx_word' id='word_1_794' title='bbox 151 5274 438 5341; x_wconf 69' lang='lat' dir='ltr'><strong>Saluatoris,</strong></span> <span class='ocrx_word' id='word_1_795' title='bbox 464 5292 554 5345; x_wconf 88' lang='lat' dir='ltr'><strong>per</strong></span> <span class='ocrx_word' id='word_1_796' title='bbox 592 5275 761 5327; x_wconf 84' lang='lat' dir='ltr'><strong>solum</strong></span> <span class='ocrx_word' id='word_1_797' title='bbox 808 5276 1023 5329; x_wconf 81' lang='lat' dir='ltr'><strong>liberum</strong></span> <span class='ocrx_word' id='word_1_798' title='bbox 1058 5278 1323 5330; x_wconf 88' lang='lat' dir='ltr'><strong>arbitrium</strong></span> <span class='ocrx_word' id='word_1_799' title='bbox 1346 5278 1626 5348; x_wconf 81' lang='lat' dir='ltr'><strong>pervenire,</strong></span> <span class='ocrx_word' id='word_1_800' title='bbox 1653 5288 1707 5330; x_wconf 91' lang='lat' dir='ltr'><strong>ut</strong></span> 
     </span>
    </p>
   </div>
   <div class='ocr_carea' id='block_1_102' title="bbox 152 5368 1707 5441">
    <p class='ocr_par' dir='ltr' id='par_1_102' title="bbox 152 5368 1707 5441">
     <span class='ocr_line' id='line_1_102' title="bbox 152 5368 1707 5441; baseline 0.004 -22"><span class='ocrx_word' id='word_1_801' title='bbox 152 5382 180 5417; x_wconf 85' lang='lat' dir='ltr'><strong>tt</strong></span> <span class='ocrx_word' id='word_1_802' title='bbox 197 5386 293 5421; x_wconf 83' lang='lat' dir='ltr'><strong>non</strong></span> <span class='ocrx_word' id='word_1_803' title='bbox 314 5370 379 5421; x_wconf 85' lang='lat' dir='ltr'><strong>sit</strong></span> <span class='ocrx_word' id='word_1_804' title='bbox 392 5372 508 5441; x_wconf 86' lang='lat' dir='ltr'><strong>jam</strong></span> <span class='ocrx_word' id='word_1_805' title='bbox 532 5368 869 5422; x_wconf 84' lang='lat' dir='ltr'><strong>necessarium</strong></span> <span class='ocrx_word' id='word_1_806' title='bbox 900 5371 1084 5435; x_wconf 83' lang='lat' dir='ltr'><strong>dicere,</strong></span> <span class='ocrx_word' id='word_1_807' title='bbox 1118 5371 1473 5438; x_wconf 85' lang='lat' dir='ltr'><strong>Ditnitte,etc.</strong></span> <span class='ocrx_word' id='word_1_808' title='bbox 1502 5375 1570 5425; x_wconf 79' lang='lat' dir='ltr'><strong>At</strong></span> <span class='ocrx_word' id='word_1_809' title='bbox 1600 5387 1707 5425; x_wconf 90' lang='lat' dir='ltr'><strong>non</strong></span> 
     </span>
    </p>
   </div>
   <div class='ocr_carea' id='block_1_103' title="bbox 152 5455 1709 5530">
    <p class='ocr_par' dir='ltr' id='par_1_103' title="bbox 152 5455 1709 5530">
     <span class='ocr_line' id='line_1_103' title="bbox 152 5455 1709 5530; baseline 0.003 -20"><span class='ocrx_word' id='word_1_810' title='bbox 152 5455 372 5512; x_wconf 71' lang='lat' dir='ltr'><strong>dicebant</strong></span> <span class='ocrx_word' id='word_1_811' title='bbox 400 5473 723 5527; x_wconf 85' lang='lat' dir='ltr'><strong>quemquam</strong></span> <span class='ocrx_word' id='word_1_812' title='bbox 744 5474 839 5527; x_wconf 89' lang='lat' dir='ltr'><strong>per</strong></span> <span class='ocrx_word' id='word_1_813' title='bbox 866 5469 1033 5513; x_wconf 88' lang='lat' dir='ltr'><strong>totam</strong></span> <span class='ocrx_word' id='word_1_814' title='bbox 1056 5462 1213 5514; x_wconf 86' lang='lat' dir='ltr'><strong>vitam</strong></span> <span class='ocrx_word' id='word_1_815' title='bbox 1239 5463 1528 5517; x_wconf 88' lang='lat' dir='ltr'><strong>immunem</strong></span> <span class='ocrx_word' id='word_1_816' title='bbox 1556 5476 1709 5530; x_wconf 87' lang='lat' dir='ltr'><strong>pror-</strong></span> 
     </span>
    </p>
   </div>
   <div class='ocr_carea' id='block_1_104' title="bbox 151 5551 1708 5621">
    <p class='ocr_par' dir='ltr' id='par_1_104' title="bbox 151 5551 1708 5621">
     <span class='ocr_line' id='line_1_104' title="bbox 151 5551 1708 5621; baseline 0.004 -19"><span class='ocrx_word' id='word_1_817' title='bbox 151 5558 215 5604; x_wconf 67' lang='lat' dir='ltr'><strong>sus</strong></span> <span class='ocrx_word' id='word_1_818' title='bbox 241 5561 577 5618; x_wconf 82' lang='lat' dir='ltr'><strong>peccatorum</strong></span> <span class='ocrx_word' id='word_1_819' title='bbox 608 5551 826 5617; x_wconf 78' lang='lat' dir='ltr'><strong>vixisse,</strong></span> <span class='ocrx_word' id='word_1_820' title='bbox 871 5561 1101 5621; x_wconf 82' lang='lat' dir='ltr'><strong>excepto</strong></span> <span class='ocrx_word' id='word_1_821' title='bbox 1148 5568 1255 5606; x_wconf 93' lang='lat' dir='ltr'><strong>uno</strong></span> <span class='ocrx_word' id='word_1_822' title='bbox 1282 5552 1531 5619; x_wconf 88' lang='lat' dir='ltr'><strong>Christo;</strong></span> <span class='ocrx_word' id='word_1_823' title='bbox 1566 5554 1708 5608; x_wconf 89' lang='lat' dir='ltr'><strong>unde</strong></span> 
     </span>
    </p>
   </div>
   <div class='ocr_carea' id='block_1_105' title="bbox 146 5642 1706 5713">
    <p class='ocr_par' dir='ltr' id='par_1_105' title="bbox 146 5642 1706 5713">
     <span class='ocr_line' id='line_1_105' title="bbox 146 5642 1706 5713; baseline 0.004 -21"><span class='ocrx_word' id='word_1_824' title='bbox 146 5644 449 5711; x_wconf 73' lang='lat' dir='ltr'><strong>sequebatur</strong></span> <span class='ocrx_word' id='word_1_825' title='bbox 482 5642 751 5696; x_wconf 89' lang='lat' dir='ltr'><strong>neminem</strong></span> <span class='ocrx_word' id='word_1_826' title='bbox 783 5657 924 5707; x_wconf 89' lang='lat' dir='ltr'><strong>esse,</strong></span> <span class='ocrx_word' id='word_1_827' title='bbox 969 5658 1031 5696; x_wconf 80' lang='lat' dir='ltr'><strong>ex</strong></span> <span class='ocrx_word' id='word_1_828' title='bbox 1060 5658 1245 5697; x_wconf 85' lang='lat' dir='ltr'><strong>eorum</strong></span> <span class='ocrx_word' id='word_1_829' title='bbox 1278 5645 1583 5712; x_wconf 78' lang='lat' dir='ltr'><strong>sentientis,</strong></span> <span class='ocrx_word' id='word_1_830' title='bbox 1616 5645 1706 5713; x_wconf 87' lang='lat' dir='ltr'><strong>qui</strong></span> 
     </span>
    </p>
   </div>
   <div class='ocr_carea' id='block_1_106' title="bbox 144 5731 1700 5814">
    <p class='ocr_par' dir='ltr' id='par_1_106' title="bbox 144 5731 1700 5814">
     <span class='ocr_line' id='line_1_106' title="bbox 144 5731 1700 5814; baseline 0.004 -29"><span class='ocrx_word' id='word_1_831' title='bbox 144 5738 230 5787; x_wconf 79' lang='lat' dir='ltr'><strong>non</strong></span> <span class='ocrx_word' id='word_1_832' title='bbox 283 5733 507 5788; x_wconf 81' lang='lat' dir='ltr'><strong>deberet</strong></span> <span class='ocrx_word' id='word_1_833' title='bbox 547 5731 733 5814; x_wconf 25' lang='lat' dir='ltr'><strong>dicere.</strong></span> <span class='ocrx_word' id='word_1_834' title='bbox 773 5750 784 5785; x_wconf 89' lang='lat'>:</span> <span class='ocrx_word' id='word_1_835' title='bbox 836 5732 1061 5803; x_wconf 68' lang='lat' dir='ltr'><strong>Dimitte,</strong></span> <span class='ocrx_word' id='word_1_836' title='bbox 1115 5748 1215 5789; x_wconf 87' lang='lat' dir='ltr'><strong>etc.</strong></span> <span class='ocrx_word' id='word_1_837' title='bbox 1271 5735 1402 5791; x_wconf 81' lang='lat' dir='ltr'><strong>Nam</strong></span> <span class='ocrx_word' id='word_1_838' title='bbox 1436 5737 1501 5791; x_wconf 84' lang='lat' dir='ltr'><strong>ad</strong></span> <span class='ocrx_word' id='word_1_839' title='bbox 1545 5736 1700 5791; x_wconf 86' lang='lat' dir='ltr'><strong>linem</strong></span> 
     </span>
    </p>
   </div>
   <div class='ocr_carea' id='block_1_107' title="bbox 1809 4631 3387 4698">
    <p class='ocr_par' dir='ltr' id='par_1_107' title="bbox 1809 4631 3387 4698">
     <span class='ocr_line' id='line_1_107' title="bbox 1809 4631 3387 4698; baseline 0.001 -13"><span class='ocrx_word' id='word_1_840' title='bbox 1809 4650 1863 4698; x_wconf 86' lang='lat' dir='ltr'><strong>v,</strong></span> <span class='ocrx_word' id='word_1_841' title='bbox 1901 4633 1965 4697; x_wconf 73' lang='lat'><strong>4;</strong></span> <span class='ocrx_word' id='word_1_842' title='bbox 2002 4631 2137 4685; x_wconf 82' lang='lat' dir='ltr'><strong>Phil.</strong></span> <span class='ocrx_word' id='word_1_843' title='bbox 2167 4647 2244 4697; x_wconf 89' lang='lat' dir='ltr'><strong>tu,</strong></span> <span class='ocrx_word' id='word_1_844' title='bbox 2282 4632 2372 4685; x_wconf 70' lang='lat'><strong>19..</strong></span> <span class='ocrx_word' id='word_1_845' title='bbox 2401 4632 2551 4698; x_wconf 86' lang='lat' dir='ltr'><strong>Quod</strong></span> <span class='ocrx_word' id='word_1_846' title='bbox 2588 4633 2684 4687; x_wconf 88' lang='lat' dir='ltr'><strong>viri</strong></span> <span class='ocrx_word' id='word_1_847' title='bbox 2722 4634 3017 4688; x_wconf 87' lang='lat' dir='ltr'><strong>doctissimi</strong></span> <span class='ocrx_word' id='word_1_848' title='bbox 3055 4633 3252 4685; x_wconf 88' lang='lat' dir='ltr'><strong>dudum</strong></span> <span class='ocrx_word' id='word_1_849' title='bbox 3296 4647 3387 4686; x_wconf 88' lang='lat' dir='ltr'><strong>os-</strong></span> 
     </span>
    </p>
   </div>
   <div class='ocr_carea' id='block_1_108' title="bbox 1813 4722 3389 4793">
    <p class='ocr_par' dir='ltr' id='par_1_108' title="bbox 1813 4722 3389 4793">
     <span class='ocr_line' id='line_1_108' title="bbox 1813 4722 3389 4793; baseline 0.001 -16"><span class='ocrx_word' id='word_1_850' title='bbox 1813 4722 2116 4787; x_wconf 84' lang='lat' dir='ltr'><strong>tenderunt,</strong></span> <span class='ocrx_word' id='word_1_851' title='bbox 2148 4732 2204 4777; x_wconf 91' lang='lat' dir='ltr'><strong>ut</strong></span> <span class='ocrx_word' id='word_1_852' title='bbox 2254 4734 2307 4777; x_wconf 89' lang='lat' dir='ltr'><strong>et</strong></span> <span class='ocrx_word' id='word_1_853' title='bbox 2337 4723 2422 4778; x_wconf 90' lang='lat' dir='ltr'><strong>hic</strong></span> <span class='ocrx_word' id='word_1_854' title='bbox 2452 4725 2533 4793; x_wconf 89' lang='lat' dir='ltr'><strong>agi</strong></span> <span class='ocrx_word' id='word_1_855' title='bbox 2583 4723 2651 4778; x_wconf 92' lang='lat' dir='ltr'><strong>de</strong></span> <span class='ocrx_word' id='word_1_856' title='bbox 2704 4733 2922 4791; x_wconf 88' lang='lat' dir='ltr'><strong>peccato</strong></span> <span class='ocrx_word' id='word_1_857' title='bbox 2964 4723 3178 4784; x_wconf 88' lang='lat' dir='ltr'><strong>actuali,</strong></span> <span class='ocrx_word' id='word_1_858' title='bbox 3236 4722 3389 4792; x_wconf 87' lang='lat' dir='ltr'><strong>cujus</strong></span> 
     </span>
    </p>
   </div>
   <div class='ocr_carea' id='block_1_109' title="bbox 1810 4811 3390 4885">
    <p class='ocr_par' dir='ltr' id='par_1_109' title="bbox 1810 4811 3390 4885">
     <span class='ocr_line' id='line_1_109' title="bbox 1810 4811 3390 4885; baseline -0.001 -14"><span class='ocrx_word' id='word_1_859' title='bbox 1810 4832 2034 4885; x_wconf 89' lang='lat' dir='ltr'><strong>capaces</strong></span> <span class='ocrx_word' id='word_1_860' title='bbox 2066 4832 2167 4870; x_wconf 89' lang='lat' dir='ltr'><strong>non</strong></span> <span class='ocrx_word' id='word_1_861' title='bbox 2200 4826 2323 4870; x_wconf 86' lang='lat' dir='ltr'><strong>sunt</strong></span> <span class='ocrx_word' id='word_1_862' title='bbox 2354 4815 2601 4869; x_wconf 84' lang='lat' dir='ltr'><strong>infantes.</strong></span> <span class='ocrx_word' id='word_1_863' title='bbox 2645 4815 2815 4866; x_wconf 90' lang='lat' dir='ltr'><strong>Locus</strong></span> <span class='ocrx_word' id='word_1_864' title='bbox 2839 4812 2972 4865; x_wconf 80' lang='lat' dir='ltr'><strong>alter</strong></span> <span class='ocrx_word' id='word_1_865' title='bbox 3002 4811 3018 4865; x_wconf 90' lang='lat' dir='ltr'><strong>l</strong></span> <span class='ocrx_word' id='word_1_866' title='bbox 3051 4812 3117 4866; x_wconf 90' lang='lat' dir='ltr'><strong>ad</strong></span> <span class='ocrx_word' id='word_1_867' title='bbox 3144 4812 3270 4867; x_wconf 82' lang='lat' dir='ltr'><strong>Cor.</strong></span> <span class='ocrx_word' id='word_1_868' title='bbox 3311 4816 3390 4870; x_wconf 90' lang='lat' dir='ltr'><strong>ni-</strong></span> 
     </span>
    </p>
   </div>
   <div class='ocr_carea' id='block_1_110' title="bbox 1814 4892 3391 4967">
    <p class='ocr_par' dir='ltr' id='par_1_110' title="bbox 1814 4892 3391 4967">
     <span class='ocr_line' id='line_1_110' title="bbox 1814 4892 3391 4967; baseline 0.001 -8"><span class='ocrx_word' id='word_1_869' title='bbox 1814 4906 1885 4961; x_wconf 91' lang='lat' dir='ltr'><strong>hil</strong></span> <span class='ocrx_word' id='word_1_870' title='bbox 1916 4907 1981 4960; x_wconf 89' lang='lat' dir='ltr'><strong>ad</strong></span> <span class='ocrx_word' id='word_1_871' title='bbox 2012 4922 2123 4960; x_wconf 87' lang='lat' dir='ltr'><strong>rem</strong></span> <span class='ocrx_word' id='word_1_872' title='bbox 2157 4907 2303 4960; x_wconf 78' lang='lat' dir='ltr'><strong>facit.</strong></span> <span class='ocrx_word' id='word_1_873' title='bbox 2337 4906 2460 4959; x_wconf 83' lang='lat' dir='ltr'><strong>Volt</strong></span> <span class='ocrx_word' id='word_1_874' title='bbox 2486 4904 2627 4959; x_wconf 88' lang='lat' dir='ltr'><strong>enim</strong></span> <span class='ocrx_word' id='word_1_875' title='bbox 2659 4902 2870 4967; x_wconf 82' lang='lat' dir='ltr'><strong>Paulus,</strong></span> <span class='ocrx_word' id='word_1_876' title='bbox 2905 4911 2962 4955; x_wconf 93' lang='lat' dir='ltr'><strong>ut</strong></span> <span class='ocrx_word' id='word_1_877' title='bbox 2989 4892 3123 4957; x_wconf 85' lang='lat' dir='ltr'><strong>unus</strong></span> <span class='ocrx_word' id='word_1_878' title='bbox 3156 4904 3391 4961; x_wconf 87' lang='lat' dir='ltr'><strong>Adamus</strong></span> 
     </span>
    </p>
   </div>
   <div class='ocr_carea' id='block_1_111' title="bbox 1815 4994 3391 5068">
    <p class='ocr_par' dir='ltr' id='par_1_111' title="bbox 1815 4994 3391 5068">
     <span class='ocr_line' id='line_1_111' title="bbox 1815 4994 3391 5068; baseline 0.001 -15"><span class='ocrx_word' id='word_1_879' title='bbox 1815 5009 2038 5053; x_wconf 90' lang='lat' dir='ltr'><strong>mortem</strong></span> <span class='ocrx_word' id='word_1_880' title='bbox 2068 4998 2361 5052; x_wconf 77' lang='lat' dir='ltr'><strong>introduxit</strong></span> <span class='ocrx_word' id='word_1_881' title='bbox 2384 4999 2433 5051; x_wconf 93' lang='lat' dir='ltr'><strong>in</strong></span> <span class='ocrx_word' id='word_1_882' title='bbox 2458 4994 2993 5059; x_wconf 86' lang='lat' dir='ltr'><strong>mundnm,omnibus</strong></span> <span class='ocrx_word' id='word_1_883' title='bbox 3010 4998 3098 5068; x_wconf 90' lang='lat' dir='ltr'><strong>qui</strong></span> <span class='ocrx_word' id='word_1_884' title='bbox 3126 5014 3248 5054; x_wconf 85' lang='lat' dir='ltr'><strong>eum</strong></span> <span class='ocrx_word' id='word_1_885' title='bbox 3274 5001 3391 5055; x_wconf 80' lang='lat' dir='ltr'><strong>imi-</strong></span> 
     </span>
    </p>
   </div>
   <div class='ocr_carea' id='block_1_112' title="bbox 1818 5087 3388 5156">
    <p class='ocr_par' dir='ltr' id='par_1_112' title="bbox 1818 5087 3388 5156">
     <span class='ocr_line' id='line_1_112' title="bbox 1818 5087 3388 5156; baseline 0 -10"><span class='ocrx_word' id='word_1_886' title='bbox 1818 5101 1992 5146; x_wconf 86' lang='lat' dir='ltr'><strong>tantur</strong></span> <span class='ocrx_word' id='word_1_887' title='bbox 2024 5089 2408 5143; x_wconf 87' lang='lat' dir='ltr'><strong>morientibus:</strong></span> <span class='ocrx_word' id='word_1_888' title='bbox 2440 5087 2517 5141; x_wconf 90' lang='lat' dir='ltr'><strong>sic</strong></span> <span class='ocrx_word' id='word_1_889' title='bbox 2541 5103 2749 5156; x_wconf 86' lang='lat' dir='ltr'><strong>quoque</strong></span> <span class='ocrx_word' id='word_1_890' title='bbox 2778 5088 3045 5143; x_wconf 84' lang='lat' dir='ltr'><strong>Christum</strong></span> <span class='ocrx_word' id='word_1_891' title='bbox 3069 5090 3275 5145; x_wconf 85' lang='lat' dir='ltr'><strong>beatam</strong></span> <span class='ocrx_word' id='word_1_892' title='bbox 3310 5108 3388 5147; x_wconf 77' lang='lat' dir='ltr'><strong>re-</strong></span> 
     </span>
    </p>
   </div>
   <div class='ocr_carea' id='block_1_113' title="bbox 1814 5178 3389 5249">
    <p class='ocr_par' dir='ltr' id='par_1_113' title="bbox 1814 5178 3389 5249">
     <span class='ocr_line' id='line_1_113' title="bbox 1814 5178 3389 5249; baseline -0.004 -13"><span class='ocrx_word' id='word_1_893' title='bbox 1814 5182 2198 5236; x_wconf 89' lang='lat' dir='ltr'><strong>surrectionem</strong></span> <span class='ocrx_word' id='word_1_894' title='bbox 2230 5178 2512 5232; x_wconf 87' lang='lat' dir='ltr'><strong>allaturum</strong></span> <span class='ocrx_word' id='word_1_895' title='bbox 2566 5178 2814 5233; x_wconf 88' lang='lat' dir='ltr'><strong>omnibus</strong></span> <span class='ocrx_word' id='word_1_896' title='bbox 2861 5180 2951 5249; x_wconf 68' lang='lat' dir='ltr'><strong>qui</strong></span> <span class='ocrx_word' id='word_1_897' title='bbox 3011 5182 3059 5235; x_wconf 84' lang='lat' dir='ltr'><strong>ei</strong></span> <span class='ocrx_word' id='word_1_898' title='bbox 3107 5182 3389 5248; x_wconf 82' lang='lat' dir='ltr'><strong>parebunt.</strong></span> 
     </span>
    </p>
   </div>
   <div class='ocr_carea' id='block_1_114' title="bbox 1814 5269 3393 5341">
    <p class='ocr_par' dir='ltr' id='par_1_114' title="bbox 1814 5269 3393 5341">
     <span class='ocr_line' id='line_1_114' title="bbox 1814 5269 3393 5341; baseline -0.001 -14"><span class='ocrx_word' id='word_1_899' title='bbox 1814 5273 1996 5327; x_wconf 77' lang='lat' dir='ltr'><strong>Nullus</strong></span> <span class='ocrx_word' id='word_1_900' title='bbox 2027 5272 2110 5325; x_wconf 84' lang='lat' dir='ltr'><strong>hic</strong></span> <span class='ocrx_word' id='word_1_901' title='bbox 2138 5286 2314 5325; x_wconf 89' lang='lat' dir='ltr'><strong>sermo</strong></span> <span class='ocrx_word' id='word_1_902' title='bbox 2344 5269 2410 5323; x_wconf 88' lang='lat' dir='ltr'><strong>de</strong></span> <span class='ocrx_word' id='word_1_903' title='bbox 2454 5281 2673 5340; x_wconf 89' lang='lat' dir='ltr'><strong>peccato</strong></span> <span class='ocrx_word' id='word_1_904' title='bbox 2725 5270 3031 5337; x_wconf 73' lang='lat' dir='ltr'><strong>infantium,</strong></span> <span class='ocrx_word' id='word_1_905' title='bbox 3078 5271 3167 5341; x_wconf 90' lang='lat' dir='ltr'><strong>qui</strong></span> <span class='ocrx_word' id='word_1_906' title='bbox 3208 5273 3393 5326; x_wconf 87' lang='lat' dir='ltr'><strong>condi-</strong></span> 
     </span>
    </p>
   </div>
   <div class='ocr_carea' id='block_1_115' title="bbox 1817 5362 3388 5432">
    <p class='ocr_par' dir='ltr' id='par_1_115' title="bbox 1817 5362 3388 5432">
     <span class='ocr_line' id='line_1_115' title="bbox 1817 5362 3388 5432; baseline -0.004 -12"><span class='ocrx_word' id='word_1_907' title='bbox 1817 5368 1959 5421; x_wconf 87' lang='lat' dir='ltr'><strong>tione</strong></span> <span class='ocrx_word' id='word_1_908' title='bbox 1986 5372 2208 5427; x_wconf 57' lang='lat' dir='ltr'><strong>naturar,</strong></span> <span class='ocrx_word' id='word_1_909' title='bbox 2242 5363 2364 5432; x_wconf 80' lang='lat' dir='ltr'><strong>quia</strong></span> <span class='ocrx_word' id='word_1_910' title='bbox 2407 5362 2712 5417; x_wconf 75' lang='lat' dir='ltr'><strong>hominibus</strong></span> <span class='ocrx_word' id='word_1_911' title='bbox 2759 5363 3076 5416; x_wconf 86' lang='lat' dir='ltr'><strong>mortalibus</strong></span> <span class='ocrx_word' id='word_1_912' title='bbox 3108 5363 3215 5415; x_wconf 90' lang='lat' dir='ltr'><strong>nati</strong></span> <span class='ocrx_word' id='word_1_913' title='bbox 3245 5372 3388 5427; x_wconf 80' lang='lat' dir='ltr'><strong>Sunt,</strong></span> 
     </span>
    </p>
   </div>
   <div class='ocr_carea' id='block_1_116' title="bbox 1817 5450 3392 5525">
    <p class='ocr_par' dir='ltr' id='par_1_116' title="bbox 1817 5450 3392 5525">
     <span class='ocr_line' id='line_1_116' title="bbox 1817 5450 3392 5525; baseline -0.003 -16"><span class='ocrx_word' id='word_1_914' title='bbox 1817 5474 1921 5512; x_wconf 91' lang='lat' dir='ltr'><strong>non</strong></span> <span class='ocrx_word' id='word_1_915' title='bbox 1968 5453 2118 5525; x_wconf 79' lang='lat' dir='ltr'><strong>quasi</strong></span> <span class='ocrx_word' id='word_1_916' title='bbox 2148 5453 2406 5523; x_wconf 86' lang='lat' dir='ltr'><strong>supplicio</strong></span> <span class='ocrx_word' id='word_1_917' title='bbox 2451 5453 2519 5507; x_wconf 91' lang='lat' dir='ltr'><strong>de</strong></span> <span class='ocrx_word' id='word_1_918' title='bbox 2565 5454 2629 5506; x_wconf 88' lang='lat' dir='ltr'><strong>iis</strong></span> <span class='ocrx_word' id='word_1_919' title='bbox 2664 5463 2897 5521; x_wconf 91' lang='lat' dir='ltr'><strong>sumpto,</strong></span> <span class='ocrx_word' id='word_1_920' title='bbox 2949 5450 3282 5515; x_wconf 87' lang='lat' dir='ltr'><strong>moriuntur;</strong></span> <span class='ocrx_word' id='word_1_921' title='bbox 3337 5462 3392 5507; x_wconf 88' lang='lat' dir='ltr'><strong>ut</strong></span> 
     </span>
    </p>
   </div>
   <div class='ocr_carea' id='block_1_117' title="bbox 1816 5544 3393 5611">
    <p class='ocr_par' dir='ltr' id='par_1_117' title="bbox 1816 5544 3393 5611">
     <span class='ocr_line' id='line_1_117' title="bbox 1816 5544 3393 5611; baseline -0.004 -8"><span class='ocrx_word' id='word_1_922' title='bbox 1816 5547 2165 5603; x_wconf 86' lang='lat' dir='ltr'><strong>ostenderunt</strong></span> <span class='ocrx_word' id='word_1_923' title='bbox 2204 5544 2497 5600; x_wconf 86' lang='lat' dir='ltr'><strong>doctissimi</strong></span> <span class='ocrx_word' id='word_1_924' title='bbox 2544 5544 2775 5611; x_wconf 81' lang='lat' dir='ltr'><strong>theologi</strong></span> <span class='ocrx_word' id='word_1_925' title='bbox 2814 5556 2947 5611; x_wconf 89' lang='lat' dir='ltr'><strong>quos</strong></span> <span class='ocrx_word' id='word_1_926' title='bbox 2982 5554 3087 5593; x_wconf 90' lang='lat' dir='ltr'><strong>non</strong></span> <span class='ocrx_word' id='word_1_927' title='bbox 3125 5556 3393 5596; x_wconf 86' lang='lat' dir='ltr'><strong>memora—</strong></span> 
     </span>
    </p>
   </div>
   <div class='ocr_carea' id='block_1_118' title="bbox 1817 5642 2011 5697">
    <p class='ocr_par' dir='ltr' id='par_1_118' title="bbox 1817 5642 2011 5697">
     <span class='ocr_line' id='line_1_118' title="bbox 1817 5642 2011 5697; baseline -0.01 0"><span class='ocrx_word' id='word_1_928' title='bbox 1817 5642 2011 5697; x_wconf 77' lang='lat' dir='ltr'><strong>bhnus.</strong></span> 
     </span>
    </p>
   </div>
   <div class='ocr_carea' id='block_1_119' title="bbox 1822 5726 3393 5805">
    <p class='ocr_par' dir='ltr' id='par_1_119' title="bbox 1822 5726 3393 5805">
     <span class='ocr_line' id='line_1_119' title="bbox 1822 5726 3393 5805; baseline -0.006 -15"><span class='ocrx_word' id='word_1_929' title='bbox 1822 5734 1823 5737; x_wconf 50' lang='grc'><em>“</em></span> <span class='ocrx_word' id='word_1_930' title='bbox 1890 5734 2123 5805; x_wconf 75' lang='lat' dir='ltr'><strong>Epistula</strong></span> <span class='ocrx_word' id='word_1_931' title='bbox 2154 5733 2268 5799; x_wconf 75' lang='lat'><strong>1&#39;77,</strong></span> <span class='ocrx_word' id='word_1_932' title='bbox 2306 5730 2414 5801; x_wconf 63' lang='lat'><strong>$2.</strong></span> <span class='ocrx_word' id='word_1_933' title='bbox 2453 5730 2549 5784; x_wconf 82' lang='lat' dir='ltr'><strong>llis</strong></span> <span class='ocrx_word' id='word_1_934' title='bbox 2591 5728 2779 5783; x_wconf 90' lang='lat' dir='ltr'><strong>auditis</strong></span> <span class='ocrx_word' id='word_1_935' title='bbox 2803 5726 2960 5781; x_wconf 78' lang='lat' dir='ltr'><strong>verbis</strong></span> <span class='ocrx_word' id='word_1_936' title='bbox 3008 5726 3225 5799; x_wconf 80' lang='lat' dir='ltr'><strong>(Pelagii</strong></span> <span class='ocrx_word' id='word_1_937' title='bbox 3265 5745 3393 5799; x_wconf 81' lang='lat' dir='ltr'><strong>gra-</strong></span> 
     </span>
    </p>
   </div>
  </div>
