3908 6314
518 296 621 353 327

1402 271 1950 333 SUI’PLEMENTUM
1989 271 2079 324 AI)
2113 268 2339 324 OI’I‘IRA
2378 266 2433 322 S.
2474 264 2860 322 AUGUSTINI.

3668 256 3781 314 328

522 408 645 460 tiam
663 400 751 452 Dei
772 410 829 450 se
845 404 1133 465 agnoscere
1154 386 1475 458 profitentis)
1493 383 1729 437 catholici
1747 382 1995 435 antistites
2021 382 2093 451 (in
2122 388 2169 444 Α
2197 379 2350 449 huius
2372 380 2695 442 auctoritate,
2710 381 2853 447 justa
2876 391 2989 444 qutc
3014 376 3162 445 fuerit
3206 374 3551 442 pronuntia'io
3591 375 3781 442 ﬁrma-

526 489 883 551 Diospolitana
914 479 1140 554 synodo)
1176 478 1366 531 nullam
1395 475 1547 528 aliam
1575 472 1668 525 Dei
1696 472 1911 541 gratiam
1940 470 2094 523 intel-

522 583 678 649 ligere
700 582 967 643 potuerunt
993 572 1090 623 nisi
1118 585 1267 639 quam
1289 568 1340 618 in
1363 564 1505 617 libris
1530 562 1621 615 Dei
1650 562 1811 633 legere
1831 570 1874 614 et
1896 559 2097 649 populis

528 648 622 724 Dei
657 666 933 736 praedicare
963 664 1358 717 consueverunt;
1402 669 1511 737 eam
1540 651 1730 721 utique,
1757 650 1819 702 de
1843 666 1943 718 qua
1974 648 2098 700 dicit

527 756 799 825 Apostolus
836 747 1221 823 (Gal.tt,21):
1270 743 1387 798 Non
1438 742 1640 796 irritam
1690 739 1826 793 facio
1874 737 2096 807 gratiam

530 851 643 902 Dei.
678 845 808 899 Nam
831 844 874 896 si
918 854 1012 909 per
1042 839 1212 905 legem
1238 832 1464 903 justitia,
1492 847 1619 900 ergo
1655 829 1903 883 Christus
1933 826 2100 896 gratis

528 949 763 993 mortuus
792 942 901 997 est;
932 932 1041 985 sine
1062 927 1217 981 dubio
1263 925 1480 995 gratiam
1506 938 1608 990 qua
1645 920 2005 990 justi/icumur
2035 916 2098 968 ab

526 1027 808 1096 iniquitate,
850 1031 898 1075 et
936 1022 1038 1090 qua
1079 1016 1338 1071 solvamur
1386 1015 1449 1066 ab
1490 1011 1802 1079 inﬁrmitate,
1850 1024 1950 1061 non
2000 1023 2102 1073 qua

526 1119 677 1172 creati
700 1130 873 1169 sumus
896 1127 1011 1164 cum
1031 1108 1241 1179 propria
1270 1103 1547 1157 voluntate.
1577 1099 1595 1172 ]
1631 1100 1823 1154 Verum
1855 1115 1958 1151 non
1986 1097 2100 1151 sola

526 1212 809 1269 ('realionis
836 1205 1093 1262 beneﬁcia
1124 1202 1343 1271 agnovit
1370 1196 1639 1266 Pelagius,
1667 1203 1725 1248 ut
1754 1193 1948 1262 sa'pius
1967 1191 2102 1245 dixi-

527 1321 664 1366 mus,
693 1316 875 1355 verum
907 1308 1064 1351 etiam
1094 1292 1399 1360 evangelica
1444 1288 1656 1351 omnia;
1690 1284 1784 1339 sed
1828 1298 1934 1337 non
1982 1295 2101 1348 gra-

528 1407 652 1449 ttam
669 1394 810 1447 illam
824 1389 1098 1444 efﬁcacem
1118 1380 1704 1452 Augustinianam,ante
1718 1392 1840 1432 eum
1866 1374 2104 1444 incogni-

534 1497 661 1547 tam,
693 1478 989 1551 praesertim
1016 1478 1070 1531 in
1098 1474 1337 1529 Oriente.
1371 1471 1552 1539 Itaque
1583 1469 1817 1523 Joannes
1845 1467 2103 1521 Ilieroso-

536 1578 819 1646 lymilanus
850 1569 1119 1638 Pelagium
1149 1562 1501 1619 orthodoxam
1538 1575 1657 1616 esse
1688 1567 1917 1625 censuit,
1947 1567 2003 1612 ut
2036 1570 2104 1611 ex

533 1665 593 1719 P.
623 1663 815 1719 Oresio
849 1661 979 1715 satis
1008 1658 1195 1726 liquet.
1238 1654 1407 1709 Locus
1437 1651 1580 1706 Pauli
1607 1649 1736 1705 nihil
1768 1648 1894 1703 facit
1921 1656 2103 1702 contra

2196 484 2353 533 retur,
2373 469 2587 537 indeque
2608 477 2858 522 sumerent
2879 479 3069 521 creterra
3094 466 3351 532 Ecclesite,
3375 477 3480 520 etc.
3502 464 3519 537 ]
3546 467 3777 537 Dignum

2198 569 2280 614 est
2309 561 2587 615 observant
2616 575 2773 628 quam
2809 560 2961 612 avide
2993 570 3043 611 et
3074 558 3262 611 Callide
3290 558 3512 624 arripiat
3552 558 3661 617 sibi
3699 558 3752 609 lu

2200 655 2477 709 noeentius
2515 655 2600 721 jus
2638 648 3008 722 quoddatn'ex
3055 648 3423 705 Africanorum
3483 652 3777 717 przesulum

2201 748 2360 808 facta,
2392 749 2531 816 quod
2562 748 2631 799 ita
2663 747 3059 813 interpretatur,
3094 743 3245 811 quasi
3289 744 3401 796 ausi
3436 758 3541 797 non
3589 753 3781 798 essent

2199 838 2454 890 damnare
2485 835 2761 903 Pelagiana
2793 834 3037 902 dogmata
3084 847 3150 886 eo
3194 831 3528 897 inconsulto;
3557 847 3686 885 cum
3719 846 3779 883 ezt

2200 941 2419 995 prorsus
2445 926 2813 988 damnassent,
2844 937 2918 990 et,
2960 924 3126 977 invito
3163 922 3323 977 etiam
3351 922 3591 988 Zosimo,
3623 923 3719 977 Iun
3744 943 3781 964 -

2200 1017 2361 1072 eentii
2383 1031 2715 1085 successore,
2763 1024 2947 1085 postea
2990 1015 3314 1069 damnarint.
3366 1015 3564 1069 Notum
3615 1017 3777 1070 etiam

2200 1116 2307 1172 est,
2341 1122 2443 1160 non
2489 1115 2693 1161 tantum
2743 1106 3069 1175 temporibus
3106 1106 3380 1176 Cypriani,
3407 1106 3503 1160 sed
3532 1117 3588 1159 et
3632 1107 3781 1159 hisce

2201 1210 2411 1265 quaque
2442 1195 2597 1250 Afros
2638 1198 2917 1265 episcopos
2960 1196 3105 1249 nulla
3148 1196 3355 1249 ratione
3404 1196 3652 1263 pendere
3690 1212 3780 1249 vo-

2202 1286 2364 1340 luisse
2386 1302 2413 1337 a
2448 1285 2663 1355 judiciis
2694 1290 3067 1356 episcoporum
3099 1285 3480 1348 Romanorum,
3510 1296 3570 1339 ut
3615 1287 3784 1355 liquet

2202 1391 2267 1430 ex
2300 1376 2663 1430 controversia
2704 1376 2774 1432 de
2799 1377 3241 1445 appellationibus
3275 1377 3652 1431 transmarinis
3684 1378 3782 1433 hoc

2203 1470 2319 1537 ipso
2351 1479 2590 1537 tempore
2619 1478 2763 1523 nata.
2798 1469 2925 1523 Ilaec
2964 1469 3187 1538 epistola
3236 1468 3435 1522 tumida
3467 1480 3555 1523 est
3596 1470 3779 1525 decla-

2203 1561 2521 1615 matiuncula
2551 1560 2602 1615 in
2634 1575 2726 1615 eos
2770 1561 2857 1631 qui
2890 1568 3178 1630 negassent
3220 1561 3484 1615 auxilium
3536 1562 3637 1615 Dei
3664 1577 3780 1617 esse

2204 1652 2563 1707 necessarium
2593 1652 2657 1706 ad
2692 1653 2776 1721 pie
2806 1651 3120 1717 vivendum;
3153 1652 3247 1706 sed
3279 1667 3384 1706 non
3406 1651 3674 1706 delinitur
3701 1668 3782 1706 ra-

530 1755 824 1824 Pelagiutn,
858 1764 979 1805 cum
1034 1747 1202 1818 gratia
1250 1743 1343 1797 Dei
1396 1744 1467 1797 ibi
1493 1744 1563 1796 sit
1594 1740 1958 1809 Evangelium,
2003 1747 2097 1794 aut
2127 1739 2170 1799 Β
2200 1744 2273 1797 ιίο
2294 1751 2350 1798 et
2380 1757 2547 1813 genus
2573 1742 2776 1808 auxilii,
2808 1758 2915 1812 quo
2939 1744 3133 1797 factum
3166 1753 3223 1797 ut
3266 1750 3450 1812 postea
3494 1742 3782 1798 leestius

530 1845 831 1916 evangelica
870 1839 1192 1905 (ecouomia,
1240 1852 1342 1906 qua
1373 1834 1512 1889 Deus
1551 1833 1724 1903 justos
1755 1838 1961 1897 censet,
1992 1845 2100 1884 non

531 1952 624 1994 eos
652 1938 740 2008 qui
772 1942 989 2005 peccato
1034 1940 1239 1995 carent,
1284 1927 1377 1982 sed
1418 1926 1508 1996 qui
1535 1924 1823 1994 Evangelia
1871 1930 2098 1992 parent;

535 2026 779 2099 quamvis
816 2032 1058 2078 anteacta
1089 2034 1276 2076 eorum
1320 2018 1426 2072 vita
1459 2015 1893 2084 vitiisinquinata
1922 2013 2101 2079 fuerit,

538 2135 635 2174 nec
662 2119 777 2173 sine
805 2115 1041 2185 lapsibus
1072 2110 1232 2165 variis
1260 2107 1520 2177 reliquam
1558 2113 1771 2173 aetatem
1800 2103 2099 2158 traducant.

534 2212 609 2266 Eo
629 2224 812 2273 sensu,
849 2220 1061 2273 semper
1095 2202 1323 2256 sumitur
1349 2199 1539 2270 gratia,
1573 2196 1789 2267 quando
1818 2195 2105 2265 opponitur

537 2302 676 2370 Legi,
704 2314 822 2368 qua:
844 2312 909 2351 ex
941 2294 1246 2349 Judasorum
1271 2288 1559 2355 sententia,
1593 2294 1781 2341 contra
1811 2299 1947 2354 quos
1973 2285 2108 2337 Pau-

537 2389 893 2455 lu..diSputat,
936 2396 1196 2437 summam
1242 2379 1623 2449 perfectionem
1676 2376 1998 2446 postulabat.
2048 2374 2106 2427 In

538 2482 636 2535 bac
664 2489 839 2531 autem
863 2473 1222 2543 disputatione
1247 2470 1498 2540 Epistula:
1524 2468 1589 2522 ad
1622 2466 1864 2535 Galatas,
1897 2473 1957 2520 ut
1979 2465 2108 2520 etin

539 2568 720 2634 simili,
745 2582 864 2637 quin
890 2567 1080 2635 legitur
1102 2563 1153 2617 in
1180 2560 1413 2631 Epistola
1444 2561 1509 2614 ad
1534 2562 1819 2623 Romanos;
1856 2567 2111 2628 perpetuo

540 2660 703 2733 gratia
749 2658 1034 2727 opponitur
1076 2655 1175 2725 legi
1208 2662 1264 2707 et
1295 2653 1566 2722 operibus,
1620 2652 1723 2704 hoc
1750 2650 1853 2717 est,
1901 2648 2112 2703 miseri-

541 2753 720 2807 cordia
771 2746 957 2818 rigori,
1008 2744 1319 2815 imperfecta
1389 2742 1696 2797 observatio
1739 2740 2112 2795 mandatorum

545 2843 638 2897 Dei
669 2840 917 2910 perfecta:
955 2837 1242 2891 sanctitati.
1294 2833 1586 2889 Meridiaua
1626 2832 1743 2884 luce
1775 2831 1877 2884 hoc
1915 2830 2116 2884 clarius

546 2942 649 2999 est,
686 2947 782 2986 nec
804 2926 1161 2983 recentiorum
1186 2927 1535 2993 interpretum
1557 2922 1835 2993 quisquam
1865 2938 1978 2975 rem
2009 2938 2115 2976 nou

552 3024 701 3077 vidit.
745 3023 926 3090 Itaque
968 3033 1129 3073 sensu
1158 3016 1546 3085 Augustiniano
1578 3016 1663 3069 ltic
1703 3015 1923 3068 tnittitue
1951 3015 2116 3068 sumi-

2206 1834 2341 1888 lianc
2370 1833 2648 1901 epistolam
2677 1834 2829 1888 facile
2851 1833 3114 1901 probarit.

2276 1924 2444 1997 Epist.
2478 1925 2604 1991 I82,
2638 1924 2665 1995 ς
2703 1927 2755 1979 I.
2790 1924 3010 1978 Nam-ut
3041 1924 3226 1978 durum
3254 1926 3480 1980 arbitror
3511 1943 3780 1983 conniven-

2209 2020 2332 2072 tiam
2362 2017 2581 2085 praebere
2603 2016 2925 2087 peccantibus
2947 2031 2967 2072 :
2996 2016 3068 2070 ita
3098 2017 3309 2086 impium
3323 2020 3512 2089 judico
3544 2035 3782 2091 magnum

2207 2123 2395 2177 negare
2428 2102 2746 2177 conversis.]
2787 2106 3033 2163 Meudum
3080 2105 3169 2161 hic
3205 2115 3287 2161 est
3338 2111 3781 2178 lypographicum

2211 2213 2474 2267 magnum,
2522 2211 2621 2266 pro
2649 2213 2871 2262 manum,
2902 2206 2962 2251 ttt
3004 2196 3170 2266 liquet
3191 2213 3254 2252 ex
3284 2198 3556 2268 prioribus
3591 2201 3784 2254 editio-

2210 2286 2383 2341 ttibus.
2421 2287 2590 2343 llabet
2635 2288 2799 2342 editio
2828 2287 3448 2357 Erasmiconhibentiam,
3490 2308 3586 2359 pro
3622 2293 3785 2346 conni-

2211 2372 2450 2442 ventiam,
2478 2383 2535 2431 et
2563 2376 2639 2432 sic
2666 2378 2825 2433 etiam
2854 2393 2915 2433 ea
2947 2393 3047 2433 vox
3093 2378 3146 2433 in
3178 2380 3366 2436 codice
3406 2382 3449 2436 Τ
3456 2383 3787 2438 neodosiano

2216 2471 2377 2525 scribi
2428 2472 2584 2541 solet,
2621 2482 2677 2526 ut
2712 2475 3016 2530 observavit
3060 2476 3174 2532 Jac.
3220 2476 3606 2545 Gothofredus,
3645 2480 3787 2547 cujus

2218 2562 2339 2617 vide
2366 2559 2696 2618 Glossarium
2723 2566 3021 2621 Numicum.
3063 2568 3163 2635 Qui
3200 2569 3269 2622 ita
3298 2570 3618 2624 serbebanl
3642 2580 3786 2641 puta-

2217 2652 2344 2708 bant
2373 2654 2658 2711 dicendum
2686 2660 2948 2722 con/tibeo,
2980 2675 3085 2714 non
3113 2662 3370 2728 conniveo,
3391 2662 3487 2717 sed
3518 2662 3691 2719 uitale.
3738 2664 3786 2717 Itt

2222 2746 2322 2800 Itac
2349 2746 2613 2802 sententia
2645 2739 2937 2804 Innocentii
2967 2751 3173 2805 videtur
3196 2753 3355 2806 e‘tiam
3384 2754 3633 2808 inversio
3659 2769 3786 2818 esse,

2218 2840 2288 2893 ita
2319 2848 2376 2892 ut
2402 2838 2682 2909 legendum
2708 2838 2843 2896 forte
2872 2842 2982 2895 sit:
3020 2841 3087 2897 Ut
3114 2843 3326 2913 impium
3361 2846 3582 2898 arbitror
3625 2845 3789 2899 conni-

2219 2933 2433 2984 ventiam
2459 2931 2682 2999 pratbere
2701 2935 3043 3002 peccantibus;
3067 2937 3140 2988 ita
3159 2937 3344 2988 durum
3380 2937 3556 2999 iudico
3583 2954 3789 2990 utentum

2222 3039 2407 3093 negare
2430 3026 2702 3079 conversis.
2731 3024 2892 3081 Certe
2915 3025 3017 3083 boc
3044 3027 3337 3099 postularet
3369 3031 3651 3084 sermonis
3681 3045 3790 3099 pro-

552 3129 655 3184 tur,
686 3123 742 3168 ut
773 3128 871 3167 nec
905 3126 1127 3180 usquam
1165 3108 1294 3162 alibi
1341 3108 1394 3162 in
1431 3108 1725 3176 Scriptura.
1756 3102 2190 3173 QuamobremC
2227 3117 2448 3187 priet“,

552 3204 850 3261 testimonia
873 3191 1032 3255 allata
1064 3199 1093 3271 §
1121 3200 1154 3254 8
1189 3199 1371 3253 omnia
1402 3208 1525 3252 sunt
1548 3208 1699 3251 extra
1728 3212 1861 3250 rem.
1893 3197 1993 3263 Qui
2014 3204 2121 3251 tam

552 3298 885 3368 negligenter
914 3295 1165 3362 legebant
1198 3290 1555 3360 Scripturaut,
1590 3298 1645 3343 et
1682 3300 1789 3343 tam
1832 3291 2125 3344 oscitanter

554 3390 861 3450 laudabant,
893 3400 987 3440 eos
1019 3384 1172 3438 nobis
1200 3387 1351 3453 quasi
1384 3382 1725 3452 egregiorum
1772 3386 2123 3450 interpretum

557 3479 886 3550 exemplaria
918 3478 1141 3548 proponi
1169 3478 1289 3547 quis
1318 3475 1486 3530 ferat?
1533 3473 1663 3541 Quis
1694 3476 1843 3543 quasi
1876 3474 2127 3542 dogmata

555 3576 621 3630 ad
647 3576 873 3629 salutem
893 3570 1215 3635 necessaria,
1239 3578 1295 3623 ut
1320 3567 1592 3637 putabam,
1612 3582 1677 3621 ex
1706 3566 1836 3621 locis
1862 3576 1969 3621 tam
1989 3564 2128 3621 male

556 3668 840 3725 intellectis
869 3665 1119 3730 deducta,
1144 3664 1348 3732 imponi
1379 3662 1478 3716 sibi
1511 3660 1775 3729 patiatur?

626 3756 826 3827 Ibid.,§
854 3756 937 3810 l8.
970 3754 1076 3809 Sed
1106 3751 1460 3822 quoquontodo
1490 3766 1543 3802 se
1568 3749 1750 3802 habeat
1773 3751 1867 3803 ista
1894 3750 2125 3821 qutestio,

559 3851 701 3916 quia,
724 3851 817 3901 etsi
847 3862 947 3899 non
970 3845 1223 3897 invenitur
1248 3845 1300 3895 iu
1327 3842 1423 3893 Itac
1444 3841 1543 3893 vita
1580 3842 1691 3893 sine
1718 3852 1944 3911 peccato,
1974 3843 2028 3895 id
2055 3853 2132 3896 ta-

559 3955 675 3993 men
695 3937 880 3989 dicitur
902 3950 1047 4003 posse
1066 3935 1176 4000 ﬁeri
1200 3950 1287 4001 per
1308 3933 1619 4002 adjutorium
1632 3936 1811 4004 gratia:
1832 3944 1878 3989 et
1903 3937 2131 4005 Spiritus

565 4029 682 4092 Dei;
704 4024 837 4095 quod
864 4035 919 4077 ut
947 4025 1038 4092 ﬁat
1062 4025 1354 4076 conandum
1374 4030 1519 4091 atque
1544 4025 1852 4091 poscendum
1881 4036 1976 4092 est,
2009 4031 2135 4080 tole-

563 4119 790 4174 rabiliter
812 4118 864 4168 in
893 4132 951 4169 eo
971 4117 1180 4184 quisque
1216 4114 1433 4184 fallitur,
1460 4130 1550 4168 nec
1590 4115 1845 4169 diabolica
1876 4118 2130 4186 impietas,

564 4230 601 4266 ις
619 4212 652 4263 d
672 4225 813 4263 error
841 4210 1090 4262 humanus
1132 4216 1226 4260 est.
1251 4205 1270 4278 ]
1301 4206 1522 4261 Videtur
1550 4208 1635 4263 ltic
1662 4209 1987 4279 distinguere
2009 4224 2133 4278 gra-

564 4304 666 4357 dus
693 4314 935 4353 errorum
966 4300 1312 4366 Augustinus,
1336 4303 1477 4367 quod
1508 4308 1561 4352 et
1589 4298 1713 4352 alibi
1745 4298 1902 4366 facit;
1928 4299 2020 4354 sed
2045 4299 2139 4353 dc-

569 4396 769 4446 nuisset
789 4392 950 4443 etiam
993 4387 1191 4457 ubique
1229 4388 1557 4457 distinguere
1577 4389 1772 4459 gradus
1804 4389 2135 4445 necessitatis

2296 3210 2473 3284 [lbid.,
2524 3210 2551 3282 §
2590 3211 2644 3267 5.
2684 3194 2828 3266 illud
2866 3228 2978 3267 vero
3014 3213 3149 3283 quod
3184 3230 3269 3268 eos
3305 3225 3468 3269 vestra
3504 3215 3795 3285 fraternitas

2226 3305 2403 3358 asserit
2433 3305 2731 3373 pra’dictire,
2756 3308 2993 3378 parvulos
3012 3318 3216 3362 caterua:
3243 3309 3357 3362 vitm
3378 3324 3473 3375 pra
3484 3309 3634 3377 ntiis,
3659 3310 3796 3363 etiam

2224 3398 2334 3449 s'ne
2363 3397 2680 3467 baptismatis
2708 3400 2871 3469 gratia
2891 3415 3038 3469 posse
3056 3400 3236 3453 donari
3257 3400 3545 3471 perfatuum
3567 3411 3672 3455 est.
3692 3400 3797 3454 ΝΜ

2227 3488 2361 3540 enim
2390 3488 2802 3544 maitducavcrint
2842 3506 3042 3542 carnem
3078 3487 3207 3542 Filii
3246 3490 3464 3543 Itominis
3496 3500 3546 3544 et
3592 3491 3797 3544 biberint

2228 3581 2526 3652 sanguinem
2543 3582 2676 3652 ejus,
2690 3597 2789 3635 non
2810 3580 3059 3649 habebunt
3081 3580 3232 3635 vitam
3255 3582 3303 3636 in
3321 3582 3601 3651 semetipsis
3634 3580 3795 3651 (loeti.

2230 3686 2304 3736 Vt,
2339 3669 2453 3741 54).
2498 3671 2601 3736 Qui
2624 3682 2791 3727 autem
2821 3670 2954 3725 hanc
2981 3673 3053 3726 eis
3091 3673 3202 3727 sine
3227 3673 3598 3741 regeneratioue
3635 3673 3795 3742 defen-

2232 3764 2378 3829 dunt,
2420 3764 2652 3817 videntur
2687 3764 2815 3818 mihi
2851 3764 3018 3834 ipsum
3065 3764 3369 3834 baptismum
3412 3763 3542 3817 velle
3580 3779 3795 3825 cassare,

2232 3871 2347 3909 cum
2374 3854 2652 3920 praedicant
2674 3856 2765 3927 [tos
2794 3856 2980 3913 habere
3004 3857 3143 3927 quod
3170 3857 3222 3909 in
3241 3871 3327 3909 eos
3350 3856 3577 3909 creditur
3606 3855 3797 3910 nonnisi

2234 3948 2533 4019 baptismate
2560 3945 2969 4020 conferendum]
2995 3948 3161 4003 Verba
3183 3948 3395 4018 quidem
3421 3947 3630 4003 Christi
3656 3947 3796 4003 Joan.

2238 4055 2287 4095 Vl
2316 4040 2383 4095 de
2411 4040 2817 4096 manducmione
2838 4040 3015 4094 carnis
3042 4039 3173 4110 ejus,
3202 4039 3265 4092 ad
3300 4038 3625 4107 baptismum
3656 4040 3798 4107 perli-

2238 4148 2367 4187 nere
2396 4148 2501 4187 non
2523 4131 2878 4186 censebantur
2904 4131 2971 4184 ab
2996 4131 3321 4196 Innocentio,
3355 4130 3446 4183 sed
3478 4129 3544 4184 ad
3569 4129 3797 4185 euchari=

2236 4227 2414 4280 stiam.
2471 4224 2528 4281 Si
2568 4234 2741 4279 autem
2788 4231 2995 4293 statuas
3028 4223 3144 4279 sine
3190 4219 3509 4276 euclniristia
3543 4224 3797 4277 neminem

2241 4328 2398 4384 posse
2417 4314 2647 4378 servari,
2674 4312 2815 4383 quod
2842 4313 3021 4367 doceri
3050 4326 3116 4367 eo
3145 4311 3261 4366 loco
3282 4326 3311 4364 a
3334 4309 3546 4364 Christo
3576 4310 3795 4380 putabat,

2244 4392 2368 4459 ltinc
2401 4394 2651 4473 sequetur
2676 4406 2795 4459 sine
2823 4405 3087 4477 baptismo
3114 4400 3275 4460 vitam
3306 4406 3532 4459 in'antes
3560 4403 3797 4470 corseqm

565 4487 618 4540 iu
647 4484 1000 4553 dogmatibus,
1028 4495 1126 4534 nec
1147 4482 1297 4551 quasi
1330 4496 1547 4550 prorsus
1571 4485 1929 4537 necessarium
1955 4485 2118 4537 obtrul

2245 4514 2349 4553 non
2386 4512 2571 4568 posse;
2602 4497 2725 4567 quia
2749 4497 3070 4551 eucharistia
3098 4498 3164 4551 iis
3192 4496 3306 4550 dari
3336 4503 3443 4551 non
3478 4495 3685 4550 solebat
3712 4494 3798 4546 nisi

564 4576 714 4640 dere,
746 4574 888 4644 quod
928 4586 1170 4642 quamvis
1212 4586 1394 4625 verum
1433 4581 1598 4638 esset,
1657 4574 1807 4626 nullo
1847 4572 2140 4642 Scriptura:

578 4670 696 4723 loco
728 4665 1026 4721 necessario
1054 4664 1206 4717 nobis
1235 4664 1557 4718 credendum
1588 4666 1900 4733 imponitur,
1930 4680 2028 4719 nec
2055 4666 2138 4719 in-

576 4758 786 4811 divulso
834 4771 972 4811 nexu
1007 4768 1127 4809 cum
1173 4754 1493 4808 necessariis
1534 4753 1869 4824 dogntatitus
1915 4756 2138 4825 conjun-

576 4861 721 4905 ctum
749 4859 851 4906 88L

640 4941 808 5008 Epist.
843 4939 962 5005 I8I,
994 4940 1022 5010 ς
1048 4940 1098 4994 l.
1123 4939 1203 4993 Ad
1228 4950 1456 4993 nostrum
1476 4936 1799 5009 referendum
1822 4939 2141 5011 approbcstts

571 5046 677 5085 esse
695 5029 983 5098 judicium,
1005 5032 1211 5084 scientes
1258 5033 1381 5097 quid
1411 5030 1710 5099 apostolica:
1729 5031 1857 5094 sedi,
1878 5046 1991 5084 cum
2030 5048 2141 5085 om-

572 5142 658 5179 nes
682 5124 777 5177 Itoc
801 5123 911 5176 loco
936 5124 1084 5191 positi
1105 5126 1268 5192 ipsum
1288 5126 1428 5194 sequi
1453 5125 1794 5179 desideremus
1820 5127 2135 5196 Apostolum,

573 5220 830 5280 debeatur,
880 5225 983 5269 etc.
1014 5215 1179 5268 Paulo
1207 5225 1326 5284 post
1354 5232 1367 5267 :
1418 5215 1511 5270 Vel
1548 5217 1604 5271 id
1631 5234 1745 5271 vero
1768 5220 1903 5287 quod
1931 5216 2143 5273 Patrum

573 5311 805 5363 instituta
853 5307 1156 5361 sacerdotali
1200 5309 1531 5362 custodientes
1573 5309 1733 5378 οπίεἱο
1783 5326 1886 5363 ηοη
1932 5292 2144 5366 censetis

572 5418 680 5455 esse
700 5398 974 5464 calcanda,
1007 5398 1138 5465 quod
1159 5396 1234 5449 illi
1260 5414 1359 5450 non
1383 5399 1625 5463 humana,
1652 5401 1741 5451 sed
1766 5400 1939 5454 divina
1965 5402 2141 5455 decre-

575 5509 684 5547 rere
704 5494 968 5557 sententia,
996 5501 1051 5545 ut
1071 5492 1315 5560 quidquid
1341 5492 1570 5561 quamvis
1596 5493 1647 5544 in
1668 5494 1938 5564 disjunctis
1976 5511 2144 5548 remo-

573 5586 736 5651 lisque
762 5586 1029 5654 provinciis
1057 5595 1310 5655 ageretur,
1359 5599 1459 5635 nou
1510 5584 1652 5652 prius
1691 5584 1931 5637 ducerent
1954 5586 2143 5653 ﬁnim-

570 5677 718 5742 dltm,
749 5678 845 5732 nisi
883 5678 949 5729 ad
978 5678 1130 5750 hujus
1158 5679 1289 5733 sedis
1321 5679 1551 5733 notitiam
1593 5679 1905 5743 perveniret;
1950 5678 2005 5732 ut
2036 5691 2142 5734 tota

2248 4599 2523 4660 postquam
2544 4588 2790 4657 baptizati
2824 4591 3050 4663 fuerant.
3077 4588 3154 4642 Eo
3175 4588 3458 4642 manifesto
3479 4588 3696 4658 reSpicit
3722 4585 3797 4637 In-

2247 4681 2547 4744 nocentius,
2578 4694 2747 4748 eaque
2773 4679 3157 4734 consuetudine
3184 4678 3369 4733 nititur
3394 4681 3474 4731 vis
3497 4678 3615 4747 ejus
3652 4674 3797 4729 ratio-

2246 4770 2547 4825 cinationis.
2566 4768 2843 4840 Defendere
2864 4770 3091 4840 parvulis
3113 4769 3264 4822 vitam
3286 4771 3395 4822 siue
3418 4768 3796 4839 "generatione,

2243 4870 2326 4917 est
2370 4859 2657 4915 defendere
2706 4860 2806 4914 hoc
2852 4859 3064 4929 dogma,
3114 4860 3347 4927 parvulis
3395 4861 3511 4914 sine
3557 4858 3798 4928 baptismo

2246 4958 2405 5009 vitam
2432 4953 2567 5009 dari.
2604 4953 2797 5008 Nolunt
2832 4961 2917 5008 est
2952 4966 3019 5007 eo
3047 4967 3164 5007 aevo
3197 4952 3375 5006 datam
3408 4951 3693 5005 infantibus
3720 4960 3798 4999 eu-

2244 5046 2570 5110 charistiam,
2595 5043 2743 5113 quasi
2772 5046 3127 5099 necessariam
3162 5047 3228 5097 ad
3258 5043 3485 5096 salutem
3530 5056 3635 5094 non
3662 5040 3798 5091 aliter

2250 5154 2312 5195 ac
2333 5140 2649 5209 δί’βιίεηιυπη
2677 5178 2693 5203 ν
2721 5136 2863 5206 quod
2890 5152 2954 5190 ex
2995 5136 3109 5191 loco
3132 5134 3354 5191 Joannis
3384 5135 3521 5188 male
3550 5130 3798 5188 intellec'u

2251 5228 2565 5283 hauriebam
2587 5239 2818 5281 veteres.
2848 5226 2982 5280 Audi
3006 5228 3351 5295 Augustinum
3376 5225 3465 5279 lib.
3499 5224 3603 5278 tde
3628 5219 3799 5274 Merito

2254 5332 2412 5389 peeca
2437 5332 2611 5381 orum,
2660 5332 2778 5386 cap.
2832 5314 2922 5383 20.
2978 5315 3264 5378 Dominum,
3315 5314 3503 5383 inquit,
3552 5311 3799 5364 audiamus

2254 5426 2352 5481 non
2380 5400 2584 5479 quidem
2612 5407 2707 5462 hoc
2737 5408 2799 5462 de
2824 5416 3139 5460 sacramento
3162 5406 3348 5459 lavacri
3369 5406 3629 5463 dicentem,
3646 5398 3728 5452 sed
3746 5394 3797 5445 de

2246 5512 2562 5555 sacramento
2592 5511 2780 5555 sancite
2808 5513 2989 5553 mensa
3015 5514 3142 5564 stite,
3176 5514 3276 5568 quo
3317 5512 3459 5551 nemo
3486 5497 3580 5548 rite
3606 5492 3698 5545 nisi
3724 5489 3800 5539 ba-

2247 5595 2465 5665 ptizatus
2488 5596 2678 5647 accedit
2717 5609 2736 5647 :
2767 5591 2876 5647 Nisi
2916 5590 3364 5646 manducaveritis
3393 5603 3601 5645 carnem
3642 5592 3799 5635 meam

2248 5698 2301 5741 et
2330 5686 2567 5742 biberitis
2597 5686 2907 5756 sanguinem
2936 5697 3132 5749 meum,
3165 5698 3269 5737 non
3299 5680 3555 5737 habebitis
3582 5676 3729 5730 vitam
3756 5668 3800 5722 in
