3908 6320
197 301 268 360 529
840 307 1185 366 νΑΒίΟΒυΜ
1216 311 1810 373 EXERCITATIONES
1845 320 1907 373 IN
1940 321 1994 376 S.
2031 322 2404 382 AUtilJS'I'ltVl
2435 327 2566 384 ΟΡΕ
2583 332 2694 387 ΒΛ.

190 416 327 470 vub-‘s.
353 414 487 480 Quid
523 416 658 469 ultra
677 420 986 485 quierimus?
1026 421 1164 486 Quid
1201 427 1270 476 ad
1308 427 1402 480 ltoc
1438 429 1729 498 responderi
1757 431 1809 492 Α
1837 435 2150 504 ingerebant,

184 507 354 573 potest?
379 517 488 559 etc.
541 509 621 558 An
651 523 768 559 vero
796 509 1060 579 quisquam
1087 514 1240 566 etiam
1269 517 1365 569 ltoc
1392 520 1559 573 dicere
1579 527 1743 578 aude-

180 597 254 660 bit,
281 597 409 664 quod
434 597 504 649 ad
527 598 769 667 parvulos
798 599 907 654 hac
935 605 1177 658 sententia
1202 621 1304 660 non
1324 612 1594 678 pertineat,
1626 632 1744 683 pos-

175 688 349 752 sintque
371 688 480 741 sine
497 689 891 760 participatione
912 697 1137 762 corporis
1159 700 1312 770 hujus
1332 712 1378 753 et
1401 708 1663 774 sanguinis
1689 710 1742 761 in

171 796 216 831 se
233 779 406 832 habere
426 781 608 844 vitam,
631 785 751 850 quia
779 800 880 836 non
903 787 974 838 ait
1006 803 1025 840 :
1052 787 1151 854 Qui
1175 805 1281 845 non
1311 801 1737 862 mandueaverit,

2177 457 2505 507 percussuros
2530 464 2614 502 eos
2642 468 2716 515 se,
2743 457 2839 508 nisi
2863 462 2927 512 ab
2947 464 3016 516 eis
3039 470 3430 546 perimereutut',

1849 529 2137 582 terribiliter
2173 537 2555 591 comminantes.
2604 541 2989 617 Nonnunquam
3027 567 3074 609 et
3105 576 3134 610 a
3166 529 3431 633 judicibu;

1848 620 2223 674 transeuntibus
2255 628 2616 694 calorquebunt
2673 635 2920 692 violenter
2953 655 3007 696 ut
3043 665 3074 700 a
3104 620 3428 722 cai'niﬁcibus

167 872 279 922 sicut
307 869 369 922 de
395 870 649 938 baptismo
671 887 689 925 :
714 875 812 940 Qui
845 891 949 930 non
976 889 1195 935 renatus
1226 881 1383 938 fuerit
1407 900 1421 948 ;
1445 889 1531 941 sed
1557 892 1630 943 ait
1649 893 1738 946 :Si

163 977 256 1013 non
289 961 744 1018 manducaveritis
763 1004 777 1029 ,
807 966 940 1019 velut
968 985 1052 1023 eos
1082 971 1342 1041 alloquens
1367 979 1454 1041 qui
1479 981 1663 1034 audire
1692 993 1739 1036 et

158 1050 428 1120 intelligere
443 1060 700 1120 poterant,
714 1058 850 1123 quod
870 1059 1041 1127 utique
1057 1076 1158 1114 non
1176 1063 1340 1118 valent
1361 1071 1603 1136 parvuli?
1628 1073 1738 1124 Duo

157 1141 263 1192 hac
289 1139 514 1195 Joannis
541 1144 658 1197 loca
697 1146 833 1200 male
859 1149 1120 1216 explicata
1154 1152 1354 1209 dudmn
1385 1161 1738 1215 ostenderunt

153 1233 442 1288 doctissimi
474 1238 672 1304 quique
703 1237 1050 1305 interpretes;
1087 1243 1224 1298 unde
1252 1247 1499 1313 sequitur
1531 1263 1586 1303 ut
1618 1268 1738 1319 per-

151 1338 327 1389 peram
360 1325 660 1392 haptismus
687 1338 739 1380 et
767 1341 918 1382 coena
964 1334 1265 1389 necessaria
1295 1336 1361 1389 ad
1388 1346 1612 1394 salutem
1644 1342 1737 1396 ha-

151 1421 391 1467 beantur.
443 1416 573 1470 Vide
612 1427 666 1470 et
695 1432 816 1487 qua:
862 1420 1024 1475 habet
1062 1425 1389 1493 Augustinus
1418 1429 1578 1497 epist.
1610 1435 1734 1499 H7,

148 1520 265 1573 cap.
289 1506 342 1560 5.
363 1506 472 1560 Sed
495 1507 634 1573 haec,
661 1510 759 1563 hoc
780 1511 993 1578 quidem
1017 1513 1070 1567 in
1093 1514 1234 1582 loco,
1255 1533 1358 1572 non
1388 1525 1732 1591 attingemus.

149 1595 258 1650 Hoc
287 1605 492 1651 tantum
529 1599 792 1666 dicemus,
839 1602 1042 1672 liquere
1086 1621 1152 1660 ex
1196 1607 1488 1667 Innocentii
1528 1609 1732 1682 verbis,

148 1701 249 1739 non
283 1688 460 1740 minus
489 1701 552 1742 ac
581 1689 859 1758 Augusdni
891 1692 1029 1760 loco,
1067 1695 1439 1756 eucharistiam
1476 1719 1732 1760 necessa-

147 1779 279 1831 riam
319 1777 390 1832 ad
434 1778 662 1834 salutem
703 1781 772 1836 ab
801 1780 865 1837 iis
895 1783 1174 1842 creditam.
1210 1788 1333 1845 Scio
1363 1791 1520 1849 aliter
1556 1797 1728 1852 visunt
1762 1792 1810 1852 Β
1837 1799 1927 1854 bus
1966 1812 2114 1858 terra:
2141 1777 2399 1878 apostolos
2426 1819 2572 1887 talia,

147 1872 272 1924 \iris
303 1872 579 1927 nonnullis
607 1873 955 1942 doctissimis,
984 1879 1075 1932 sed
1103 1882 1364 1951 proiecto,
1387 1900 1493 1940 non
1521 1897 1605 1943 est
1634 1889 1734 1945 hac

143 1964 194 2018 in
226 1979 285 2019 re
307 1966 531 2031 quaesita
560 1965 628 2020 ab
650 1965 716 2021 iis
740 1968 956 2036 veritas,
972 1971 1064 2025 sed
1085 1977 1355 2042 quomodo
1376 1979 1730 2047 Augustinum

141 2071 262 2110 cum
296 2056 572 2111 hodiernis
616 2060 823 2128 placitis
852 2063 1142 2120 conciliare
1169 2077 1407 2134 possent.
1443 2070 1576 2126 Vide
1608 2073 1731 2128 Vin-

141 2149 307 2204 dicius
350 2151 767 2219 Augustinianas
818 2155 982 2209 emin.
1029 2158 1235 2213 cardiu.
1291 2160 1454 2217 Henr.
1509 2164 1730 2232 NOt'iSii,

138 2256 259 2312 cap.
287 2243 341 2307 4,
373 2244 398 2314 §
422 2244 477 2308 4,
507 2245 594 2298 ubi
627 2247 809 2300 multis
832 2247 899 2302 de
921 2248 1023 2303 hoc
1043 2251 1341 2308 Innocentii
1375 2255 1516 2310 loco.

213 2333 384 2403 Epist.
428 2333 554 2399 185,
597 2335 624 2405 §
672 2335 757 2402 12,
801 2338 869 2393 de
899 2339 1210 2410 Donatistis,
1248 2345 1340 2414 qui
1367 2345 1727 2403 sibi‘mortem

141 2423 444 2480 inferebant
481 2444 496 2479 :
533 2427 636 2493 Qui
674 2440 842 2482 autem
888 2433 1114 2486 nesciunt
1159 2441 1577 2494 consuetudinem
1606 2442 1725 2495 illo-

139 2531 275 2580 rum,
317 2527 500 2585 putant
549 2534 633 2572 eos
675 2522 826 2574 modo
871 2523 1064 2588 seipsos
1113 2527 1362 2592 occidere,
1411 2532 1618 2597 quando
1664 2534 1726 2586 ab

138 2622 317 2660 eorum
346 2611 670 2670 insanissima
699 2613 1069 2682 dominatione,
1107 2635 1198 2687 per
1223 2623 1537 2676 occasionem
1558 2627 1727 2696 legum

137 2695 354 2751 istarum
381 2715 496 2767 qua:
536 2717 629 2770 pro
673 2703 863 2756 unitate
901 2713 1019 2758 sunt
1049 2709 1360 2775 constitutae,
1392 2714 1519 2765 tanti
1549 2695 1728 2781 populi

136 2788 470 2862 liberantur.]
493 2792 618 2848 Haec
649 2804 775 2849 sunt
799 2799 1131 2853 accusatorie
1151 2799 1309 2868 plane
1329 2802 1500 2869 dicta;
1525 2807 1729 2860 emollit

137 2883 282 2938 enim
326 2886 655 2955 Augustinus
681 2903 799 2956 qua:
828 2900 1012 2943 contra
1044 2893 1271 2948 miseros
1300 2893 1604 2952 Donatistas
1633 2897 1727 2953 lie-

138 2973 288 3039 bant,
313 2975 444 3029 dum
466 2977 597 3031 dicit
618 2978 882 3032 occasione
906 2981 1075 3050 legum
1096 2994 1310 3051 ereptos
1336 2983 1442 3038 illis
1469 2986 1723 3055 populos:

139 3079 257 3118 cum
308 3065 558 3120 debuerit
596 3068 778 3122 dicere
825 3078 1031 3126 terrore
1076 3072 1248 3142 legum
1289 3083 1343 3128 et
1396 3076 1726 3144 gravissimis

2971 1014 3063 1064 sed
3114 1021 3423 1084 quotidiana

1844 1067 1983 1133 ludo,
2027 1072 2144 1128 sine
2169 1076 2273 1132 ulla
2305 1085 2606 1153 vexatione,
2655 1092 2757 1149 hoc
2801 1099 2998 1156 tactum
3044 1067 3267 1166 credant
3305 1117 3417 1172 alii.

1839 1159 2110 1266 Certe.de
2151 1168 2299 1227 hisce
2349 1181 2676 1246 temporibus
2717 1188 2819 1242 dici
2866 1209 2969 1248 non
3009 1159 3421 1274 potuit—quibus

1842 1253 2131 1311 Donatistae
2159 1262 2504 1324 acerbissime
2533 1277 2895 1347 vexabantur;
2930 1253 3029 1340 nec
3056 1253 3283 1360 unqnatln
3326 1300 3422 1352 ad-

1839 1346 2075 1399 versario
2096 1348 2164 1403 de
2191 1352 2419 1411 inimicis
2447 1362 2795 1422 credendum.
2827 1372 2880 1425 Si
2906 1378 3046 1432 enim
3091 1346 3194 1436 non
3227 1390 3421 1443 menti-

1841 1446 1946 1506 tur,
1999 1440 2193 1498 atleclu
2246 1455 2423 1505 tamen
2473 1455 2640 1511 multa
2691 1460 3010 1530 dissimulot.
3067 1474 3273 1543 minuit,
3327 1493 3420 1538 aut

1836 1542 2014 1598 auget,
2043 1545 2198 1602 prout
2227 1543 2468 1607 partibus
2495 1563 2626 1616 quas
2653 1566 2712 1607 se
2734 1557 2896 1620 luitur
2922 1564 3192 1621 conducit.

1907 1620 2067 1688 lbid.,
2109 1624 2136 1692 ᾗ
2168 1627 2251 1683 19.
2286 1630 2436 1694 Quod
2457 1639 2591 1691 enim
2619 1643 2810 1708 dicunt,
2839 1650 2930 1716 qui
2957 1666 3134 1710 contra
3171 1676 3293 1716 suas
3320 1667 3417 1719 im-

1837 1712 2048 1825 pietates
2075 1714 2210 1786 leges
2221 1723 2393 1790 justas
2419 1726 2615 1783 institui
2640 1712 2974 1800 natuita-non
3001 1749 3203 1813 petiisse
3223 1769 3255 1806 a
3281 1759 3417 1825 regi-

2615 1839 2716 1878 non
2746 1832 3068 1890 considerant
3095 1839 3240 1895 aliud
3265 1850 3421 1915 fuisse

1836 1900 1953 1945 tunc
1994 1905 2209 1964 tempus,
2260 1903 2391 1974 etc.)
2435 1907 2551 1965 Jam
2586 1912 2689 1968 hoc
2726 1919 2992 1978 confutavi
3020 1928 3084 1981 ad
3117 1900 3276 2001 epist:

1839 1985 1865 2055 ᾗ
1896 1987 1948 2042 9.
1983 1989 2094 2044 Alia
2121 1993 2278 2048 etiam
2309 2011 2621 2067 argumenta
2650 2022 2808 2075 quam
2844 2013 3013 2072 iutilia
3043 1985 3243 2079 sint'ad
3271 1985 3417 2084 eam:

1833 2075 1955 2131 dem
1987 2081 2270 2147 epistolam
2300 2091 2533 2147 ostendi.
2565 2094 2679 2152 Non
2710 2116 2927 2169 possum
2962 2116 3138 2167 tamen
3171 2131 3277 2171 non
3317 2122 3418 2175 mi-

1835 2167 1941 2222 rari
1968 2168 2235 2228 hominem
2259 2193 2364 2233 non
2389 2180 2633 2240 hebetem
2661 2167 2899 2259 potuisse
2925 2198 2996 2253 ita
3023 2202 3213 2260 ail‘ectn
3243 2224 3416 2266 excze-

1833 2260 1963 2370 csri,
1998 2273 2072 2328 ut,
2106 2266 2263 2322 modo
2283 2269 2351 2325 de
2383 2273 2671 2333 Donatistis
2701 2286 3077 2361 triumpharet,
3111 2260 3414 2370 nihil—pensi

1833 2349 2053 2406 haberet
2090 2370 2159 2409 an
2189 2357 2472 2420 infamaret
2498 2368 2804 2431 universam
2833 2378 3126 2441 Ecclesium
3147 2349 3415 2451 Christia-

1832 2454 1976 2522 nam,
2017 2457 2302 2517 antequam
2344 2467 2524 2513 essent
2564 2462 2915 2532 imperatores
2952 2473 3262 2551 Christiani,
3291 2501 3413 2556 gra-

1830 2532 1969 2587 viter
1995 2549 2209 2608 semper
2249 2543 2316 2598 de
2363 2555 2847 2626 persecutionibus,
2897 2570 3046 2633 quasi
3099 2532 3412 2636 humanitati

1831 2629 2137 2698 contrariis,
2159 2647 2526 2704 conquestam.
2562 2647 2618 2701 Si
2647 2653 2786 2707 enim
2818 2656 3059 2716 dieamus
3081 2666 3412 2729 Christianos

1829 2719 2158 2786 antiquiores
2178 2738 2242 2778 ea
2269 2736 2472 2786 tantum
2494 2734 2560 2789 de
2585 2752 2743 2794 causa
2767 2751 3082 2807 vexationes
3103 2755 3408 2829 damnasse,

1833 2806 1968 2829 -..η-Ι
1994 2808 2040 2829 2.-
2070 2811 2142 2829 3—~
2163 2827 2200 2829 Ar

1829 2806 1968 2872 quod
1994 2808 2044 2862 in
2069 2811 2214 2878 ipsos
2232 2829 2634 2894 exercerentur,
2652 2843 2755 2884 non
2779 2833 2832 2886 in
2856 2838 3128 2908 ethnicos;
3155 2806 3411 2908 czeteruni

1828 2898 1872 2949 si
1901 2912 2164 2957 summam
2189 2915 2505 2973 potestatem
2537 2917 2635 2970 sibi
2665 2918 2930 2981 faventem
2962 2928 3293 3003 habuissent,
3321 2955 3411 2996 su-

1831 2986 2172 3062 perioresque
2214 2998 2442 3056 ethnicis
2495 3003 2738 3075 fuissent,
2788 3025 2845 3070 ut
2882 3018 2998 3074 sine
3042 2986 3293 3092 periculo,
3316 3047 3411 3087 eos

1829 3094 2023 3136 vexare
2067 3100 2303 3156 possent,
2351 3093 2540 3152 similia
2593 3103 2643 3156 in
2688 3119 2782 3161 eos
2828 3114 3084 3169 continuo
3128 3121 3409 3182 molituros

141 3158 336 3224 penis,
373 3169 428 3212 ιη
452 3159 789 3214 ostendimus
819 3161 884 3214 ad
909 3163 1189 3231 epistolam
1226 3165 1316 3222 93,
1350 3165 1551 3222 Deinde
1580 3170 1721 3239 quod
1751 3158 1795 3217 C
1829 3169 1992 3227 fuisse
2018 3190 2136 3243 qua:
2166 3180 2220 3233 in
2264 3181 2408 3252 ipsos
2448 3193 2648 3247 ethnici
2689 3158 2958 3267 fecerant;

139 3251 282 3305 addit
311 3252 525 3306 visuros
555 3267 646 3306 eos
674 3253 738 3308 iis
765 3254 854 3322 qui
878 3268 972 3309 eos
996 3270 1099 3311 non
1125 3268 1317 3313 norant
1343 3258 1446 3314 sibi
1463 3261 1722 3317 violentas

141 3357 328 3397 manus
361 3345 626 3408 intulisse,
658 3347 800 3416 quod
841 3347 1019 3416 populi
1056 3349 1410 3406 liberarentur
1432 3352 1503 3417 ab
1533 3369 1719 3410 eorum

141 3437 524 3503 dominatione,
572 3438 625 3491 id
668 3447 753 3493 est
800 3440 1060 3496 invidiose
1105 3442 1325 3497 dictum.
1382 3446 1543 3512 Quasi
1591 3462 1721 3502 vero

142 3527 414 3598 quisquam
462 3543 523 3584 se
563 3530 772 3585 occidat
816 3533 903 3587 cui
942 3533 1065 3589 licet
1106 3533 1287 3591 vivere
1327 3547 1382 3591 et
1428 3538 1581 3593 bonis
1608 3541 1720 3595 suis

144 3621 419 3690 tranquille
459 3620 582 3686 frui,
633 3621 897 3676 duntaxat
925 3626 1048 3692 quia
1095 3640 1319 3681 munere
1353 3628 1720 3686 ecclesiastico

143 3709 375 3776 deiectus
395 3720 480 3764 est
500 3711 513 3764 ε
544 3710 657 3765 Non
681 3713 848 3780 magis
868 3714 1217 3770 ecclesiastici
1242 3715 1530 3772 Donatista:
1550 3719 1721 3774 domi-

146 3803 399 3855 nabantur
426 3802 658 3870 populis,
687 3817 848 3870 quam
877 3804 1153 3872 catholici;
1188 3822 1288 3862 nec
1323 3810 1602 3878 quisquam
1629 3827 1719 3866 su-

147 3893 326 3955 spicari
361 3903 574 3960 poterat
604 3893 831 3947 miseros
860 3893 1105 3950 homines
1156 3903 1262 3951 tam
1309 3899 1407 3954 levi
1442 3900 1510 3955 de
1557 3916 1717 3958 causa

150 3979 272 4033 velle
301 3981 462 4044 mori,
495 3995 616 4035 cum
653 3982 956 4051 prtesertim
986 3997 1194 4042 constet
1222 4002 1316 4044 eos
1346 3999 1473 4045 tunc
1497 4005 1528 4046 a
1552 3995 1720 4062 magi-

150 4075 384 4128 stratibus
416 4076 650 4144 pessime
675 4076 903 4134 habitos.

211 4165 426 4221 Ibidem.
475 4169 577 4231 Qui
611 4177 780 4222 autem
815 4171 982 4226 sciunt
1020 4182 1067 4226 et
1107 4183 1228 4228 ante
1258 4176 1398 4244 ipsas
1433 4181 1566 4248 teges
1594 4183 1718 4250 quid

151 4259 298 4323 facere
321 4260 519 4313 soleant
562 4277 665 4315 non
696 4279 872 4318 eorum
898 4267 1156 4319 mirantur
1193 4277 1404 4334 mortes,
1435 4273 1523 4324 sed
1550 4288 1719 4324 recor-

151 4343 317 4401 drmtui-
336 4367 540 4417 mores;
564 4355 783 4408 maxime
803 4359 1004 4421 quando
1031 4357 1198 4410 adhuc
1222 4361 1388 4414 cultus
1415 4362 1584 4429 fuerat
1605 4364 1717 4417 ido-

152 4443 314 4501 lorum.
329 4442 399 4495 ad
418 4459 734 4512 paganorum
758 4446 1110 4501 celeberrimas
1131 4447 1477 4505 solemnitates
1492 4453 1715 4523 ingentia

153 4529 389 4585 turbarum
433 4536 639 4604 agmina
674 4537 955 4601 veniebant,
989 4554 1094 4592 non
1125 4549 1178 4592 ut
1220 4540 1360 4594 idola
1398 4543 1712 4613 frangerent,
1749 4531 1798 4590 ί)

155 4622 228 4671 sed
253 4633 302 4674 ut
331 4626 736 4693 interﬁcerentur
764 4646 796 4682 a
824 4631 1098 4684 cultoribus
1123 4634 1398 4688 idolorum.
1424 4635 1562 4689 Nam
1587 4640 1716 4694 illud

152 4713 205 4774 si,
241 4728 444 4785 accepta
483 4715 713 4786 legitima
756 4730 1038 4788 potestate,
1076 4724 1244 4789 facere
1276 4726 1481 4792 vellent,
1512 4742 1717 4797 possent

154 4802 314 4858 habere
341 4809 742 4877 qualemcunque
770 4812 1002 4865 umbram
1031 4816 1252 4869 nominis
1282 4829 1598 4887 martyrum;
1628 4824 1718 4876 sed

151 4895 209 4944 ad
232 4894 321 4946 hoe
351 4896 519 4948 solum
553 4899 834 4966 veniebant,
868 4913 920 4955 ut
945 4905 1155 4975 integris
1181 4908 1334 4961 idolis
1370 4909 1468 4976 ipsi
1495 4914 1714 4978 petime-

150 4995 321 5038 rentur.
347 4985 487 5042 Nam
504 4990 694 5058 singuli
711 4993 901 5060 quique
921 4997 1251 5050 valentissimi
1258 5001 1473 5069 juvenes
1493 5003 1715 5058 cultores

149 5075 407 5140 idolorum,
432 5089 676 5149 quotquot
698 5084 1104 5156 occideret,ipsis
1128 5088 1280 5143 idolis
1309 5101 1484 5146 vovere
1503 5109 1716 5149 consue-

151 5168 353 5239 vcruttt.]
405 5170 733 5227 Crediderim
789 5176 1003 5243 quidem
1053 5182 1363 5250 nonnullos,
1413 5185 1714 5242 inconsulta

149 5262 426 5328 cupiditate
458 5267 718 5335 martyrii,
753 5270 984 5326 ethnicis
1010 5275 1178 5328 sacris
1204 5275 1454 5344 illusisse,
1480 5289 1539 5333 ut
1561 5280 1628 5334 ab
1653 5282 1717 5336 iis

151 5351 564 5409 interﬁcerentur
589 5371 602 5420 ;
645 5357 739 5411 sed
767 5358 1074 5426 frequenter
1101 5363 1154 5419 id
1175 5369 1483 5436 contigisse,
1507 5383 1559 5426 et
1582 5389 1719 5441 pra:-

158 5442 373 5496 sentibus
396 5446 604 5514 magnis
621 5446 1044 5508 Christianorum
1069 5457 1390 5526 agminibus,
1408 5459 1719 5534 cum‘lmpe-

161 5542 338 5588 ratores
366 5533 889 5608 Clu-istianiessent,
921 5545 1007 5598 vix
1056 5550 1304 5615 putarim.
1350 5551 1552 5638 Neque.
1577 5533 1718 5612 enim

158 5618 323 5678 licebat
345 5625 574 5680 ethnicis
600 5628 818 5697 impune
841 5633 1170 5694 Christianos
1197 5642 1460 5699 occidere.

207 5715 335 5772 Ibid.
367 5717 588 5783 Quidam
615 5723 764 5776 etiam
786 5743 839 5779 se
861 5730 1188 5788 trucidandos
1209 5739 1419 5792 armatis
1444 5741 1720 5801 viatorfbus

371 5812 647 5876 PATnOL.
693 5817 944 5881 XLVII.

1825 3266 2179 3335 antiquissimi
2207 3274 2524 3338 Christianae
2554 3289 2825 3358 religionis
2847 3301 3062 3363 patroni
3091 3306 3268 3363 callidi
3299 3312 3410 3367 dis-

1826 3360 2196 3433 simulaturos,
2238 3372 2328 3439 qui
2364 3381 2588 3444 tempori
2616 3381 2874 3441 duntaxat
2901 3395 3208 3453 serviebant
3231 3441 3246 3465 ,
3286 3418 3407 3460 cum

1825 3450 2142 3510 damnarent
2171 3463 2319 3526 quasi
2350 3463 2509 3534 impia
2539 3480 2593 3524 et
2623 3473 2912 3533 inhumana
2939 3499 3057 3550 qute
3093 3489 3192 3553 ipsi
3232 3450 3406 3549 liben-

1826 3541 2028 3598 tissime
2057 3546 2327 3617 fecissent,
2358 3557 2401 3608 si
2436 3561 2751 3624 potuissent.
2782 3566 2964 3638 Neque
2988 3576 3127 3630 enim
3151 3588 3407 3639 vetustio-

1827 3646 1912 3686 res
1952 3635 2237 3694 Christiani
2277 3642 2601 3705 damnabant
2639 3635 3067 3721 persecutionem
3106 3683 3264 3737 quam
3303 3675 3404 3745 ipsi

1827 3726 2181 3798 patiebantur,
2223 3736 2317 3789 sed
2359 3751 2571 3795 omnem
2613 3749 2831 3802 omnino
2872 3726 3204 3829 quaecunque
3236 3726 3400 3822 esset.

1823 3817 1974 3884 Quod
2019 3821 2064 3876 si
2112 3825 2308 3882 ethnici
2355 3833 2692 3901 magistratus
2741 3817 2996 3911 suSpicati
3044 3817 3268 3910 fuissent
3308 3873 3402 3913 eos

1824 3908 1946 3964 ideo
1991 3921 2190 3968 tantum
2239 3923 2410 3988 queri,
2466 3928 2604 3994 quod
2654 3929 2751 3998 ipsi
2803 3908 2907 3989 non
2954 3940 3094 3996 male
3144 3944 3405 4006 haberent

1823 4001 2086 4072 ethniCtis,
2122 4013 2287 4064 mttlto
2315 4019 2528 4082 gmvius
2551 4030 2607 4074 et
2634 4025 2928 4091 speciosius
2951 4031 3004 4084 in
3030 4032 3273 4094 homines
3301 4053 3406 4096 Ste-

1823 4093 2062 4163 viissent,
2088 4104 2236 4168 quasi
2262 4104 2312 4157 in
2335 4108 2620 4165 seditiosos
2645 4117 2734 4180 qui
2757 4123 3094 4181 occasionem
3121 4138 3323 4187 tantum
3349 4137 3404 4190 vi

1822 4189 2124 4244 evertendis
2156 4195 2344 4262 prisca:
2383 4201 2669 4270 religimsis,
2709 4218 2760 4262 et
2787 4213 2923 4267 male
2953 4215 3322 4278 habendorum
3353 4228 3404 4282 ei

1821 4279 2149 4337 addictorum
2181 4293 2588 4359 exspectabant;
2639 4315 2736 4356 nec
2769 4301 2955 4362 fuisset
2978 4324 3072 4365 cur
3097 4313 3217 4380 jure
3245 4321 3402 4385 queri

1824 4372 2120 4436 potuissent
2149 4375 2456 4449 Christiani,
2491 4388 2592 4442 nisi
2623 4395 2764 4461 quod
2796 4399 2864 4450 ab
2901 4372 3223 4461 adversariis
3251 4372 3404 4465 ante-

1822 4471 2178 4521 verterentur.
2216 4470 2328 4525 Non
2363 4486 2603 4542 poterant
2632 4485 2812 4541 dicere
2840 4489 3127 4548 Christiani
3169 4513 3230 4552 se
3255 4501 3401 4555 veri-

1825 4555 1946 4608 tatis
1973 4571 2095 4612 esse
2116 4571 2389 4633 patronos,
2415 4571 2659 4630 ethnicos
2686 4580 2987 4648 mendacii;
3014 4601 3134 4639 nam
3158 4593 3402 4658 quamvis

1823 4661 2008 4702 verum
2039 4651 2138 4707 hoc
2168 4669 2330 4723 esset,
2363 4670 2727 4723 controversia
2761 4672 2846 4726 illa
2878 4677 3171 4732 etiamnum
3205 4684 3402 4748 pende.-

1823 4739 1930 4805 hat,
1965 4744 2089 4798 dum
2122 4749 2319 4806 ethnici
2363 4766 2546 4811 contra
2593 4764 2928 4828 sentiebant;
2967 4783 3220 4839 armaque
3247 4776 3325 4829 eis
3349 4779 3401 4832 in

1819 4831 2188 4904 Christianos,
2223 4842 2424 4899 interea
2455 4848 2582 4901 dum
2624 4851 2912 4908 Chrisdani
2950 4857 3047 4925 ipsi
3082 4861 3289 4929 tierent,
3323 4869 3402 4923 eis

1826 4926 2330 4997 suppeditabantur,
2379 4950 2498 4989 nam
2530 4939 2655 4994 dum
2684 4956 2742 4994 se
2781 4958 2876 5008 pro
2903 4949 3127 5007 veritate
3150 4926 3292 5013 stare
3326 4959 3401 5016 illi

1824 5017 2108 5083 putabant,
2159 5022 2456 5084 debebant.
2510 5042 2572 5081 ex
2629 5031 3050 5094 Christianorum
3101 5051 3402 5115 sententia,

1825 5120 2019 5160 vexare
2069 5109 2224 5163 aliter
2285 5115 2595 5173 sentientes.
2651 5122 2707 5176 Si
2759 5128 3058 5192 potuis~ent
3104 5138 3400 5200 praevidere

1824 5198 2018 5253 ctlmici
2042 5199 2225 5255 adfore
2239 5204 2523 5272 aliquando
2554 5220 2759 5283 tempus
2788 5235 2894 5287 quo
2924 5198 3407 5284 mor-temultaren-

1824 5299 1908 5344 tur
1923 5291 2021 5345 diis
2032 5307 2182 5346 sacra
2206 5293 2462 5354 facientes
2479 5316 2508 5355 a
2523 5303 2841 5367 Christianis
2858 5314 3290 5385 imperatoribus,
3307 5337 3406 5376 nec

1823 5383 1938 5437 sine
1957 5384 2141 5452 plausu
2160 5389 2553 5462 episcoporum,
2572 5397 2694 5453 licet
2718 5403 2949 5473 alioquin
2970 5407 3020 5459 in
3045 5419 3220 5474 partes
3238 5411 3402 5464 abiis-

1824 5485 1970 5538 scnt;
2002 5478 2334 5537 Christianos
2363 5484 2730 5559 inlatnassent,
2766 5498 2914 5561 quasi
2949 5497 3194 5551 factiosos
3218 5512 3269 5554 et
3295 5519 3408 5558 ma-

1824 5566 1905 5619 los
1934 5567 2196 5634 homines,
2238 5575 2326 5641 qui
2366 5591 2468 5630 non
2510 5580 2757 5636 dicebant
2786 5587 2925 5650 quod
2969 5589 3251 5658 sentirent,
3283 5610 3404 5649 cum

1825 5659 2138 5728 religionem
2183 5663 2404 5720 liberam
2447 5684 2567 5724 esse
2609 5685 2860 5740 oportere
2903 5678 3267 5737 clamitabant.
3318 5687 3408 5741 Sic

1829 5763 2004 5810 tamen
2036 5757 2360 5827 Augustinus
2384 5761 2541 5830 epist.
2575 5764 2663 5830 95,
2693 5764 2719 5834 ξ
2758 5767 2839 5831 lt),
2874 5771 3162 5840 alloquitur
3189 5776 3410 5832 Donati-

3061 5868 3130 5924 11
