  <div class='ocr_page' id='page_1' title='image "/cluster/home/n/w/nwhite01/storage/ocr_20150623/47/uva.x000827107/173.png"; bbox 0 0 3908 6324; ppageno 0'>
   <div class='ocr_carea' id='block_1_1' title="bbox 524 332 619 386">
    <p class='ocr_par' dir='ltr' id='par_1_1' title="bbox 524 332 619 386">
     <span class='ocr_line' id='line_1_1' title="bbox 524 332 619 386; baseline 0 0"><span class='ocrx_word' id='word_1_1' title='bbox 524 332 619 386; x_wconf 69' lang='grc'><strong>351</strong></span> 
     </span>
    </p>
   </div>
   <div class='ocr_carea' id='block_1_2' title="bbox 1414 316 2899 381">
    <p class='ocr_par' dir='ltr' id='par_1_2' title="bbox 1414 316 2899 381">
     <span class='ocr_line' id='line_1_2' title="bbox 1414 316 2899 381; baseline -0.004 -3"><span class='ocrx_word' id='word_1_2' title='bbox 1414 319 1962 379; x_wconf 69' lang='lat' dir='ltr'><strong>SUPPLEMENTUM</strong></span> <span class='ocrx_word' id='word_1_3' title='bbox 2005 318 2097 370; x_wconf 85' lang='lat' dir='ltr'><strong>AD</strong></span> <span class='ocrx_word' id='word_1_4' title='bbox 2134 322 2365 380; x_wconf 77' lang='lat' dir='ltr'><strong>OPERA</strong></span> <span class='ocrx_word' id='word_1_5' title='bbox 2406 324 2461 381; x_wconf 88' lang='lat' dir='ltr'><strong>S.</strong></span> <span class='ocrx_word' id='word_1_6' title='bbox 2506 316 2899 378; x_wconf 82' lang='lat' dir='ltr'><strong>AUGUSTINI.</strong></span> 
     </span>
    </p>
   </div>
   <div class='ocr_carea' id='block_1_3' title="bbox 3698 313 3794 373">
    <p class='ocr_par' dir='ltr' id='par_1_3' title="bbox 3698 313 3794 373">
     <span class='ocr_line' id='line_1_3' title="bbox 3698 313 3794 373; baseline -0.031 0"><span class='ocrx_word' id='word_1_7' title='bbox 3698 313 3794 373; x_wconf 66' lang='lat'><strong>332</strong></span> 
     </span>
    </p>
   </div>
   <div class='ocr_carea' id='block_1_4' title="bbox 523 430 3793 510">
    <p class='ocr_par' dir='ltr' id='par_1_4' title="bbox 523 430 3793 510">
     <span class='ocr_line' id='line_1_4' title="bbox 523 430 3793 510; baseline -0.003 -14"><span class='ocrx_word' id='word_1_8' title='bbox 523 455 631 499; x_wconf 82' lang='lat' dir='ltr'><strong>stas</strong></span> <span class='ocrx_word' id='word_1_9' title='bbox 658 461 671 500; x_wconf 88' lang='lat'><strong>:</strong></span> <span class='ocrx_word' id='word_1_10' title='bbox 708 442 831 510; x_wconf 82' lang='lat' dir='ltr'><strong>Quis</strong></span> <span class='ocrx_word' id='word_1_11' title='bbox 863 449 1113 504; x_wconf 85' lang='lat' dir='ltr'><strong>nostrum,</strong></span> <span class='ocrx_word' id='word_1_12' title='bbox 1143 454 1253 507; x_wconf 76' lang='lat' dir='ltr'><strong>quis</strong></span> <span class='ocrx_word' id='word_1_13' title='bbox 1293 446 1513 491; x_wconf 72' lang='lat' dir='ltr'><strong>vestrum</strong></span> <span class='ocrx_word' id='word_1_14' title='bbox 1542 451 1643 488; x_wconf 85' lang='lat' dir='ltr'><strong>non</strong></span> <span class='ocrx_word' id='word_1_15' title='bbox 1673 434 1851 488; x_wconf 87' lang='lat' dir='ltr'><strong>laudat</strong></span> <span class='ocrx_word' id='word_1_16' title='bbox 1879 435 2015 503; x_wconf 83' lang='lat' dir='ltr'><strong>teges</strong></span> <span class='ocrx_word' id='word_1_17' title='bbox 2045 433 2107 486; x_wconf 88' lang='lat' dir='ltr'><strong>ab</strong></span> <span class='ocrx_word' id='word_1_18' title='bbox 2136 437 2184 494; x_wconf 80' lang='grc' dir='ltr'><strong>Λ</strong></span> <span class='ocrx_word' id='word_1_19' title='bbox 2215 434 2548 490; x_wconf 86' lang='lat' dir='ltr'><strong>Antiochena</strong></span> <span class='ocrx_word' id='word_1_20' title='bbox 2577 434 2837 504; x_wconf 84' lang='lat' dir='ltr'><strong>synodus,</strong></span> <span class='ocrx_word' id='word_1_21' title='bbox 2871 432 2970 487; x_wconf 97' lang='lat' dir='ltr'><strong>sub</strong></span> <span class='ocrx_word' id='word_1_22' title='bbox 2997 430 3307 486; x_wconf 79' lang='lat' dir='ltr'><strong>Constantio</strong></span> <span class='ocrx_word' id='word_1_23' title='bbox 3342 430 3544 497; x_wconf 85' lang='lat' dir='ltr'><strong>habita,</strong></span> <span class='ocrx_word' id='word_1_24' title='bbox 3588 444 3703 501; x_wconf 78' lang='lat' dir='ltr'><strong>cap.</strong></span> <span class='ocrx_word' id='word_1_25' title='bbox 3729 435 3793 491; x_wconf 68' lang='lat'><strong>23</strong></span> 
     </span>
    </p>
   </div>
   <div class='ocr_carea' id='block_1_5' title="bbox 522 522 2108 606">
    <p class='ocr_par' dir='ltr' id='par_1_5' title="bbox 522 522 2108 606">
     <span class='ocr_line' id='line_1_5' title="bbox 522 522 2108 606; baseline -0.008 -17"><span class='ocrx_word' id='word_1_26' title='bbox 522 535 909 606; x_wconf 72' lang='lat' dir='ltr'><strong>imperatoribus</strong></span> <span class='ocrx_word' id='word_1_27' title='bbox 935 534 1080 585; x_wconf 87' lang='lat' dir='ltr'><strong>datas</strong></span> <span class='ocrx_word' id='word_1_28' title='bbox 1105 532 1347 583; x_wconf 76' lang='lat' dir='ltr'><strong>adversus</strong></span> <span class='ocrx_word' id='word_1_29' title='bbox 1374 527 1628 594; x_wconf 82' lang='lat' dir='ltr'><strong>sacriﬁcia</strong></span> <span class='ocrx_word' id='word_1_30' title='bbox 1660 526 2013 595; x_wconf 82' lang='lat' dir='ltr'><strong>paganorum?</strong></span> <span class='ocrx_word' id='word_1_31' title='bbox 2039 522 2108 577; x_wconf 82' lang='lat' dir='ltr'><strong>Et</strong></span> 
     </span>
    </p>
   </div>
   <div class='ocr_carea' id='block_1_6' title="bbox 524 615 2109 696">
    <p class='ocr_par' dir='ltr' id='par_1_6' title="bbox 524 615 2109 696">
     <span class='ocr_line' id='line_1_6' title="bbox 524 615 2109 696; baseline -0.009 -14"><span class='ocrx_word' id='word_1_32' title='bbox 524 640 655 682; x_wconf 75' lang='lat' dir='ltr'><strong>certe</strong></span> <span class='ocrx_word' id='word_1_33' title='bbox 675 629 820 696; x_wconf 82' lang='lat' dir='ltr'><strong>longe</strong></span> <span class='ocrx_word' id='word_1_34' title='bbox 840 626 908 679; x_wconf 86' lang='lat' dir='ltr'><strong>ibi</strong></span> <span class='ocrx_word' id='word_1_35' title='bbox 935 638 1081 692; x_wconf 80' lang='lat' dir='ltr'><strong>poma</strong></span> <span class='ocrx_word' id='word_1_36' title='bbox 1103 621 1315 675; x_wconf 76' lang='lat' dir='ltr'><strong>severior</strong></span> <span class='ocrx_word' id='word_1_37' title='bbox 1336 620 1605 672; x_wconf 81' lang='lat' dir='ltr'><strong>constituta</strong></span> <span class='ocrx_word' id='word_1_38' title='bbox 1630 625 1702 671; x_wconf 83' lang='lat' dir='ltr'><strong>est</strong></span> <span class='ocrx_word' id='word_1_39' title='bbox 1721 634 1738 681; x_wconf 89' lang='lat'><em>;</em></span> <span class='ocrx_word' id='word_1_40' title='bbox 1761 615 1902 669; x_wconf 90' lang='lat' dir='ltr'><strong>illius</strong></span> <span class='ocrx_word' id='word_1_41' title='bbox 1922 617 2109 685; x_wconf 78' lang='lat' dir='ltr'><strong>quippe</strong></span> 
     </span>
    </p>
   </div>
   <div class='ocr_carea' id='block_1_7' title="bbox 524 706 2107 787">
    <p class='ocr_par' dir='ltr' id='par_1_7' title="bbox 524 706 2107 787">
     <span class='ocr_line' id='line_1_7' title="bbox 524 706 2107 787; baseline -0.01 -14"><span class='ocrx_word' id='word_1_42' title='bbox 524 717 795 787; x_wconf 75' lang='lat' dir='ltr'><strong>impietatis</strong></span> <span class='ocrx_word' id='word_1_43' title='bbox 845 713 1064 779; x_wconf 86' lang='lat' dir='ltr'><strong>capitale</strong></span> <span class='ocrx_word' id='word_1_44' title='bbox 1099 710 1407 778; x_wconf 72' lang='lat' dir='ltr'><strong>supplicium</strong></span> <span class='ocrx_word' id='word_1_45' title='bbox 1454 717 1545 761; x_wconf 85' lang='lat' dir='ltr'><strong>est.</strong></span> <span class='ocrx_word' id='word_1_46' title='bbox 1599 707 1705 760; x_wconf 81' lang='lat' dir='ltr'><strong>Nec</strong></span> <span class='ocrx_word' id='word_1_47' title='bbox 1749 706 1935 760; x_wconf 78' lang='lat' dir='ltr'><strong>dubito</strong></span> <span class='ocrx_word' id='word_1_48' title='bbox 1983 706 2107 774; x_wconf 90' lang='lat' dir='ltr'><strong>quin</strong></span> 
     </span>
    </p>
   </div>
   <div class='ocr_carea' id='block_1_8' title="bbox 522 795 2109 873">
    <p class='ocr_par' dir='ltr' id='par_1_8' title="bbox 522 795 2109 873">
     <span class='ocr_line' id='line_1_8' title="bbox 522 795 2109 873; baseline -0.008 -11"><span class='ocrx_word' id='word_1_49' title='bbox 522 806 723 864; x_wconf 83' lang='lat' dir='ltr'><strong>ethnici</strong></span> <span class='ocrx_word' id='word_1_50' title='bbox 744 804 835 873; x_wconf 88' lang='lat' dir='ltr'><strong>qui</strong></span> <span class='ocrx_word' id='word_1_51' title='bbox 866 809 1188 871; x_wconf 78' lang='lat' dir='ltr'><strong>supererant</strong></span> <span class='ocrx_word' id='word_1_52' title='bbox 1217 800 1267 854; x_wconf 91' lang='lat' dir='ltr'><strong>in</strong></span> <span class='ocrx_word' id='word_1_53' title='bbox 1301 798 1527 866; x_wconf 84' lang='lat' dir='ltr'><strong>imperio</strong></span> <span class='ocrx_word' id='word_1_54' title='bbox 1558 799 1819 857; x_wconf 79' lang='lat' dir='ltr'><strong>llomano,</strong></span> <span class='ocrx_word' id='word_1_55' title='bbox 1851 806 1905 849; x_wconf 91' lang='lat' dir='ltr'><strong>et</strong></span> <span class='ocrx_word' id='word_1_56' title='bbox 1948 795 2109 849; x_wconf 85' lang='lat' dir='ltr'><strong>vicini</strong></span> 
     </span>
    </p>
   </div>
   <div class='ocr_carea' id='block_1_9' title="bbox 523 887 2107 961">
    <p class='ocr_par' dir='ltr' id='par_1_9' title="bbox 523 887 2107 961">
     <span class='ocr_line' id='line_1_9' title="bbox 523 887 2107 961; baseline -0.008 -7"><span class='ocrx_word' id='word_1_57' title='bbox 523 901 681 954; x_wconf 75' lang='lat' dir='ltr'><strong>etiam</strong></span> <span class='ocrx_word' id='word_1_58' title='bbox 720 896 1038 961; x_wconf 69' lang='lat' dir='ltr'><strong>idololatrae,</strong></span> <span class='ocrx_word' id='word_1_59' title='bbox 1071 901 1129 946; x_wconf 92' lang='lat' dir='ltr'><strong>ut</strong></span> <span class='ocrx_word' id='word_1_60' title='bbox 1156 892 1355 952; x_wconf 66' lang='lat' dir='ltr'><strong>Persae.</strong></span> <span class='ocrx_word' id='word_1_61' title='bbox 1391 890 1513 943; x_wconf 89' lang='lat' dir='ltr'><strong>talia</strong></span> <span class='ocrx_word' id='word_1_62' title='bbox 1542 888 1862 943; x_wconf 85' lang='lat' dir='ltr'><strong>Christianis</strong></span> <span class='ocrx_word' id='word_1_63' title='bbox 1904 887 2107 955; x_wconf 86' lang='lat' dir='ltr'><strong>objice-</strong></span> 
     </span>
    </p>
   </div>
   <div class='ocr_carea' id='block_1_10' title="bbox 522 980 1571 1050">
    <p class='ocr_par' dir='ltr' id='par_1_10' title="bbox 522 980 1571 1050">
     <span class='ocr_line' id='line_1_10' title="bbox 522 980 1571 1050; baseline -0.012 -6"><span class='ocrx_word' id='word_1_64' title='bbox 522 1000 660 1045; x_wconf 74' lang='lat' dir='ltr'><strong>rent.</strong></span> <span class='ocrx_word' id='word_1_65' title='bbox 687 987 838 1041; x_wconf 85' lang='lat' dir='ltr'><strong>Absit</strong></span> <span class='ocrx_word' id='word_1_66' title='bbox 864 999 996 1038; x_wconf 84' lang='lat' dir='ltr'><strong>vero</strong></span> <span class='ocrx_word' id='word_1_67' title='bbox 1026 992 1083 1037; x_wconf 92' lang='lat' dir='ltr'><strong>ut</strong></span> <span class='ocrx_word' id='word_1_68' title='bbox 1114 985 1228 1036; x_wconf 63' lang='lat' dir='ltr'><strong>hac</strong></span> <span class='ocrx_word' id='word_1_69' title='bbox 1254 980 1571 1050; x_wconf 83' lang='lat' dir='ltr'><strong>probemus!</strong></span> 
     </span>
    </p>
   </div>
   <div class='ocr_carea' id='block_1_11' title="bbox 594 1067 2112 1147">
    <p class='ocr_par' dir='ltr' id='par_1_11' title="bbox 594 1067 2112 1147">
     <span class='ocr_line' id='line_1_11' title="bbox 594 1067 2112 1147; baseline -0.007 -13"><span class='ocrx_word' id='word_1_70' title='bbox 594 1081 765 1147; x_wconf 82' lang='lat' dir='ltr'><strong>Epist.</strong></span> <span class='ocrx_word' id='word_1_71' title='bbox 815 1075 937 1138; x_wconf 85' lang='grc'>186,</span> <span class='ocrx_word' id='word_1_72' title='bbox 986 1073 1013 1143; x_wconf 82' lang='lat'>§</span> <span class='ocrx_word' id='word_1_73' title='bbox 1054 1074 1143 1127; x_wconf 78' lang='grc'><strong>57.</strong></span> <span class='ocrx_word' id='word_1_74' title='bbox 1190 1072 1395 1125; x_wconf 85' lang='lat' dir='ltr'><strong>Natura</strong></span> <span class='ocrx_word' id='word_1_75' title='bbox 1432 1071 1678 1135; x_wconf 83' lang='lat' dir='ltr'><strong>humana,</strong></span> <span class='ocrx_word' id='word_1_76' title='bbox 1713 1070 1908 1122; x_wconf 82' lang='lat' dir='ltr'><strong>etiamsi</strong></span> <span class='ocrx_word' id='word_1_77' title='bbox 1938 1070 1991 1121; x_wconf 87' lang='lat' dir='ltr'><strong>in</strong></span> <span class='ocrx_word' id='word_1_78' title='bbox 2018 1067 2112 1123; x_wconf 89' lang='lat' dir='ltr'><strong>illa</strong></span> 
     </span>
    </p>
   </div>
   <div class='ocr_carea' id='block_1_12' title="bbox 519 1160 2109 1238">
    <p class='ocr_par' dir='ltr' id='par_1_12' title="bbox 519 1160 2109 1238">
     <span class='ocr_line' id='line_1_12' title="bbox 519 1160 2109 1238; baseline -0.008 -15"><span class='ocrx_word' id='word_1_79' title='bbox 519 1170 807 1238; x_wconf 71' lang='lat' dir='ltr'><strong>integritate</strong></span> <span class='ocrx_word' id='word_1_80' title='bbox 831 1167 884 1218; x_wconf 87' lang='lat' dir='ltr'><strong>in</strong></span> <span class='ocrx_word' id='word_1_81' title='bbox 910 1181 1009 1231; x_wconf 89' lang='lat' dir='ltr'><strong>qua</strong></span> <span class='ocrx_word' id='word_1_82' title='bbox 1034 1163 1237 1216; x_wconf 87' lang='lat' dir='ltr'><strong>condita</strong></span> <span class='ocrx_word' id='word_1_83' title='bbox 1262 1171 1368 1213; x_wconf 87' lang='lat' dir='ltr'><strong>erat</strong></span> <span class='ocrx_word' id='word_1_84' title='bbox 1402 1170 1740 1228; x_wconf 79' lang='lat' dir='ltr'><strong>permaneret,</strong></span> <span class='ocrx_word' id='word_1_85' title='bbox 1783 1160 1929 1212; x_wconf 86' lang='lat' dir='ltr'><strong>nullo</strong></span> <span class='ocrx_word' id='word_1_86' title='bbox 1959 1160 2109 1211; x_wconf 87' lang='lat' dir='ltr'><strong>modo</strong></span> 
     </span>
    </p>
   </div>
   <div class='ocr_carea' id='block_1_13' title="bbox 524 1251 2113 1331">
    <p class='ocr_par' dir='ltr' id='par_1_13' title="bbox 524 1251 2113 1331">
     <span class='ocr_line' id='line_1_13' title="bbox 524 1251 2113 1331; baseline -0.008 -16"><span class='ocrx_word' id='word_1_87' title='bbox 524 1264 763 1331; x_wconf 77' lang='lat' dir='ltr'><strong>scipsam,</strong></span> <span class='ocrx_word' id='word_1_88' title='bbox 805 1258 1044 1311; x_wconf 88' lang='lat' dir='ltr'><strong>Creatore</strong></span> <span class='ocrx_word' id='word_1_89' title='bbox 1078 1272 1170 1309; x_wconf 85' lang='lat' dir='ltr'><strong>suo</strong></span> <span class='ocrx_word' id='word_1_90' title='bbox 1212 1271 1309 1307; x_wconf 88' lang='lat' dir='ltr'><strong>non</strong></span> <span class='ocrx_word' id='word_1_91' title='bbox 1345 1254 1648 1318; x_wconf 77' lang='lat' dir='ltr'><strong>adiuvante,</strong></span> <span class='ocrx_word' id='word_1_92' title='bbox 1698 1260 1935 1305; x_wconf 80' lang='lat' dir='ltr'><strong>servaret.</strong></span> <span class='ocrx_word' id='word_1_93' title='bbox 1972 1251 2113 1305; x_wconf 76' lang='lat' dir='ltr'><strong>Deli-</strong></span> 
     </span>
    </p>
   </div>
   <div class='ocr_carea' id='block_1_14' title="bbox 521 1342 2107 1416">
    <p class='ocr_par' dir='ltr' id='par_1_14' title="bbox 521 1342 2107 1416">
     <span class='ocr_line' id='line_1_14' title="bbox 521 1342 2107 1416; baseline -0.008 -10"><span class='ocrx_word' id='word_1_94' title='bbox 521 1353 773 1406; x_wconf 69' lang='lat' dir='ltr'><strong>nicndum</strong></span> <span class='ocrx_word' id='word_1_95' title='bbox 796 1360 913 1403; x_wconf 88' lang='lat' dir='ltr'><strong>erat</strong></span> <span class='ocrx_word' id='word_1_96' title='bbox 946 1346 1213 1416; x_wconf 80' lang='lat' dir='ltr'><strong>quodnam</strong></span> <span class='ocrx_word' id='word_1_97' title='bbox 1246 1345 1500 1397; x_wconf 76' lang='lat' dir='ltr'><strong>auxilium</strong></span> <span class='ocrx_word' id='word_1_98' title='bbox 1534 1343 1628 1397; x_wconf 88' lang='lat' dir='ltr'><strong>Dei</strong></span> <span class='ocrx_word' id='word_1_99' title='bbox 1658 1343 1741 1396; x_wconf 91' lang='lat' dir='ltr'><strong>hic</strong></span> <span class='ocrx_word' id='word_1_100' title='bbox 1764 1342 2107 1410; x_wconf 71' lang='lat' dir='ltr'><strong>intelligatur,</strong></span> 
     </span>
    </p>
   </div>
   <div class='ocr_carea' id='block_1_15' title="bbox 522 1432 2104 1510">
    <p class='ocr_par' dir='ltr' id='par_1_15' title="bbox 522 1432 2104 1510">
     <span class='ocr_line' id='line_1_15' title="bbox 522 1432 2104 1510; baseline -0.009 -13"><span class='ocrx_word' id='word_1_101' title='bbox 522 1445 682 1510; x_wconf 87' lang='lat' dir='ltr'><strong>idque</strong></span> <span class='ocrx_word' id='word_1_102' title='bbox 716 1457 784 1497; x_wconf 82' lang='lat' dir='ltr'><strong>ex</strong></span> <span class='ocrx_word' id='word_1_103' title='bbox 823 1440 1099 1507; x_wconf 76' lang='lat' dir='ltr'><strong>Scriptura</strong></span> <span class='ocrx_word' id='word_1_104' title='bbox 1141 1451 1245 1489; x_wconf 91' lang='lat' dir='ltr'><strong>non</strong></span> <span class='ocrx_word' id='word_1_105' title='bbox 1284 1435 1535 1503; x_wconf 89' lang='lat' dir='ltr'><strong>ambiguo</strong></span> <span class='ocrx_word' id='word_1_106' title='bbox 1576 1436 1693 1486; x_wconf 84' lang='lat' dir='ltr'><strong>loco</strong></span> <span class='ocrx_word' id='word_1_107' title='bbox 1737 1432 2104 1501; x_wconf 87' lang='lat' dir='ltr'><strong>probandum;</strong></span> 
     </span>
    </p>
   </div>
   <div class='ocr_carea' id='block_1_16' title="bbox 524 1526 2111 1604">
    <p class='ocr_par' dir='ltr' id='par_1_16' title="bbox 524 1526 2111 1604">
     <span class='ocr_line' id='line_1_16' title="bbox 524 1526 2111 1604; baseline -0.009 -14"><span class='ocrx_word' id='word_1_108' title='bbox 524 1552 644 1590; x_wconf 72' lang='lat' dir='ltr'><strong>nam</strong></span> <span class='ocrx_word' id='word_1_109' title='bbox 669 1536 790 1604; x_wconf 86' lang='lat' dir='ltr'><strong>quis</strong></span> <span class='ocrx_word' id='word_1_110' title='bbox 812 1542 967 1600; x_wconf 84' lang='lat' dir='ltr'><strong>neget</strong></span> <span class='ocrx_word' id='word_1_111' title='bbox 987 1528 1211 1597; x_wconf 78' lang='lat' dir='ltr'><strong>aliOqui,</strong></span> <span class='ocrx_word' id='word_1_112' title='bbox 1238 1528 1281 1581; x_wconf 89' lang='lat' dir='ltr'><strong>si</strong></span> <span class='ocrx_word' id='word_1_113' title='bbox 1306 1527 1627 1596; x_wconf 75' lang='lat' dir='ltr'><strong>generaliter</strong></span> <span class='ocrx_word' id='word_1_114' title='bbox 1646 1526 1945 1593; x_wconf 58' lang='lat' dir='ltr'><strong>loquimur,</strong></span> <span class='ocrx_word' id='word_1_115' title='bbox 1969 1537 2111 1576; x_wconf 76' lang='lat' dir='ltr'><strong>scm—</strong></span> 
     </span>
    </p>
   </div>
   <div class='ocr_carea' id='block_1_17' title="bbox 524 1613 2108 1695">
    <p class='ocr_par' dir='ltr' id='par_1_17' title="bbox 524 1613 2108 1695">
     <span class='ocr_line' id='line_1_17' title="bbox 524 1613 2108 1695; baseline -0.007 -18"><span class='ocrx_word' id='word_1_116' title='bbox 524 1643 621 1695; x_wconf 81' lang='lat' dir='ltr'><strong>per</strong></span> <span class='ocrx_word' id='word_1_117' title='bbox 650 1633 954 1680; x_wconf 78' lang='lat' dir='ltr'><strong>creaturam</strong></span> <span class='ocrx_word' id='word_1_118' title='bbox 986 1621 1227 1689; x_wconf 78' lang='lat' dir='ltr'><strong>indigere</strong></span> <span class='ocrx_word' id='word_1_119' title='bbox 1264 1618 1464 1671; x_wconf 74' lang='lat' dir='ltr'><strong>auxilio</strong></span> <span class='ocrx_word' id='word_1_120' title='bbox 1489 1616 1759 1671; x_wconf 85' lang='lat' dir='ltr'><strong>Creatoris</strong></span> <span class='ocrx_word' id='word_1_121' title='bbox 1787 1614 1853 1668; x_wconf 89' lang='lat' dir='ltr'><strong>ad</strong></span> <span class='ocrx_word' id='word_1_122' title='bbox 1882 1613 2108 1667; x_wconf 83' lang='lat' dir='ltr'><strong>salutem</strong></span> 
     </span>
    </p>
   </div>
   <div class='ocr_carea' id='block_1_18' title="bbox 521 1714 990 1785">
    <p class='ocr_par' dir='ltr' id='par_1_18' title="bbox 521 1714 990 1785">
     <span class='ocr_line' id='line_1_18' title="bbox 521 1714 990 1785; baseline -0.017 -11"><span class='ocrx_word' id='word_1_123' title='bbox 521 1714 990 1785; x_wconf 83' lang='lat' dir='ltr'><strong>consequendam?</strong></span> 
     </span>
    </p>
   </div>
   <div class='ocr_carea' id='block_1_19' title="bbox 2210 521 3789 597">
    <p class='ocr_par' dir='ltr' id='par_1_19' title="bbox 2210 521 3789 597">
     <span class='ocr_line' id='line_1_19' title="bbox 2210 521 3789 597; baseline -0.002 -19"><span class='ocrx_word' id='word_1_124' title='bbox 2210 525 2383 578; x_wconf 87' lang='lat' dir='ltr'><strong>sancit</strong></span> <span class='ocrx_word' id='word_1_125' title='bbox 2420 524 2705 593; x_wconf 72' lang='grc' dir='ltr'><strong>Ἐπισκὸπῳ</strong></span> <span class='ocrx_word' id='word_1_126' title='bbox 2746 528 2814 593; x_wconf 74' lang='grc' dir='ltr'><strong>μὴ</strong></span> <span class='ocrx_word' id='word_1_127' title='bbox 2840 524 3018 585; x_wconf 78' lang='grc' dir='ltr'><strong>ἐξεῖναι</strong></span> <span class='ocrx_word' id='word_1_128' title='bbox 3045 521 3150 576; x_wconf 78' lang='grc' dir='ltr'><strong>ἀντ’</strong></span> <span class='ocrx_word' id='word_1_129' title='bbox 3188 522 3342 574; x_wconf 78' lang='grc' dir='ltr'>αὐτοῦ</span> <span class='ocrx_word' id='word_1_130' title='bbox 3371 524 3610 591; x_wconf 75' lang='grc' dir='ltr'><strong>καθιστᾷν</strong></span> <span class='ocrx_word' id='word_1_131' title='bbox 3636 521 3789 597; x_wconf 67' lang='grc' dir='ltr'><strong>ἕταρον</strong></span> 
     </span>
    </p>
   </div>
   <div class='ocr_carea' id='block_1_20' title="bbox 2211 609 3789 688">
    <p class='ocr_par' dir='ltr' id='par_1_20' title="bbox 2211 609 3789 688">
     <span class='ocr_line' id='line_1_20' title="bbox 2211 609 3789 688; baseline -0.001 -19"><span class='ocrx_word' id='word_1_132' title='bbox 2211 615 2395 669; x_wconf 80' lang='grc' dir='ltr'>ἑαυτοῦ</span> <span class='ocrx_word' id='word_1_133' title='bbox 2413 612 2675 684; x_wconf 76' lang='grc' dir='ltr'><strong>διάδοχον,</strong></span> <span class='ocrx_word' id='word_1_134' title='bbox 2703 609 2795 685; x_wconf 68' lang='grc' dir='ltr'><strong>κᾷν</strong></span> <span class='ocrx_word' id='word_1_135' title='bbox 2816 615 2935 686; x_wconf 77' lang='grc' dir='ltr'><strong>περί</strong></span> <span class='ocrx_word' id='word_1_136' title='bbox 2955 619 3016 684; x_wconf 78' lang='grc' dir='ltr'>τῇ</span> <span class='ocrx_word' id='word_1_137' title='bbox 3039 612 3244 683; x_wconf 75' lang='grc' dir='ltr'>τελευτῇ</span> <span class='ocrx_word' id='word_1_138' title='bbox 3265 616 3359 665; x_wconf 83' lang='grc' dir='ltr'><strong>τοῦ</strong></span> <span class='ocrx_word' id='word_1_139' title='bbox 3384 612 3501 683; x_wconf 80' lang='grc' dir='ltr'><strong>βίον</strong></span> <span class='ocrx_word' id='word_1_140' title='bbox 3524 614 3789 688; x_wconf 70' lang='grc' dir='ltr'><strong>τυγχάνῃε</strong></span> 
     </span>
    </p>
   </div>
   <div class='ocr_carea' id='block_1_21' title="bbox 2212 702 3793 774">
    <p class='ocr_par' dir='ltr' id='par_1_21' title="bbox 2212 702 3793 774">
     <span class='ocr_line' id='line_1_21' title="bbox 2212 702 3793 774; baseline 0 -17"><span class='ocrx_word' id='word_1_141' title='bbox 2212 702 2469 774; x_wconf 76' lang='lat' dir='ltr'><strong>Episcopo</strong></span> <span class='ocrx_word' id='word_1_142' title='bbox 2497 720 2598 758; x_wconf 89' lang='lat' dir='ltr'><strong>non</strong></span> <span class='ocrx_word' id='word_1_143' title='bbox 2629 704 2779 756; x_wconf 80' lang='lat' dir='ltr'><strong>licere</strong></span> <span class='ocrx_word' id='word_1_144' title='bbox 2808 703 2971 755; x_wconf 88' lang='lat' dir='ltr'><strong>alium</strong></span> <span class='ocrx_word' id='word_1_145' title='bbox 2997 718 3089 769; x_wconf 85' lang='lat' dir='ltr'><strong>pro</strong></span> <span class='ocrx_word' id='word_1_146' title='bbox 3118 717 3170 755; x_wconf 81' lang='lat' dir='ltr'><strong>se</strong></span> <span class='ocrx_word' id='word_1_147' title='bbox 3199 702 3504 754; x_wconf 78' lang='lat' dir='ltr'><strong>constituere</strong></span> <span class='ocrx_word' id='word_1_148' title='bbox 3544 718 3793 758; x_wconf 80' lang='lat' dir='ltr'><strong>successo-</strong></span> 
     </span>
    </p>
   </div>
   <div class='ocr_carea' id='block_1_22' title="bbox 2215 784 3794 863">
    <p class='ocr_par' dir='ltr' id='par_1_22' title="bbox 2215 784 3794 863">
     <span class='ocr_line' id='line_1_22' title="bbox 2215 784 3794 863; baseline 0 -13"><span class='ocrx_word' id='word_1_149' title='bbox 2215 812 2320 850; x_wconf 88' lang='lat' dir='ltr'><strong>rem</strong></span> <span class='ocrx_word' id='word_1_150' title='bbox 2341 836 2356 861; x_wconf 90' lang='lat'><strong>,</strong></span> <span class='ocrx_word' id='word_1_151' title='bbox 2386 797 2544 850; x_wconf 86' lang='lat' dir='ltr'><strong>etiam</strong></span> <span class='ocrx_word' id='word_1_152' title='bbox 2579 797 2624 849; x_wconf 87' lang='lat' dir='ltr'><strong>si</strong></span> <span class='ocrx_word' id='word_1_153' title='bbox 2651 804 2724 848; x_wconf 87' lang='lat' dir='ltr'><strong>est</strong></span> <span class='ocrx_word' id='word_1_154' title='bbox 2754 796 2889 848; x_wconf 82' lang='lat' dir='ltr'><strong>circa</strong></span> <span class='ocrx_word' id='word_1_155' title='bbox 2913 784 3026 848; x_wconf 71' lang='lat' dir='ltr'><strong>viia:</strong></span> <span class='ocrx_word' id='word_1_156' title='bbox 3053 795 3229 863; x_wconf 82' lang='lat' dir='ltr'><strong>ﬁnem.</strong></span> <span class='ocrx_word' id='word_1_157' title='bbox 3260 794 3411 860; x_wconf 87' lang='lat' dir='ltr'><strong>Quod</strong></span> <span class='ocrx_word' id='word_1_158' title='bbox 3441 795 3794 850; x_wconf 56' lang='lat' dir='ltr'><strong>conﬁrmatio.</strong></span> 
     </span>
    </p>
   </div>
   <div class='ocr_carea' id='block_1_23' title="bbox 2212 888 3795 955">
    <p class='ocr_par' dir='ltr' id='par_1_23' title="bbox 2212 888 3795 955">
     <span class='ocr_line' id='line_1_23' title="bbox 2212 888 3795 955; baseline 0 -14"><span class='ocrx_word' id='word_1_159' title='bbox 2212 903 2333 942; x_wconf 85' lang='lat' dir='ltr'><strong>nem</strong></span> <span class='ocrx_word' id='word_1_160' title='bbox 2382 903 2504 943; x_wconf 88' lang='lat' dir='ltr'><strong>esse</strong></span> <span class='ocrx_word' id='word_1_161' title='bbox 2565 888 2847 941; x_wconf 88' lang='lat' dir='ltr'><strong>memorati</strong></span> <span class='ocrx_word' id='word_1_162' title='bbox 2898 888 3120 941; x_wconf 82' lang='lat' dir='ltr'><strong>canonis</strong></span> <span class='ocrx_word' id='word_1_163' title='bbox 3175 888 3450 955; x_wconf 72' lang='lat' dir='ltr'><strong>apostolici</strong></span> <span class='ocrx_word' id='word_1_164' title='bbox 3518 889 3795 941; x_wconf 73' lang='lat' dir='ltr'><strong>observant</strong></span> 
     </span>
    </p>
   </div>
   <div class='ocr_carea' id='block_1_24' title="bbox 2215 970 3795 1047">
    <p class='ocr_par' dir='ltr' id='par_1_24' title="bbox 2215 970 3795 1047">
     <span class='ocr_line' id='line_1_24' title="bbox 2215 970 3795 1047; baseline -0.001 -15"><span class='ocrx_word' id='word_1_165' title='bbox 2215 978 2494 1033; x_wconf 87' lang='lat' dir='ltr'><strong>Balsamon</strong></span> <span class='ocrx_word' id='word_1_166' title='bbox 2532 970 2588 1033; x_wconf 70' lang='lat' dir='ltr'><strong>et</strong></span> <span class='ocrx_word' id='word_1_167' title='bbox 2628 979 2885 1032; x_wconf 76' lang='lat' dir='ltr'><strong>Zonaras.</strong></span> <span class='ocrx_word' id='word_1_168' title='bbox 2931 978 3045 1031; x_wconf 83' lang='lat' dir='ltr'><strong>Non</strong></span> <span class='ocrx_word' id='word_1_169' title='bbox 3088 992 3223 1047; x_wconf 87' lang='lat' dir='ltr'><strong>opus</strong></span> <span class='ocrx_word' id='word_1_170' title='bbox 3262 985 3428 1031; x_wconf 86' lang='lat' dir='ltr'><strong>estut</strong></span> <span class='ocrx_word' id='word_1_171' title='bbox 3457 978 3795 1032; x_wconf 62' lang='lat' dir='ltr'><strong>ostendamus</strong></span> 
     </span>
    </p>
   </div>
   <div class='ocr_carea' id='block_1_25' title="bbox 2213 1069 3794 1139">
    <p class='ocr_par' dir='ltr' id='par_1_25' title="bbox 2213 1069 3794 1139">
     <span class='ocr_line' id='line_1_25' title="bbox 2213 1069 3794 1139; baseline 0.001 -16"><span class='ocrx_word' id='word_1_172' title='bbox 2213 1086 2369 1139; x_wconf 88' lang='lat' dir='ltr'><strong>quam</strong></span> <span class='ocrx_word' id='word_1_173' title='bbox 2395 1071 2577 1139; x_wconf 81' lang='lat' dir='ltr'><strong>gravia</strong></span> <span class='ocrx_word' id='word_1_174' title='bbox 2617 1071 2722 1125; x_wconf 87' lang='lat' dir='ltr'><strong>sint</strong></span> <span class='ocrx_word' id='word_1_175' title='bbox 2752 1072 2801 1123; x_wconf 93' lang='lat' dir='ltr'><strong>in</strong></span> <span class='ocrx_word' id='word_1_176' title='bbox 2832 1071 3103 1124; x_wconf 89' lang='lat' dir='ltr'><strong>contraria</strong></span> <span class='ocrx_word' id='word_1_177' title='bbox 3136 1070 3327 1138; x_wconf 84' lang='lat' dir='ltr'><strong>agendi</strong></span> <span class='ocrx_word' id='word_1_178' title='bbox 3358 1069 3570 1124; x_wconf 86' lang='lat' dir='ltr'><strong>ratione</strong></span> <span class='ocrx_word' id='word_1_179' title='bbox 3602 1070 3794 1124; x_wconf 87' lang='lat' dir='ltr'><strong>incom-</strong></span> 
     </span>
    </p>
   </div>
   <div class='ocr_carea' id='block_1_26' title="bbox 2216 1162 3796 1232">
    <p class='ocr_par' dir='ltr' id='par_1_26' title="bbox 2216 1162 3796 1232">
     <span class='ocr_line' id='line_1_26' title="bbox 2216 1162 3796 1232; baseline -0.001 -16"><span class='ocrx_word' id='word_1_180' title='bbox 2216 1162 2403 1227; x_wconf 87' lang='lat' dir='ltr'><strong>moda;</strong></span> <span class='ocrx_word' id='word_1_181' title='bbox 2449 1178 2605 1232; x_wconf 84' lang='lat' dir='ltr'><strong>quam</strong></span> <span class='ocrx_word' id='word_1_182' title='bbox 2651 1170 2826 1216; x_wconf 83' lang='lat' dir='ltr'><strong>tamen</strong></span> <span class='ocrx_word' id='word_1_183' title='bbox 2862 1163 2932 1216; x_wconf 86' lang='lat' dir='ltr'><strong>ita</strong></span> <span class='ocrx_word' id='word_1_184' title='bbox 2965 1172 3179 1215; x_wconf 86' lang='lat' dir='ltr'><strong>secutus</strong></span> <span class='ocrx_word' id='word_1_185' title='bbox 3217 1170 3300 1216; x_wconf 84' lang='lat' dir='ltr'><strong>est</strong></span> <span class='ocrx_word' id='word_1_186' title='bbox 3343 1162 3709 1230; x_wconf 81' lang='lat' dir='ltr'><strong>Augustinus,</strong></span> <span class='ocrx_word' id='word_1_187' title='bbox 3749 1172 3796 1214; x_wconf 88' lang='lat' dir='ltr'><strong>ut</strong></span> 
     </span>
    </p>
   </div>
   <div class='ocr_carea' id='block_1_27' title="bbox 2215 1255 3795 1326">
    <p class='ocr_par' dir='ltr' id='par_1_27' title="bbox 2215 1255 3795 1326">
     <span class='ocr_line' id='line_1_27' title="bbox 2215 1255 3795 1326; baseline 0 -17"><span class='ocrx_word' id='word_1_188' title='bbox 2215 1269 2312 1324; x_wconf 88' lang='lat' dir='ltr'><strong>pro</strong></span> <span class='ocrx_word' id='word_1_189' title='bbox 2331 1256 2554 1326; x_wconf 89' lang='lat' dir='ltr'><strong>imperio</strong></span> <span class='ocrx_word' id='word_1_190' title='bbox 2570 1271 2937 1311; x_wconf 81' lang='lat' dir='ltr'><strong>successorem</strong></span> <span class='ocrx_word' id='word_1_191' title='bbox 2960 1256 3060 1309; x_wconf 90' lang='lat' dir='ltr'><strong>sibi</strong></span> <span class='ocrx_word' id='word_1_192' title='bbox 3085 1255 3283 1325; x_wconf 81' lang='lat' dir='ltr'><strong>deligat</strong></span> <span class='ocrx_word' id='word_1_193' title='bbox 3305 1270 3436 1309; x_wconf 86' lang='lat' dir='ltr'><strong>voce</strong></span> <span class='ocrx_word' id='word_1_194' title='bbox 3461 1270 3629 1322; x_wconf 70' lang='lat' dir='ltr'><strong>voco;</strong></span> <span class='ocrx_word' id='word_1_195' title='bbox 3657 1258 3795 1326; x_wconf 85' lang='lat' dir='ltr'><strong>quasi</strong></span> 
     </span>
    </p>
   </div>
   <div class='ocr_carea' id='block_1_28' title="bbox 2215 1345 3798 1415">
    <p class='ocr_par' dir='ltr' id='par_1_28' title="bbox 2215 1345 3798 1415">
     <span class='ocr_line' id='line_1_28' title="bbox 2215 1345 3798 1415; baseline 0.001 -16"><span class='ocrx_word' id='word_1_196' title='bbox 2215 1360 2283 1401; x_wconf 91' lang='lat' dir='ltr'><strong>ne</strong></span> <span class='ocrx_word' id='word_1_197' title='bbox 2312 1361 2606 1401; x_wconf 89' lang='lat' dir='ltr'><strong>consensus</strong></span> <span class='ocrx_word' id='word_1_198' title='bbox 2631 1347 2847 1415; x_wconf 88' lang='lat' dir='ltr'><strong>quidem</strong></span> <span class='ocrx_word' id='word_1_199' title='bbox 2871 1347 3311 1415; x_wconf 89' lang='lat' dir='ltr'><strong>coepiscoporum</strong></span> <span class='ocrx_word' id='word_1_200' title='bbox 3342 1345 3798 1402; x_wconf 54' lang='lat' dir='ltr'><strong>fuisset&#39;necessa-</strong></span> 
     </span>
    </p>
   </div>
   <div class='ocr_carea' id='block_1_29' title="bbox 2214 1428 3798 1508">
    <p class='ocr_par' dir='ltr' id='par_1_29' title="bbox 2214 1428 3798 1508">
     <span class='ocr_line' id='line_1_29' title="bbox 2214 1428 3798 1508; baseline 0.002 -19"><span class='ocrx_word' id='word_1_201' title='bbox 2214 1437 2345 1501; x_wconf 90' lang='lat' dir='ltr'><strong>rius,</strong></span> <span class='ocrx_word' id='word_1_202' title='bbox 2370 1428 2507 1506; x_wconf 81' lang='lat' dir='ltr'><strong>quad</strong></span> <span class='ocrx_word' id='word_1_203' title='bbox 2536 1447 2711 1491; x_wconf 83' lang='lat' dir='ltr'><strong>tamen</strong></span> <span class='ocrx_word' id='word_1_204' title='bbox 2735 1437 2923 1491; x_wconf 84' lang='lat' dir='ltr'><strong>statuit</strong></span> <span class='ocrx_word' id='word_1_205' title='bbox 2948 1438 3187 1508; x_wconf 80' lang='lat' dir='ltr'><strong>synodus</strong></span> <span class='ocrx_word' id='word_1_206' title='bbox 3213 1437 3449 1493; x_wconf 71' lang='lat' dir='ltr'><strong>Nicmna.</strong></span> <span class='ocrx_word' id='word_1_207' title='bbox 3482 1437 3614 1493; x_wconf 88' lang='lat' dir='ltr'><strong>Scio</strong></span> <span class='ocrx_word' id='word_1_208' title='bbox 3635 1438 3798 1492; x_wconf 82' lang='lat' dir='ltr'><strong>dictu-</strong></span> 
     </span>
    </p>
   </div>
   <div class='ocr_carea' id='block_1_30' title="bbox 2214 1527 3795 1594">
    <p class='ocr_par' dir='ltr' id='par_1_30' title="bbox 2214 1527 3795 1594">
     <span class='ocr_line' id='line_1_30' title="bbox 2214 1527 3795 1594; baseline -0.001 -10"><span class='ocrx_word' id='word_1_209' title='bbox 2214 1545 2303 1584; x_wconf 85' lang='lat' dir='ltr'><strong>ros</strong></span> <span class='ocrx_word' id='word_1_210' title='bbox 2336 1530 2620 1583; x_wconf 89' lang='lat' dir='ltr'><strong>nonnullos</strong></span> <span class='ocrx_word' id='word_1_211' title='bbox 2652 1530 2722 1583; x_wconf 90' lang='lat' dir='ltr'><strong>ita</strong></span> <span class='ocrx_word' id='word_1_212' title='bbox 2751 1529 2966 1583; x_wconf 90' lang='lat' dir='ltr'><strong>solitum</strong></span> <span class='ocrx_word' id='word_1_213' title='bbox 2994 1528 3161 1584; x_wconf 76' lang='lat' dir='ltr'><strong>fuisse</strong></span> <span class='ocrx_word' id='word_1_214' title='bbox 3191 1530 3303 1584; x_wconf 85' lang='lat' dir='ltr'><strong>fieri</strong></span> <span class='ocrx_word' id='word_1_215' title='bbox 3338 1529 3389 1582; x_wconf 90' lang='lat' dir='ltr'><strong>in</strong></span> <span class='ocrx_word' id='word_1_216' title='bbox 3423 1527 3606 1584; x_wconf 82' lang='lat' dir='ltr'><strong>Africa</strong></span> <span class='ocrx_word' id='word_1_217' title='bbox 3634 1546 3650 1594; x_wconf 85' lang='lat'><strong>;</strong></span> <span class='ocrx_word' id='word_1_218' title='bbox 3688 1544 3795 1583; x_wconf 89' lang='lat' dir='ltr'><strong>nam</strong></span> 
     </span>
    </p>
   </div>
   <div class='ocr_carea' id='block_1_31' title="bbox 2217 1619 3796 1691">
    <p class='ocr_par' dir='ltr' id='par_1_31' title="bbox 2217 1619 3796 1691">
     <span class='ocr_line' id='line_1_31' title="bbox 2217 1619 3796 1691; baseline 0.001 -18"><span class='ocrx_word' id='word_1_219' title='bbox 2217 1621 2330 1689; x_wconf 89' lang='lat' dir='ltr'><strong>ipse</strong></span> <span class='ocrx_word' id='word_1_220' title='bbox 2358 1620 2687 1688; x_wconf 84' lang='lat' dir='ltr'><strong>Augustinus</strong></span> <span class='ocrx_word' id='word_1_221' title='bbox 2711 1619 2763 1673; x_wconf 93' lang='lat' dir='ltr'><strong>in</strong></span> <span class='ocrx_word' id='word_1_222' title='bbox 2793 1620 3165 1688; x_wconf 88' lang='lat' dir='ltr'><strong>superioribus</strong></span> <span class='ocrx_word' id='word_1_223' title='bbox 3191 1620 3267 1674; x_wconf 85' lang='lat' dir='ltr'><strong>ait</strong></span> <span class='ocrx_word' id='word_1_224' title='bbox 3291 1635 3384 1675; x_wconf 87' lang='lat' dir='ltr'><strong>sua</strong></span> <span class='ocrx_word' id='word_1_225' title='bbox 3410 1636 3574 1691; x_wconf 86' lang='lat' dir='ltr'><strong>opera</strong></span> <span class='ocrx_word' id='word_1_226' title='bbox 3606 1619 3796 1675; x_wconf 79' lang='lat' dir='ltr'><strong>factum</strong></span> 
     </span>
    </p>
   </div>
   <div class='ocr_carea' id='block_1_32' title="bbox 2215 1711 3798 1782">
    <p class='ocr_par' dir='ltr' id='par_1_32' title="bbox 2215 1711 3798 1782">
     <span class='ocr_line' id='line_1_32' title="bbox 2215 1711 3798 1782; baseline 0.001 -17"><span class='ocrx_word' id='word_1_227' title='bbox 2215 1722 2272 1765; x_wconf 89' lang='lat' dir='ltr'><strong>ut</strong></span> <span class='ocrx_word' id='word_1_228' title='bbox 2300 1711 2599 1766; x_wconf 82' lang='lat' dir='ltr'><strong>Milevitana</strong></span> <span class='ocrx_word' id='word_1_229' title='bbox 2624 1711 2863 1766; x_wconf 85' lang='lat' dir='ltr'><strong>Ecclesia</strong></span> <span class='ocrx_word' id='word_1_230' title='bbox 2893 1711 3203 1781; x_wconf 89' lang='lat' dir='ltr'><strong>episcopum</strong></span> <span class='ocrx_word' id='word_1_231' title='bbox 3232 1711 3497 1777; x_wconf 74' lang='lat' dir='ltr'><strong>acciperet</strong></span> <span class='ocrx_word' id='word_1_232' title='bbox 3526 1727 3697 1782; x_wconf 86' lang='lat' dir='ltr'><strong>quem</strong></span> <span class='ocrx_word' id='word_1_233' title='bbox 3721 1712 3798 1766; x_wconf 87' lang='lat' dir='ltr'><strong>de-</strong></span> 
     </span>
    </p>
   </div>
   <div class='ocr_carea' id='block_1_33' title="bbox 595 1797 3799 1878">
    <p class='ocr_par' dir='ltr' id='par_1_33' title="bbox 595 1797 3799 1878">
     <span class='ocr_line' id='line_1_33' title="bbox 595 1797 3799 1878; baseline -0.002 -17"><span class='ocrx_word' id='word_1_234' title='bbox 595 1808 761 1877; x_wconf 84' lang='lat' dir='ltr'><strong>Epist.</strong></span> <span class='ocrx_word' id='word_1_235' title='bbox 796 1807 919 1873; x_wconf 84' lang='grc'>187,</span> <span class='ocrx_word' id='word_1_236' title='bbox 952 1804 979 1873; x_wconf 87' lang='lat'>§</span> <span class='ocrx_word' id='word_1_237' title='bbox 1007 1802 1061 1857; x_wconf 83' lang='grc'><strong><em>5.</em></strong></span> <span class='ocrx_word' id='word_1_238' title='bbox 1097 1803 1244 1868; x_wconf 81' lang='lat' dir='ltr'><strong>Quod</strong></span> <span class='ocrx_word' id='word_1_239' title='bbox 1276 1818 1392 1855; x_wconf 80' lang='lat' dir='ltr'><strong>vero</strong></span> <span class='ocrx_word' id='word_1_240' title='bbox 1428 1802 1520 1855; x_wconf 87' lang='lat' dir='ltr'><strong>illa</strong></span> <span class='ocrx_word' id='word_1_241' title='bbox 1554 1800 1724 1852; x_wconf 84' lang='lat' dir='ltr'><strong>anima</strong></span> <span class='ocrx_word' id='word_1_242' title='bbox 1760 1798 1814 1851; x_wconf 88' lang='lat' dir='ltr'><strong>in</strong></span> <span class='ocrx_word' id='word_1_243' title='bbox 1853 1798 2111 1878; x_wconf 74' lang='lat' dir='ltr'><strong>infernum</strong></span> <span class='ocrx_word' id='word_1_244' title='bbox 2142 1797 2189 1856; x_wconf 90' lang='lat' dir='ltr'><strong>B</strong></span> <span class='ocrx_word' id='word_1_245' title='bbox 2216 1817 2400 1857; x_wconf 89' lang='lat' dir='ltr'><strong>cessor</strong></span> <span class='ocrx_word' id='word_1_246' title='bbox 2426 1803 2578 1857; x_wconf 84' lang='lat' dir='ltr'><strong>vivus</strong></span> <span class='ocrx_word' id='word_1_247' title='bbox 2608 1801 2748 1871; x_wconf 88' lang='lat' dir='ltr'><strong>apud</strong></span> <span class='ocrx_word' id='word_1_248' title='bbox 2777 1802 2983 1856; x_wconf 88' lang='lat' dir='ltr'><strong>clerum</strong></span> <span class='ocrx_word' id='word_1_249' title='bbox 3007 1802 3331 1871; x_wconf 87' lang='lat' dir='ltr'><strong>designarat.</strong></span> <span class='ocrx_word' id='word_1_250' title='bbox 3363 1802 3595 1868; x_wconf 86' lang='lat' dir='ltr'><strong>Addent,</strong></span> <span class='ocrx_word' id='word_1_251' title='bbox 3619 1818 3799 1871; x_wconf 59' lang='lat' dir='ltr'><strong>tritam:</strong></span> 
     </span>
    </p>
   </div>
   <div class='ocr_carea' id='block_1_34' title="bbox 523 1888 2109 1968">
    <p class='ocr_par' dir='ltr' id='par_1_34' title="bbox 523 1888 2109 1968">
     <span class='ocr_line' id='line_1_34' title="bbox 523 1888 2109 1968; baseline -0.007 -14"><span class='ocrx_word' id='word_1_252' title='bbox 523 1900 860 1964; x_wconf 66' lang='lat' dir='ltr'><strong>descenderit,</strong></span> <span class='ocrx_word' id='word_1_253' title='bbox 903 1898 1186 1968; x_wconf 85' lang='lat' dir='ltr'><strong>apostolica</strong></span> <span class='ocrx_word' id='word_1_254' title='bbox 1232 1896 1465 1948; x_wconf 84' lang='lat' dir='ltr'><strong>doctrina</strong></span> <span class='ocrx_word' id='word_1_255' title='bbox 1506 1892 1773 1963; x_wconf 62' lang='lat' dir='ltr'><strong>praedicat,</strong></span> <span class='ocrx_word' id='word_1_256' title='bbox 1806 1888 1936 1963; x_wconf 87' lang='lat' dir='ltr'><strong>cte.]</strong></span> <span class='ocrx_word' id='word_1_257' title='bbox 1976 1888 2109 1943; x_wconf 81' lang='lat' dir='ltr'><strong>Vide</strong></span> 
     </span>
    </p>
   </div>
   <div class='ocr_carea' id='block_1_35' title="bbox 525 1980 2112 2057">
    <p class='ocr_par' dir='ltr' id='par_1_35' title="bbox 525 1980 2112 2057">
     <span class='ocr_line' id='line_1_35' title="bbox 525 1980 2112 2057; baseline -0.008 -13"><span class='ocrx_word' id='word_1_258' title='bbox 525 1994 623 2047; x_wconf 89' lang='lat' dir='ltr'><strong>hac</strong></span> <span class='ocrx_word' id='word_1_259' title='bbox 647 1992 713 2046; x_wconf 91' lang='lat' dir='ltr'><strong>dc</strong></span> <span class='ocrx_word' id='word_1_260' title='bbox 743 2006 801 2045; x_wconf 85' lang='lat' dir='ltr'><strong>re</strong></span> <span class='ocrx_word' id='word_1_261' title='bbox 819 1990 955 2044; x_wconf 90' lang='lat' dir='ltr'><strong>dicta</strong></span> <span class='ocrx_word' id='word_1_262' title='bbox 980 1990 1045 2042; x_wconf 87' lang='lat' dir='ltr'><strong>ad</strong></span> <span class='ocrx_word' id='word_1_263' title='bbox 1067 1987 1225 2057; x_wconf 86' lang='lat' dir='ltr'><strong>epist.</strong></span> <span class='ocrx_word' id='word_1_264' title='bbox 1257 1985 1357 2040; x_wconf 68' lang='grc'><strong>164</strong></span> <span class='ocrx_word' id='word_1_265' title='bbox 1380 2027 1395 2051; x_wconf 87' lang='grc'><strong>,</strong></span> <span class='ocrx_word' id='word_1_266' title='bbox 1425 2000 1489 2039; x_wconf 77' lang='lat' dir='ltr'><strong>ex</strong></span> <span class='ocrx_word' id='word_1_267' title='bbox 1521 1984 1714 2054; x_wconf 90' lang='lat' dir='ltr'><strong>quibus</strong></span> <span class='ocrx_word' id='word_1_268' title='bbox 1746 1982 1909 2051; x_wconf 82' lang='lat' dir='ltr'><strong>liquet</strong></span> <span class='ocrx_word' id='word_1_269' title='bbox 1934 1980 2112 2049; x_wconf 70' lang='lat' dir='ltr'><strong>Augu.</strong></span> 
     </span>
    </p>
   </div>
   <div class='ocr_carea' id='block_1_36' title="bbox 523 2077 2111 2148">
    <p class='ocr_par' dir='ltr' id='par_1_36' title="bbox 523 2077 2111 2148">
     <span class='ocr_line' id='line_1_36' title="bbox 523 2077 2111 2148; baseline -0.008 -10"><span class='ocrx_word' id='word_1_270' title='bbox 523 2084 724 2138; x_wconf 88' lang='lat' dir='ltr'><strong>stinum</strong></span> <span class='ocrx_word' id='word_1_271' title='bbox 757 2081 895 2145; x_wconf 87' lang='lat' dir='ltr'><strong>falli;</strong></span> <span class='ocrx_word' id='word_1_272' title='bbox 930 2080 1071 2135; x_wconf 89' lang='lat' dir='ltr'><strong>unde</strong></span> <span class='ocrx_word' id='word_1_273' title='bbox 1109 2080 1352 2148; x_wconf 90' lang='lat' dir='ltr'><strong>sequitur</strong></span> <span class='ocrx_word' id='word_1_274' title='bbox 1382 2077 1467 2130; x_wconf 87' lang='lat' dir='ltr'><strong>hic</strong></span> <span class='ocrx_word' id='word_1_275' title='bbox 1493 2089 1706 2145; x_wconf 90' lang='lat' dir='ltr'><strong>quoque</strong></span> <span class='ocrx_word' id='word_1_276' title='bbox 1737 2088 1858 2128; x_wconf 90' lang='lat' dir='ltr'><strong>eum</strong></span> <span class='ocrx_word' id='word_1_277' title='bbox 1889 2087 1919 2125; x_wconf 90' lang='lat' dir='ltr'><strong>a</strong></span> <span class='ocrx_word' id='word_1_278' title='bbox 1951 2086 2111 2126; x_wconf 81' lang='lat' dir='ltr'><strong>sensu</strong></span> 
     </span>
    </p>
   </div>
   <div class='ocr_carea' id='block_1_37' title="bbox 524 2165 2111 2229">
    <p class='ocr_par' dir='ltr' id='par_1_37' title="bbox 524 2165 2111 2229">
     <span class='ocr_line' id='line_1_37' title="bbox 524 2165 2111 2229; baseline -0.004 -3"><span class='ocrx_word' id='word_1_279' title='bbox 524 2176 809 2229; x_wconf 77' lang='lat' dir='ltr'><strong>verborum</strong></span> <span class='ocrx_word' id='word_1_280' title='bbox 832 2170 1032 2227; x_wconf 84' lang='lat' dir='ltr'><strong>Christi</strong></span> <span class='ocrx_word' id='word_1_281' title='bbox 1052 2172 1355 2224; x_wconf 88' lang='lat' dir='ltr'><strong>aberrasse.</strong></span> <span class='ocrx_word' id='word_1_282' title='bbox 1381 2168 1457 2223; x_wconf 89' lang='lat' dir='ltr'><strong>De</strong></span> <span class='ocrx_word' id='word_1_283' title='bbox 1484 2170 1658 2221; x_wconf 89' lang='lat' dir='ltr'><strong>anima</strong></span> <span class='ocrx_word' id='word_1_284' title='bbox 1681 2181 1776 2222; x_wconf 88' lang='lat' dir='ltr'><strong>sua</strong></span> <span class='ocrx_word' id='word_1_285' title='bbox 1807 2167 1922 2221; x_wconf 89' lang='lat' dir='ltr'><strong>sine</strong></span> <span class='ocrx_word' id='word_1_286' title='bbox 1949 2165 2111 2219; x_wconf 92' lang='lat' dir='ltr'><strong>dubio</strong></span> 
     </span>
    </p>
   </div>
   <div class='ocr_carea' id='block_1_38' title="bbox 527 2255 2111 2333">
    <p class='ocr_par' dir='ltr' id='par_1_38' title="bbox 527 2255 2111 2333">
     <span class='ocr_line' id='line_1_38' title="bbox 527 2255 2111 2333; baseline -0.005 -16"><span class='ocrx_word' id='word_1_287' title='bbox 527 2266 759 2333; x_wconf 79' lang='lat' dir='ltr'><strong>loquitur</strong></span> <span class='ocrx_word' id='word_1_288' title='bbox 781 2262 1045 2325; x_wconf 87' lang='lat' dir='ltr'><strong>Christus,</strong></span> <span class='ocrx_word' id='word_1_289' title='bbox 1070 2275 1189 2314; x_wconf 88' lang='lat' dir='ltr'><strong>cum</strong></span> <span class='ocrx_word' id='word_1_290' title='bbox 1215 2274 1316 2329; x_wconf 88' lang='lat' dir='ltr'><strong>qua</strong></span> <span class='ocrx_word' id='word_1_291' title='bbox 1346 2258 1567 2313; x_wconf 87' lang='lat' dir='ltr'><strong>latronis</strong></span> <span class='ocrx_word' id='word_1_292' title='bbox 1589 2260 1764 2311; x_wconf 88' lang='lat' dir='ltr'><strong>anima</strong></span> <span class='ocrx_word' id='word_1_293' title='bbox 1791 2258 1841 2309; x_wconf 92' lang='lat' dir='ltr'><strong>in</strong></span> <span class='ocrx_word' id='word_1_294' title='bbox 1865 2255 2111 2325; x_wconf 59' lang='lat' dir='ltr'><strong>paradiso</strong></span> 
     </span>
    </p>
   </div>
   <div class='ocr_carea' id='block_1_39' title="bbox 524 2346 2110 2419">
    <p class='ocr_par' dir='ltr' id='par_1_39' title="bbox 524 2346 2110 2419">
     <span class='ocr_line' id='line_1_39' title="bbox 524 2346 2110 2419; baseline -0.006 -10"><span class='ocrx_word' id='word_1_295' title='bbox 524 2356 644 2410; x_wconf 82' lang='lat' dir='ltr'><strong>luit.</strong></span> <span class='ocrx_word' id='word_1_296' title='bbox 676 2354 754 2409; x_wconf 89' lang='lat' dir='ltr'><strong>De</strong></span> <span class='ocrx_word' id='word_1_297' title='bbox 782 2369 916 2409; x_wconf 87' lang='lat' dir='ltr'><strong>voce</strong></span> <span class='ocrx_word' id='word_1_298' title='bbox 956 2352 1265 2419; x_wconf 80' lang='lat' dir='ltr'><strong>Paradisus,</strong></span> <span class='ocrx_word' id='word_1_299' title='bbox 1310 2349 1432 2404; x_wconf 86' lang='lat' dir='ltr'><strong>vide</strong></span> <span class='ocrx_word' id='word_1_300' title='bbox 1464 2348 1739 2418; x_wconf 90' lang='lat' dir='ltr'><strong>llugonem</strong></span> <span class='ocrx_word' id='word_1_301' title='bbox 1770 2347 2013 2402; x_wconf 88' lang='lat' dir='ltr'><strong>Grotium</strong></span> <span class='ocrx_word' id='word_1_302' title='bbox 2044 2346 2110 2400; x_wconf 90' lang='lat' dir='ltr'><strong>ad</strong></span> 
     </span>
    </p>
   </div>
   <div class='ocr_carea' id='block_1_40' title="bbox 525 2434 2007 2503">
    <p class='ocr_par' dir='ltr' id='par_1_40' title="bbox 525 2434 2007 2503">
     <span class='ocr_line' id='line_1_40' title="bbox 525 2434 2007 2503; baseline -0.009 -2"><span class='ocrx_word' id='word_1_303' title='bbox 525 2447 670 2501; x_wconf 78' lang='lat' dir='ltr'><strong>hunc</strong></span> <span class='ocrx_word' id='word_1_304' title='bbox 698 2434 895 2500; x_wconf 88' lang='lat' dir='ltr'><strong>locum.</strong></span> <span class='ocrx_word' id='word_1_305' title='bbox 2006 2500 2007 2503; x_wconf 19' lang='grc' dir='ltr'><strong>η</strong></span> 
     </span>
    </p>
   </div>
   <div class='ocr_carea' id='block_1_41' title="bbox 598 2524 2113 2606">
    <p class='ocr_par' dir='ltr' id='par_1_41' title="bbox 598 2524 2113 2606">
     <span class='ocr_line' id='line_1_41' title="bbox 598 2524 2113 2606; baseline -0.007 -17"><span class='ocrx_word' id='word_1_306' title='bbox 598 2536 752 2603; x_wconf 90' lang='lat' dir='ltr'><strong>lbid.,</strong></span> <span class='ocrx_word' id='word_1_307' title='bbox 783 2535 810 2606; x_wconf 86' lang='lat'>§</span> <span class='ocrx_word' id='word_1_308' title='bbox 836 2535 923 2590; x_wconf 76' lang='lat'><strong>55.</strong></span> <span class='ocrx_word' id='word_1_309' title='bbox 948 2532 1098 2599; x_wconf 84' lang='lat' dir='ltr'><strong>Quod</strong></span> <span class='ocrx_word' id='word_1_310' title='bbox 1124 2530 1175 2585; x_wconf 85' lang='lat' dir='ltr'><strong>in</strong></span> <span class='ocrx_word' id='word_1_311' title='bbox 1202 2548 1261 2586; x_wconf 90' lang='lat' dir='ltr'><strong>ea</strong></span> <span class='ocrx_word' id='word_1_312' title='bbox 1290 2528 1530 2601; x_wconf 66' lang='lat' dir='ltr'><strong>malum]</strong></span> <span class='ocrx_word' id='word_1_313' title='bbox 1569 2528 1664 2583; x_wconf 85' lang='lat' dir='ltr'><strong>Est</strong></span> <span class='ocrx_word' id='word_1_314' title='bbox 1685 2527 1737 2581; x_wconf 92' lang='lat' dir='ltr'><strong>in</strong></span> <span class='ocrx_word' id='word_1_315' title='bbox 1770 2524 1959 2581; x_wconf 65' lang='lat' dir='ltr'><strong>Graeco</strong></span> <span class='ocrx_word' id='word_1_316' title='bbox 1985 2524 2113 2578; x_wconf 72' lang='lat' dir='ltr'><strong>Mal-</strong></span> 
     </span>
    </p>
   </div>
   <div class='ocr_carea' id='block_1_42' title="bbox 524 2618 2112 2697">
    <p class='ocr_par' dir='ltr' id='par_1_42' title="bbox 524 2618 2112 2697">
     <span class='ocr_line' id='line_1_42' title="bbox 524 2618 2112 2697; baseline -0.008 -13"><span class='ocrx_word' id='word_1_317' title='bbox 524 2630 652 2685; x_wconf 74' lang='lat' dir='ltr'><strong>tlttei</strong></span> <span class='ocrx_word' id='word_1_318' title='bbox 681 2636 940 2684; x_wconf 77' lang='lat' dir='ltr'><strong>contextu</strong></span> <span class='ocrx_word' id='word_1_319' title='bbox 968 2641 1090 2696; x_wconf 87' lang='lat' dir='ltr'><strong>cap.</strong></span> <span class='ocrx_word' id='word_1_320' title='bbox 1137 2641 1178 2692; x_wconf 87' lang='grc' dir='ltr'><strong>ι,</strong></span> <span class='ocrx_word' id='word_1_321' title='bbox 1210 2625 1299 2691; x_wconf 70' lang='grc' dir='ltr'><strong>ΞΟ,</strong></span> <span class='ocrx_word' id='word_1_322' title='bbox 1330 2625 1580 2697; x_wconf 73' lang='grc' dir='ltr'><strong>γεννηθέν,</strong></span> <span class='ocrx_word' id='word_1_323' title='bbox 1617 2630 1930 2691; x_wconf 80' lang='lat' dir='ltr'><strong>generatum,</strong></span> <span class='ocrx_word' id='word_1_324' title='bbox 1971 2618 2112 2689; x_wconf 88' lang='lat' dir='ltr'><strong>quod</strong></span> 
     </span>
    </p>
   </div>
   <div class='ocr_carea' id='block_1_43' title="bbox 522 2710 2116 2787">
    <p class='ocr_par' dir='ltr' id='par_1_43' title="bbox 522 2710 2116 2787">
     <span class='ocr_line' id='line_1_43' title="bbox 522 2710 2116 2787; baseline -0.009 -7"><span class='ocrx_word' id='word_1_325' title='bbox 522 2723 697 2780; x_wconf 88' lang='lat' dir='ltr'><strong>obiter</strong></span> <span class='ocrx_word' id='word_1_326' title='bbox 728 2722 989 2776; x_wconf 88' lang='lat' dir='ltr'><strong>monitum</strong></span> <span class='ocrx_word' id='word_1_327' title='bbox 1012 2719 1253 2787; x_wconf 76' lang='lat' dir='ltr'><strong>oportuit</strong></span> <span class='ocrx_word' id='word_1_328' title='bbox 1278 2716 1345 2770; x_wconf 88' lang='lat' dir='ltr'><strong>ab</strong></span> <span class='ocrx_word' id='word_1_329' title='bbox 1371 2714 1695 2783; x_wconf 83' lang='lat' dir='ltr'><strong>Augustino.</strong></span> <span class='ocrx_word' id='word_1_330' title='bbox 1723 2712 1829 2769; x_wconf 87' lang='lat' dir='ltr'><strong>Sed</strong></span> <span class='ocrx_word' id='word_1_331' title='bbox 1859 2710 1995 2765; x_wconf 88' lang='lat' dir='ltr'><strong>forte</strong></span> <span class='ocrx_word' id='word_1_332' title='bbox 2020 2724 2116 2766; x_wconf 87' lang='lat' dir='ltr'><strong>ne-</strong></span> 
     </span>
    </p>
   </div>
   <div class='ocr_carea' id='block_1_44' title="bbox 522 2805 2112 2878">
    <p class='ocr_par' dir='ltr' id='par_1_44' title="bbox 522 2805 2112 2878">
     <span class='ocr_line' id='line_1_44' title="bbox 522 2805 2112 2878; baseline -0.008 -8"><span class='ocrx_word' id='word_1_333' title='bbox 522 2817 722 2871; x_wconf 87' lang='lat' dir='ltr'><strong>minem</strong></span> <span class='ocrx_word' id='word_1_334' title='bbox 758 2814 991 2869; x_wconf 82' lang='lat' dir='ltr'><strong>habebat</strong></span> <span class='ocrx_word' id='word_1_335' title='bbox 1036 2811 1102 2866; x_wconf 88' lang='lat' dir='ltr'><strong>ad</strong></span> <span class='ocrx_word' id='word_1_336' title='bbox 1148 2825 1363 2866; x_wconf 87' lang='lat' dir='ltr'><strong>manum</strong></span> <span class='ocrx_word' id='word_1_337' title='bbox 1410 2809 1498 2878; x_wconf 88' lang='lat' dir='ltr'><strong>qui</strong></span> <span class='ocrx_word' id='word_1_338' title='bbox 1538 2807 1726 2863; x_wconf 70' lang='lat' dir='ltr'><strong>Graece</strong></span> <span class='ocrx_word' id='word_1_339' title='bbox 1770 2805 1953 2870; x_wconf 88' lang='lat' dir='ltr'><strong>sciret,</strong></span> <span class='ocrx_word' id='word_1_340' title='bbox 1992 2820 2112 2859; x_wconf 91' lang='lat' dir='ltr'><strong>cum</strong></span> 
     </span>
    </p>
   </div>
   <div class='ocr_carea' id='block_1_45' title="bbox 528 2896 2114 2972">
    <p class='ocr_par' dir='ltr' id='par_1_45' title="bbox 528 2896 2114 2972">
     <span class='ocr_line' id='line_1_45' title="bbox 528 2896 2114 2972; baseline -0.008 -12"><span class='ocrx_word' id='word_1_341' title='bbox 528 2910 664 2962; x_wconf 89' lang='lat' dir='ltr'><strong>hanc</strong></span> <span class='ocrx_word' id='word_1_342' title='bbox 691 2905 1060 2961; x_wconf 88' lang='lat' dir='ltr'><strong>conscriberet</strong></span> <span class='ocrx_word' id='word_1_343' title='bbox 1084 2901 1387 2972; x_wconf 87' lang='lat' dir='ltr'><strong>epistolam.</strong></span> <span class='ocrx_word' id='word_1_344' title='bbox 1429 2899 1679 2966; x_wconf 82' lang='lat' dir='ltr'><strong>Alioquin</strong></span> <span class='ocrx_word' id='word_1_345' title='bbox 1707 2896 1975 2951; x_wconf 89' lang='lat' dir='ltr'><strong>interdum</strong></span> <span class='ocrx_word' id='word_1_346' title='bbox 2008 2910 2114 2948; x_wconf 92' lang='lat' dir='ltr'><strong>non</strong></span> 
     </span>
    </p>
   </div>
   <div class='ocr_carea' id='block_1_46' title="bbox 526 2985 2116 3062">
    <p class='ocr_par' dir='ltr' id='par_1_46' title="bbox 526 2985 2116 3062">
     <span class='ocr_line' id='line_1_46' title="bbox 526 2985 2116 3062; baseline -0.01 -7"><span class='ocrx_word' id='word_1_347' title='bbox 526 3001 666 3055; x_wconf 80' lang='lat' dir='ltr'><strong>male</strong></span> <span class='ocrx_word' id='word_1_348' title='bbox 709 3014 776 3053; x_wconf 73' lang='lat' dir='ltr'><strong>ex</strong></span> <span class='ocrx_word' id='word_1_349' title='bbox 819 2998 1007 3051; x_wconf 64' lang='lat' dir='ltr'><strong>Grieca</strong></span> <span class='ocrx_word' id='word_1_350' title='bbox 1047 2994 1228 3062; x_wconf 78' lang='lat' dir='ltr'><strong>lingua</strong></span> <span class='ocrx_word' id='word_1_351' title='bbox 1269 2988 1659 3058; x_wconf 66' lang='lat' dir='ltr'><strong>quaestionibus</strong></span> <span class='ocrx_word' id='word_1_352' title='bbox 1703 2985 2015 3055; x_wconf 86' lang='lat' dir='ltr'><strong>respondet,</strong></span> <span class='ocrx_word' id='word_1_353' title='bbox 2058 2993 2116 3039; x_wconf 91' lang='lat' dir='ltr'><strong>ut</strong></span> 
     </span>
    </p>
   </div>
   <div class='ocr_carea' id='block_1_47' title="bbox 525 3077 2112 3158">
    <p class='ocr_par' dir='ltr' id='par_1_47' title="bbox 525 3077 2112 3158">
     <span class='ocr_line' id='line_1_47' title="bbox 525 3077 2112 3158; baseline -0.008 -14"><span class='ocrx_word' id='word_1_354' title='bbox 525 3092 661 3145; x_wconf 67' lang='lat' dir='ltr'><strong>intra</strong></span> <span class='ocrx_word' id='word_1_355' title='bbox 700 3091 859 3158; x_wconf 88' lang='lat' dir='ltr'><strong>epist.</strong></span> <span class='ocrx_word' id='word_1_356' title='bbox 905 3081 1028 3152; x_wconf 64' lang='lat'><strong>{&#39;97,</strong></span> <span class='ocrx_word' id='word_1_357' title='bbox 1078 3085 1167 3139; x_wconf 88' lang='lat' dir='ltr'><strong>ubi</strong></span> <span class='ocrx_word' id='word_1_358' title='bbox 1214 3084 1371 3137; x_wconf 87' lang='lat' dir='ltr'><strong>docet</strong></span> <span class='ocrx_word' id='word_1_359' title='bbox 1408 3081 1674 3151; x_wconf 88' lang='lat' dir='ltr'><strong>quodnam</strong></span> <span class='ocrx_word' id='word_1_360' title='bbox 1712 3079 1784 3133; x_wconf 86' lang='lat' dir='ltr'><strong>sit</strong></span> <span class='ocrx_word' id='word_1_361' title='bbox 1822 3077 2112 3133; x_wconf 85' lang='lat' dir='ltr'><strong>discrimen</strong></span> 
     </span>
    </p>
   </div>
   <div class='ocr_carea' id='block_1_48' title="bbox 526 3175 1343 3252">
    <p class='ocr_par' dir='ltr' id='par_1_48' title="bbox 526 3175 1343 3252">
     <span class='ocr_line' id='line_1_48' title="bbox 526 3175 1343 3252; baseline -0.009 -19"><span class='ocrx_word' id='word_1_362' title='bbox 526 3183 667 3235; x_wconf 89' lang='lat' dir='ltr'><strong>inter</strong></span> <span class='ocrx_word' id='word_1_363' title='bbox 694 3192 854 3233; x_wconf 84' lang='lat' dir='ltr'><strong>voces</strong></span> <span class='ocrx_word' id='word_1_364' title='bbox 880 3178 1047 3252; x_wconf 75' lang='grc' dir='ltr'><strong>καιροί</strong></span> <span class='ocrx_word' id='word_1_365' title='bbox 1066 3183 1122 3230; x_wconf 88' lang='lat' dir='ltr'><strong>et</strong></span> <span class='ocrx_word' id='word_1_366' title='bbox 1147 3175 1343 3251; x_wconf 75' lang='grc' dir='ltr'><strong>χρόνοι.</strong></span> 
     </span>
    </p>
   </div>
   <div class='ocr_carea' id='block_1_49' title="bbox 597 3262 2111 3340">
    <p class='ocr_par' dir='ltr' id='par_1_49' title="bbox 597 3262 2111 3340">
     <span class='ocr_line' id='line_1_49' title="bbox 597 3262 2111 3340; baseline -0.007 -15"><span class='ocrx_word' id='word_1_367' title='bbox 597 3271 764 3340; x_wconf 80' lang='lat' dir='ltr'><strong>Epist.</strong></span> <span class='ocrx_word' id='word_1_368' title='bbox 793 3270 929 3333; x_wconf 73' lang='lat'><strong>213,</strong></span> <span class='ocrx_word' id='word_1_369' title='bbox 963 3268 990 3339; x_wconf 84' lang='lat'>§</span> <span class='ocrx_word' id='word_1_370' title='bbox 1025 3269 1073 3321; x_wconf 83' lang='lat' dir='ltr'><strong>l.</strong></span> <span class='ocrx_word' id='word_1_371' title='bbox 1115 3265 1470 3335; x_wconf 79' lang='lat' dir='ltr'><strong>Presbyterum</strong></span> <span class='ocrx_word' id='word_1_372' title='bbox 1501 3263 1808 3319; x_wconf 83' lang='lat' dir='ltr'><strong>Heraclium</strong></span> <span class='ocrx_word' id='word_1_373' title='bbox 1834 3262 1961 3317; x_wconf 81' lang='lat' dir='ltr'><strong>mihi</strong></span> <span class='ocrx_word' id='word_1_374' title='bbox 1991 3277 2111 3315; x_wconf 85' lang='lat' dir='ltr'><strong>suc-</strong></span> 
     </span>
    </p>
   </div>
   <div class='ocr_carea' id='block_1_50' title="bbox 526 3353 2114 3429">
    <p class='ocr_par' dir='ltr' id='par_1_50' title="bbox 526 3353 2114 3429">
     <span class='ocr_line' id='line_1_50' title="bbox 526 3353 2114 3429; baseline -0.007 -13"><span class='ocrx_word' id='word_1_375' title='bbox 526 3377 770 3416; x_wconf 75' lang='lat' dir='ltr'><strong>cessarem</strong></span> <span class='ocrx_word' id='word_1_376' title='bbox 798 3358 956 3429; x_wconf 84' lang='lat' dir='ltr'><strong>volo.J</strong></span> <span class='ocrx_word' id='word_1_377' title='bbox 1006 3358 1131 3413; x_wconf 77' lang='lat' dir='ltr'><strong>Hzec</strong></span> <span class='ocrx_word' id='word_1_378' title='bbox 1160 3364 1286 3412; x_wconf 90' lang='lat' dir='ltr'><strong>sunt</strong></span> <span class='ocrx_word' id='word_1_379' title='bbox 1316 3356 1480 3411; x_wconf 87' lang='lat' dir='ltr'><strong>verba</strong></span> <span class='ocrx_word' id='word_1_380' title='bbox 1511 3353 1812 3424; x_wconf 87' lang='lat' dir='ltr'><strong>Augustini,</strong></span> <span class='ocrx_word' id='word_1_381' title='bbox 1838 3365 2114 3408; x_wconf 86' lang='lat' dir='ltr'><strong>successo-</strong></span> 
     </span>
    </p>
   </div>
   <div class='ocr_carea' id='block_1_51' title="bbox 529 3446 2110 3522">
    <p class='ocr_par' dir='ltr' id='par_1_51' title="bbox 529 3446 2110 3522">
     <span class='ocr_line' id='line_1_51' title="bbox 529 3446 2110 3522; baseline -0.006 -16"><span class='ocrx_word' id='word_1_382' title='bbox 529 3468 644 3508; x_wconf 84' lang='lat' dir='ltr'><strong>rem</strong></span> <span class='ocrx_word' id='word_1_383' title='bbox 680 3454 780 3507; x_wconf 87' lang='lat' dir='ltr'><strong>sibi</strong></span> <span class='ocrx_word' id='word_1_384' title='bbox 819 3450 1149 3522; x_wconf 89' lang='lat' dir='ltr'><strong>designantis</strong></span> <span class='ocrx_word' id='word_1_385' title='bbox 1187 3463 1367 3503; x_wconf 89' lang='lat' dir='ltr'><strong>coram</strong></span> <span class='ocrx_word' id='word_1_386' title='bbox 1408 3449 1624 3518; x_wconf 89' lang='lat' dir='ltr'><strong>p0pulo.</strong></span> <span class='ocrx_word' id='word_1_387' title='bbox 1665 3446 1852 3500; x_wconf 82' lang='lat' dir='ltr'><strong>Mrum</strong></span> <span class='ocrx_word' id='word_1_388' title='bbox 1884 3453 1965 3499; x_wconf 87' lang='lat' dir='ltr'><strong>est</strong></span> <span class='ocrx_word' id='word_1_389' title='bbox 1989 3459 2110 3498; x_wconf 88' lang='lat' dir='ltr'><strong>eum</strong></span> 
     </span>
    </p>
   </div>
   <div class='ocr_carea' id='block_1_52' title="bbox 526 3534 2114 3613">
    <p class='ocr_par' dir='ltr' id='par_1_52' title="bbox 526 3534 2114 3613">
     <span class='ocr_line' id='line_1_52' title="bbox 526 3534 2114 3613; baseline -0.006 -15"><span class='ocrx_word' id='word_1_390' title='bbox 526 3545 799 3613; x_wconf 86' lang='lat' dir='ltr'><strong>ignorasse</strong></span> <span class='ocrx_word' id='word_1_391' title='bbox 833 3542 1079 3597; x_wconf 86' lang='lat' dir='ltr'><strong>illicitum</strong></span> <span class='ocrx_word' id='word_1_392' title='bbox 1113 3541 1213 3595; x_wconf 89' lang='lat' dir='ltr'><strong>hoc</strong></span> <span class='ocrx_word' id='word_1_393' title='bbox 1244 3540 1400 3609; x_wconf 86' lang='lat' dir='ltr'><strong>plane</strong></span> <span class='ocrx_word' id='word_1_394' title='bbox 1432 3540 1596 3593; x_wconf 84' lang='lat' dir='ltr'><strong>fuisse</strong></span> <span class='ocrx_word' id='word_1_395' title='bbox 1622 3550 1689 3593; x_wconf 82' lang='lat' dir='ltr'><strong>ex</strong></span> <span class='ocrx_word' id='word_1_396' title='bbox 1721 3534 1958 3604; x_wconf 89' lang='lat' dir='ltr'><strong>antiquis</strong></span> <span class='ocrx_word' id='word_1_397' title='bbox 1983 3550 2114 3589; x_wconf 88' lang='lat' dir='ltr'><strong>con-</strong></span> 
     </span>
    </p>
   </div>
   <div class='ocr_carea' id='block_1_53' title="bbox 524 3627 2110 3699">
    <p class='ocr_par' dir='ltr' id='par_1_53' title="bbox 524 3627 2110 3699">
     <span class='ocr_line' id='line_1_53' title="bbox 524 3627 2110 3699; baseline -0.008 -7"><span class='ocrx_word' id='word_1_398' title='bbox 524 3637 889 3693; x_wconf 71' lang='lat' dir='ltr'><strong>stit&#39;otionihns</strong></span> <span class='ocrx_word' id='word_1_399' title='bbox 918 3632 1338 3696; x_wconf 87' lang='lat' dir='ltr'><strong>ecclesiasticis;</strong></span> <span class='ocrx_word' id='word_1_400' title='bbox 1369 3640 1424 3686; x_wconf 91' lang='lat' dir='ltr'><strong>et</strong></span> <span class='ocrx_word' id='word_1_401' title='bbox 1446 3631 1535 3699; x_wconf 89' lang='lat' dir='ltr'><strong>qui</strong></span> <span class='ocrx_word' id='word_1_402' title='bbox 1562 3629 1755 3683; x_wconf 88' lang='lat' dir='ltr'><strong>fatetur</strong></span> <span class='ocrx_word' id='word_1_403' title='bbox 1784 3627 1812 3699; x_wconf 60' lang='grc' dir='ltr'>ᾗ</span> <span class='ocrx_word' id='word_1_404' title='bbox 1843 3628 1874 3680; x_wconf 73' lang='grc' dir='ltr'><strong>ι</strong></span> <span class='ocrx_word' id='word_1_405' title='bbox 1895 3640 1954 3682; x_wconf 91' lang='lat' dir='ltr'><strong>se</strong></span> <span class='ocrx_word' id='word_1_406' title='bbox 1978 3641 2110 3680; x_wconf 87' lang='lat' dir='ltr'><strong>con-</strong></span> 
     </span>
    </p>
   </div>
   <div class='ocr_carea' id='block_1_54' title="bbox 523 3710 2112 3791">
    <p class='ocr_par' dir='ltr' id='par_1_54' title="bbox 523 3710 2112 3791">
     <span class='ocr_line' id='line_1_54' title="bbox 523 3710 2112 3791; baseline -0.007 -8"><span class='ocrx_word' id='word_1_407' title='bbox 523 3710 609 3783; x_wconf 71' lang='lat' dir='ltr'><strong>tra</strong></span> <span class='ocrx_word' id='word_1_408' title='bbox 651 3726 904 3783; x_wconf 69' lang='lat' dir='ltr'><strong>Ecclesia:</strong></span> <span class='ocrx_word' id='word_1_409' title='bbox 945 3738 1180 3778; x_wconf 85' lang='lat' dir='ltr'><strong>canones</strong></span> <span class='ocrx_word' id='word_1_410' title='bbox 1221 3722 1530 3791; x_wconf 81' lang='lat' dir='ltr'><strong>episeOpum</strong></span> <span class='ocrx_word' id='word_1_411' title='bbox 1581 3718 1800 3782; x_wconf 91' lang='lat' dir='ltr'><strong>factum,</strong></span> <span class='ocrx_word' id='word_1_412' title='bbox 1840 3718 1965 3772; x_wconf 82' lang='lat' dir='ltr'><strong>vivo</strong></span> <span class='ocrx_word' id='word_1_413' title='bbox 2014 3730 2112 3772; x_wconf 91' lang='lat' dir='ltr'><strong>suo</strong></span> 
     </span>
    </p>
   </div>
   <div class='ocr_carea' id='block_1_55' title="bbox 524 3807 2111 3879">
    <p class='ocr_par' dir='ltr' id='par_1_55' title="bbox 524 3807 2111 3879">
     <span class='ocr_line' id='line_1_55' title="bbox 524 3807 2111 3879; baseline -0.006 -9"><span class='ocrx_word' id='word_1_414' title='bbox 524 3820 833 3879; x_wconf 85' lang='lat' dir='ltr'><strong>decessore,</strong></span> <span class='ocrx_word' id='word_1_415' title='bbox 885 3827 1253 3868; x_wconf 83' lang='lat' dir='ltr'><strong>successorem</strong></span> <span class='ocrx_word' id='word_1_416' title='bbox 1299 3811 1461 3864; x_wconf 87' lang='lat' dir='ltr'><strong>etiam</strong></span> <span class='ocrx_word' id='word_1_417' title='bbox 1511 3807 1889 3877; x_wconf 59' lang='lat' dir='ltr'><strong>sibi‘elegisse</strong></span> <span class='ocrx_word' id='word_1_418' title='bbox 1926 3818 2111 3862; x_wconf 87' lang='lat' dir='ltr'><strong>contra</strong></span> 
     </span>
    </p>
   </div>
   <div class='ocr_carea' id='block_1_56' title="bbox 523 3899 2113 3977">
    <p class='ocr_par' dir='ltr' id='par_1_56' title="bbox 523 3899 2113 3977">
     <span class='ocr_line' id='line_1_56' title="bbox 523 3899 2113 3977; baseline -0.009 -17"><span class='ocrx_word' id='word_1_419' title='bbox 523 3907 763 3960; x_wconf 81' lang='lat' dir='ltr'><strong>eosdem.</strong></span> <span class='ocrx_word' id='word_1_420' title='bbox 788 3904 970 3957; x_wconf 86' lang='lat' dir='ltr'><strong>Canon</strong></span> <span class='ocrx_word' id='word_1_421' title='bbox 1000 3902 1326 3969; x_wconf 85' lang='lat' dir='ltr'><strong>apostolicus</strong></span> <span class='ocrx_word' id='word_1_422' title='bbox 1356 3900 1422 3954; x_wconf 88' lang='grc'>76</span> <span class='ocrx_word' id='word_1_423' title='bbox 1450 3899 1524 3953; x_wconf 86' lang='lat' dir='ltr'><strong>ita</strong></span> <span class='ocrx_word' id='word_1_424' title='bbox 1546 3899 1706 3953; x_wconf 83' lang='lat' dir='ltr'><strong>habet</strong></span> <span class='ocrx_word' id='word_1_425' title='bbox 1731 3916 1744 3952; x_wconf 88' lang='lat'><strong>:</strong></span> <span class='ocrx_word' id='word_1_426' title='bbox 1768 3902 1839 3952; x_wconf 84' lang='grc' dir='ltr'><strong>Οὐ</strong></span> <span class='ocrx_word' id='word_1_427' title='bbox 1865 3906 1970 3977; x_wconf 73' lang='grc' dir='ltr'><strong>χρὴ</strong></span> <span class='ocrx_word' id='word_1_428' title='bbox 2000 3900 2113 3955; x_wconf 76' lang='grc' dir='ltr'><strong>ἐπὶ.</strong></span> 
     </span>
    </p>
   </div>
   <div class='ocr_carea' id='block_1_57' title="bbox 523 3990 2113 4065">
    <p class='ocr_par' dir='ltr' id='par_1_57' title="bbox 523 3990 2113 4065">
     <span class='ocr_line' id='line_1_57' title="bbox 523 3990 2113 4065; baseline -0.003 -16"><span class='ocrx_word' id='word_1_429' title='bbox 523 4015 707 4049; x_wconf 79' lang='grc' dir='ltr'><strong>σκοπον</strong></span> <span class='ocrx_word' id='word_1_430' title='bbox 721 4003 794 4064; x_wconf 82' lang='grc' dir='ltr'><strong>τῷ</strong></span> <span class='ocrx_word' id='word_1_431' title='bbox 814 3994 1029 4063; x_wconf 72' lang='grc' dir='ltr'>ἀδιλφῷ,</span> <span class='ocrx_word' id='word_1_432' title='bbox 1057 3991 1087 4051; x_wconf 76' lang='grc' dir='ltr'><strong>ἦ</strong></span> <span class='ocrx_word' id='word_1_433' title='bbox 1114 4000 1188 4063; x_wconf 83' lang='grc' dir='ltr'><strong>τῷ</strong></span> <span class='ocrx_word' id='word_1_434' title='bbox 1210 3993 1323 4062; x_wconf 81' lang='grc' dir='ltr'>υἱῷ,</span> <span class='ocrx_word' id='word_1_435' title='bbox 1353 3990 1383 4049; x_wconf 78' lang='grc' dir='ltr'>ἦ</span> <span class='ocrx_word' id='word_1_436' title='bbox 1410 3997 1483 4063; x_wconf 80' lang='grc' dir='ltr'><strong>τῷ</strong></span> <span class='ocrx_word' id='word_1_437' title='bbox 1514 3991 1668 4064; x_wconf 78' lang='grc' dir='ltr'><strong>ἑτέρῳ</strong></span> <span class='ocrx_word' id='word_1_438' title='bbox 1689 4000 1928 4063; x_wconf 68' lang='grc' dir='ltr'><strong>συγγενεῖ</strong></span> <span class='ocrx_word' id='word_1_439' title='bbox 1959 4012 2113 4065; x_wconf 79' lang='grc' dir='ltr'>χαρι-</span> 
     </span>
    </p>
   </div>
   <div class='ocr_carea' id='block_1_58' title="bbox 522 4078 2110 4155">
    <p class='ocr_par' dir='ltr' id='par_1_58' title="bbox 522 4078 2110 4155">
     <span class='ocr_line' id='line_1_58' title="bbox 522 4078 2110 4155; baseline -0.002 -18"><span class='ocrx_word' id='word_1_440' title='bbox 522 4084 757 4153; x_wconf 75' lang='grc' dir='ltr'><strong>ζόμενον,</strong></span> <span class='ocrx_word' id='word_1_441' title='bbox 799 4087 870 4143; x_wconf 72' lang='grc' dir='ltr'><strong>εἰς</strong></span> <span class='ocrx_word' id='word_1_442' title='bbox 909 4085 967 4138; x_wconf 83' lang='grc' dir='ltr'><strong>τὸ</strong></span> <span class='ocrx_word' id='word_1_443' title='bbox 1007 4085 1203 4154; x_wconf 79' lang='grc' dir='ltr'><strong>ἀξίωμα</strong></span> <span class='ocrx_word' id='word_1_444' title='bbox 1245 4090 1337 4141; x_wconf 79' lang='grc' dir='ltr'><strong>τῆς</strong></span> <span class='ocrx_word' id='word_1_445' title='bbox 1376 4086 1656 4141; x_wconf 76' lang='grc' dir='ltr'><strong>ἐπισκοπῆς</strong></span> <span class='ocrx_word' id='word_1_446' title='bbox 1707 4090 2016 4155; x_wconf 79' lang='grc' dir='ltr'><strong>χειροτονεῖν</strong></span> <span class='ocrx_word' id='word_1_447' title='bbox 2057 4078 2110 4134; x_wconf 82' lang='grc' dir='ltr'><strong>ὃν</strong></span> 
     </span>
    </p>
   </div>
   <div class='ocr_carea' id='block_1_59' title="bbox 523 4170 2111 4244">
    <p class='ocr_par' dir='ltr' id='par_1_59' title="bbox 523 4170 2111 4244">
     <span class='ocr_line' id='line_1_59' title="bbox 523 4170 2111 4244; baseline -0.005 -14"><span class='ocrx_word' id='word_1_448' title='bbox 523 4182 816 4230; x_wconf 77' lang='grc' dir='ltr'><strong>ΒΟΥΛΕΤΔΙ</strong></span> <span class='ocrx_word' id='word_1_449' title='bbox 843 4173 998 4242; x_wconf 85' lang='grc' dir='ltr'><strong>;ΙΝοη</strong></span> <span class='ocrx_word' id='word_1_450' title='bbox 1021 4183 1216 4242; x_wconf 77' lang='lat' dir='ltr'><strong>oportet</strong></span> <span class='ocrx_word' id='word_1_451' title='bbox 1241 4172 1533 4244; x_wconf 77' lang='lat' dir='ltr'><strong>episwpum</strong></span> <span class='ocrx_word' id='word_1_452' title='bbox 1558 4172 1729 4241; x_wconf 78' lang='lat' dir='ltr'><strong>fratri,</strong></span> <span class='ocrx_word' id='word_1_453' title='bbox 1755 4182 1843 4223; x_wconf 90' lang='lat' dir='ltr'><strong>aut</strong></span> <span class='ocrx_word' id='word_1_454' title='bbox 1868 4170 1997 4237; x_wconf 79' lang='lat' dir='ltr'><strong>ﬁlio,</strong></span> <span class='ocrx_word' id='word_1_455' title='bbox 2023 4179 2111 4224; x_wconf 85' lang='lat' dir='ltr'><strong>aut</strong></span> 
     </span>
    </p>
   </div>
   <div class='ocr_carea' id='block_1_60' title="bbox 524 4261 2111 4334">
    <p class='ocr_par' dir='ltr' id='par_1_60' title="bbox 524 4261 2111 4334">
     <span class='ocr_line' id='line_1_60' title="bbox 524 4261 2111 4334; baseline -0.002 -18"><span class='ocrx_word' id='word_1_456' title='bbox 524 4266 615 4319; x_wconf 80' lang='lat' dir='ltr'><strong>alii</strong></span> <span class='ocrx_word' id='word_1_457' title='bbox 645 4276 855 4334; x_wconf 85' lang='lat' dir='ltr'><strong>cognato</strong></span> <span class='ocrx_word' id='word_1_458' title='bbox 877 4263 1271 4334; x_wconf 73' lang='lat' dir='ltr'><strong>gratificantem,</strong></span> <span class='ocrx_word' id='word_1_459' title='bbox 1295 4263 1363 4315; x_wconf 85' lang='lat' dir='ltr'><strong>ad</strong></span> <span class='ocrx_word' id='word_1_460' title='bbox 1390 4262 1614 4332; x_wconf 79' lang='lat' dir='ltr'><strong>episwpi</strong></span> <span class='ocrx_word' id='word_1_461' title='bbox 1642 4261 1941 4333; x_wconf 84' lang='lat' dir='ltr'><strong>dignitatem</strong></span> <span class='ocrx_word' id='word_1_462' title='bbox 1961 4277 2111 4329; x_wconf 79' lang='lat' dir='ltr'><strong>quem</strong></span> 
     </span>
    </p>
   </div>
   <div class='ocr_carea' id='block_1_61' title="bbox 523 4352 2109 4427">
    <p class='ocr_par' dir='ltr' id='par_1_61' title="bbox 523 4352 2109 4427">
     <span class='ocr_line' id='line_1_61' title="bbox 523 4352 2109 4427; baseline -0.005 -15"><span class='ocrx_word' id='word_1_463' title='bbox 523 4373 662 4412; x_wconf 77' lang='lat' dir='ltr'><strong>vnn</strong></span> <span class='ocrx_word' id='word_1_464' title='bbox 692 4357 897 4427; x_wconf 71' lang='lat' dir='ltr'><strong>eligere.</strong></span> <span class='ocrx_word' id='word_1_465' title='bbox 929 4355 1055 4410; x_wconf 76' lang='lat' dir='ltr'><strong>llzec</strong></span> <span class='ocrx_word' id='word_1_466' title='bbox 1085 4355 1155 4408; x_wconf 84' lang='lat' dir='ltr'><strong>ita</strong></span> <span class='ocrx_word' id='word_1_467' title='bbox 1183 4361 1437 4422; x_wconf 45' lang='lat' dir='ltr'><strong>concepti</strong></span> <span class='ocrx_word' id='word_1_468' title='bbox 1467 4362 1593 4407; x_wconf 89' lang='lat' dir='ltr'><strong>sunt</strong></span> <span class='ocrx_word' id='word_1_469' title='bbox 1624 4357 1807 4419; x_wconf 85' lang='lat' dir='ltr'><strong>verba,</strong></span> <span class='ocrx_word' id='word_1_470' title='bbox 1837 4363 1896 4407; x_wconf 92' lang='lat' dir='ltr'><strong>ut</strong></span> <span class='ocrx_word' id='word_1_471' title='bbox 1925 4352 1969 4405; x_wconf 93' lang='lat' dir='ltr'><strong>si</strong></span> <span class='ocrx_word' id='word_1_472' title='bbox 1995 4354 2109 4420; x_wconf 88' lang='lat' dir='ltr'><strong>epi-</strong></span> 
     </span>
    </p>
   </div>
   <div class='ocr_carea' id='block_1_62' title="bbox 519 4443 2104 4518">
    <p class='ocr_par' dir='ltr' id='par_1_62' title="bbox 519 4443 2104 4518">
     <span class='ocr_line' id='line_1_62' title="bbox 519 4443 2104 4518; baseline -0.003 -14"><span class='ocrx_word' id='word_1_473' title='bbox 519 4464 718 4518; x_wconf 87' lang='lat' dir='ltr'><strong>scopus</strong></span> <span class='ocrx_word' id='word_1_474' title='bbox 741 4447 985 4503; x_wconf 71' lang='lat' dir='ltr'><strong>conferat</strong></span> <span class='ocrx_word' id='word_1_475' title='bbox 1013 4446 1379 4515; x_wconf 87' lang='lat' dir='ltr'><strong>episcopatum</strong></span> <span class='ocrx_word' id='word_1_476' title='bbox 1412 4444 1582 4512; x_wconf 82' lang='lat' dir='ltr'><strong>fratri,</strong></span> <span class='ocrx_word' id='word_1_477' title='bbox 1612 4443 1719 4498; x_wconf 84' lang='lat' dir='ltr'><strong>lilio</strong></span> <span class='ocrx_word' id='word_1_478' title='bbox 1746 4453 1840 4499; x_wconf 88' lang='lat' dir='ltr'><strong>aut</strong></span> <span class='ocrx_word' id='word_1_479' title='bbox 1856 4454 2104 4513; x_wconf 84' lang='lat' dir='ltr'><strong>cognato,</strong></span> 
     </span>
    </p>
   </div>
   <div class='ocr_carea' id='block_1_63' title="bbox 519 4516 2188 4607">
    <p class='ocr_par' dir='ltr' id='par_1_63' title="bbox 519 4516 2188 4607">
     <span class='ocr_line' id='line_1_63' title="bbox 519 4516 2188 4607; baseline -0.004 -11"><span class='ocrx_word' id='word_1_480' title='bbox 519 4516 636 4596; x_wconf 78' lang='lat' dir='ltr'><strong>sive</strong></span> <span class='ocrx_word' id='word_1_481' title='bbox 659 4542 708 4595; x_wconf 90' lang='lat' dir='ltr'><strong>in</strong></span> <span class='ocrx_word' id='word_1_482' title='bbox 736 4554 922 4595; x_wconf 82' lang='lat' dir='ltr'><strong>eorum</strong></span> <span class='ocrx_word' id='word_1_483' title='bbox 956 4537 1181 4607; x_wconf 86' lang='lat' dir='ltr'><strong>gratiam</strong></span> <span class='ocrx_word' id='word_1_484' title='bbox 1203 4538 1317 4601; x_wconf 80' lang='lat' dir='ltr'><strong>alii,</strong></span> <span class='ocrx_word' id='word_1_485' title='bbox 1350 4552 1446 4605; x_wconf 86' lang='lat' dir='ltr'><strong>pro</strong></span> <span class='ocrx_word' id='word_1_486' title='bbox 1474 4536 1721 4601; x_wconf 86' lang='lat' dir='ltr'><strong>arbitrio,</strong></span> <span class='ocrx_word' id='word_1_487' title='bbox 1744 4537 1965 4605; x_wconf 88' lang='lat' dir='ltr'><strong>perinde</strong></span> <span class='ocrx_word' id='word_1_488' title='bbox 1988 4551 2084 4605; x_wconf 85' lang='lat' dir='ltr'><strong>pec</strong></span> <span class='ocrx_word' id='word_1_489' title='bbox 2136 4516 2188 4574; x_wconf 79' lang='grc' dir='ltr'><strong>ι)</strong></span> 
     </span>
    </p>
   </div>
   <div class='ocr_carea' id='block_1_64' title="bbox 521 4626 2110 4695">
    <p class='ocr_par' dir='ltr' id='par_1_64' title="bbox 521 4626 2110 4695">
     <span class='ocr_line' id='line_1_64' title="bbox 521 4626 2110 4695; baseline -0.003 -8"><span class='ocrx_word' id='word_1_490' title='bbox 521 4642 626 4687; x_wconf 88' lang='lat' dir='ltr'><strong>cet.</strong></span> <span class='ocrx_word' id='word_1_491' title='bbox 657 4631 846 4687; x_wconf 80' lang='lat' dir='ltr'><strong>Mirum</strong></span> <span class='ocrx_word' id='word_1_492' title='bbox 878 4638 961 4685; x_wconf 84' lang='lat' dir='ltr'><strong>est</strong></span> <span class='ocrx_word' id='word_1_493' title='bbox 985 4629 1029 4683; x_wconf 91' lang='lat' dir='ltr'><strong>si</strong></span> <span class='ocrx_word' id='word_1_494' title='bbox 1062 4643 1168 4682; x_wconf 91' lang='lat' dir='ltr'><strong>non</strong></span> <span class='ocrx_word' id='word_1_495' title='bbox 1203 4628 1363 4682; x_wconf 82' lang='lat' dir='ltr'><strong>verba</strong></span> <span class='ocrx_word' id='word_1_496' title='bbox 1393 4629 1507 4695; x_wconf 77' lang='lat' dir='ltr'><strong>ipsa</strong></span> <span class='ocrx_word' id='word_1_497' title='bbox 1538 4629 1758 4681; x_wconf 86' lang='lat' dir='ltr'><strong>canonis</strong></span> <span class='ocrx_word' id='word_1_498' title='bbox 1790 4636 1912 4681; x_wconf 84' lang='lat' dir='ltr'><strong>nota</strong></span> <span class='ocrx_word' id='word_1_499' title='bbox 1944 4626 2110 4682; x_wconf 84' lang='lat' dir='ltr'><strong>fuisse</strong></span> 
     </span>
    </p>
   </div>
   <div class='ocr_carea' id='block_1_65' title="bbox 522 4715 2111 4785">
    <p class='ocr_par' dir='ltr' id='par_1_65' title="bbox 522 4715 2111 4785">
     <span class='ocr_line' id='line_1_65' title="bbox 522 4715 2111 4785; baseline -0.004 -6"><span class='ocrx_word' id='word_1_500' title='bbox 522 4723 690 4785; x_wconf 82' lang='lat' dir='ltr'><strong>Afris,</strong></span> <span class='ocrx_word' id='word_1_501' title='bbox 732 4731 787 4775; x_wconf 86' lang='lat' dir='ltr'><strong>at</strong></span> <span class='ocrx_word' id='word_1_502' title='bbox 825 4729 972 4775; x_wconf 89' lang='lat' dir='ltr'><strong>certe</strong></span> <span class='ocrx_word' id='word_1_503' title='bbox 1005 4716 1448 4773; x_wconf 84' lang='lat' dir='ltr'><strong>consuetudinem</strong></span> <span class='ocrx_word' id='word_1_504' title='bbox 1479 4715 1828 4771; x_wconf 82' lang='lat' dir='ltr'><strong>Orientalium</strong></span> <span class='ocrx_word' id='word_1_505' title='bbox 1867 4717 1921 4770; x_wconf 92' lang='lat' dir='ltr'><strong>in</strong></span> <span class='ocrx_word' id='word_1_506' title='bbox 1960 4731 2022 4771; x_wconf 89' lang='lat' dir='ltr'><strong>ea</strong></span> <span class='ocrx_word' id='word_1_507' title='bbox 2052 4732 2111 4772; x_wconf 85' lang='lat' dir='ltr'><strong>re</strong></span> 
     </span>
    </p>
   </div>
   <div class='ocr_carea' id='block_1_66' title="bbox 524 4808 2111 4881">
    <p class='ocr_par' dir='ltr' id='par_1_66' title="bbox 524 4808 2111 4881">
     <span class='ocr_line' id='line_1_66' title="bbox 524 4808 2111 4881; baseline 0 -17"><span class='ocrx_word' id='word_1_508' title='bbox 524 4829 631 4866; x_wconf 88' lang='lat' dir='ltr'><strong>non</strong></span> <span class='ocrx_word' id='word_1_509' title='bbox 656 4811 823 4866; x_wconf 84' lang='lat' dir='ltr'><strong>fuisse</strong></span> <span class='ocrx_word' id='word_1_510' title='bbox 850 4810 990 4881; x_wconf 87' lang='lat' dir='ltr'><strong>apud</strong></span> <span class='ocrx_word' id='word_1_511' title='bbox 1018 4810 1178 4865; x_wconf 87' lang='lat' dir='ltr'><strong>Afros</strong></span> <span class='ocrx_word' id='word_1_512' title='bbox 1207 4818 1501 4878; x_wconf 73' lang='lat' dir='ltr'><strong>receptam,</strong></span> <span class='ocrx_word' id='word_1_513' title='bbox 1532 4822 1651 4862; x_wconf 90' lang='lat' dir='ltr'><strong>cum</strong></span> <span class='ocrx_word' id='word_1_514' title='bbox 1681 4808 1994 4877; x_wconf 83' lang='lat' dir='ltr'><strong>gravissima</strong></span> <span class='ocrx_word' id='word_1_515' title='bbox 2025 4824 2111 4864; x_wconf 89' lang='lat' dir='ltr'><strong>ra-</strong></span> 
     </span>
    </p>
   </div>
   <div class='ocr_carea' id='block_1_67' title="bbox 524 4902 2107 4973">
    <p class='ocr_par' dir='ltr' id='par_1_67' title="bbox 524 4902 2107 4973">
     <span class='ocr_line' id='line_1_67' title="bbox 524 4902 2107 4973; baseline 0.001 -18"><span class='ocrx_word' id='word_1_516' title='bbox 524 4904 669 4957; x_wconf 87' lang='lat' dir='ltr'><strong>tione</strong></span> <span class='ocrx_word' id='word_1_517' title='bbox 698 4904 914 4969; x_wconf 81' lang='lat' dir='ltr'><strong>nitatur,</strong></span> <span class='ocrx_word' id='word_1_518' title='bbox 939 4919 1059 4973; x_wconf 68' lang='lat' dir='ltr'><strong>qua:</strong></span> <span class='ocrx_word' id='word_1_519' title='bbox 1088 4905 1170 4959; x_wconf 88' lang='lat' dir='ltr'><strong>sic</strong></span> <span class='ocrx_word' id='word_1_520' title='bbox 1193 4904 1512 4972; x_wconf 79' lang='lat' dir='ltr'><strong>exprimitur</strong></span> <span class='ocrx_word' id='word_1_521' title='bbox 1536 4902 1588 4955; x_wconf 93' lang='lat' dir='ltr'><strong>in</strong></span> <span class='ocrx_word' id='word_1_522' title='bbox 1610 4902 1955 4972; x_wconf 75' lang='lat' dir='ltr'><strong>sequentibus</strong></span> <span class='ocrx_word' id='word_1_523' title='bbox 1985 4918 2107 4957; x_wconf 88' lang='lat' dir='ltr'><strong>ver-</strong></span> 
     </span>
    </p>
   </div>
   <div class='ocr_carea' id='block_1_68' title="bbox 520 4994 2106 5071">
    <p class='ocr_par' dir='ltr' id='par_1_68' title="bbox 520 4994 2106 5071">
     <span class='ocr_line' id='line_1_68' title="bbox 520 4994 2106 5071; baseline 0.001 -22"><span class='ocrx_word' id='word_1_524' title='bbox 520 4996 633 5049; x_wconf 82' lang='lat' dir='ltr'><strong>bis:</strong></span> <span class='ocrx_word' id='word_1_525' title='bbox 654 4994 1003 5066; x_wconf 69' lang='grc' dir='ltr'><strong>κληρονόμους</strong></span> <span class='ocrx_word' id='word_1_526' title='bbox 1018 4999 1119 5071; x_wconf 71' lang='grc' dir='ltr'><strong>γὰρ</strong></span> <span class='ocrx_word' id='word_1_527' title='bbox 1138 5006 1230 5057; x_wconf 79' lang='grc' dir='ltr'><strong>τῆς</strong></span> <span class='ocrx_word' id='word_1_528' title='bbox 1253 4999 1535 5056; x_wconf 73' lang='grc' dir='ltr'><strong>ἐπισκοπῆς</strong></span> <span class='ocrx_word' id='word_1_529' title='bbox 1560 5004 1694 5050; x_wconf 76' lang='grc' dir='ltr'>ποιεῖ</span> <span class='ocrx_word' id='word_1_530' title='bbox 1698 4997 1814 5050; x_wconf 77' lang='grc' dir='ltr'><strong>σθαι</strong></span> <span class='ocrx_word' id='word_1_531' title='bbox 1841 4997 1899 5049; x_wconf 82' lang='grc' dir='ltr'><strong>οὐ</strong></span> <span class='ocrx_word' id='word_1_532' title='bbox 1926 4995 2106 5051; x_wconf 76' lang='grc' dir='ltr'><strong>δίκαιον</strong></span> 
     </span>
    </p>
   </div>
   <div class='ocr_carea' id='block_1_69' title="bbox 518 5087 2104 5161">
    <p class='ocr_par' dir='ltr' id='par_1_69' title="bbox 518 5087 2104 5161">
     <span class='ocr_line' id='line_1_69' title="bbox 518 5087 2104 5161; baseline 0 -19"><span class='ocrx_word' id='word_1_533' title='bbox 518 5087 586 5142; x_wconf 79' lang='grc' dir='ltr'><strong>τὰ</strong></span> <span class='ocrx_word' id='word_1_534' title='bbox 615 5090 710 5141; x_wconf 84' lang='grc' dir='ltr'><strong>τοῦ</strong></span> <span class='ocrx_word' id='word_1_535' title='bbox 738 5090 867 5139; x_wconf 69' lang='grc' dir='ltr'><strong>Θεοῦ</strong></span> <span class='ocrx_word' id='word_1_536' title='bbox 897 5089 1234 5160; x_wconf 67' lang='grc' dir='ltr'><strong>χαριζόμενον</strong></span> <span class='ocrx_word' id='word_1_537' title='bbox 1267 5089 1416 5143; x_wconf 77' lang='grc' dir='ltr'>πάθει</span> <span class='ocrx_word' id='word_1_538' title='bbox 1442 5088 1755 5161; x_wconf 67' lang='grc' dir='ltr'><strong>ἀνθρωπίνῳ·</strong></span> <span class='ocrx_word' id='word_1_539' title='bbox 1794 5089 1853 5139; x_wconf 80' lang='grc' dir='ltr'><strong>οὐ</strong></span> <span class='ocrx_word' id='word_1_540' title='bbox 1889 5088 1989 5161; x_wconf 68' lang='grc' dir='ltr'><strong>γὰρ</strong></span> <span class='ocrx_word' id='word_1_541' title='bbox 2016 5092 2104 5145; x_wconf 68' lang='grc' dir='ltr'><strong>τήν</strong></span> 
     </span>
    </p>
   </div>
   <div class='ocr_carea' id='block_1_70' title="bbox 518 5177 2103 5253">
    <p class='ocr_par' dir='ltr' id='par_1_70' title="bbox 518 5177 2103 5253">
     <span class='ocr_line' id='line_1_70' title="bbox 518 5177 2103 5253; baseline 0.001 -20"><span class='ocrx_word' id='word_1_542' title='bbox 518 5184 610 5235; x_wconf 80' lang='grc' dir='ltr'><strong>τοῦ</strong></span> <span class='ocrx_word' id='word_1_543' title='bbox 633 5184 758 5233; x_wconf 71' lang='grc' dir='ltr'><strong>Θεοῦ</strong></span> <span class='ocrx_word' id='word_1_544' title='bbox 773 5177 1048 5233; x_wconf 74' lang='grc' dir='ltr'><strong>Εκκλησίοιν</strong></span> <span class='ocrx_word' id='word_1_545' title='bbox 1068 5178 1169 5232; x_wconf 73' lang='grc' dir='ltr'><strong>ὑπὸ</strong></span> <span class='ocrx_word' id='word_1_546' title='bbox 1193 5179 1523 5253; x_wconf 69' lang='grc' dir='ltr'><strong>κληρονόμους</strong></span> <span class='ocrx_word' id='word_1_547' title='bbox 1552 5183 1730 5251; x_wconf 71' lang='grc' dir='ltr'><strong>ὀφείλει</strong></span> <span class='ocrx_word' id='word_1_548' title='bbox 1753 5183 1961 5247; x_wconf 68' lang='grc' dir='ltr'>τιθέναι,</span> <span class='ocrx_word' id='word_1_549' title='bbox 1986 5184 2029 5234; x_wconf 81' lang='lat' dir='ltr'><strong>si</strong></span> <span class='ocrx_word' id='word_1_550' title='bbox 2049 5180 2103 5235; x_wconf 71' lang='grc' dir='ltr'><strong>δέ</strong></span> 
     </span>
    </p>
   </div>
   <div class='ocr_carea' id='block_1_71' title="bbox 511 5265 2104 5347">
    <p class='ocr_par' dir='ltr' id='par_1_71' title="bbox 511 5265 2104 5347">
     <span class='ocr_line' id='line_1_71' title="bbox 511 5265 2104 5347; baseline 0.003 -21"><span class='ocrx_word' id='word_1_551' title='bbox 511 5292 591 5333; x_wconf 74' lang='grc' dir='ltr'><strong>τις</strong></span> <span class='ocrx_word' id='word_1_552' title='bbox 615 5276 769 5326; x_wconf 78' lang='grc' dir='ltr'>τοῦτο</span> <span class='ocrx_word' id='word_1_553' title='bbox 792 5270 1020 5331; x_wconf 76' lang='grc' dir='ltr'><strong>ποιήσοι,</strong></span> <span class='ocrx_word' id='word_1_554' title='bbox 1046 5265 1236 5343; x_wconf 75' lang='grc' dir='ltr'><strong>ἄκυρος</strong></span> <span class='ocrx_word' id='word_1_555' title='bbox 1261 5273 1348 5339; x_wconf 85' lang='grc' dir='ltr'><strong>μὲν</strong></span> <span class='ocrx_word' id='word_1_556' title='bbox 1384 5270 1414 5323; x_wconf 78' lang='grc' dir='ltr'>ἕ</span> <span class='ocrx_word' id='word_1_557' title='bbox 1417 5293 1524 5325; x_wconf 81' lang='grc' dir='ltr'><strong>στω</strong></span> <span class='ocrx_word' id='word_1_558' title='bbox 1547 5274 1577 5329; x_wconf 80' lang='lat' dir='ltr'><strong>ri</strong></span> <span class='ocrx_word' id='word_1_559' title='bbox 1611 5276 1922 5347; x_wconf 76' lang='grc' dir='ltr'><strong>χειροτονία,</strong></span> <span class='ocrx_word' id='word_1_560' title='bbox 1952 5276 2104 5336; x_wconf 71' lang='grc' dir='ltr'><strong>αὐτὸς</strong></span> 
     </span>
    </p>
   </div>
   <div class='ocr_carea' id='block_1_72' title="bbox 514 5359 2102 5434">
    <p class='ocr_par' dir='ltr' id='par_1_72' title="bbox 514 5359 2102 5434">
     <span class='ocr_line' id='line_1_72' title="bbox 514 5359 2102 5434; baseline 0.002 -17"><span class='ocrx_word' id='word_1_561' title='bbox 514 5361 569 5417; x_wconf 81' lang='grc' dir='ltr'><strong>δὲ</strong></span> <span class='ocrx_word' id='word_1_562' title='bbox 607 5359 927 5432; x_wconf 50' lang='lat' dir='ltr'><strong>extrusae...</strong></span> <span class='ocrx_word' id='word_1_563' title='bbox 962 5359 1228 5434; x_wconf 69' lang='grc' dir='ltr'><strong>ἀφορισμῷ</strong></span> <span class='ocrx_word' id='word_1_564' title='bbox 1260 5375 1275 5413; x_wconf 86' lang='lat'><strong>:</strong></span> <span class='ocrx_word' id='word_1_565' title='bbox 1307 5359 1651 5429; x_wconf 82' lang='lat' dir='ltr'><strong>Episcopatus</strong></span> <span class='ocrx_word' id='word_1_566' title='bbox 1695 5366 1831 5417; x_wconf 72' lang='lat' dir='ltr'><strong>attint</strong></span> <span class='ocrx_word' id='word_1_567' title='bbox 1877 5364 2102 5420; x_wconf 80' lang='lat' dir='ltr'><strong>Ittcrcdes</strong></span> 
     </span>
    </p>
   </div>
   <div class='ocr_carea' id='block_1_73' title="bbox 515 5451 2099 5525">
    <p class='ocr_par' dir='ltr' id='par_1_73' title="bbox 515 5451 2099 5525">
     <span class='ocr_line' id='line_1_73' title="bbox 515 5451 2099 5525; baseline 0.003 -18"><span class='ocrx_word' id='word_1_568' title='bbox 515 5461 686 5525; x_wconf 80' lang='lat' dir='ltr'><strong>facere</strong></span> <span class='ocrx_word' id='word_1_569' title='bbox 703 5456 905 5524; x_wconf 72' lang='lat' dir='ltr'><strong>justum</strong></span> <span class='ocrx_word' id='word_1_570' title='bbox 925 5468 1028 5505; x_wconf 76' lang='lat' dir='ltr'><strong>non</strong></span> <span class='ocrx_word' id='word_1_571' title='bbox 1047 5462 1144 5520; x_wconf 86' lang='lat' dir='ltr'><strong>est,</strong></span> <span class='ocrx_word' id='word_1_572' title='bbox 1176 5468 1234 5506; x_wconf 85' lang='lat' dir='ltr'><strong>ea</strong></span> <span class='ocrx_word' id='word_1_573' title='bbox 1262 5451 1492 5523; x_wconf 28' lang='lat' dir='ltr'><strong>quw’Dei</strong></span> <span class='ocrx_word' id='word_1_574' title='bbox 1516 5466 1631 5508; x_wconf 87' lang='lat' dir='ltr'><strong>sunt</strong></span> <span class='ocrx_word' id='word_1_575' title='bbox 1660 5456 1883 5510; x_wconf 81' lang='lat' dir='ltr'><strong>humano</strong></span> <span class='ocrx_word' id='word_1_576' title='bbox 1912 5458 2099 5523; x_wconf 79' lang='lat' dir='ltr'><strong>allectu</strong></span> 
     </span>
    </p>
   </div>
   <div class='ocr_carea' id='block_1_74' title="bbox 512 5545 2099 5612">
    <p class='ocr_par' dir='ltr' id='par_1_74' title="bbox 512 5545 2099 5612">
     <span class='ocr_line' id='line_1_74' title="bbox 512 5545 2099 5612; baseline 0.003 -13"><span class='ocrx_word' id='word_1_577' title='bbox 512 5547 810 5612; x_wconf 61' lang='lat' dir='ltr'><strong>largis-utens</strong></span> <span class='ocrx_word' id='word_1_578' title='bbox 835 5563 849 5599; x_wconf 87' lang='lat'><strong>:</strong></span> <span class='ocrx_word' id='word_1_579' title='bbox 874 5561 975 5599; x_wconf 83' lang='lat' dir='ltr'><strong>non</strong></span> <span class='ocrx_word' id='word_1_580' title='bbox 1014 5546 1148 5598; x_wconf 86' lang='lat' dir='ltr'><strong>enim</strong></span> <span class='ocrx_word' id='word_1_581' title='bbox 1186 5546 1303 5599; x_wconf 85' lang='lat' dir='ltr'><strong>licet</strong></span> <span class='ocrx_word' id='word_1_582' title='bbox 1343 5545 1623 5601; x_wconf 74' lang='lat' dir='ltr'><strong>Ecclesium</strong></span> <span class='ocrx_word' id='word_1_583' title='bbox 1663 5546 1760 5602; x_wconf 88' lang='lat' dir='ltr'><strong>Dei</strong></span> <span class='ocrx_word' id='word_1_584' title='bbox 1794 5550 1847 5602; x_wconf 86' lang='lat' dir='ltr'><strong>in</strong></span> <span class='ocrx_word' id='word_1_585' title='bbox 1875 5551 2099 5605; x_wconf 76' lang='lat' dir='ltr'><strong>Iurredes</strong></span> 
     </span>
    </p>
   </div>
   <div class='ocr_carea' id='block_1_75' title="bbox 511 5626 2098 5707">
    <p class='ocr_par' dir='ltr' id='par_1_75' title="bbox 511 5626 2098 5707">
     <span class='ocr_line' id='line_1_75' title="bbox 511 5626 2098 5707; baseline 0.004 -19"><span class='ocrx_word' id='word_1_586' title='bbox 511 5626 761 5703; x_wconf 65' lang='lat' dir='ltr'><strong>conferre.</strong></span> <span class='ocrx_word' id='word_1_587' title='bbox 786 5637 846 5691; x_wconf 91' lang='lat' dir='ltr'><strong>Si</strong></span> <span class='ocrx_word' id='word_1_588' title='bbox 868 5638 979 5703; x_wconf 84' lang='lat' dir='ltr'><strong>quis</strong></span> <span class='ocrx_word' id='word_1_589' title='bbox 1004 5648 1170 5690; x_wconf 79' lang='lat' dir='ltr'><strong>autem</strong></span> <span class='ocrx_word' id='word_1_590' title='bbox 1190 5637 1287 5689; x_wconf 85' lang='lat' dir='ltr'><strong>hoc</strong></span> <span class='ocrx_word' id='word_1_591' title='bbox 1308 5638 1505 5705; x_wconf 68' lang='lat' dir='ltr'><strong>fecerit,</strong></span> <span class='ocrx_word' id='word_1_592' title='bbox 1529 5640 1679 5692; x_wconf 87' lang='lat' dir='ltr'><strong>irrita</strong></span> <span class='ocrx_word' id='word_1_593' title='bbox 1699 5641 1899 5707; x_wconf 84' lang='lat' dir='ltr'><strong>quidem</strong></span> <span class='ocrx_word' id='word_1_594' title='bbox 1922 5643 2098 5696; x_wconf 82' lang='lat' dir='ltr'><strong>electio</strong></span> 
     </span>
    </p>
   </div>
   <div class='ocr_carea' id='block_1_76' title="bbox 513 5728 2097 5799">
    <p class='ocr_par' dir='ltr' id='par_1_76' title="bbox 513 5728 2097 5799">
     <span class='ocr_line' id='line_1_76' title="bbox 513 5728 2097 5799; baseline 0.007 -22"><span class='ocrx_word' id='word_1_595' title='bbox 513 5734 753 5791; x_wconf 70' lang='lat' dir='ltr'><strong>mantat,</strong></span> <span class='ocrx_word' id='word_1_596' title='bbox 815 5728 921 5793; x_wconf 78' lang='lat' dir='ltr'><strong>ipse</strong></span> <span class='ocrx_word' id='word_1_597' title='bbox 982 5737 1151 5781; x_wconf 73' lang='lat' dir='ltr'><strong>autem</strong></span> <span class='ocrx_word' id='word_1_598' title='bbox 1197 5731 1538 5799; x_wconf 65' lang='lat' dir='ltr'><strong>segregatione</strong></span> <span class='ocrx_word' id='word_1_599' title='bbox 1588 5731 1850 5784; x_wconf 73' lang='lat' dir='ltr'><strong>multetur.</strong></span> <span class='ocrx_word' id='word_1_600' title='bbox 1903 5735 1991 5788; x_wconf 83' lang='lat' dir='ltr'><strong>Sic</strong></span> <span class='ocrx_word' id='word_1_601' title='bbox 2042 5744 2097 5788; x_wconf 88' lang='lat' dir='ltr'><strong>et</strong></span> 
     </span>
    </p>
   </div>
   <div class='ocr_carea' id='block_1_77' title="bbox 2213 1892 3796 1962">
    <p class='ocr_par' dir='ltr' id='par_1_77' title="bbox 2213 1892 3796 1962">
     <span class='ocr_line' id='line_1_77' title="bbox 2213 1892 3796 1962; baseline 0 -16"><span class='ocrx_word' id='word_1_602' title='bbox 2213 1892 2293 1946; x_wconf 88' lang='lat' dir='ltr'><strong>vis</strong></span> <span class='ocrx_word' id='word_1_603' title='bbox 2323 1892 2445 1946; x_wconf 86' lang='lat' dir='ltr'><strong>mali</strong></span> <span class='ocrx_word' id='word_1_604' title='bbox 2476 1892 2714 1962; x_wconf 90' lang='lat' dir='ltr'><strong>episcopi</strong></span> <span class='ocrx_word' id='word_1_605' title='bbox 2743 1900 2964 1960; x_wconf 91' lang='lat' dir='ltr'><strong>possent</strong></span> <span class='ocrx_word' id='word_1_606' title='bbox 2993 1893 3092 1947; x_wconf 87' lang='lat' dir='ltr'><strong>hac</strong></span> <span class='ocrx_word' id='word_1_607' title='bbox 3123 1901 3387 1961; x_wconf 84' lang='lat' dir='ltr'><strong>potestate</strong></span> <span class='ocrx_word' id='word_1_608' title='bbox 3422 1894 3599 1958; x_wconf 86' lang='lat' dir='ltr'><strong>abuti,</strong></span> <span class='ocrx_word' id='word_1_609' title='bbox 3639 1894 3796 1949; x_wconf 87' lang='lat' dir='ltr'><strong>bonos</strong></span> 
     </span>
    </p>
   </div>
   <div class='ocr_carea' id='block_1_78' title="bbox 2214 1981 3795 2052">
    <p class='ocr_par' dir='ltr' id='par_1_78' title="bbox 2214 1981 3795 2052">
     <span class='ocr_line' id='line_1_78' title="bbox 2214 1981 3795 2052; baseline 0.001 -16"><span class='ocrx_word' id='word_1_610' title='bbox 2214 1993 2357 2039; x_wconf 88' lang='lat' dir='ltr'><strong>recte</strong></span> <span class='ocrx_word' id='word_1_611' title='bbox 2379 1998 2439 2039; x_wconf 86' lang='lat' dir='ltr'><strong>ea</strong></span> <span class='ocrx_word' id='word_1_612' title='bbox 2463 1998 2611 2037; x_wconf 92' lang='lat' dir='ltr'><strong>usos.</strong></span> <span class='ocrx_word' id='word_1_613' title='bbox 2628 1981 2732 2037; x_wconf 89' lang='lat' dir='ltr'><strong>Sed</strong></span> <span class='ocrx_word' id='word_1_614' title='bbox 2756 1982 2934 2037; x_wconf 89' lang='lat' dir='ltr'><strong>omnia</strong></span> <span class='ocrx_word' id='word_1_615' title='bbox 2960 1983 3048 2038; x_wconf 88' lang='lat' dir='ltr'><strong>illa</strong></span> <span class='ocrx_word' id='word_1_616' title='bbox 3064 1993 3188 2037; x_wconf 92' lang='lat' dir='ltr'><strong>sunt</strong></span> <span class='ocrx_word' id='word_1_617' title='bbox 3206 1983 3360 2052; x_wconf 86' lang='lat' dir='ltr'><strong>plena</strong></span> <span class='ocrx_word' id='word_1_618' title='bbox 3378 1984 3795 2052; x_wconf 67' lang='lat' dir='ltr'><strong>suspicionibus,</strong></span> 
     </span>
    </p>
   </div>
   <div class='ocr_carea' id='block_1_79' title="bbox 2215 2074 3798 2146">
    <p class='ocr_par' dir='ltr' id='par_1_79' title="bbox 2215 2074 3798 2146">
     <span class='ocr_line' id='line_1_79' title="bbox 2215 2074 3798 2146; baseline 0 -16"><span class='ocrx_word' id='word_1_619' title='bbox 2215 2090 2313 2130; x_wconf 89' lang='lat' dir='ltr'><strong>nec</strong></span> <span class='ocrx_word' id='word_1_620' title='bbox 2340 2076 2574 2146; x_wconf 75' lang='lat' dir='ltr'><strong>putarim</strong></span> <span class='ocrx_word' id='word_1_621' title='bbox 2602 2075 2760 2131; x_wconf 91' lang='lat' dir='ltr'><strong>Afros</strong></span> <span class='ocrx_word' id='word_1_622' title='bbox 2789 2074 3043 2130; x_wconf 87' lang='lat' dir='ltr'><strong>meliores</strong></span> <span class='ocrx_word' id='word_1_623' title='bbox 3075 2074 3239 2131; x_wconf 81' lang='lat' dir='ltr'><strong>fuisse</strong></span> <span class='ocrx_word' id='word_1_624' title='bbox 3270 2075 3504 2138; x_wconf 71' lang='lat' dir='ltr'><strong>Grtecis,</strong></span> <span class='ocrx_word' id='word_1_625' title='bbox 3536 2077 3631 2144; x_wconf 90' lang='lat' dir='ltr'><strong>qui</strong></span> <span class='ocrx_word' id='word_1_626' title='bbox 3668 2077 3798 2144; x_wconf 79' lang='lat' dir='ltr'><strong>peri-</strong></span> 
     </span>
    </p>
   </div>
   <div class='ocr_carea' id='block_1_80' title="bbox 2214 2167 3798 2237">
    <p class='ocr_par' dir='ltr' id='par_1_80' title="bbox 2214 2167 3798 2237">
     <span class='ocr_line' id='line_1_80' title="bbox 2214 2167 3798 2237; baseline -0.002 -14"><span class='ocrx_word' id='word_1_627' title='bbox 2214 2168 2455 2223; x_wconf 90' lang='lat' dir='ltr'><strong>culosum</strong></span> <span class='ocrx_word' id='word_1_628' title='bbox 2488 2167 2744 2237; x_wconf 88' lang='lat' dir='ltr'><strong>putabant</strong></span> <span class='ocrx_word' id='word_1_629' title='bbox 2772 2167 2898 2221; x_wconf 89' lang='lat' dir='ltr'><strong>talia</strong></span> <span class='ocrx_word' id='word_1_630' title='bbox 2921 2168 3292 2237; x_wconf 86' lang='lat' dir='ltr'><strong>episcoporum</strong></span> <span class='ocrx_word' id='word_1_631' title='bbox 3318 2167 3544 2222; x_wconf 87' lang='lat' dir='ltr'><strong>arbitrio</strong></span> <span class='ocrx_word' id='word_1_632' title='bbox 3587 2170 3798 2236; x_wconf 87' lang='lat' dir='ltr'><strong>permit-</strong></span> 
     </span>
    </p>
   </div>
   <div class='ocr_carea' id='block_1_81' title="bbox 2215 2260 3798 2331">
    <p class='ocr_par' dir='ltr' id='par_1_81' title="bbox 2215 2260 3798 2331">
     <span class='ocr_line' id='line_1_81' title="bbox 2215 2260 3798 2331; baseline -0.001 -17"><span class='ocrx_word' id='word_1_633' title='bbox 2215 2272 2351 2316; x_wconf 87' lang='lat' dir='ltr'><strong>tere.</strong></span> <span class='ocrx_word' id='word_1_634' title='bbox 2368 2262 2503 2315; x_wconf 79' lang='lat' dir='ltr'><strong>Vide</strong></span> <span class='ocrx_word' id='word_1_635' title='bbox 2524 2260 2592 2316; x_wconf 89' lang='lat' dir='ltr'><strong>de</strong></span> <span class='ocrx_word' id='word_1_636' title='bbox 2613 2261 2876 2331; x_wconf 87' lang='lat' dir='ltr'><strong>ejusmodi</strong></span> <span class='ocrx_word' id='word_1_637' title='bbox 2905 2262 3169 2317; x_wconf 89' lang='lat' dir='ltr'><strong>electione</strong></span> <span class='ocrx_word' id='word_1_638' title='bbox 3194 2260 3453 2330; x_wconf 83' lang='lat' dir='ltr'><strong>judicium</strong></span> <span class='ocrx_word' id='word_1_639' title='bbox 3475 2261 3798 2317; x_wconf 83' lang='lat' dir='ltr'><strong>Theodoreti</strong></span> 
     </span>
    </p>
   </div>
   <div class='ocr_carea' id='block_1_82' title="bbox 2214 2351 3180 2421">
    <p class='ocr_par' dir='ltr' id='par_1_82' title="bbox 2214 2351 3180 2421">
     <span class='ocr_line' id='line_1_82' title="bbox 2214 2351 3180 2421; baseline 0.002 -16"><span class='ocrx_word' id='word_1_640' title='bbox 2214 2351 2349 2405; x_wconf 82' lang='lat' dir='ltr'><strong>Hist.</strong></span> <span class='ocrx_word' id='word_1_641' title='bbox 2384 2351 2698 2406; x_wconf 87' lang='lat' dir='ltr'><strong>Ecclesiast.</strong></span> <span class='ocrx_word' id='word_1_642' title='bbox 2733 2352 2827 2407; x_wconf 91' lang='lat' dir='ltr'><strong>lib.</strong></span> <span class='ocrx_word' id='word_1_643' title='bbox 2855 2366 2909 2417; x_wconf 79' lang='grc' dir='ltr'>ν,</span> <span class='ocrx_word' id='word_1_644' title='bbox 2940 2367 3059 2421; x_wconf 86' lang='lat' dir='ltr'><strong>cap.</strong></span> <span class='ocrx_word' id='word_1_645' title='bbox 3088 2352 3180 2407; x_wconf 70' lang='grc'><strong>25.</strong></span> 
     </span>
    </p>
   </div>
   <div class='ocr_carea' id='block_1_83' title="bbox 2284 2441 3799 2513">
    <p class='ocr_par' dir='ltr' id='par_1_83' title="bbox 2284 2441 3799 2513">
     <span class='ocr_line' id='line_1_83' title="bbox 2284 2441 3799 2513; baseline 0.001 -18"><span class='ocrx_word' id='word_1_646' title='bbox 2284 2441 2443 2506; x_wconf 85' lang='lat' dir='ltr'><strong>lbid.,</strong></span> <span class='ocrx_word' id='word_1_647' title='bbox 2476 2441 2503 2511; x_wconf 85' lang='lat'>§</span> <span class='ocrx_word' id='word_1_648' title='bbox 2532 2443 2587 2496; x_wconf 72' lang='grc'><strong>4.</strong></span> <span class='ocrx_word' id='word_1_649' title='bbox 2616 2442 2798 2495; x_wconf 79' lang='lat' dir='ltr'><strong>Adhuc</strong></span> <span class='ocrx_word' id='word_1_650' title='bbox 2827 2445 2881 2495; x_wconf 86' lang='lat' dir='ltr'><strong>in</strong></span> <span class='ocrx_word' id='word_1_651' title='bbox 2919 2457 3128 2513; x_wconf 89' lang='lat' dir='ltr'><strong>corpore</strong></span> <span class='ocrx_word' id='word_1_652' title='bbox 3166 2443 3331 2511; x_wconf 85' lang='lat' dir='ltr'><strong>posito</strong></span> <span class='ocrx_word' id='word_1_653' title='bbox 3362 2443 3520 2496; x_wconf 74' lang='lat' dir='ltr'><strong>beata:</strong></span> <span class='ocrx_word' id='word_1_654' title='bbox 3547 2443 3799 2496; x_wconf 73' lang='lat' dir='ltr'><strong>memoria</strong></span> 
     </span>
    </p>
   </div>
   <div class='ocr_carea' id='block_1_84' title="bbox 2212 2531 3799 2602">
    <p class='ocr_par' dir='ltr' id='par_1_84' title="bbox 2212 2531 3799 2602">
     <span class='ocr_line' id='line_1_84' title="bbox 2212 2531 3799 2602; baseline 0.003 -20"><span class='ocrx_word' id='word_1_655' title='bbox 2212 2539 2356 2601; x_wconf 81' lang='lat' dir='ltr'><strong>patre</strong></span> <span class='ocrx_word' id='word_1_656' title='bbox 2382 2540 2427 2584; x_wconf 86' lang='lat' dir='ltr'><strong>et</strong></span> <span class='ocrx_word' id='word_1_657' title='bbox 2458 2534 2690 2602; x_wconf 79' lang='lat' dir='ltr'><strong>episwpo</strong></span> <span class='ocrx_word' id='word_1_658' title='bbox 2714 2549 2827 2586; x_wconf 86' lang='lat' dir='ltr'><strong>meo</strong></span> <span class='ocrx_word' id='word_1_659' title='bbox 2847 2548 2965 2587; x_wconf 82' lang='lat' dir='ltr'><strong>sene</strong></span> <span class='ocrx_word' id='word_1_660' title='bbox 2993 2531 3218 2599; x_wconf 87' lang='lat' dir='ltr'><strong>Valerio,</strong></span> <span class='ocrx_word' id='word_1_661' title='bbox 3241 2534 3508 2602; x_wconf 81' lang='lat' dir='ltr'><strong>episcOpus</strong></span> <span class='ocrx_word' id='word_1_662' title='bbox 3532 2534 3799 2588; x_wconf 66' lang='lat' dir='ltr'><strong>ordinatus</strong></span> 
     </span>
    </p>
   </div>
   <div class='ocr_carea' id='block_1_85' title="bbox 2213 2621 3799 2692">
    <p class='ocr_par' dir='ltr' id='par_1_85' title="bbox 2213 2621 3799 2692">
     <span class='ocr_line' id='line_1_85' title="bbox 2213 2621 3799 2692; baseline -0.001 -18"><span class='ocrx_word' id='word_1_663' title='bbox 2213 2637 2346 2690; x_wconf 86' lang='lat' dir='ltr'><strong>sum,</strong></span> <span class='ocrx_word' id='word_1_664' title='bbox 2390 2632 2436 2675; x_wconf 86' lang='lat' dir='ltr'><strong>et</strong></span> <span class='ocrx_word' id='word_1_665' title='bbox 2475 2622 2582 2675; x_wconf 82' lang='lat' dir='ltr'><strong>sedi</strong></span> <span class='ocrx_word' id='word_1_666' title='bbox 2610 2638 2726 2675; x_wconf 87' lang='lat' dir='ltr'><strong>cum</strong></span> <span class='ocrx_word' id='word_1_667' title='bbox 2755 2621 2881 2688; x_wconf 88' lang='lat' dir='ltr'><strong>illo;</strong></span> <span class='ocrx_word' id='word_1_668' title='bbox 2910 2624 3047 2692; x_wconf 89' lang='lat' dir='ltr'><strong>quod</strong></span> <span class='ocrx_word' id='word_1_669' title='bbox 3077 2624 3293 2677; x_wconf 85' lang='lat' dir='ltr'><strong>concilio</strong></span> <span class='ocrx_word' id='word_1_670' title='bbox 3331 2622 3547 2677; x_wconf 74' lang='lat' dir='ltr'><strong>[Vica-no</strong></span> <span class='ocrx_word' id='word_1_671' title='bbox 3579 2624 3799 2692; x_wconf 75' lang='lat' dir='ltr'><strong>prohibi-</strong></span> 
     </span>
    </p>
   </div>
   <div class='ocr_carea' id='block_1_86' title="bbox 2214 2712 3801 2786">
    <p class='ocr_par' dir='ltr' id='par_1_86' title="bbox 2214 2712 3801 2786">
     <span class='ocr_line' id='line_1_86' title="bbox 2214 2712 3801 2786; baseline 0.001 -21"><span class='ocrx_word' id='word_1_672' title='bbox 2214 2721 2320 2765; x_wconf 86' lang='lat' dir='ltr'><strong>tum</strong></span> <span class='ocrx_word' id='word_1_673' title='bbox 2354 2713 2510 2784; x_wconf 76' lang='lat' dir='ltr'><strong>fuisse</strong></span> <span class='ocrx_word' id='word_1_674' title='bbox 2553 2714 2849 2779; x_wconf 75' lang='lat' dir='ltr'><strong>nesciebam,</strong></span> <span class='ocrx_word' id='word_1_675' title='bbox 2896 2729 2986 2767; x_wconf 86' lang='lat' dir='ltr'><strong>nec</strong></span> <span class='ocrx_word' id='word_1_676' title='bbox 3022 2716 3131 2783; x_wconf 83' lang='lat' dir='ltr'><strong>ipse</strong></span> <span class='ocrx_word' id='word_1_677' title='bbox 3174 2712 3406 2786; x_wconf 75' lang='lat' dir='ltr'><strong>sciebat.]</strong></span> <span class='ocrx_word' id='word_1_678' title='bbox 3439 2713 3535 2769; x_wconf 85' lang='lat' dir='ltr'><strong>Est</strong></span> <span class='ocrx_word' id='word_1_679' title='bbox 3558 2729 3742 2769; x_wconf 87' lang='lat' dir='ltr'><strong>canon</strong></span> <span class='ocrx_word' id='word_1_680' title='bbox 3774 2715 3801 2767; x_wconf 90' lang='lat'><strong>8</strong></span> 
     </span>
    </p>
   </div>
   <div class='ocr_carea' id='block_1_87' title="bbox 2215 2803 3801 2874">
    <p class='ocr_par' dir='ltr' id='par_1_87' title="bbox 2215 2803 3801 2874">
     <span class='ocr_line' id='line_1_87' title="bbox 2215 2803 3801 2874; baseline 0.001 -17"><span class='ocrx_word' id='word_1_681' title='bbox 2215 2803 2442 2858; x_wconf 68' lang='lat' dir='ltr'><strong>Nicaeum</strong></span> <span class='ocrx_word' id='word_1_682' title='bbox 2482 2805 2691 2874; x_wconf 85' lang='lat' dir='ltr'><strong>synodi,</strong></span> <span class='ocrx_word' id='word_1_683' title='bbox 2732 2803 2825 2859; x_wconf 93' lang='lat' dir='ltr'><strong>ubi</strong></span> <span class='ocrx_word' id='word_1_684' title='bbox 2866 2814 3114 2860; x_wconf 87' lang='lat' dir='ltr'><strong>vetantur</strong></span> <span class='ocrx_word' id='word_1_685' title='bbox 3143 2819 3263 2861; x_wconf 87' lang='lat' dir='ltr'><strong>esse</strong></span> <span class='ocrx_word' id='word_1_686' title='bbox 3301 2806 3352 2858; x_wconf 92' lang='lat' dir='ltr'><strong>in</strong></span> <span class='ocrx_word' id='word_1_687' title='bbox 3396 2821 3499 2859; x_wconf 82' lang='lat' dir='ltr'><strong>una</strong></span> <span class='ocrx_word' id='word_1_688' title='bbox 3536 2805 3677 2861; x_wconf 88' lang='lat' dir='ltr'><strong>urbe</strong></span> <span class='ocrx_word' id='word_1_689' title='bbox 3706 2806 3801 2860; x_wconf 86' lang='lat' dir='ltr'><strong>duo</strong></span> 
     </span>
    </p>
   </div>
   <div class='ocr_carea' id='block_1_88' title="bbox 2215 2896 3803 2966">
    <p class='ocr_par' dir='ltr' id='par_1_88' title="bbox 2215 2896 3803 2966">
     <span class='ocr_line' id='line_1_88' title="bbox 2215 2896 3803 2966; baseline 0 -14"><span class='ocrx_word' id='word_1_690' title='bbox 2215 2896 2473 2965; x_wconf 88' lang='lat' dir='ltr'><strong>episcopi.</strong></span> <span class='ocrx_word' id='word_1_691' title='bbox 2494 2896 2571 2950; x_wconf 91' lang='lat' dir='ltr'><strong>Ad</strong></span> <span class='ocrx_word' id='word_1_692' title='bbox 2594 2909 2751 2966; x_wconf 89' lang='lat' dir='ltr'><strong>quem</strong></span> <span class='ocrx_word' id='word_1_693' title='bbox 2772 2897 2947 2953; x_wconf 90' lang='lat' dir='ltr'><strong>locum</strong></span> <span class='ocrx_word' id='word_1_694' title='bbox 2968 2898 3086 2953; x_wconf 91' lang='lat' dir='ltr'><strong>vide</strong></span> <span class='ocrx_word' id='word_1_695' title='bbox 3105 2898 3477 2954; x_wconf 86' lang='lat' dir='ltr'><strong>adnotationes</strong></span> <span class='ocrx_word' id='word_1_696' title='bbox 3494 2899 3803 2955; x_wconf 54' lang='lat' dir='ltr'><strong>viridocti-g-</strong></span> 
     </span>
    </p>
   </div>
   <div class='ocr_carea' id='block_1_89' title="bbox 2216 2986 3802 3061">
    <p class='ocr_par' dir='ltr' id='par_1_89' title="bbox 2216 2986 3802 3061">
     <span class='ocr_line' id='line_1_89' title="bbox 2216 2986 3802 3061; baseline 0.001 -21"><span class='ocrx_word' id='word_1_697' title='bbox 2216 2987 2336 3040; x_wconf 89' lang='lat' dir='ltr'><strong>simi</strong></span> <span class='ocrx_word' id='word_1_698' title='bbox 2364 2986 2635 3042; x_wconf 85' lang='lat' dir='ltr'><strong>Gnilielmi</strong></span> <span class='ocrx_word' id='word_1_699' title='bbox 2660 2988 2956 3059; x_wconf 82' lang='lat' dir='ltr'><strong>Beveregii.</strong></span> <span class='ocrx_word' id='word_1_700' title='bbox 2996 2989 3110 3043; x_wconf 85' lang='lat' dir='ltr'><strong>Non</strong></span> <span class='ocrx_word' id='word_1_701' title='bbox 3142 2989 3378 3059; x_wconf 87' lang='lat' dir='ltr'><strong>intelligo</strong></span> <span class='ocrx_word' id='word_1_702' title='bbox 3411 2988 3501 3058; x_wconf 87' lang='lat' dir='ltr'><strong>qui</strong></span> <span class='ocrx_word' id='word_1_703' title='bbox 3533 3005 3669 3045; x_wconf 87' lang='lat' dir='ltr'><strong>usus</strong></span> <span class='ocrx_word' id='word_1_704' title='bbox 3699 2991 3802 3061; x_wconf 86' lang='lat' dir='ltr'><strong>ipse</strong></span> 
     </span>
    </p>
   </div>
   <div class='ocr_carea' id='block_1_90' title="bbox 2218 3078 3802 3153">
    <p class='ocr_par' dir='ltr' id='par_1_90' title="bbox 2218 3078 3802 3153">
     <span class='ocr_line' id='line_1_90' title="bbox 2218 3078 3802 3153; baseline 0.002 -19"><span class='ocrx_word' id='word_1_705' title='bbox 2218 3078 2493 3147; x_wconf 74' lang='lat' dir='ltr'><strong>Ecclesiae,</strong></span> <span class='ocrx_word' id='word_1_706' title='bbox 2519 3095 2583 3136; x_wconf 85' lang='lat' dir='ltr'><strong>ex</strong></span> <span class='ocrx_word' id='word_1_707' title='bbox 2612 3096 2717 3151; x_wconf 88' lang='lat' dir='ltr'><strong>quo</strong></span> <span class='ocrx_word' id='word_1_708' title='bbox 2739 3083 3020 3137; x_wconf 84' lang='lat' dir='ltr'><strong>constabat</strong></span> <span class='ocrx_word' id='word_1_709' title='bbox 3051 3098 3214 3137; x_wconf 91' lang='lat' dir='ltr'><strong>unum</strong></span> <span class='ocrx_word' id='word_1_710' title='bbox 3249 3083 3302 3137; x_wconf 93' lang='lat' dir='ltr'><strong>in</strong></span> <span class='ocrx_word' id='word_1_711' title='bbox 3330 3084 3556 3153; x_wconf 77' lang='lat' dir='ltr'><strong>singulis</strong></span> <span class='ocrx_word' id='word_1_712' title='bbox 3581 3084 3802 3140; x_wconf 84' lang='lat' dir='ltr'><strong>urbibus</strong></span> 
     </span>
    </p>
   </div>
   <div class='ocr_carea' id='block_1_91' title="bbox 2140 3152 3799 3245">
    <p class='ocr_par' dir='ltr' id='par_1_91' title="bbox 2140 3152 3799 3245">
     <span class='ocr_line' id='line_1_91' title="bbox 2140 3152 3799 3245; baseline 0.004 -22"><span class='ocrx_word' id='word_1_713' title='bbox 2140 3152 2186 3216; x_wconf 88' lang='lat' dir='ltr'><strong>C</strong></span> <span class='ocrx_word' id='word_1_714' title='bbox 2216 3170 2520 3238; x_wconf 89' lang='lat' dir='ltr'><strong>episc0pum</strong></span> <span class='ocrx_word' id='word_1_715' title='bbox 2544 3186 2663 3227; x_wconf 91' lang='lat' dir='ltr'><strong>esse</strong></span> <span class='ocrx_word' id='word_1_716' title='bbox 2686 3181 2959 3242; x_wconf 83' lang='lat' dir='ltr'><strong>Oportere,</strong></span> <span class='ocrx_word' id='word_1_717' title='bbox 2977 3189 3082 3229; x_wconf 91' lang='lat' dir='ltr'><strong>non</strong></span> <span class='ocrx_word' id='word_1_718' title='bbox 3108 3175 3377 3230; x_wconf 88' lang='lat' dir='ltr'><strong>monuerit</strong></span> <span class='ocrx_word' id='word_1_719' title='bbox 3403 3152 3799 3245; x_wconf 80' lang='lat' dir='ltr'><strong>llipponensem</strong></span> 
     </span>
    </p>
   </div>
   <div class='ocr_carea' id='block_1_92' title="bbox 2215 3261 3800 3336">
    <p class='ocr_par' dir='ltr' id='par_1_92' title="bbox 2215 3261 3800 3336">
     <span class='ocr_line' id='line_1_92' title="bbox 2215 3261 3800 3336; baseline 0.004 -21"><span class='ocrx_word' id='word_1_720' title='bbox 2215 3261 2317 3316; x_wconf 89' lang='lat' dir='ltr'><strong>hoc</strong></span> <span class='ocrx_word' id='word_1_721' title='bbox 2348 3263 2589 3319; x_wconf 89' lang='lat' dir='ltr'><strong>illicitum</strong></span> <span class='ocrx_word' id='word_1_722' title='bbox 2632 3278 2773 3321; x_wconf 88' lang='lat' dir='ltr'><strong>esse.</strong></span> <span class='ocrx_word' id='word_1_723' title='bbox 2811 3263 2943 3320; x_wconf 78' lang='lat' dir='ltr'><strong>Nam</strong></span> <span class='ocrx_word' id='word_1_724' title='bbox 2987 3266 3033 3321; x_wconf 88' lang='lat' dir='ltr'><strong>si</strong></span> <span class='ocrx_word' id='word_1_725' title='bbox 3070 3268 3328 3336; x_wconf 86' lang='lat' dir='ltr'><strong>collegam</strong></span> <span class='ocrx_word' id='word_1_726' title='bbox 3360 3282 3524 3322; x_wconf 89' lang='lat' dir='ltr'><strong>unum</strong></span> <span class='ocrx_word' id='word_1_727' title='bbox 3566 3267 3682 3323; x_wconf 89' lang='lat' dir='ltr'><strong>sibi</strong></span> <span class='ocrx_word' id='word_1_728' title='bbox 3710 3269 3800 3322; x_wconf 81' lang='lat' dir='ltr'><strong>ad-</strong></span> 
     </span>
    </p>
   </div>
   <div class='ocr_carea' id='block_1_93' title="bbox 2209 3352 3798 3430">
    <p class='ocr_par' dir='ltr' id='par_1_93' title="bbox 2209 3352 3798 3430">
     <span class='ocr_line' id='line_1_93' title="bbox 2209 3352 3798 3430; baseline 0.008 -25"><span class='ocrx_word' id='word_1_729' title='bbox 2209 3352 2433 3422; x_wconf 83' lang='lat' dir='ltr'><strong>jungere</strong></span> <span class='ocrx_word' id='word_1_730' title='bbox 2474 3355 2646 3421; x_wconf 85' lang='lat' dir='ltr'><strong>licuit,</strong></span> <span class='ocrx_word' id='word_1_731' title='bbox 2674 3357 2858 3427; x_wconf 88' lang='lat' dir='ltr'><strong>quidni</strong></span> <span class='ocrx_word' id='word_1_732' title='bbox 2889 3367 2945 3414; x_wconf 92' lang='lat' dir='ltr'><strong>et</strong></span> <span class='ocrx_word' id='word_1_733' title='bbox 2972 3359 3193 3429; x_wconf 83' lang='lat' dir='ltr'><strong>plures?</strong></span> <span class='ocrx_word' id='word_1_734' title='bbox 3222 3360 3390 3424; x_wconf 85' lang='lat' dir='ltr'><strong>Quam</strong></span> <span class='ocrx_word' id='word_1_735' title='bbox 3421 3374 3676 3430; x_wconf 85' lang='lat' dir='ltr'><strong>magnam</strong></span> <span class='ocrx_word' id='word_1_736' title='bbox 3707 3362 3798 3420; x_wconf 70' lang='lat' dir='ltr'><strong>bet</strong></span> 
     </span>
    </p>
   </div>
   <div class='ocr_carea' id='block_1_94' title="bbox 2214 3445 3800 3519">
    <p class='ocr_par' dir='ltr' id='par_1_94' title="bbox 2214 3445 3800 3519">
     <span class='ocr_line' id='line_1_94' title="bbox 2214 3445 3800 3519; baseline 0.008 -24"><span class='ocrx_word' id='word_1_737' title='bbox 2214 3445 2426 3513; x_wconf 87' lang='lat' dir='ltr'><strong>aperuit</strong></span> <span class='ocrx_word' id='word_1_738' title='bbox 2453 3445 2742 3501; x_wconf 78' lang='lat' dir='ltr'><strong>fenestram</strong></span> <span class='ocrx_word' id='word_1_739' title='bbox 2772 3448 3097 3503; x_wconf 84' lang='lat' dir='ltr'><strong>adversariis</strong></span> <span class='ocrx_word' id='word_1_740' title='bbox 3126 3450 3431 3519; x_wconf 84' lang='lat' dir='ltr'><strong>Augustini,</strong></span> <span class='ocrx_word' id='word_1_741' title='bbox 3461 3450 3678 3507; x_wconf 89' lang='lat' dir='ltr'><strong>dicendi</strong></span> <span class='ocrx_word' id='word_1_742' title='bbox 3700 3451 3800 3507; x_wconf 56' lang='lat' dir='ltr'><strong>hoc</strong></span> 
     </span>
    </p>
   </div>
   <div class='ocr_carea' id='block_1_95' title="bbox 2216 3536 3429 3607">
    <p class='ocr_par' dir='ltr' id='par_1_95' title="bbox 2216 3536 3429 3607">
     <span class='ocr_line' id='line_1_95' title="bbox 2216 3536 3429 3607; baseline 0.006 -18"><span class='ocrx_word' id='word_1_743' title='bbox 2216 3536 2413 3590; x_wconf 89' lang='lat' dir='ltr'><strong>minem</strong></span> <span class='ocrx_word' id='word_1_744' title='bbox 2442 3552 2587 3607; x_wconf 84' lang='lat' dir='ltr'><strong>saepe</strong></span> <span class='ocrx_word' id='word_1_745' title='bbox 2614 3538 2667 3593; x_wconf 91' lang='lat' dir='ltr'><strong>in</strong></span> <span class='ocrx_word' id='word_1_746' title='bbox 2693 3538 2974 3595; x_wconf 89' lang='lat' dir='ltr'><strong>utilitatem</strong></span> <span class='ocrx_word' id='word_1_747' title='bbox 3006 3556 3158 3595; x_wconf 89' lang='lat' dir='ltr'><strong>suam</strong></span> <span class='ocrx_word' id='word_1_748' title='bbox 3187 3543 3429 3597; x_wconf 79' lang='lat' dir='ltr'><strong>errasse?</strong></span> 
     </span>
    </p>
   </div>
   <div class='ocr_carea' id='block_1_96' title="bbox 2288 3628 3798 3704">
    <p class='ocr_par' dir='ltr' id='par_1_96' title="bbox 2288 3628 3798 3704">
     <span class='ocr_line' id='line_1_96' title="bbox 2288 3628 3798 3704; baseline 0.004 -23"><span class='ocrx_word' id='word_1_749' title='bbox 2288 3628 2456 3696; x_wconf 89' lang='lat' dir='ltr'><strong>Epist.</strong></span> <span class='ocrx_word' id='word_1_750' title='bbox 2480 3630 2605 3694; x_wconf 75' lang='lat'><strong>217,</strong></span> <span class='ocrx_word' id='word_1_751' title='bbox 2630 3644 2749 3700; x_wconf 74' lang='lat' dir='ltr'><strong>quae</strong></span> <span class='ocrx_word' id='word_1_752' title='bbox 2770 3640 2851 3687; x_wconf 88' lang='lat' dir='ltr'><strong>est</strong></span> <span class='ocrx_word' id='word_1_753' title='bbox 2873 3639 3058 3687; x_wconf 87' lang='lat' dir='ltr'><strong>contra</strong></span> <span class='ocrx_word' id='word_1_754' title='bbox 3080 3632 3304 3687; x_wconf 81' lang='lat' dir='ltr'><strong>Vitalem</strong></span> <span class='ocrx_word' id='word_1_755' title='bbox 3326 3633 3688 3703; x_wconf 81' lang='lat' dir='ltr'><strong>Pelagianam,</strong></span> <span class='ocrx_word' id='word_1_756' title='bbox 3717 3651 3798 3704; x_wconf 83' lang='lat' dir='ltr'><strong>qut</strong></span> 
     </span>
    </p>
   </div>
   <div class='ocr_carea' id='block_1_97' title="bbox 2214 3719 3801 3793">
    <p class='ocr_par' dir='ltr' id='par_1_97' title="bbox 2214 3719 3801 3793">
     <span class='ocr_line' id='line_1_97' title="bbox 2214 3719 3801 3793; baseline 0.006 -22"><span class='ocrx_word' id='word_1_757' title='bbox 2214 3719 2576 3774; x_wconf 88' lang='lat' dir='ltr'><strong>contendebat</strong></span> <span class='ocrx_word' id='word_1_758' title='bbox 2604 3722 2770 3776; x_wconf 89' lang='lat' dir='ltr'><strong>Deum</strong></span> <span class='ocrx_word' id='word_1_759' title='bbox 2802 3738 2898 3792; x_wconf 90' lang='lat' dir='ltr'><strong>per</strong></span> <span class='ocrx_word' id='word_1_760' title='bbox 2924 3723 3146 3778; x_wconf 85' lang='lat' dir='ltr'><strong>verbum</strong></span> <span class='ocrx_word' id='word_1_761' title='bbox 3174 3739 3329 3779; x_wconf 89' lang='lat' dir='ltr'><strong>suum</strong></span> <span class='ocrx_word' id='word_1_762' title='bbox 3358 3725 3575 3793; x_wconf 81' lang='lat' dir='ltr'><strong>operari</strong></span> <span class='ocrx_word' id='word_1_763' title='bbox 3599 3735 3655 3781; x_wconf 88' lang='lat' dir='ltr'><strong>ut</strong></span> <span class='ocrx_word' id='word_1_764' title='bbox 3680 3728 3801 3782; x_wconf 79' lang='lat' dir='ltr'><strong>veli-</strong></span> 
     </span>
    </p>
   </div>
   <div class='ocr_carea' id='block_1_98' title="bbox 2213 3804 3747 3884">
    <p class='ocr_par' dir='ltr' id='par_1_98' title="bbox 2213 3804 3747 3884">
     <span class='ocr_line' id='line_1_98' title="bbox 2213 3804 3747 3884; baseline 0.007 -22"><span class='ocrx_word' id='word_1_765' title='bbox 2213 3823 2351 3864; x_wconf 88' lang='lat' dir='ltr'><strong>mus.</strong></span> <span class='ocrx_word' id='word_1_766' title='bbox 2377 3810 2476 3879; x_wconf 71' lang='lat'><strong>§2.</strong></span> <span class='ocrx_word' id='word_1_767' title='bbox 2508 3811 2603 3865; x_wconf 88' lang='lat' dir='ltr'><strong>Dic</strong></span> <span class='ocrx_word' id='word_1_768' title='bbox 2628 3828 2768 3884; x_wconf 81' lang='lat' dir='ltr'><strong>ergo,</strong></span> <span class='ocrx_word' id='word_1_769' title='bbox 2801 3804 3339 3884; x_wconf 86' lang='lat' dir='ltr'><strong>inquitAugustinus,</strong></span> <span class='ocrx_word' id='word_1_770' title='bbox 3364 3818 3683 3884; x_wconf 83' lang='lat' dir='ltr'><strong>apertissime</strong></span> <span class='ocrx_word' id='word_1_771' title='bbox 3710 3836 3747 3872; x_wconf 69' lang='grc' dir='ltr'>τι</span> 
     </span>
    </p>
   </div>
   <div class='ocr_carea' id='block_1_99' title="bbox 2213 3901 3802 3977">
    <p class='ocr_par' dir='ltr' id='par_1_99' title="bbox 2213 3901 3802 3977">
     <span class='ocr_line' id='line_1_99' title="bbox 2213 3901 3802 3977; baseline 0.006 -25"><span class='ocrx_word' id='word_1_772' title='bbox 2213 3915 2306 3968; x_wconf 85' lang='lat' dir='ltr'><strong>pro</strong></span> <span class='ocrx_word' id='word_1_773' title='bbox 2346 3901 2408 3954; x_wconf 86' lang='lat' dir='ltr'><strong>iis</strong></span> <span class='ocrx_word' id='word_1_774' title='bbox 2448 3901 2628 3971; x_wconf 85' lang='lat' dir='ltr'><strong>quibus</strong></span> <span class='ocrx_word' id='word_1_775' title='bbox 2668 3902 3008 3977; x_wconf 85' lang='lat' dir='ltr'><strong>Evangelium</strong></span> <span class='ocrx_word' id='word_1_776' title='bbox 3057 3906 3431 3977; x_wconf 66' lang='lat' dir='ltr'><strong>pradicamus,</strong></span> <span class='ocrx_word' id='word_1_777' title='bbox 3481 3923 3588 3963; x_wconf 84' lang='lat' dir='ltr'><strong>non</strong></span> <span class='ocrx_word' id='word_1_778' title='bbox 3628 3908 3802 3962; x_wconf 72' lang='lat' dir='ltr'><strong>debere</strong></span> 
     </span>
    </p>
   </div>
   <div class='ocr_carea' id='block_1_100' title="bbox 2212 3994 3799 4070">
    <p class='ocr_par' dir='ltr' id='par_1_100' title="bbox 2212 3994 3799 4070">
     <span class='ocr_line' id='line_1_100' title="bbox 2212 3994 3799 4070; baseline 0.004 -25"><span class='ocrx_word' id='word_1_779' title='bbox 2212 4006 2361 4046; x_wconf 89' lang='lat' dir='ltr'><strong>orare</strong></span> <span class='ocrx_word' id='word_1_780' title='bbox 2394 4002 2448 4046; x_wconf 83' lang='lat' dir='ltr'><strong>ut</strong></span> <span class='ocrx_word' id='word_1_781' title='bbox 2470 3994 2701 4057; x_wconf 83' lang='lat' dir='ltr'><strong>credant.</strong></span> <span class='ocrx_word' id='word_1_782' title='bbox 2738 3997 2829 4049; x_wconf 81' lang='lat' dir='ltr'><strong>sed</strong></span> <span class='ocrx_word' id='word_1_783' title='bbox 2863 3997 2935 4051; x_wconf 82' lang='lat' dir='ltr'><strong>eis</strong></span> <span class='ocrx_word' id='word_1_784' title='bbox 2969 3999 3318 4053; x_wconf 80' lang='lat' dir='ltr'><strong>tantummodo</strong></span> <span class='ocrx_word' id='word_1_785' title='bbox 3339 3999 3640 4069; x_wconf 70' lang='lat' dir='ltr'><strong>praedicare,</strong></span> <span class='ocrx_word' id='word_1_786' title='bbox 3669 3999 3799 4070; x_wconf 61' lang='lat' dir='ltr'><strong>etc}</strong></span> 
     </span>
    </p>
   </div>
   <div class='ocr_carea' id='block_1_101' title="bbox 2213 4082 3795 4156">
    <p class='ocr_par' dir='ltr' id='par_1_101' title="bbox 2213 4082 3795 4156">
     <span class='ocr_line' id='line_1_101' title="bbox 2213 4082 3795 4156; baseline 0.002 -18"><span class='ocrx_word' id='word_1_787' title='bbox 2213 4082 2319 4139; x_wconf 89' lang='lat' dir='ltr'><strong>Sed</strong></span> <span class='ocrx_word' id='word_1_788' title='bbox 2365 4093 2557 4153; x_wconf 70' lang='lat' dir='ltr'><strong>praeter</strong></span> <span class='ocrx_word' id='word_1_789' title='bbox 2595 4085 2792 4141; x_wconf 85' lang='lat' dir='ltr'><strong>nudam</strong></span> <span class='ocrx_word' id='word_1_790' title='bbox 2835 4086 3109 4156; x_wconf 84' lang='lat' dir='ltr'><strong>Evangelii</strong></span> <span class='ocrx_word' id='word_1_791' title='bbox 3150 4088 3590 4156; x_wconf 54' lang='lat' dir='ltr'><strong>praedicationem</strong></span> <span class='ocrx_word' id='word_1_792' title='bbox 3636 4090 3795 4142; x_wconf 78' lang='lat' dir='ltr'><strong>multa</strong></span> 
     </span>
    </p>
   </div>
   <div class='ocr_carea' id='block_1_102' title="bbox 2213 4176 3794 4248">
    <p class='ocr_par' dir='ltr' id='par_1_102' title="bbox 2213 4176 3794 4248">
     <span class='ocr_line' id='line_1_102' title="bbox 2213 4176 3794 4248; baseline 0.003 -18"><span class='ocrx_word' id='word_1_793' title='bbox 2213 4187 2338 4231; x_wconf 89' lang='lat' dir='ltr'><strong>sunt</strong></span> <span class='ocrx_word' id='word_1_794' title='bbox 2364 4178 2467 4233; x_wconf 88' lang='lat' dir='ltr'><strong>alia</strong></span> <span class='ocrx_word' id='word_1_795' title='bbox 2490 4176 2685 4248; x_wconf 89' lang='lat' dir='ltr'><strong>quibus</strong></span> <span class='ocrx_word' id='word_1_796' title='bbox 2702 4179 2844 4235; x_wconf 90' lang='lat' dir='ltr'><strong>Deus</strong></span> <span class='ocrx_word' id='word_1_797' title='bbox 2866 4180 3005 4236; x_wconf 91' lang='lat' dir='ltr'><strong>solet</strong></span> <span class='ocrx_word' id='word_1_798' title='bbox 3031 4180 3304 4235; x_wconf 90' lang='lat' dir='ltr'><strong>hominum</strong></span> <span class='ocrx_word' id='word_1_799' title='bbox 3330 4180 3544 4237; x_wconf 89' lang='lat' dir='ltr'><strong>animos</strong></span> <span class='ocrx_word' id='word_1_800' title='bbox 3569 4181 3794 4244; x_wconf 87' lang='lat' dir='ltr'><strong>mollire,</strong></span> 
     </span>
    </p>
   </div>
   <div class='ocr_carea' id='block_1_103' title="bbox 2213 4271 3794 4341">
    <p class='ocr_par' dir='ltr' id='par_1_103' title="bbox 2213 4271 3794 4341">
     <span class='ocr_line' id='line_1_103' title="bbox 2213 4271 3794 4341; baseline 0.001 -20"><span class='ocrx_word' id='word_1_801' title='bbox 2213 4285 2332 4338; x_wconf 75' lang='lat' dir='ltr'><strong>qua:</strong></span> <span class='ocrx_word' id='word_1_802' title='bbox 2378 4279 2554 4326; x_wconf 84' lang='lat' dir='ltr'><strong>tamen</strong></span> <span class='ocrx_word' id='word_1_803' title='bbox 2598 4286 2869 4341; x_wconf 88' lang='lat' dir='ltr'><strong>nunquam</strong></span> <span class='ocrx_word' id='word_1_804' title='bbox 2915 4271 3114 4327; x_wconf 88' lang='lat' dir='ltr'><strong>debent</strong></span> <span class='ocrx_word' id='word_1_805' title='bbox 3152 4288 3181 4326; x_wconf 88' lang='lat' dir='ltr'><strong>a</strong></span> <span class='ocrx_word' id='word_1_806' title='bbox 3224 4273 3604 4341; x_wconf 70' lang='lat' dir='ltr'><strong>praedicatione</strong></span> <span class='ocrx_word' id='word_1_807' title='bbox 3652 4273 3794 4327; x_wconf 83' lang='lat' dir='ltr'><strong>verbi</strong></span> 
     </span>
    </p>
   </div>
   <div class='ocr_carea' id='block_1_104' title="bbox 2212 4360 3793 4433">
    <p class='ocr_par' dir='ltr' id='par_1_104' title="bbox 2212 4360 3793 4433">
     <span class='ocr_line' id='line_1_104' title="bbox 2212 4360 3793 4433; baseline 0 -20"><span class='ocrx_word' id='word_1_808' title='bbox 2212 4360 2463 4430; x_wconf 83' lang='lat' dir='ltr'><strong>sejungi;</strong></span> <span class='ocrx_word' id='word_1_809' title='bbox 2517 4361 2714 4431; x_wconf 88' lang='lat' dir='ltr'><strong>quippe</strong></span> <span class='ocrx_word' id='word_1_810' title='bbox 2761 4378 2900 4433; x_wconf 64' lang='lat' dir='ltr'><strong>quas,</strong></span> <span class='ocrx_word' id='word_1_811' title='bbox 2941 4364 3104 4418; x_wconf 89' lang='lat' dir='ltr'><strong>etiam</strong></span> <span class='ocrx_word' id='word_1_812' title='bbox 3134 4378 3255 4417; x_wconf 89' lang='lat' dir='ltr'><strong>cum</strong></span> <span class='ocrx_word' id='word_1_813' title='bbox 3304 4363 3408 4417; x_wconf 87' lang='lat' dir='ltr'><strong>alia</strong></span> <span class='ocrx_word' id='word_1_814' title='bbox 3451 4362 3691 4429; x_wconf 85' lang='lat' dir='ltr'><strong>adhibet,</strong></span> <span class='ocrx_word' id='word_1_815' title='bbox 3717 4370 3793 4416; x_wconf 81' lang='lat' dir='ltr'><strong>est</strong></span> 
     </span>
    </p>
   </div>
   <div class='ocr_carea' id='block_1_105' title="bbox 2213 4453 3789 4523">
    <p class='ocr_par' dir='ltr' id='par_1_105' title="bbox 2213 4453 3789 4523">
     <span class='ocr_line' id='line_1_105' title="bbox 2213 4453 3789 4523; baseline 0.001 -18"><span class='ocrx_word' id='word_1_816' title='bbox 2213 4453 2383 4520; x_wconf 51' lang='lat' dir='ltr'><strong>petits</strong></span> <span class='ocrx_word' id='word_1_817' title='bbox 2403 4468 2546 4507; x_wconf 89' lang='lat' dir='ltr'><strong>mum</strong></span> <span class='ocrx_word' id='word_1_818' title='bbox 2573 4453 2986 4509; x_wconf 90' lang='lat' dir='ltr'><strong>instrumentum</strong></span> <span class='ocrx_word' id='word_1_819' title='bbox 3016 4468 3125 4523; x_wconf 92' lang='lat' dir='ltr'><strong>quo</strong></span> <span class='ocrx_word' id='word_1_820' title='bbox 3146 4454 3288 4509; x_wconf 89' lang='lat' dir='ltr'><strong>Deus</strong></span> <span class='ocrx_word' id='word_1_821' title='bbox 3311 4456 3446 4509; x_wconf 75' lang='lat' dir='ltr'><strong>lianc</strong></span> <span class='ocrx_word' id='word_1_822' title='bbox 3468 4456 3523 4509; x_wconf 92' lang='lat' dir='ltr'><strong>in</strong></span> <span class='ocrx_word' id='word_1_823' title='bbox 3554 4470 3670 4510; x_wconf 86' lang='lat' dir='ltr'><strong>rem</strong></span> <span class='ocrx_word' id='word_1_824' title='bbox 3699 4454 3789 4508; x_wconf 88' lang='lat' dir='ltr'><strong>uti-</strong></span> 
     </span>
    </p>
   </div>
   <div class='ocr_carea' id='block_1_106' title="bbox 2214 4544 3791 4616">
    <p class='ocr_par' dir='ltr' id='par_1_106' title="bbox 2214 4544 3791 4616">
     <span class='ocr_line' id='line_1_106' title="bbox 2214 4544 3791 4616; baseline 0.001 -20"><span class='ocrx_word' id='word_1_825' title='bbox 2214 4554 2319 4598; x_wconf 89' lang='lat' dir='ltr'><strong>tur.</strong></span> <span class='ocrx_word' id='word_1_826' title='bbox 2352 4544 2444 4598; x_wconf 91' lang='lat' dir='ltr'><strong>llla</strong></span> <span class='ocrx_word' id='word_1_827' title='bbox 2472 4555 2649 4601; x_wconf 89' lang='lat' dir='ltr'><strong>autem</strong></span> <span class='ocrx_word' id='word_1_828' title='bbox 2671 4546 2774 4600; x_wconf 89' lang='lat' dir='ltr'><strong>alia</strong></span> <span class='ocrx_word' id='word_1_829' title='bbox 2802 4556 2949 4615; x_wconf 89' lang='lat' dir='ltr'><strong>sunt,</strong></span> <span class='ocrx_word' id='word_1_830' title='bbox 2974 4546 3206 4616; x_wconf 75' lang='lat' dir='ltr'><strong>exempli</strong></span> <span class='ocrx_word' id='word_1_831' title='bbox 3232 4559 3415 4612; x_wconf 85' lang='lat' dir='ltr'><strong>causa,</strong></span> <span class='ocrx_word' id='word_1_832' title='bbox 3435 4546 3562 4601; x_wconf 67' lang='lat' dir='ltr'><strong>vitae</strong></span> <span class='ocrx_word' id='word_1_833' title='bbox 3582 4544 3791 4601; x_wconf 81' lang='lat' dir='ltr'><strong>calami-</strong></span> 
     </span>
    </p>
   </div>
   <div class='ocr_carea' id='block_1_107' title="bbox 2215 4635 3789 4705">
    <p class='ocr_par' dir='ltr' id='par_1_107' title="bbox 2215 4635 3789 4705">
     <span class='ocr_line' id='line_1_107' title="bbox 2215 4635 3789 4705; baseline 0.001 -19"><span class='ocrx_word' id='word_1_834' title='bbox 2215 4642 2353 4689; x_wconf 89' lang='lat' dir='ltr'><strong>tates</strong></span> <span class='ocrx_word' id='word_1_835' title='bbox 2374 4672 2389 4699; x_wconf 89' lang='lat'><strong>,</strong></span> <span class='ocrx_word' id='word_1_836' title='bbox 2436 4635 2571 4689; x_wconf 91' lang='lat' dir='ltr'><strong>bona</strong></span> <span class='ocrx_word' id='word_1_837' title='bbox 2603 4636 2975 4705; x_wconf 89' lang='lat' dir='ltr'><strong>religiosorum</strong></span> <span class='ocrx_word' id='word_1_838' title='bbox 3020 4636 3295 4691; x_wconf 84' lang='lat' dir='ltr'><strong>hominum</strong></span> <span class='ocrx_word' id='word_1_839' title='bbox 3325 4636 3593 4705; x_wconf 75' lang='lat' dir='ltr'><strong>exempla,</strong></span> <span class='ocrx_word' id='word_1_840' title='bbox 3627 4648 3789 4705; x_wconf 65' lang='lat' dir='ltr'><strong>ptent:</strong></span> 
     </span>
    </p>
   </div>
   <div class='ocr_carea' id='block_1_108' title="bbox 2213 4723 3791 4794">
    <p class='ocr_par' dir='ltr' id='par_1_108' title="bbox 2213 4723 3791 4794">
     <span class='ocr_line' id='line_1_108' title="bbox 2213 4723 3791 4794; baseline 0 -15"><span class='ocrx_word' id='word_1_841' title='bbox 2213 4725 2281 4781; x_wconf 90' lang='lat' dir='ltr'><strong>de</strong></span> <span class='ocrx_word' id='word_1_842' title='bbox 2313 4725 2469 4780; x_wconf 87' lang='lat' dir='ltr'><strong>malis</strong></span> <span class='ocrx_word' id='word_1_843' title='bbox 2498 4742 2528 4780; x_wconf 84' lang='lat' dir='ltr'><strong>a</strong></span> <span class='ocrx_word' id='word_1_844' title='bbox 2559 4726 2904 4782; x_wconf 86' lang='lat' dir='ltr'><strong>Providentia</strong></span> <span class='ocrx_word' id='word_1_845' title='bbox 2936 4730 3188 4794; x_wconf 66' lang='lat' dir='ltr'><strong>sumptae,</strong></span> <span class='ocrx_word' id='word_1_846' title='bbox 3230 4727 3566 4783; x_wconf 80' lang='lat' dir='ltr'><strong>consectaria</strong></span> <span class='ocrx_word' id='word_1_847' title='bbox 3592 4723 3791 4781; x_wconf 84' lang='lat' dir='ltr'><strong>virtutis</strong></span> 
     </span>
    </p>
   </div>
   <div class='ocr_carea' id='block_1_109' title="bbox 2213 4816 3791 4886">
    <p class='ocr_par' dir='ltr' id='par_1_109' title="bbox 2213 4816 3791 4886">
     <span class='ocr_line' id='line_1_109' title="bbox 2213 4816 3791 4886; baseline -0.003 -11"><span class='ocrx_word' id='word_1_848' title='bbox 2213 4829 2269 4875; x_wconf 92' lang='lat' dir='ltr'><strong>et</strong></span> <span class='ocrx_word' id='word_1_849' title='bbox 2292 4819 2403 4873; x_wconf 84' lang='lat' dir='ltr'><strong>vitii</strong></span> <span class='ocrx_word' id='word_1_850' title='bbox 2430 4823 2591 4875; x_wconf 86' lang='lat' dir='ltr'><strong>etiam</strong></span> <span class='ocrx_word' id='word_1_851' title='bbox 2625 4821 2679 4874; x_wconf 90' lang='lat' dir='ltr'><strong>in</strong></span> <span class='ocrx_word' id='word_1_852' title='bbox 2707 4822 2807 4875; x_wconf 89' lang='lat' dir='ltr'><strong>hac</strong></span> <span class='ocrx_word' id='word_1_853' title='bbox 2832 4822 2937 4875; x_wconf 86' lang='lat' dir='ltr'><strong>vita</strong></span> <span class='ocrx_word' id='word_1_854' title='bbox 2959 4863 2974 4886; x_wconf 94' lang='lat'><strong>,</strong></span> <span class='ocrx_word' id='word_1_855' title='bbox 3007 4820 3211 4874; x_wconf 88' lang='lat' dir='ltr'><strong>amotio</strong></span> <span class='ocrx_word' id='word_1_856' title='bbox 3238 4819 3625 4881; x_wconf 84' lang='lat' dir='ltr'><strong>tentationum,</strong></span> <span class='ocrx_word' id='word_1_857' title='bbox 3657 4816 3791 4874; x_wconf 78' lang='lat' dir='ltr'><strong>exci-</strong></span> 
     </span>
    </p>
   </div>
   <div class='ocr_carea' id='block_1_110' title="bbox 2214 4911 3787 4972">
    <p class='ocr_par' dir='ltr' id='par_1_110' title="bbox 2214 4911 3787 4972">
     <span class='ocr_line' id='line_1_110' title="bbox 2214 4911 3787 4972; baseline -0.003 -5"><span class='ocrx_word' id='word_1_858' title='bbox 2214 4915 2348 4969; x_wconf 84' lang='lat' dir='ltr'><strong>tatio</strong></span> <span class='ocrx_word' id='word_1_859' title='bbox 2392 4914 2598 4968; x_wconf 86' lang='lat' dir='ltr'><strong>interna</strong></span> <span class='ocrx_word' id='word_1_860' title='bbox 2643 4913 2806 4967; x_wconf 88' lang='lat' dir='ltr'><strong>animi</strong></span> <span class='ocrx_word' id='word_1_861' title='bbox 2846 4914 2912 4968; x_wconf 87' lang='lat' dir='ltr'><strong>ad</strong></span> <span class='ocrx_word' id='word_1_862' title='bbox 2962 4914 3334 4972; x_wconf 84' lang='lat' dir='ltr'><strong>attentionem.</strong></span> <span class='ocrx_word' id='word_1_863' title='bbox 3375 4911 3665 4966; x_wconf 79' lang='lat' dir='ltr'><strong>exstinctio</strong></span> <span class='ocrx_word' id='word_1_864' title='bbox 3708 4916 3787 4961; x_wconf 76' lang='lat' dir='ltr'><strong>aut</strong></span> 
     </span>
    </p>
   </div>
   <div class='ocr_carea' id='block_1_111' title="bbox 2213 5000 3786 5074">
    <p class='ocr_par' dir='ltr' id='par_1_111' title="bbox 2213 5000 3786 5074">
     <span class='ocr_line' id='line_1_111' title="bbox 2213 5000 3786 5074; baseline -0.005 -16"><span class='ocrx_word' id='word_1_865' title='bbox 2213 5004 2514 5059; x_wconf 90' lang='lat' dir='ltr'><strong>imminutio</strong></span> <span class='ocrx_word' id='word_1_866' title='bbox 2550 5002 2835 5058; x_wconf 80' lang='lat' dir='ltr'><strong>ali&#39;ectuum</strong></span> <span class='ocrx_word' id='word_1_867' title='bbox 2884 5004 3172 5074; x_wconf 81' lang='lat' dir='ltr'><strong>Evangelio</strong></span> <span class='ocrx_word' id='word_1_868' title='bbox 3211 5002 3629 5070; x_wconf 87' lang='lat' dir='ltr'><strong>contrariorum,</strong></span> <span class='ocrx_word' id='word_1_869' title='bbox 3673 5000 3786 5055; x_wconf 71' lang='lat' dir='ltr'><strong>alia-</strong></span> 
     </span>
    </p>
   </div>
   <div class='ocr_carea' id='block_1_112' title="bbox 2212 5093 3785 5166">
    <p class='ocr_par' dir='ltr' id='par_1_112' title="bbox 2212 5093 3785 5166">
     <span class='ocr_line' id='line_1_112' title="bbox 2212 5093 3785 5166; baseline 0 -19"><span class='ocrx_word' id='word_1_870' title='bbox 2212 5112 2315 5165; x_wconf 89' lang='lat' dir='ltr'><strong>que</strong></span> <span class='ocrx_word' id='word_1_871' title='bbox 2339 5112 2353 5161; x_wconf 84' lang='lat'><strong>;</strong></span> <span class='ocrx_word' id='word_1_872' title='bbox 2382 5110 2502 5164; x_wconf 69' lang='lat' dir='ltr'><strong>qua:</strong></span> <span class='ocrx_word' id='word_1_873' title='bbox 2525 5096 2701 5149; x_wconf 88' lang='lat' dir='ltr'><strong>omnia</strong></span> <span class='ocrx_word' id='word_1_874' title='bbox 2734 5098 3014 5165; x_wconf 84' lang='lat' dir='ltr'><strong>multiplici</strong></span> <span class='ocrx_word' id='word_1_875' title='bbox 3046 5098 3133 5151; x_wconf 83' lang='lat' dir='ltr'><strong>Dei</strong></span> <span class='ocrx_word' id='word_1_876' title='bbox 3166 5096 3427 5166; x_wconf 89' lang='lat' dir='ltr'><strong>sapientia</strong></span> <span class='ocrx_word' id='word_1_877' title='bbox 3452 5096 3601 5150; x_wconf 87' lang='lat' dir='ltr'><strong>varie</strong></span> <span class='ocrx_word' id='word_1_878' title='bbox 3629 5108 3658 5148; x_wconf 69' lang='grc' dir='ltr'><strong><em>ι</em></strong></span> <span class='ocrx_word' id='word_1_879' title='bbox 3688 5093 3785 5147; x_wconf 78' lang='lat' dir='ltr'><strong>Deo</strong></span> 
     </span>
    </p>
   </div>
   <div class='ocr_carea' id='block_1_113' title="bbox 2212 5184 3763 5256">
    <p class='ocr_par' dir='ltr' id='par_1_113' title="bbox 2212 5184 3763 5256">
     <span class='ocr_line' id='line_1_113' title="bbox 2212 5184 3763 5256; baseline -0.003 -15"><span class='ocrx_word' id='word_1_880' title='bbox 2212 5187 2508 5241; x_wconf 71' lang='lat' dir='ltr'><strong>offeruntur</strong></span> <span class='ocrx_word' id='word_1_881' title='bbox 2540 5184 2864 5253; x_wconf 83' lang='lat' dir='ltr'><strong>hominibus,</strong></span> <span class='ocrx_word' id='word_1_882' title='bbox 2902 5202 3124 5255; x_wconf 87' lang='lat' dir='ltr'><strong>eorutnq</strong></span> <span class='ocrx_word' id='word_1_883' title='bbox 3149 5203 3194 5242; x_wconf 71' lang='lat' dir='ltr'><strong>re</strong></span> <span class='ocrx_word' id='word_1_884' title='bbox 3231 5187 3425 5242; x_wconf 86' lang='lat' dir='ltr'><strong>animis</strong></span> <span class='ocrx_word' id='word_1_885' title='bbox 3462 5187 3763 5256; x_wconf 84' lang='lat' dir='ltr'><strong>injiciuntur</strong></span> 
     </span>
    </p>
   </div>
   <div class='ocr_carea' id='block_1_114' title="bbox 2212 5276 3786 5347">
    <p class='ocr_par' dir='ltr' id='par_1_114' title="bbox 2212 5276 3786 5347">
     <span class='ocr_line' id='line_1_114' title="bbox 2212 5276 3786 5347; baseline 0.001 -19"><span class='ocrx_word' id='word_1_886' title='bbox 2212 5276 2341 5343; x_wconf 86' lang='lat' dir='ltr'><strong>Quis</strong></span> <span class='ocrx_word' id='word_1_887' title='bbox 2370 5278 2511 5330; x_wconf 90' lang='lat' dir='ltr'><strong>enim</strong></span> <span class='ocrx_word' id='word_1_888' title='bbox 2542 5276 2691 5331; x_wconf 78' lang='lat' dir='ltr'><strong>novit</strong></span> <span class='ocrx_word' id='word_1_889' title='bbox 2716 5288 2846 5347; x_wconf 90' lang='lat' dir='ltr'><strong>quot</strong></span> <span class='ocrx_word' id='word_1_890' title='bbox 2874 5279 3046 5333; x_wconf 89' lang='lat' dir='ltr'><strong>modis</strong></span> <span class='ocrx_word' id='word_1_891' title='bbox 3089 5280 3229 5333; x_wconf 82' lang='lat' dir='ltr'><strong>Deus</strong></span> <span class='ocrx_word' id='word_1_892' title='bbox 3269 5278 3478 5333; x_wconf 90' lang='lat' dir='ltr'><strong>animos</strong></span> <span class='ocrx_word' id='word_1_893' title='bbox 3520 5278 3786 5333; x_wconf 86' lang='lat' dir='ltr'><strong>hominum</strong></span> 
     </span>
    </p>
   </div>
   <div class='ocr_carea' id='block_1_115' title="bbox 2210 5369 3786 5442">
    <p class='ocr_par' dir='ltr' id='par_1_115' title="bbox 2210 5369 3786 5442">
     <span class='ocr_line' id='line_1_115' title="bbox 2210 5369 3786 5442; baseline -0.003 -18"><span class='ocrx_word' id='word_1_894' title='bbox 2210 5369 2583 5440; x_wconf 65' lang='lat' dir='ltr'><strong>aggrediatur?</strong></span> <span class='ocrx_word' id='word_1_895' title='bbox 2623 5369 2733 5426; x_wconf 84' lang='lat' dir='ltr'><strong>Nec</strong></span> <span class='ocrx_word' id='word_1_896' title='bbox 2768 5373 3048 5442; x_wconf 78' lang='lat' dir='ltr'><strong>quisquam</strong></span> <span class='ocrx_word' id='word_1_897' title='bbox 3078 5387 3275 5441; x_wconf 80' lang='lat' dir='ltr'><strong>negare</strong></span> <span class='ocrx_word' id='word_1_898' title='bbox 3312 5381 3475 5442; x_wconf 87' lang='lat' dir='ltr'><strong>queat</strong></span> <span class='ocrx_word' id='word_1_899' title='bbox 3499 5372 3626 5441; x_wconf 90' lang='lat' dir='ltr'><strong>quin</strong></span> <span class='ocrx_word' id='word_1_900' title='bbox 3656 5370 3786 5423; x_wconf 80' lang='lat' dir='ltr'><strong>Dens</strong></span> 
     </span>
    </p>
   </div>
   <div class='ocr_carea' id='block_1_116' title="bbox 2210 5458 3780 5535">
    <p class='ocr_par' dir='ltr' id='par_1_116' title="bbox 2210 5458 3780 5535">
     <span class='ocr_line' id='line_1_116' title="bbox 2210 5458 3780 5535; baseline -0.005 -18"><span class='ocrx_word' id='word_1_901' title='bbox 2210 5463 2532 5519; x_wconf 85' lang='lat' dir='ltr'><strong>intrinsecus</strong></span> <span class='ocrx_word' id='word_1_902' title='bbox 2561 5479 2721 5535; x_wconf 87' lang='lat' dir='ltr'><strong>agere</strong></span> <span class='ocrx_word' id='word_1_903' title='bbox 2762 5464 2812 5518; x_wconf 92' lang='lat' dir='ltr'><strong>in</strong></span> <span class='ocrx_word' id='word_1_904' title='bbox 2846 5465 3054 5518; x_wconf 86' lang='lat' dir='ltr'><strong>animos</strong></span> <span class='ocrx_word' id='word_1_905' title='bbox 3080 5464 3357 5519; x_wconf 83' lang='lat' dir='ltr'><strong>hominum</strong></span> <span class='ocrx_word' id='word_1_906' title='bbox 3390 5464 3578 5533; x_wconf 89' lang='lat' dir='ltr'><strong>possit.</strong></span> <span class='ocrx_word' id='word_1_907' title='bbox 3621 5458 3780 5520; x_wconf 76' lang='lat' dir='ltr'><strong>Talia,</strong></span> 
     </span>
    </p>
   </div>
   <div class='ocr_carea' id='block_1_117' title="bbox 2202 5552 3783 5628">
    <p class='ocr_par' dir='ltr' id='par_1_117' title="bbox 2202 5552 3783 5628">
     <span class='ocr_line' id='line_1_117' title="bbox 2202 5552 3783 5628; baseline -0.003 -19"><span class='ocrx_word' id='word_1_908' title='bbox 2202 5570 2319 5625; x_wconf 73' lang='lat' dir='ltr'><strong>qua:</strong></span> <span class='ocrx_word' id='word_1_909' title='bbox 2352 5555 2544 5615; x_wconf 61' lang='lat' dir='ltr'><strong>divinae</strong></span> <span class='ocrx_word' id='word_1_910' title='bbox 2582 5558 2858 5626; x_wconf 76' lang='lat' dir='ltr'><strong>sapientia:</strong></span> <span class='ocrx_word' id='word_1_911' title='bbox 2897 5558 3276 5626; x_wconf 83' lang='lat' dir='ltr'><strong>relinquuntur</strong></span> <span class='ocrx_word' id='word_1_912' title='bbox 3312 5556 3577 5628; x_wconf 78' lang='lat' dir='ltr'><strong>eligenda,</strong></span> <span class='ocrx_word' id='word_1_913' title='bbox 3611 5569 3638 5607; x_wconf 88' lang='lat' dir='ltr'><strong>a</strong></span> <span class='ocrx_word' id='word_1_914' title='bbox 3678 5552 3783 5605; x_wconf 85' lang='lat' dir='ltr'><strong>Deo</strong></span> 
     </span>
    </p>
   </div>
   <div class='ocr_carea' id='block_1_118' title="bbox 2203 5642 3783 5717">
    <p class='ocr_par' dir='ltr' id='par_1_118' title="bbox 2203 5642 3783 5717">
     <span class='ocr_line' id='line_1_118' title="bbox 2203 5642 3783 5717; baseline -0.004 -15"><span class='ocrx_word' id='word_1_915' title='bbox 2203 5656 2478 5717; x_wconf 89' lang='lat' dir='ltr'><strong>petuntur,</strong></span> <span class='ocrx_word' id='word_1_916' title='bbox 2528 5649 2622 5704; x_wconf 89' lang='lat' dir='ltr'><strong>sed</strong></span> <span class='ocrx_word' id='word_1_917' title='bbox 2671 5649 2847 5703; x_wconf 91' lang='lat' dir='ltr'><strong>nullus</strong></span> <span class='ocrx_word' id='word_1_918' title='bbox 2898 5648 3259 5703; x_wconf 88' lang='lat' dir='ltr'><strong>ineluctabilis</strong></span> <span class='ocrx_word' id='word_1_919' title='bbox 3306 5647 3554 5711; x_wconf 83' lang='lat' dir='ltr'><strong>afﬂatus;</strong></span> <span class='ocrx_word' id='word_1_920' title='bbox 3602 5660 3629 5697; x_wconf 90' lang='lat' dir='ltr'><strong>a</strong></span> <span class='ocrx_word' id='word_1_921' title='bbox 3676 5642 3783 5694; x_wconf 82' lang='lat' dir='ltr'><strong>Deo</strong></span> 
     </span>
    </p>
   </div>
   <div class='ocr_carea' id='block_1_119' title="bbox 2201 5739 3749 5811">
    <p class='ocr_par' dir='ltr' id='par_1_119' title="bbox 2201 5739 3749 5811">
     <span class='ocr_line' id='line_1_119' title="bbox 2201 5739 3749 5811; baseline -0.006 -17"><span class='ocrx_word' id='word_1_922' title='bbox 2201 5740 2344 5794; x_wconf 87' lang='lat' dir='ltr'><strong>enim</strong></span> <span class='ocrx_word' id='word_1_923' title='bbox 2375 5748 2627 5811; x_wconf 82' lang='lat' dir='ltr'><strong>petuntur</strong></span> <span class='ocrx_word' id='word_1_924' title='bbox 2655 5757 2773 5811; x_wconf 82' lang='lat' dir='ltr'><strong>quae</strong></span> <span class='ocrx_word' id='word_1_925' title='bbox 2798 5741 2934 5797; x_wconf 87' lang='lat' dir='ltr'><strong>solet</strong></span> <span class='ocrx_word' id='word_1_926' title='bbox 2969 5755 3031 5796; x_wconf 84' lang='lat' dir='ltr'><strong>ac</strong></span> <span class='ocrx_word' id='word_1_927' title='bbox 3055 5740 3165 5795; x_wconf 79' lang='lat' dir='ltr'><strong>vult</strong></span> <span class='ocrx_word' id='word_1_928' title='bbox 3196 5739 3395 5807; x_wconf 80' lang='lat' dir='ltr'><strong>facere,</strong></span> <span class='ocrx_word' id='word_1_929' title='bbox 3423 5755 3526 5794; x_wconf 90' lang='lat' dir='ltr'><strong>non</strong></span> <span class='ocrx_word' id='word_1_930' title='bbox 3549 5749 3659 5807; x_wconf 66' lang='lat' dir='ltr'><strong>quae</strong></span> <span class='ocrx_word' id='word_1_931' title='bbox 3685 5745 3749 5787; x_wconf 93' lang='lat' dir='ltr'><strong>no</strong></span> 
     </span>
    </p>
   </div>
  </div>
