3908 6332
1699 238 1821 252 κ-υ

172 356 257 415 533

876 355 1223 412 VARIURU.“
1268 354 1867 412 EKERCITATIONES
1906 355 1970 410 IN
2009 356 2070 412 S.
2114 357 2489 415 AUGUSTINI
2519 360 2775 419 OPERA.

3325 372 3428 430 δτιι

170 470 286 534 vult,
316 480 495 537 neque
524 466 682 522 solet.
714 465 1028 538 Quicunque
1058 483 1246 537 preces
1286 469 1441 525 aliter
1470 470 1733 537 ittterprc-
1768 472 1821 532 Α
1848 471 2112 542 Pelagius.
2133 489 2231 531 seu
2261 476 2667 533 conversionem
2699 479 3004 536 summatim
3037 493 3326 551 spectatam
3349 499 3431 542 at-

167 569 351 623 tantur,
383 571 480 611 eas
512 568 707 624 printer
733 566 967 612 mentem
1010 558 1340 612 fundendum
1383 568 1591 627 urgent.
1639 558 1739 613 De-

165 650 281 703 bent
299 647 446 702 enim
470 661 662 716 preces
701 646 961 715 ejusmodi
987 661 1129 715 esse,
1160 663 1279 717 quae
1305 657 1541 702 statuant
1570 648 1743 702 Evan-

163 740 273 809 gelii
298 746 571 807 praecepta
594 751 715 792 esse
741 736 996 805 legitima,
1024 752 1090 792 ac
1113 737 1336 807 proinde
1360 746 1517 807 posse
1536 738 1604 791 ab
1628 752 1745 790 om-

165 829 311 883 nibus
362 828 564 895 quibus
622 836 992 895 proponuntur
1046 827 1360 893 observari;
1406 828 1489 883 sin
1541 829 1740 892 minus,

165 919 265 973 Deo
292 926 446 983 sunt,
468 931 627 986 quem
658 917 912 986 injustum
940 917 1160 983 faciunt,
1182 918 1611 974 contumeliosa).
1627 917 1743 972 Non

162 1011 227 1063 ita
270 1010 350 1063 fas
385 1017 472 1063 est
516 1008 859 1076 interpretari
905 1008 1223 1077 religionem
1270 1007 1650 1075 Christianam,
1687 1015 1751 1063 ut

161 1100 283 1155 dum
310 1099 549 1169 aliquam
572 1100 690 1167 ejus
711 1110 941 1168 partem,
964 1108 1022 1152 ut
1047 1099 1142 1153 tibi
1167 1099 1399 1164 videtur,
1422 1100 1608 1167 tueris,
1626 1113 1747 1154 eam

162 1200 550 1263 repugnantem
584 1192 797 1247 caeteris
844 1190 1028 1246 facias.
1070 1190 1251 1245 Potuit
1292 1191 1479 1246 Vitalis
1526 1205 1750 1246 conver-

162 1293 269 1340 tere
314 1294 697 1354 argumentum
742 1284 795 1338 iu
843 1284 1202 1353 Augustinum
1251 1291 1308 1339 et
1353 1286 1579 1340 dicere:
1634 1285 1749 1339 Non

162 1377 320 1432 debes
360 1376 714 1446 Evangelium
760 1377 1056 1445 prmdieare
1098 1392 1164 1431 es
1206 1388 1293 1432 tua
1337 1380 1624 1445 sententia,
1655 1379 1750 1433 sed

166 1467 325 1523 Deum
365 1482 528 1523 orare
570 1482 666 1537 pro
698 1468 1038 1534 hominibus;
1082 1484 1205 1523 nam
1250 1470 1389 1525 Deus
1418 1471 1596 1525 omnia
1628 1470 1771 1525 facit“

168 1561 319 1614 etiam
356 1562 478 1614 sine
499 1560 690 1614 verbo.

234 1651 389 1716 lbid.,
424 1649 452 1718 §
480 1648 569 1703 16.
596 1650 922 1719 Augustinus
943 1650 1031 1706 hic
1056 1651 1123 1705 12
1149 1652 1414 1722 capitibus
1442 1654 1755 1722 complecti-

173 1748 252 1794 tur
275 1738 578 1793 doctrinam
608 1753 757 1793 suam
781 1739 847 1793 de
868 1741 1059 1809 gratia,
1084 1741 1309 1810 quarum
1338 1743 1484 1798 brevi
1509 1744 1756 1798 examine

1849 566 2055 633 lendas,
2087 580 2181 622 seu
2241 569 2479 637 singulos
2529 582 2717 637 actus;
2760 588 2936 643 neque
2983 577 3313 632 contrarium
3362 594 3427 635 er

1846 656 2118 724 Seriptura
2151 660 2363 727 probari
2387 661 2646 716 adversus
2685 674 2970 733 negantem
3002 667 3287 736 pomisset.

1860 753 1865 757 '
1917 746 2006 801 ιν.
2060 748 2263 803 Scimus
2288 765 2390 803 non
2418 751 2650 805 omnibus
2678 748 2962 809 hominibus
3001 757 3133 821 dari,
3178 767 3225 811 et
3250 759 3430 827 quibus

1849 840 2004 891 datur
2024 855 2127 892 ncn
2147 840 2310 892 solum
2330 840 2607 894 secundum
2627 843 2804 897 merita
2830 860 3039 913 operum
3061 862 3162 899 non
3190 847 3326 911 dari,
3345 850 3435 902 sei

1847 945 1941 983 nec
1974 930 2251 983 secundum
2288 932 2469 984 merita
2509 932 2781 987 uoluntatis
2809 951 2986 988 eorum
3024 936 3208 1004 quibus
3247 940 3433 1001 datur,

1849 1021 1986 1083 quod
2012 1021 2233 1074 maxime
2262 1032 2474 1092 apparet
2517 1026 2570 1077 in
2596 1025 2855 1093 'parvulis.
2890 1025 2947 1081 Si
2985 1028 3235 1082 omnibus
3267 1028 3437 1081 homi.

1852 1111 2011 1166 nibus
2036 1127 2141 1165 non
2171 1112 2327 1165 datur
2370 1115 2675 1168 necessaria
2726 1130 2948 1184 prorsus
2994 1116 3060 1170 ad
3106 1112 3435 1172 credendum

1852 1203 2415 1272 perseverandumque
2456 1204 2507 1258 in
2542 1205 2643 1260 fide
2671 1208 2860 1274 gratia,
2897 1222 3004 1261 non
3046 1218 3270 1276 possunt
3298 1209 3438 1261 vitu-

1856 1294 2029 1359 perari
2052 1295 2335 1349 aeternisve
2356 1294 2632 1363 suppliciis
2657 1296 2813 1365 plecti
2844 1298 2933 1366 qui
2967 1312 3071 1350 non
3099 1298 3323 1352 credunt
3344 1308 3435 1350 aut

1856 1400 1961 1438 non
1989 1393 2370 1452 perseverant;
2403 1386 2524 1455 quia
2553 1403 2820 1455 nunquam
2852 1388 2951 1443 fuit
2980 1389 3031 1443 in
3054 1385 3240 1444 eorum
3276 1400 3431 1458 pote-
3474 1410 3479 1419 ·

1856 1484 1993 1530 state
2019 1476 2244 1545 Gratiam
2274 1476 2421 1530 illam
2443 1478 2721 1547 consequi,
2746 1493 2929 1547 quam,
2960 1493 3027 1533 ex
3053 1480 3317 1533 sententia
3335 1482 3443 1533 Au-

1856 1568 2074 1637 gustini.
2110 1568 2250 1621 Deus
2278 1583 2375 1635 pro
2403 1568 2625 1623 arbitrio
2653 1570 2893 1639 largitur.

1932 1660 1995 1712 ν.
2026 1660 2229 1712 Scimus
2257 1660 2331 1715 eis
2360 1659 2542 1728 quibus
2589 1661 2761 1723 datur,
2804 1661 3155 1713 misericordia
3182 1661 3280 1713 Dei
3322 1678 3443 1731 gra-

1860 1751 1989 1804 tuita
2021 1750 2154 1802 dari.
2188 1749 2300 1804 Non
2324 1759 2570 1820 negisset
2617 1751 2861 1818 Pelagius
2885 1791 2898 1813 ,
2930 1752 2973 1804 si
3004 1752 3071 1804 de
3112 1752 3280 1819 prima
3312 1767 3442 1806 eon-

176 1832 476 1886 ciaudemus
513 1844 637 1899 quae
672 1831 727 1885 in
767 1831 910 1886 hunc
957 1843 1156 1887 tomum
1199 1833 1242 1887 Il
1285 1835 1756 1889 animadvertenda
1787 1835 1835 1893 Β
1862 1840 2127 1895 versionis
2155 1841 2323 1909 gratia
2355 1841 2621 1908 loquatur,
2648 1848 2704 1894 ut
2732 1841 2961 1904 videtur,
2992 1842 3340 1910 Augustinus.

179 1917 522 1973 habebamus.

242 2009 280 2062 Ι.
312 2007 521 2064 Scimus
549 2010 778 2062 nondum
808 2018 955 2063 natos
984 2009 1115 2064 nihil
1157 2012 1319 2082 egisse
1342 2012 1396 2065 in
1421 2014 1523 2066 vita
1549 2012 1758 2082 propria

179 2100 308 2163 boni,
335 2115 424 2153 seu
461 2098 615 2165 mali,
652 2115 743 2153 nec
772 2102 1050 2154 secundum
1086 2105 1266 2155 merita
1304 2103 1493 2172 prioris
1533 2103 1758 2174 alicujus

178 2192 302 2255 ritis,
324 2206 480 2261 quam
507 2190 709 2244 nullam
735 2193 996 2259 propriam
1032 2194 1223 2264 singuli
1250 2194 1435 2248 habere
1462 2205 1757 2263 potuerunt,

178 2283 228 2336 in
256 2286 408 2356 hujus
433 2286 549 2339 vitm
569 2285 739 2338 uenire
764 2285 1015 2339 miserias.
1061 2285 1187 2340 Haec
1217 2287 1573 2341 caricessisset
1603 2287 1727 2342 Pela
1744 2316 1757 2326 -

177 2374 307 2443 gius,
355 2374 758 2444 addidissetque
800 2375 1042 2444 singulos
1095 2378 1342 2432 homines
1397 2392 1502 2431 non
1554 2386 1757 2432 tantum

176 2467 439 2535 propriam
472 2467 638 2520 vitam
665 2467 900 2534 priorem
933 2467 1133 2522 nullam
1171 2468 1368 2524 habere
1401 2471 1660 2538 potuisse,
1706 2480 1762 2526 ut

177 2557 431 2626 putabant
458 2557 553 2627 qui
582 2557 904 2635 προΰπαρξιν
932 2558 1231 2613 animorum
1277 2558 1658 2626 defendebant,
1702 2569 1763 2615 ut

175 2647 461 2719 Origenes;
484 2647 579 2703 sed
612 2663 679 2703 ne
701 2661 1041 2702 communem
1061 2649 1303 2718 quidem,
1326 2658 1386 2703 nt
1412 2653 1757 2718 Augustinus,

174 2740 263 2807 qui
290 2740 527 2794 omnium
560 2739 835 2793 hominum
866 2740 1077 2793 animos
1118 2739 1170 2793 in
1202 2739 1409 2794 Adamo
1437 2740 1600 2792 luisse
1637 2755 1756 2793 ere-

174 2831 355 2886 debat.
388 2830 554 2885 Addit
587 2846 602 2883 :
644 2831 734 2885 sed
768 2839 938 2884 tamen
976 2829 1253 2883 secundum
1282 2830 1448 2882 Adam
1487 2830 1763 2883 carnaliter

174 2932 321 2975 natos
346 2922 637 2993 contagium
657 2920 833 2975 mortis
854 2920 1075 2989 antiqua
1096 2922 1263 2990 prima
1282 2920 1542 2973 nativitate
1562 2929 1763 2972 contra-

171 3015 312 3068 here.
360 3014 730 3070 Coneessisset
776 3014 893 3069 haec
938 3028 1151 3084 quoque
1197 3012 1464 3083 Pelagius,
1511 3012 1606 3066 sed
1655 3026 1760 3066 non

170 3104 356 3157 omnia
382 3118 501 3173 quae
531 3111 835 3174 sequuntur
857 3103 913 3158 in
941 3103 1091 3159 hisee
1114 3104 1294 3160 verbis
1321 3121 1333 3157 :
1377 3118 1469 3157 nec
1497 3103 1704 3157 liberari
1729 3121 1762 3157 a

1931 1931 2017 1985 Vl.
2055 1930 2261 1986 Scimus
2302 1932 2373 1984 eis
2417 1933 2600 2001 quibus
2627 1948 2726 1984 non
2755 1932 2908 1983 datur
2939 1935 3086 2002 justo
3122 1932 3323 2002 judicio
3356 1932 3446 1986 Dei

1862 2039 1964 2077 non
1995 2023 2132 2075 dari.
2166 2024 2500 2077 Assensisset
2532 2022 2654 2076 huic
2684 2022 2967 2077 sententia:
2996 2022 3261 2093 Pelagius.
3338 2038 3339 2041 ‘

1934 2114 2046 2167 VII.
2098 2113 2301 2169 Scimus
2347 2114 2485 2179 quod
2524 2127 2696 2166 omnes
2741 2114 3020 2167 astabimus
3050 2122 3169 2168 ante
3215 2114 3447 2167 tribunal

1864 2204 2071 2268 Christi,
2102 2214 2154 2257 ut
2185 2204 2314 2273 ferat
2337 2203 2687 2272 unusquisque
2711 2202 2988 2255 secundum
3007 2220 3065 2257 ea
3083 2220 3197 2273 quae
3219 2220 3307 2272 per
3336 2219 3442 2256 ear-

1862 2312 1959 2365 pus
2002 2296 2177 2366 gessit,
2210 2311 2311 2348 non
2333 2294 2613 2348 secundum
2642 2311 2701 2348 ea
2722 2310 2838 2364 qua:
2860 2335 2876 2359 ,
2921 2295 2965 2348 si
3009 2295 3201 2349 diutius
3242 2296 3442 2361 viveret,

1862 2396 2094 2458 gesturus
2115 2388 2235 2455 fuit,
2267 2388 2371 2442 sire
2398 2386 2605 2451 bonum,
2630 2386 2734 2441 sive
2758 2390 2972 2443 malum.
3005 2388 3112 2443 Nec
3140 2388 3263 2443 huic
3285 2388 3451 2459 apbo-

1863 2478 2027 2534 rismo
2054 2493 2332 2533 assensum
2362 2486 2609 2547 negasset
2638 2478 2902 2548 Pelagius,
2936 2478 3036 2533 nisi
3063 2480 3199 2534 forte
3221 2483 3452 2535 senserit

1867 2571 2010 2641 quod
2038 2572 2103 2625 ad
2126 2572 2159 2626 9
2190 2571 2428 2640 regulam
2456 2571 2714 2625 dicemus.

1939 2663 2068 2716 Vlll.
2102 2663 2304 2718 Scimus
2334 2664 2485 2715 etiam
2516 2664 2787 2732 parvulos,
2816 2663 3096 2715 secundum
3126 2680 3183 2716 ea
3213 2679 3327 2732 qua:
3363 2680 3449 2729 per

1865 2769 2053 2823 carpus
2100 2760 2403 2821 gesserunt,
2440 2761 2731 2821 recepturos
2760 2750 2836 2803 vel
2869 2752 3083 2817 bonum,
3115 2752 3192 2805 rel
3235 2753 3446 2805 malum.

1865 2843 2043 2912 Atqui~
2069 2842 2204 2896 nihil
2236 2856 2330 2911 per
2356 2855 2552 2908 corpus
2594 2850 2895 2911 gesserunt,
2940 2856 3060 2894 nam
3098 2858 3271 2911 gerere
3297 2843 3449 2911 quid-

1865 2950 2023 3004 quam
2053 2933 2172 2988 sine
2203 2933 2425 2988 rationis
2447 2948 2543 2987 usu
2577 2948 2682 2986 non
2711 2940 2954 3001 possunt.
2980 2932 3115 2986 Audi
3145 2942 3318 2987 tamen
3349 2934 3450 2987 Au-

1864 3028 2174 3096 gustinum:
2206 3024 2477 3079 Cesserunt
2517 3034 2688 3078 autent
2718 3041 2819 3078 non
2871 3041 2959 3095 per
2981 3026 3202 3095 scipsos,
3235 3028 3323 3080 sed
3364 3044 3451 3089 per

1865 3135 1949 3173 eos
1974 3119 2155 3187 quibus
2198 3134 2295 3188 pro
2319 3117 2425 3172 illis
2460 3118 2906 3188 respondentibus,
2938 3128 2985 3172 et
3015 3120 3313 3173 renuntiare
3329 3120 3448 3174 dia.

178 3197 438 3268 supplicio
473 3198 654 3253 mortis
694 3206 919 3267 (sternte,
951 3198 1090 3268 quod
1117 3197 1273 3251 trahit
1298 3212 1362 3251 ea:
1388 3212 1490 3250 uno
1519 3198 1572 3249 in
1602 3212 1760 3250 omne:

1879 3209 1992 3263 bolo
2015 3211 2256 3263 dicuntur
2290 3219 2338 3263 et
2369 3210 2572 3264 credere
2596 3211 2651 3262 in
2685 3208 2866 3266 Deum.
2899 3210 2952 3263 Ιιι
2979 3210 3203 3266 formula
3236 3213 3447 3281 quidem

168 3294 427 3347 transiens
447 3294 594 3362 justa
612 3290 895 3355 damnatio,
924 3289 1025 3343 nisi
1058 3304 1147 3357 per
1179 3289 1397 3358 gratiam
1422 3296 1763 3341 renascantur

168 3384 223 3437 in
252 3383 478 3438 Christo.
503 3382 739 3437 Dixisset
764 3380 989 3437 enimi°
1016 3379 1208 3434 falsum
1227 3393 1349 3435 esse
1372 3380 1600 3433 transire
1614 3379 1762 3431 dam-

167 3478 446 3532 nationem
492 3476 562 3531 ah
597 3475 805 3531 Adamo
839 3474 895 3530 in
943 3483 1211 3544 posteros,
1249 3474 1343 3528 sed
1387 3474 1626 3542 singulos
1672 3472 1763 3541 qui

167 3570 522 3636 damnantur,
549 3568 817 3638 propriam
840 3568 911 3624 ob
931 3569 1141 3637 culpam
1169 3566 1444 3629 damnari;
1474 3566 1533 3619 2°
1555 3565 1761 3621 renasci

168 3661 223 3717 in
265 3663 518 3733 Christo,
556 3663 661 3719 hoc
686 3668 801 3727 est,
831 3662 1105 3733 converti,
1137 3662 1181 3715 si
1213 3660 1430 3730 proprie
1460 3658 1758 3727 l0quamur,

169 3770 267 3811 eos
295 3765 505 3813 tantum
542 3757 649 3826 qui
670 3755 868 3810 mortui
897 3753 1113 3810 fuerunt
1142 3753 1195 3808 in
1226 3751 1497 3822 peccatis,
1529 3750 1623 3806 sed
1656 3763 1763 3805 non

169 3850 450 3917 parvulos,
482 3851 572 3921 qui
606 3849 841 3904 nondum
873 3854 1184 3917 peccarunt.

244 3941 311 3996 ll.
337 3942 544 3996 Srimus
564 3942 785 4012 gratiam
814 3939 930 4006 Dei,
956 3954 1049 3992 nec
1072 3936 1323 4005 parvulis,
1347 3954 1439 3991 nec
1463 3936 1765 4007 majoribus,

177 4033 454 4085 secundum
488 4020 878 4086 meritanostra
908 4029 1047 4084 dari.
1085 4030 1222 4083 Ante
1255 4028 1434 4082 omnia
1463 4028 1764 4083 deﬁnienda

178 4121 364 4179 fuisset
385 4129 641 4178 accurate
662 4137 766 4177 vox
795 4122 981 4189 gratia.
1010 4120 1286 4189 Intelligit,
1312 4128 1369 4173 ut
1393 4118 1625 4182 videtur,
1657 4118 1767 4172 Au-

181 4213 421 4281 gustinus
452 4213 691 4267 afﬂatum
725 4212 871 4266 illum
897 4213 986 4279 qui
1017 4220 1188 4275 certo,
1234 4224 1299 4266 ex
1330 4209 1447 4278 ejus
1478 4210 1762 4273 sentent'a,

180 4312 517 4373 peccatorem
545 4303 825 4359 convertit.
859 4302 1106 4372 Pelagius
1133 4316 1345 4371 quoque
1379 4302 1637 4363 fateri,ex
1669 4316 1765 4355 sua

184 4397 467 4463 sententia,
502 4396 607 4449 hoc
634 4396 832 4463 potuit;
875 4408 996 4447 nam
1025 4393 1301 4462 Evangelii
1329 4392 1761 4461 praedicationem

189 4496 483 4556 cateraque
516 4500 636 4556 qua:
673 4485 813 4541 Deus
849 4484 1070 4539 adhibet
1111 4483 1176 4537 ad
1216 4484 1488 4537 hominem
1534 4483 1760 4551 primum

1866 3304 2113 3374 baptismi
2140 3302 2355 3359 dicebat
2394 3311 2673 3371 susceptor
2703 3304 2873 3368 credo,
2901 3304 3204 3358 abrenuntio
3225 3349 3239 3371 ,
3264 3307 3356 3359 sed
3385 3320 3448 3359 ea

1865 3397 2119 3463 formula,
2146 3404 2208 3450 ut
2227 3395 2465 3451 diximus
2518 3398 2583 3449 ad
2620 3397 2779 3465 epist.
2803 3395 2893 3459 98,
2919 3395 2971 3448 in
3002 3412 3156 3450 usum
3188 3391 3451 3450 duntax'at

1867 3488 2169 3541 adultorum
2193 3486 2363 3555 prima
2386 3485 2701 3540 concinnata
2728 3483 2923 3549 fuerat,
2945 3485 3138 3538 deinde
3161 3485 3450 3540 infantibus

1867 3576 2204 3633 incommode
2232 3584 2438 3644 aptata;
2474 3588 2646 3643 neque
2670 3588 2741 3628 ex
2766 3588 2828 3627 ea
2860 3572 3025 3625 ullum
3057 3576 3446 3628 consectarium

1866 3668 2056 3723 deduci
2082 3674 2312 3737 poterat,
2330 3665 2625 3736 praesertim
2650 3662 2791 3732 quod
2822 3662 3028 3732 magnis
3052 3671 3195 3717 esset
3216 3662 3447 3717 difﬁcul-

1868 3760 2064 3815 tatibus
2089 3759 2401 3814 obnoxium.
2426 3757 2595 3822 Unde,
2626 3756 2795 3825 inquit
2827 3756 2878 3810 in
2901 3754 3245 3823 sequentibus
3267 3755 3451 3825 Augu-

1867 3853 2062 3918 stinus,
2086 3860 2134 3905 et
2161 3851 2215 3903 in
2245 3864 2455 3903 numero
2486 3847 2713 3915 ﬁdelium
2729 3854 3106 3915 computantur,
3136 3846 3452 3914 pertinentes

1866 3936 1937 3999 ad
1962 3943 2259 3997 sententiam
2291 3939 2495 3995 Domini
2523 3939 2778 3992 dicentis:
2813 3938 2913 4003 Qui
2945 3936 3236 3991 crediderit
3270 3945 3325 3990 et
3353 3937 3447 3987 ba-

1867 4036 2100 4105 ptizatus
2124 4032 2303 4095 fuerit,
2332 4031 2511 4085 salvus
2534 4030 2655 4084 crit.
2678 4031 2746 4082 At
2771 4027 2823 4081 in
2850 4028 2995 4081 hisce
3017 4027 3192 4082 verbis
3214 4026 3451 4095 loquitur

1867 4125 2117 4181 Christus
2146 4122 2212 4177 de
2240 4122 2433 4176 adultis
2482 4126 2708 4186 tantum,
2739 4117 2829 4185 qui
2860 4117 2909 4170 ei
2953 4118 3172 4171 credere
3202 4128 3445 4184 possunt,

1866 4225 1926 4270 tit
1950 4216 2017 4270 iis
2043 4213 2176 4269 solis
2206 4212 2526 4281 prmdicatur
2558 4209 2923 4277 Evangelium.
2958 4209 3115 4262 Addit
3140 4218 3315 4261 tauu-n
3346 4212 3456 4262 Ari-

1868 4306 2072 4361 stoteles
2125 4305 2342 4370 Pierius,
2373 4310 2430 4356 ut
2460 4315 2583 4356 eum
2618 4301 2830 4369 quidam
2863 4301 2979 4370 ejus
3019 4299 3447 4354 adversariorum

1867 4397 2134 4453 vocabat:
2174 4394 2393 4459 PrOpter
2436 4392 2575 4462 quod
2606 4402 2654 4445 et
2697 4391 2800 4445 illis
2841 4393 2926 4457 qui
2956 4390 3051 4445 hoc
3077 4401 3449 4443 sacramentum

1818 4490 1834 4555 ξ
1872 4505 1973 4542 non
1998 4486 2279 4555 accipiunt,
2304 4484 2549 4555 contingit
2570 4483 2705 4552 quod
2727 4483 2951 4551 sequitur
2975 4497 2991 4533 :
3015 4481 3104 4549 qui
3134 4488 3310 4532 autem
3344 4494 3447 4532 non

194 4550 607 4633 comedendum
626 4576 782 4630 nullis
805 4573 1045 4643 profecto
1068 4574 1275 4629 meritis
1300 4572 1370 4628 ab
1395 4550 1611 4626 homine
1636 4587 1761 4641 pro-
1792 4550 1848 4612 Ῑ)
1872 4550 2161 4636 crediderit
2184 4550 2651 4632 condemnabitur.
2675 4572 2833 4641 Atqui
2867 4572 3099 4640 loquitur
3120 4569 3361 4623 Christus
3386 4571 3452 4624 de

194 4677 401 4721 vocatus
431 4667 673 4735 largitur.
700 4665 805 4720 Sed
828 4666 873 4719 si
898 4664 1163 4734 intelligas
1188 4664 1482 4731 posteriora
1509 4663 1762 4718 beneficia

200 4759 301 4828 llei,
331 4777 452 4831 qtue
473 4762 584 4829 jam
609 4761 953 4815 credentibus
981 4760 1195 4823 dantur,
1212 4775 1279 4814 ne
1304 4762 1628 4829 Augustinus
1649 4761 1763 4828 qui-

202 4856 308 4905 dem
339 4868 536 4923 negare
560 4855 822 4923 potuisset
841 4869 901 4908 ea
935 4854 1141 4909 meritis
1174 4854 1299 4923 (hoc
1336 4862 1438 4915 est,
1475 4853 1771 4908 benefactis

201 4959 304 5013 qua!
341 4945 487 5000 Deus
524 4946 746 5013 prmmio
784 4944 1000 5000 afﬁcere
1038 4959 1134 5010 pro
1170 4961 1265 4998 sua
1313 4945 1677 4997 misericordia
1705 4958 1769 4999 ac

203 5036 540 5091 beneficentia
566 5035 824 5106 decrevit)
854 5035 1022 5089 Deum
1046 5035 1372 5097 concedere;
1408 5048 1529 5086 nam
1563 5042 1771 5087 constat

202 5126 403 5183 habenti
432 5127 572 5193 dari,
616 5136 671 5181 ut
697 5126 897 5181 diserte
927 5125 1085 5182 docet
1114 5125 1377 5189 Christus,
1422 5140 1528 5180 non
1554 5124 1770 5178 habenti

200 5235 293 5275 non
339 5220 478 5275 dari.
531 5219 826 5274 lnl‘antihus
877 5219 1166 5273 secundum
1220 5220 1406 5273 merita
1461 5218 1574 5272 dari
1621 5217 1788 5286 quid-.

200 5327 366 5379 quam,
393 5326 462 5367 ex
494 5310 765 5366 sententia
789 5306 1013 5378 Pelagii,
1046 5310 1149 5364 dici
1182 5326 1286 5365 non
1319 5309 1510 5379 petuit,
1541 5324 1660 5364 cum
1692 5310 1773 5360 in-

198 5403 360 5456 fantes
392 5404 501 5457 siut
528 5401 744 5456 virtutis
777 5415 995 5471 prorsus
1025 5402 1302 5469 incapaces
1331 5419 1343 5454 :
1388 5409 1445 5455 ut
1482 5416 1581 5454 nec
1611 5402 1771 5455 etiam

205 5504 408 5563 propter
438 5495 587 5557 vitia,
613 5508 733 5563 qua:
755 5508 862 5547 non
888 5493 1085 5547 cadunt
1112 5494 1213 5547 nisi
1237 5493 1287 5546 iu
1314 5494 1520 5549 ratione
1539 5503 1772 5558 utentes,

204 5588 344 5641 plecti
373 5596 617 5653 possunt.

263 5676 344 5730 Ill.
379 5676 588 5730 Scimus
612 5676 891 5747 majoribus
914 5678 981 5729 ad
1001 5674 1229 5746 singulos
1257 5685 1398 5730 actus
1429 5675 1564 5729 dari.
1586 5674 1781 5732 Alfiari

198 5768 401 5824 adultos
431 5767 505 5824 ita
549 5776 605 5823 ut
632 5767 832 5825 altlatui
880 5769 1131 5825 resistere
1182 5778 1481 5841 nequeant,
1537 5779 1785 5837 negasset

1869 4674 1935 4728 iis
1957 4673 2044 4742 qui
2068 4670 2360 4741 prmdicato
2383 4668 2483 4724 sibi
2508 4666 2800 4736 Evangelio
2828 4679 2933 4718 non
2958 4662 3315 4726 crediderant,
3345 4679 3451 4717 non

1868 4765 1935 4819 de
1956 4763 2271 4827 infantibus,
2295 4762 2487 4833 quibus
2510 4775 2616 4815 non
2648 4756 2986 4828 prmdieatur.
3014 4752 3110 4818 Qui
3140 4753 3272 4807 tales
3294 4755 3456 4809 inter-

1868 4855 2199 4926 pretationes
2228 4854 2525 4923 Scriptura:
2554 4859 2889 4916 concoquere
2932 4846 3121 4914 potuit,
3154 4846 3277 4916 quid
3311 4849 3363 4900 in
3395 4865 3455 4904 ea

1876 4962 1982 5002 non
2014 4947 2185 5015 potuit
2213 4945 2461 4998 invenire
2480 4943 2505 4993 τ’

1874 5048 1877 5055 ‘
1948 5037 2040 5092 ιχ.
2076 5036 2282 5092 Scimus
2311 5034 2484 5103 felices
2514 5048 2621 5087 esse
2642 5040 2866 5087 mortuos
2897 5036 2983 5103 qui
3013 5037 3064 5088 in
3099 5034 3317 5089 Domino
3348 5052 3462 5087 mo-

1877 5133 2101 5194 riuntur,
2124 5144 2216 5181 nec
2245 5128 2312 5179 ad
2335 5142 2419 5180 eos
2454 5126 2706 5197 pertinere
2733 5127 2984 5195 quidquid
3028 5131 3194 5182 acturi
3235 5131 3462 5198 fuerant,

1875 5225 1921 5278 si
1949 5216 2169 5293 tempore
2196 5220 2516 5273 diuturniore
2548 5220 2810 5275 vixissent.
2838 5220 3210 5275 Commentum
3239 5220 3335 5273 fuit
3364 5218 3467 5271 Pe-

1879 5314 2239 5384 lagianorum,
2269 5312 2381 5381 qui,
2418 5320 2476 5365 ut
2505 5310 2616 5377 alii,
2661 5311 2918 5381 putabant
2949 5327 3139 5381 pueros
3170 5324 3274 5363 non
3308 5321 3465 5377 posse

1883 5406 2105 5476 gloriam
2131 5405 2406 5458 cmlestem
2437 5404 2689 5472 consequi
2718 5404 2834 5457 sine
2870 5403 3157 5471 baptismo,
3182 5410 3240 5453 ut
3270 5398 3462 5452 redde-

1891 5507 2008 5551 rent
2040 5495 2301 5549 rationem
2333 5509 2428 5548 cur
2472 5494 2561 5547 alii
2590 5494 2805 5562 quidem
2854 5493 3085 5545 infantes
3129 5503 3466 5545 morerentur

1891 5587 2007 5641 sine
2034 5586 2316 5654 baptismo,
2348 5585 2437 5638 alii
2477 5600 2607 5638 vero
2650 5584 3048 5652 baptizarentur
3072 5591 3355 5649 antequam
3389 5582 3469 5634 in-

1891 5680 2135 5734 terirent.
2167 5674 2381 5732 Priorcs
2408 5690 2601 5744 nempe
2626 5674 2945 5744 prarviderat
2963 5673 3106 5727 Deus
3131 5673 3243 5728 fore
3274 5674 3376 5728 mal
3418 5690 3465 5736 s.

1892 5770 1936 5824 si
1964 5770 2236 5842 viverent;
2272 5766 2595 5838 posteriores
2622 5773 2804 5822 contra
2828 5763 2942 5819 fore
2970 5764 3155 5829 bonos,
3183 5764 3229 5819 si
3259 5764 3467 5818 diutur-
