3908 6340
505 348 610 403 535

1392 331 1943 390 SUPPLEMENTUM
1985 329 2075 384 Al)
2113 326 2340 382 OPERA
2383 328 2440 381 S.
2484 327 2871 384 AUCUSTINI.
3635 335 3713 390 536

507 467 710 516 norem
752 461 912 514 vitam
963 458 1243 511 haberent.
1295 455 1447 518 Quod
1503 452 1790 507 absardum
1829 458 1913 505 est
1937 464 2084 504 com-
2115 453 2164 512 Α
2195 449 2451 513 misisset,
2476 448 2754 516 multaque
2788 445 3078 513 Evangelio
3095 445 3205 498 add
3228 444 3387 498 disset
3411 447 3630 501 credendi
3654 451 3716 504 in.

508 563 769 609 mentum.

576 646 643 699 Χ.
679 645 883 700 Scimus
913 659 995 695 eos
1029 643 1115 710 qui
1143 640 1295 694 corde
1344 638 1553 707 proprio
1585 635 1796 688 credunt
1827 634 1880 686 in
1911 632 2090 685 Domi-

508 753 649 799 num,
673 752 768 788 sua
791 735 842 786 id
871 735 1038 804 facere
1077 732 1335 785 voluntate
1364 746 1422 781 ac
1446 728 1602 782 libera
1628 727 1856 778 arbitrio.
1884 722 2093 777 Conce-

506 829 667 879 dcbat
697 825 959 894 Pelagius,
987 823 1080 876 sed
1115 823 1215 877 hoc
1246 823 1428 889 negari
1451 820 1518 874 ab
1545 817 1842 888 Augustino
1869 824 2094 870 conten-

508 918 702 979 debat;
757 917 878 985 quia
911 913 1189 982 Augustini
1241 909 1598 966 ineluctabilis
1644 909 1857 960 altlatus
1895 905 2088 958 ewrtit

511 1008 825 1068 libertatem;
851 1019 968 1074 qua:
989 1003 1130 1058 nulla
1151 1011 1254 1065 est,
1279 1002 1379 1056 nisi
1409 999 1458 1053 id
1486 997 1658 1068 possis
1681 996 1931 1050 omittere
1953 994 2092 1063 quod

511 1099 673 1161 lacis;
709 1097 809 1151 hoc
850 1107 964 1160 est,
994 1093 1262 1148 vocationi
1311 1091 1508 1146 divina:
1544 1090 1615 1143 ita
1662 1085 2008 1157 obsequaris,
2041 1095 2095 1139 ut

512 1205 627 1242 eam
653 1188 826 1257 possis
855 1185 1146 1256 negligere.

584 1279 672 1333 XI.
702 1278 906 1333 Scimus
929 1292 1022 1344 pro
1051 1278 1140 1340 eis,
1172 1275 1260 1344 qui
1292 1273 1473 1326 nolunt
1516 1269 1720 1326 credere
1748 1286 1839 1322 nos
1874 1268 1958 1336 qui
1981 1272 2097 1338 jam

511 1371 763 1422 credimus
808 1376 948 1422 recta
989 1367 1092 1434 ﬁde
1130 1380 1281 1434 agere
1323 1380 1441 1416 cum
1483 1361 1762 1415 Dominum
1810 1376 2012 1412 oramus
2045 1369 2099 1410 ut

514 1461 688 1515 velint.
721 1459 830 1515 Nec
853 1460 952 1514 hoc
982 1473 1087 1512 non
1117 1456 1304 1511 orabat
1334 1455 1596 1525 Pelagius,
1630 1453 1724 1508 sed
1754 1467 1862 1507 non
1888 1453 2102 1518 petebat

512 1569 539 1605 a
574 1554 683 1608 Deo
720 1561 778 1606 ut
803 1550 1218 1607 ineluctabiliter
1247 1549 1552 1604 voluntates
1602 1545 1879 1600 hominum
1915 1544 2096 1598 ﬂecte-

512 1654 620 1707 ret,
655 1643 749 1696 sed
781 1651 986 1696 tantum
1038 1650 1097 1695 ut
1126 1639 1360 1704 laceret,
1394 1651 1515 1709 qua:
1549 1637 1786 1691 diximus
1811 1634 1878 1688 ad
1905 1634 1932 1704 ς
1965 1633 2000 1686 2
2023 1672 2038 1697 ,
2070 1649 2097 1685 a

511 1734 622 1787 Deo
655 1734 768 1788 ﬁeri
810 1743 868 1787 ut
896 1748 991 1789 cor
1027 1732 1304 1787 hominum
1336 1730 1642 1794 molliatur;
1676 1728 2096 1794 ostendebatque

2197 539 2505 601 citantcnta,
2536 538 2816 607 quisquam
2849 537 2896 589 ei
2929 535 3266 589 credidisset.
3296 536 3418 601 Quis
3458 537 3712 593 divitiarum

2197 648 2382 686 amans
2412 648 2515 686 non
2546 631 2747 700 gratias
2774 640 2956 699 ageret
2987 628 3189 681 homini
3209 628 3296 694 qui
3313 643 3427 680 eum
3454 629 3631 682 divitiis
3648 646 3717 683 cu-

2199 729 2474 792 mulasset,
2491 727 2736 795 quamvis
2753 735 2810 778 ttt
2831 739 2923 778 eas
2946 723 3216 792 acciperet
3239 722 3446 776 minime
3465 724 3719 792 coegisset?

2198 819 2327 885 Quis
2376 835 2482 874 non
2512 828 2667 887 grato
2694 818 2874 870 animo
2905 816 2976 869 sit
3021 827 3145 882 erga
3192 829 3309 866 eum
3339 812 3427 880 qui
3452 823 3579 866 recta
3607 815 3652 865 in
3675 829 3722 866 re

2202 911 2376 981 magni
2402 911 2657 966 momenti
2681 907 2900 963 consilia
2924 905 3168 975 praebuit,
3201 904 3437 973 quamvis
3461 902 3591 955 irrita
3616 903 3718 956 luis-

2200 1015 2338 1069 sent,
2367 1003 2468 1058 nisi
2502 1002 2634 1056 ﬁdes
2665 1001 2745 1055 eis
2789 998 2966 1052 habita
3009 995 3195 1050 esset?
3224 994 3351 1060 Quis
3378 993 3523 1046 ﬁdem
3563 1007 3719 1054 suam,

2199 1106 2293 1150 aut
2318 1095 2552 1150 alienam
2573 1093 2751 1148 animo
2774 1100 3045 1160 reputans,
3069 1102 3377 1156 summaque
3403 1086 3487 1139 Dei
3508 1100 3611 1154 qua:
3630 1099 3722 1139 eam

2199 1195 2604 1256 consequuntur
2635 1185 2914 1248 benelicia,
2951 1184 3058 1237 Deo
3086 1182 3285 1250 gratias
3315 1180 3383 1234 ob
3411 1193 3471 1232 ea
3497 1187 3548 1231 et
3573 1177 3722 1235 ﬁdem.

2201 1280 2355 1347 cttjtts
2397 1278 2706 1346 potissimus
2734 1284 2920 1330 auctor
2949 1284 3031 1327 est
3058 1273 3222 1333 Deus,
3268 1286 3370 1324 non
3404 1267 3620 1322 habeat?
3642 1265 3725 1320 Sed

2203 1369 2315 1423 haec
2341 1369 2475 1438 grati
2501 1367 2661 1421 animi
2692 1366 2993 1421 testiﬁcatio
3021 1379 3124 1418 non
3169 1362 3331 1416 debet
3354 1374 3469 1414 esse
3487 1357 3727 1427 ejusmodi,

2204 1469 2260 1513 ttt
2286 1460 2409 1514 dtnn
2438 1461 2551 1514 Deo
2581 1474 2676 1528 pro
2709 1457 2811 1513 ﬁde
2837 1456 3170 1511 credentium
3203 1461 3379 1522 grates
3408 1448 3726 1518 rependimus;

2204 1553 2274 1605 ita
2310 1551 2379 1604 de
2405 1566 2471 1604 eo
2501 1551 2818 1615 sentiamus,
2863 1548 3010 1616 quasi
3046 1563 3152 1600 non
3187 1544 3362 1598 minus
3399 1555 3545 1596 causa
3585 1539 3644 1592 sit
3668 1537 3730 1590 in-

2205 1644 2539 1698 credulitatis
2557 1643 2951 1698 contumacium
2975 1655 3131 1709 quam
3165 1637 3288 1693 ﬁdei
3311 1633 3643 1694 credentium;
3664 1637 3732 1681 aut

2204 1751 2266 1790 ea
2295 1735 2554 1792 dicamus.
2587 1749 2649 1787 es
2679 1733 2872 1802 quibus
2899 1731 3209 1785 necessario
3237 1726 3472 1796 sequitur
3497 1737 3582 1776 eos
3621 1719 3732 1788 justo

511 1823 579 1875 iis
612 1824 856 1890 precibus
896 1837 1134 1878 amorem
1172 1837 1281 1891 quo
1312 1820 1618 1889 proximum
1647 1816 2095 1888 prosequebatur,

2209 1841 2232 1880 a
2269 1817 2377 1881 Deo
2406 1824 2562 1892 plecti
2586 1837 2692 1878 non
2725 1836 2913 1892 posse;
2945 1820 3088 1889 quod
3117 1819 3317 1874 faciunt
3342 1814 3428 1883 qui
3453 1813 3618 1867 dicunt
3638 1822 3732 1877 pec-

511 1914 636 1966 dttm
662 1917 875 1982 optabat
893 1929 1014 1969 eum
1039 1913 1232 1968 divina:
1251 1912 1372 1966 voci
1397 1911 1723 1980 morigerum
1744 1925 1802 1964 se
1831 1908 2092 1977 pra-bere.

585 2003 692 2057 XII.
721 2005 923 2059 Scimus
951 2021 1042 2073 pro
1059 2007 1151 2072 eis,
1168 2006 1255 2075 qui
1276 2021 1338 2058 ex
1357 2004 1461 2058 illis
1482 2001 1830 2065 crediderunt,
1855 2009 2097 2069 lanquant

512 2098 573 2150 de
601 2098 882 2166 beneﬁciis,
914 2107 1048 2152 recte
1089 2108 1242 2165 atque
1289 2096 1534 2150 veraciter
1564 2102 1610 2146 et
1636 2092 1815 2145 debere
1857 2106 1949 2143 nos
1987 2087 2097 2142 Deo

512 2206 661 2258 agere
686 2191 879 2259 gratias
909 2199 952 2241 tt
982 2191 1162 2244 solere.
1191 2188 1282 2244 Sic
1320 2187 1480 2242 etiam
1519 2185 1787 2238 faciebant
1827 2181 2097 2250 Pelagiani

510 2297 722 2344 omnes,
757 2290 847 2336 aut
877 2281 1052 2336 facere
1091 2291 1238 2334 certe
1275 2278 1580 2341 debebant;
1613 2291 1734 2330 nam
1763 2274 1895 2327 nihil
1935 2274 2099 2327 habe-

515 2374 643 2427 bant
663 2374 963 2440 credentes,
993 2390 1058 2427 ex
1089 2388 1274 2427 eorum
1300 2370 1588 2437 sententia,
1616 2369 1758 2438 quod
1790 2383 1818 2419 a
1850 2367 1958 2421 Deo
1988 2381 2095 2420 non

515 2463 877 2530 accepissent;
899 2480 996 2519 nec
1023 2464 1068 2517 si
1095 2465 1234 2518 Deus
1267 2461 1618 2532 Evattgelium
1639 2459 1706 2513 ad
1732 2458 1975 2513 homines
1989 2473 2098 2511 non

523 2593 3212 2620 W—

2205 1927 2324 1970 cato
2367 1915 2558 1970 Adami
2607 1915 2774 1968 laetos
2805 1921 3148 1981 peccatores,
3183 1920 3461 1976 antequam
3504 1908 3662 1956 essent
3693 1897 3731 1949 in

2207 2023 2382 2064 rerum
2413 2015 2624 2069 natura,
2648 2005 2890 2073 talesque
2922 2001 3093 2066 nasci,
3125 2009 3219 2054 aut
3250 1992 3589 2053 necessarium
3612 1987 3732 2056 quid-

2208 2103 2346 2168 piam
2377 2098 2443 2152 ad
2496 2098 2654 2151 tidem
2687 2094 2977 2149 incredulis
3004 2092 3262 2147 defuisse.
3297 2086 3398 2144 Sed
3429 2086 3536 2138 Itrec
3575 2079 3729 2168 obiter,

2208 2206 2329 2244 nam
2371 2190 2440 2244 de
2482 2188 2627 2242 hisce
2655 2185 3033 2241 controversiis
3059 2184 3281 2252 copiose
3319 2177 3626 2245 scripserunt
3657 2167 3733 2222 viri

2205 2283 2520 2349 doctissimi,
2555 2280 2854 2350 praesertim
2890 2281 2940 2333 in
2975 2279 3160 2347 Belgio
3190 2275 3488 2334 Fcederato,
3530 2267 3608 2322 ubi
3645 2279 3734 2318 ma-

2206 2388 2310 2440 gno
2337 2372 2639 2426 animorum
2675 2381 2809 2426 testu
2842 2371 2970 2424 olint
2993 2371 3213 2438 agitata:
3241 2374 3384 2423 sunt.

3315 2577 3714 2601 _—“

1542 2723 1650 2798 IN
1727 2686 2153 2794 TOMUM'
2215 2719 2764 2792 TERTIUM.

634 3008 1030 3066 DiiSlDERIUS
1085 3006 1407 3062 ERASMUS
1449 3005 1540 3059 AD
1581 3004 1975 3060 LECTOREM.

589 3146 644 3196 In
678 3141 817 3194 hunc
842 3141 1063 3195 tertium
1094 3149 1147 3192 et
1175 3149 1419 3206 quartum
1465 3147 1778 3207 sequentem
1820 3147 1995 3194 tomos
2026 3141 2104 3194 di-

518 3233 780 3302 gessimus
806 3236 872 3288 τὰ
901 3229 1182 3294 διδακτικά,
1218 3231 1316 3283 hoc
1337 3241 1439 3295 est,
1473 3245 1592 3299 qua)
1620 3245 1720 3285 nec
1749 3239 1874 3285 sunt
1903 3233 2104 3301 episto-

534 3330 628 3391 las,
676 3339 771 3377 nec
799 3325 864 3376 ad
916 3322 1164 3392 pupulum
1195 3323 1360 3386 dicta,
1394 3337 1492 3376 nec
1518 3323 1776 3377 adversus
1829 3323 2108 3379 ltzereticos

523 3416 834 3485 pugnantia,
865 3413 958 3469 sed
991 3413 1174 3468 lectori
1204 3414 1499 3468 erudiendo
1537 3416 1752 3484 scripta.
1787 3415 1958 3471 Nutha
1984 3433 2109 3472 cen-

522 3506 663 3560 suris
691 3506 888 3559 additis
918 3503 1298 3571 indicavimus,
1329 3519 1397 3561 ne
1426 3506 1547 3574 quis
1572 3521 1712 3560 erret
1740 3507 1998 3562 insciens.

981 3615 1642 3674 ANIMADVERSIONES

785 3727 835 3766 ΙΝ
874 3725 1054 3767 LIBROS
1093 3727 1160 3764 DE
1199 3724 1456 3764 DOCTRINA
1497 3724 1837 3764 CIIMSTIANA.

593 3825 720 3878 Pam
739 3838 857 3879 060.
889 3822 915 3892 ς
945 3823 996 3876 ι.
1032 3819 1158 3874 Haec
1183 3821 1384 3873 tradere
1407 3819 1606 3874 institui
1632 3820 1915 3874 volentibus
1935 3831 1981 3872 et
2011 3835 2102 3873 tta-

527 3926 745 3968 .esnous
777 3914 989 3975 discere,
1018 3913 1058 3963 si
1081 3909 1226 3963 Deus
1255 3927 1316 3962 ac
1343 3907 1593 3964 Dominus
1620 3919 1789 3964 noster
1814 3928 1874 3964 ea
1902 3928 2012 3980 quae
2043 3915 2106 3966 de

525 4010 620 4057 hac
643 4020 696 4055 re
717 4002 963 4070 cogitanti
985 3999 1110 4054 solet
1134 4016 1402 4070 suggerere
1417 3999 1572 4053 etiam
1593 4001 1832 4054 scribenti
1861 4002 1985 4055 mihi
2007 4019 2107 4056 non

527 4092 779 4165 deneget.]
831 4093 1085 4158 Quamvis
1149 4095 1315 4148 bonas
1372 4108 1561 4149 omnes
1621 4096 1974 4163 cogitationes
2039 4096 2105 4150 ad

529 4186 716 4249 Deum,
747 4187 898 4253 quasi
930 4182 996 4237 ad
1028 4183 1288 4239 bonorum
1331 4184 1570 4238 omnium
1595 4185 1821 4254 primam
1848 4199 2061 4240 causam
2089 4225 2104 4252 ,

527 4276 731 4332 referre
758 4277 1069 4343 debeamus,
1103 4291 1209 4328 non
1238 4277 1306 4331 ita
1339 4284 1516 4332 tamen
1573 4276 1924 4346 loquendum,
1955 4279 2107 4346 quasi

531 4368 672 4422 Deus
695 4382 793 4422 nos
816 4365 1046 4431 amaret,
1082 4377 1136 4419 et
1163 4365 1418 4435 quidquid
1462 4366 1660 4421 bonum
1690 4382 1810 4423 esse
1837 4369 2106 4425 credimus

2210 3006 2370 3061 hodie
2391 3018 2549 3060 nemo
2561 3012 2645 3058 est
2663 3003 2803 3059 inter
2822 3004 3061 3058 eruditos
3087 3021 3182 3074 qui
3206 3005 3331 3058 vetit
3358 3000 3452 3054 sub
3466 2993 3656 3050 nomine
3667 2997 3740 3045 suo

2133 3078 2179 3139 Ο
2214 3096 2324 3161 edi,
2354 3111 2472 3164 quae
2505 3094 2875 3164 suggestiones
2896 3093 3092 3148 divinat
3113 3096 3180 3147 ab
3218 3102 3431 3147 auclore
3455 3086 3742 3158 putabantur.

2286 3186 2450 3241 Lmao
2477 3200 2516 3240 ι.
2547 3187 2675 3254 Cap.
2711 3185 2798 3248 50,
2831 3184 2858 3255 §
2882 3184 2971 3240 51.
2997 3184 3103 3240 Sed
3126 3197 3307 3238 utrum
3331 3183 3398 3237 ad
3423 3182 3520 3234 duo
3544 3176 3626 3231 illa
3642 3186 3744 3245 pre-

2212 3288 2357 3346 cepta
2379 3277 2469 3348 (de
2494 3276 2724 3331 amando
2755 3278 2862 3331 Deo
2890 3285 2946 3331 et
2973 3280 3252 3348 proxima)
3283 3277 3431 3331 etiam
3451 3271 3635 3328 dilectio
3659 3280 3744 3336 per-

2213 3371 2367 3423 tineat
2387 3369 2686 3439 angelorum
2708 3384 2808 3424 non
2831 3369 3268 3425 irrationabiliter
3286 3369 3442 3440 quazri
3469 3358 3654 3433 potest.]
3668 3355 3742 3424 Qui

2211 3475 2316 3515 non
2349 3461 2642 3515 oscitanter
2668 3459 2915 3530 legerunt
2943 3459 3306 3530 Scriptttram,
3336 3457 3542 3515 nomine
3566 3446 3745 3522 proximi

2214 3560 2418 3606 tantum
2464 3560 2558 3606 aut
2584 3550 2827 3619 ejusdem
2857 3553 3066 3621 gentis,
3113 3554 3205 3608 vel
3242 3552 3450 3608 familiae
3486 3545 3742 3602 hominem.

2215 3649 2308 3694 aut
2332 3641 2572 3710 ejusdem
2621 3648 2827 3696 natura:
2867 3641 3116 3697 humana:
3162 3631 3480 3712 participem
3509 3627 3746 3706 signiﬁcari

2213 3738 2430 3784 norunt.
2456 3729 2565 3786 Nec
2591 3730 2733 3786 Deus
2759 3745 2858 3786 nos
2882 3730 3041 3800 jussit
3081 3746 3278 3788 amare
3307 3729 3547 3800 angelos,
3571 3720 3747 3792 quibus-

2210 3838 2332 3876 cum
2362 3838 2466 3877 non
2500 3838 2798 3891 versamur,
2823 3834 2876 3880 et
2903 3839 3038 3896 quos
3064 3824 3238 3881 etiam
3267 3839 3424 3880 nemo
3451 3819 3566 3876 odio
3589 3812 3748 3870 habere

2214 3924 2410 3985 potest.

2283 4005 2418 4074 Cap.
2447 4005 2538 4073 56,
2568 4005 2709 4076 μί.
2739 4007 2814 4062 De
2840 4006 3134 4076 interprete
3176 4008 3472 4076 Scriptura;
3494 4001 3579 4072 qui
3603 4005 3748 4052 verant

2212 4096 2426 4166 quidem
2468 4097 2790 4152 sententiam
2831 4097 3024 4167 quatrit
3052 4098 3107 4152 in
3147 4099 3461 4168 Scriptura,
3501 4091 3587 4148 sed
3611 4088 3749 4143 alieno

2213 4186 2331 4241 loco
2357 4205 2368 4240 :
2395 4187 2740 4257 Corrigendus
2760 4199 2834 4242 est
2857 4197 3042 4252 tamen,
3072 4188 3268 4258 inquit,
3295 4198 3344 4241 et
3362 4200 3512 4257 quam
3528 4182 3590 4238 sit
3612 4175 3749 4232 utilius

2211 4277 2344 4330 viam
2366 4278 2467 4332 nor't
2489 4280 2720 4333 deserere
2746 4279 3204 4332 demonstrandum
3221 4291 3331 4350 est,
3361 4296 3423 4332 ne
3437 4267 3752 4330 consuetudins

2213 4366 2471 4433 deviandi,
2494 4371 2649 4423 etiam
2675 4371 2729 4424 in
2758 4379 3102 4424 transversum
3128 4382 3222 4426 aut
3241 4384 3526 4441 perversum
3547 4368 3611 4418 ire
3632 4373 3751 4430 €09“'

527 4461 686 4515 veluti
710 4460 956 4514 dictaret.
986 4458 1218 4513 Primum
1245 4459 1389 4512 enim
1421 4457 1528 4511 falli
1549 4473 1692 4529 saepe
1723 4473 2025 4528 possumu~,
2051 4468 2107 4514 ut
2135 4439 2187 4500 Ῑ)
2213 4467 2311 4522 tur,
2349 4470 2454 4517 etc.
2489 4461 2614 4516 Hmc
2643 4471 2768 4516 sunt
2797 4462 3120 4518 conferenda
3151 4439 3277 4518 cum
3316 4465 3382 4519 iis
3419 4476 3536 4533 quae
3558 4455 3750 4513 diximus

527 4559 710 4608 verum
741 4567 860 4606 esse
891 4560 1137 4619 putemus
1165 4550 1309 4619 quod
1337 4564 1442 4604 non
1474 4559 1575 4613 est,
1623 4549 1768 4618 quod
1800 4550 2108 4620 frequenter

529 4645 823 4715 Augustino
846 4643 1103 4712 contigit;
1128 4655 1190 4694 ac
1222 4641 1447 4710 proinde
1473 4641 1767 4694 cavendum
1800 4657 1868 4695 ne
1894 4652 2108 4698 nostros

527 4743 742 4791 errores
775 4737 881 4790 Deo
900 4737 1220 4790 tribuamus.
1255 4733 1456 4788 Deinde
1478 4747 1810 4803 qumcunque
1832 4749 1956 4790 vere
1977 4736 2108 4790 diei~

530 4842 646 4878 mus
673 4841 777 4879 non
818 4837 944 4880 sunt
979 4834 1263 4894 propterea
1293 4839 1320 4874 a
1350 4823 1460 4876 Deo
1488 4831 1754 4891 suggesta,
1784 4838 1904 4877 cum
1932 4839 1995 4878 ea
2027 4825 2108 4880 in-

529 4915 787 4966 ειῑιιιιίο.ιί
813 4916 1130 4984 Iectionique
1162 4916 1497 4984 plerumque,
1529 4913 1636 4972 Deo
1662 4929 1997 4983 nequaquam
2026 4917 2104 4968 in-

533 5003 891 5068 terveniente,
925 5005 1237 5059 debeamus.
1294 5003 1536 5074 Denique
1583 5005 1626 5056 si
1670 5004 1825 5070 alius,
1859 5004 1949 5074 qui
1993 5006 2104 5073 pari

527 5097 647 5164 jure
661 5095 875 5164 gaudet,
890 5094 989 5147 sibi
1017 5097 1365 5164 cogitationes
1385 5111 1507 5151 suas
1529 5112 1557 5150 a
1578 5095 1690 5151 Deo
1705 5097 1915 5166 suggeri
1941 5096 2103 5165 dicat,

531 5203 585 5246 et
613 5190 875 5245 contraria
911 5190 1164 5258 proferat,
1197 5194 1318 5260 quis
1349 5192 1401 5245 in
1427 5193 1771 5248 concordiam
1799 5191 2003 5262 rediget
2029 5193 2109 5246 af-

532 5289 684 5340 ﬁatos
713 5295 874 5337 nosce
902 5283 1189 5337 homines?
1230 5282 1300 5338 Se
1333 5286 1564 5340 invicem
1596 5286 1931 5340 inlamabunt
1955 5286 2106 5355 quasi

530 5375 1044 5445 pseud0pr0phetas,
1076 5383 1130 5426 et
1155 5374 1491 5428 internecino
1519 5374 1663 5429 bello
1695 5388 2105 5446 persequentur,

530 5467 656 5523 dum
680 5466 925 5523 homines
954 5467 1129 5519 minus
1161 5465 1393 5534 religiosi
1426 5466 1597 5534 ipsam
1630 5467 1940 5536 religionem
1971 5468 2108 5523 ride-

531 5557 682 5620 hunt,
708 5574 864 5626 quam
885 5555 1444 5612 animadvertentcum
1469 5558 1694 5612 somniis
1722 5559 1957 5613 misceri.
1976 5559 2110 5614 Sunt

528 5659 583 5699 et
612 5644 712 5698 alia
743 5646 1078 5701 incommoda
1125 5662 1244 5717 quae
1275 5647 1399 5702 hinc
1437 5647 1585 5702 nasci
1628 5657 1844 5718 queant,
1879 5664 2109 5717 quorum

529 5735 698 5793 miror
727 5739 781 5792 in
820 5748 1052 5792 mentem
1096 5739 1390 5809 Augustino
1421 5754 1526 5794 non
1577 5741 1810 5796 venisse.
1865 5741 2110 5797 l‘rol‘ecto

2210 4550 2277 4604 ad
2306 4549 2716 4606 Confessionnm
2743 4553 2834 4606 lib.
2861 4570 2956 4615 ιιι,
2989 4568 3106 4622 cap.
3135 4557 3227 4624 17,
3257 4557 3349 4610 ubi
3374 4557 3507 4608 Deus
3525 4540 3749 4604 contraria

2211 4641 2527 4710 Augustino,
2563 4644 2607 4696 si
2633 4642 2701 4698 de
2740 4659 2800 4699 se
2828 4643 3067 4700 creditur
3112 4646 3236 4714 ipsi,
3288 4643 3620 4715 suggerebat;
3657 4645 3750 4687 nam

2211 4745 2329 4800 qua:
2352 4731 2459 4786 illic
2481 4732 2640 4786 habet
2671 4733 2772 4788 sibi
2801 4748 2829 4787 a
2861 4735 2969 4789 Deo
2999 4735 3355 4805 suggesta'ab
3378 4736 3527 4789 initio
3555 4725 3659 4784 libri
3686 4724 3751 4776 itt-

2213 4823 2345 4878 nttit.
2372 4823 2480 4879 Sed
2511 4826 2745 4879 secunda
2776 4827 3049 4896 suggestio
3079 4829 3265 4898 priore
3295 4829 3466 4882 multo
3493 4821 3679 4878 nteli0r.

2281 4914 2408 4986 Cap.
2435 4915 2524 4982 39,
2557 4916 2582 4988 ᾗ
2613 4918 2698 4972 45.
2739 4917 2907 4971 Homo
2963 4920 3134 4989 itaque
3185 4921 3319 4988 fide,
3367 4934 3458 4988 spe
3496 4924 3542 4970 et
3579 4908 3751 4965 caritate

2209 5009 2477 5076 subnixus,
2509 5027 2669 5078 eaque
2697 5011 2998 5064 inconcusse
3032 5013 3282 5079 retinens,
3317 5027 3418 5064 non
3439 5008 3619 5075 indiget
3642 4993 3754 5054 Scriv

2211 5103 2394 5170 pluris,
2429 5103 2527 5156 nisi
2547 5103 2615 5154 ad
2642 5103 2772 5156 alios
2800 5103 3144 5159 instruendos.
3182 5103 3369 5173 Itaque
3394 5101 3537 5155 multi
3567 5109 3646 5164 per
3669 5091 3752 5139 Im

2211 5193 2311 5245 tria
2334 5193 2386 5245 in
2415 5192 2693 5246 solitudine
2715 5194 2825 5247 sine
2846 5194 3103 5248 codicibus
3130 5193 3350 5263 vivunt.]
3377 5192 3543 5246 Nemo
3572 5199 3662 5240 tam
3688 5182 3754 5231 est

2215 5285 2414 5351 peritus
2441 5282 2731 5353 Scriptura:
2760 5286 2887 5354 quin
2919 5287 3153 5356 indigeat
3181 5287 3481 5349 codicibus,
3509 5293 3629 5349 quos
3647 5285 3752 5327 con;

2212 5375 2355 5430 sulat
2385 5386 2438 5429 et
2465 5377 2607 5443 legat
2635 5377 2884 5432 subinde.
2906 5377 3064 5445 Quod
3090 5379 3133 5432 si
3161 5379 3280 5448 quis
3325 5377 3530 5430 litteras
3555 5365 3752 5424 nesciat.

2214 5466 2286 5519 ibi
2316 5466 2490 5534 potius
2516 5466 2679 5520 debet
2719 5466 2903 5522 vivere
2933 5467 3020 5522 ubi
3051 5469 3298 5538 leguntur
3327 5481 3487 5535 quant
3529 5463 3576 5515 in
3603 5455 3753 5510 solitu-

2214 5555 2360 5611 dine.
2390 5555 2443 5611 Si
2486 5557 2606 5626 quis
2652 5556 2816 5623 sciat,
2841 5560 3104 5628 protervia
3133 5569 3214 5614 est
3241 5567 3298 5611 et
3327 5552 3630 5626 negligentia
3667 5556 3751 5598 non

2216 5647 2565 5716 ignoscenda,
2584 5648 2628 5704 si
2651 5649 2863 5704 codices
2885 5648 2985 5705 sibi
3001 5666 3106 5713 non
3127 5660 3420 5716 comparet.
3447 5647 3562 5700 Ilwc
3583 5644 3752 5694 merum

2223 5741 2646 5798 entltusiasmunt
2675 5739 2942 5796 redolent.
