3908 6314
246 325 344 384 357
942 326 1294 384 VARlORUM
1327 324 1929 384 EXERClTATlONES
1957 325 2018 380 IN
2061 327 2120 381 S.
2157 327 2524 385 AUGUSTINI
2554 329 2805 388 OPERA.

3410 334 3526 398 S38

309 447 477 500 Ltnno
509 462 568 509 tl,
598 460 717 511 cap.
751 444 804 504 8.
835 445 861 512 ς)
898 444 984 497 l2.
1019 444 1088 498 In
1109 445 1367 498 canonicis
1393 453 1562 498 autem
1587 442 1823 512 Scriptu-
1852 443 1912 503 Δ,
1937 443 2083 496 nullo
2109 444 2282 497 modo.
2312 444 2382 498 Ut
2421 446 2555 499 enim
2589 445 2792 515 cuique,
2820 447 2999 516 primis
3029 449 3151 516 ﬁdei
3189 451 3516 521 temporibus,

236 543 305 591 ris
332 538 690 591 Ecclesiarum
713 537 1256 605 catltolicarumquam
1288 535 1518 604 plurium
1546 534 1831 588 auctorifa-

233 638 332 680 trm
370 637 688 696 sequuntur,
715 628 848 679 inter
883 642 1014 695 quas
1041 642 1166 678 sane
1194 624 1303 680 illa
1324 637 1466 689 sunt,
1487 640 1600 688 qua:
1624 633 1831 693 aposto-

232 721 362 770 lica:
412 718 561 770 sedes
588 716 773 770 habere
813 730 860 770 et
909 717 1151 786 epistolas
1206 718 1434 787 accipere
1490 713 1830 785 merueruntj

231 809 574 877 Apostolicae
615 809 773 862 sedes
823 818 950 862 sunt
998 824 1078 863 ea:
1126 810 1180 863 in
1230 809 1423 878 quibus
1454 809 1554 878 ipsi
1603 807 1832 875 apostoli

230 902 524 969 episcOpos
553 902 981 963 constituerunt,
1029 916 1148 970 quae
1195 915 1317 954 cum
1353 907 1537 954 essent
1587 899 1831 952 omnium

231 991 662 1058 antiquissimae,
710 990 980 1044 debebant
1027 991 1216 1059 prima:
1258 991 1496 1043 omnium
1535 988 1830 1057 apostolica

231 1083 440 1150 scripta
487 1096 609 1135 esse
640 1089 831 1135 nacta}.
861 1081 1054 1135 Mirum
1081 1091 1166 1134 est
1195 1081 1547 1149 Augustinum
1586 1080 1674 1134 hic
1699 1073 1858 1132 nihil

235 1173 440 1226 habere
470 1173 542 1227 de
569 1188 752 1226 eorum
783 1173 1047 1228 sententia
1071 1172 1185 1241 qui,
1228 1172 1296 1227 ad
1329 1171 1491 1226 Vetus
1521 1173 1832 1226 Testamen-

237 1273 348 1316 tum
377 1263 527 1331 quod
556 1265 765 1328 attinet,
799 1265 974 1317 nullos
1002 1264 1136 1318 alios
1163 1265 1528 1333 agnoscebant
1560 1263 1724 1317 libros
1745 1278 1832 1317 ca-

247 1356 476 1408 nonicos
514 1364 706 1423 prater
727 1370 822 1409 eos
851 1356 941 1422 qui
982 1355 1243 1410 llebraice
1272 1355 1564 1424 conscripti
1599 1353 1829 1419 fuerant,

244 1460 402 1514 quam
434 1461 507 1500 ex
544 1446 852 1516 Hieronymi
884 1446 1100 1515 scriptis
1135 1460 1464 1515 cognoscere
1502 1446 1690 1514 potuit.

314 1536 477 1600 lbid.,
514 1536 658 1607 διδ.
711 1538 800 1590 Illi
837 1539 938 1589 duo
980 1538 1120 1600 libri,
1157 1554 1288 1590 unus
1329 1538 1413 1603 qui
1464 1537 1738 1606 Sapientia
1788 1547 1833 1590 et

255 1625 386 1680 alius
412 1627 502 1693 Qui
529 1625 687 1679 Eccle.
708 1628 914 1679 iasticus
931 1628 1249 1692 inscribitur,
1274 1628 1336 1680 de
1353 1628 1577 1695 quadam
1594 1628 1834 1680 similitu-

247 1721 360 1771 dine
403 1718 702 1773 Salomonis
733 1734 842 1771 esse
875 1719 1149 1783 dicuntur;
1180 1735 1300 1772 num
1341 1721 1494 1773 Jesus
1525 1718 1708 1774 Siraclt
1747 1737 1832 1773 eos

1933 536 1990 588 in
2019 552 2199 589 manus
2229 538 2364 589 venit
2393 539 2552 591 codex
2575 535 2808 603 Graecus,
2833 548 2878 592 et
2901 540 3275 606 aliquantulum
3301 542 3520 610 faculta—

1934 626 1998 680 tis
2035 627 2131 701 sibi
2170 628 2439 695 utriusque
2470 628 2659 698 lingute
2697 629 2879 682 habere
2928 629 3212 697 videbatur,
3257 649 3414 684 ausus
3445 644 3520 686 es.“

1938 717 2315 789 interpretari.]
2363 720 2556 775 Fateor
2585 737 2648 775 ex
2679 722 2963 778 collatione
2994 725 3261 783 variarum
3309 725 3517 780 illarum

1939 809 2444 879 interpretationum
2467 813 2665 878 aliquid
2693 813 2823 868 lueis
2854 815 3006 881 oriri,
3038 824 3094 869 ut
3123 826 3304 884 postea
3331 826 3522 871 osten-

1937 901 2016 954 dit
2047 901 2408 970 Augustinus;
2443 902 2536 955 sed
2579 918 2642 958 ex
2674 904 2899 959 lectione
2930 906 3088 961 unius
3115 907 3317 961 codicis
3347 908 3518 964 Graeci

1937 992 2320 1048 emendatioris
2359 995 2532 1047 multo
2575 996 2746 1064 major
2770 998 2970 1052 fructus
3005 999 3126 1067 capi
3165 999 3333 1067 potuit
3362 1015 3518 1067 quam

1939 1097 2004 1137 ex
2043 1083 2330 1138 collatione
2371 1084 2556 1154 viginti
2598 1085 2968 1155 imperitorum
3008 1089 3378 1159 interpretum.
3423 1090 3522 1142 lta-

1936 1191 2038 1244 que
2090 1175 2382 1244 0ptandum
2437 1176 2627 1232 luisset
2668 1178 3041 1233 Occidentales
3083 1180 3374 1245 Ecclesias,
3426 1196 3522 1248 pro

1938 1274 2017 1321 tot
2045 1265 2347 1332 sumptibus
2378 1281 2512 1333 quos
2545 1267 2807 1321 faciebant
2838 1268 2889 1321 in
2938 1269 3182 1323 indoctos
3213 1280 3267 1324 et
3295 1272 3518 1330 otiosos,

1939 1366 2030 1410 aut
2055 1356 2141 1410 vili
2171 1356 2356 1410 labore
2384 1367 2674 1423 occupatos
2715 1359 3028 1423 monachos,
3062 1359 3274 1426 publico
3303 1369 3516 1424 sumptu

1936 1455 1990 1502 et
2036 1448 2260 1502 consilio
2304 1448 2678 1504 adolescentes
2729 1449 2943 1504 misisse
2990 1450 3042 1503 in
3092 1449 3378 1512 Graeciam,
3432 1461 3521 1504 aut

1937 1539 2154 1594 Graecos
2205 1540 2493 1609 magistros
2541 1556 2606 1594 ex
2652 1543 2876 1596 Oriente
2926 1556 3178 1606 vocasse,
3243 1551 3302 1595 ut
3342 1543 3516 1611 plures

1936 1631 2178 1686 Graecam
2207 1632 2438 1702 linguam
2479 1633 2861 1702 intelligerent,
2899 1634 3128 1701 aliisque
3173 1632 3343 1688 facem
3384 1649 3519 1700 pra--

1938 1723 2158 1779 ferrent.
2206 1725 2407 1779 Omnes
2446 1739 2575 1778 vero
2603 1725 2939 1778 Christianos
2976 1741 3070 1793 par
3099 1725 3285 1778 fuisset
3323 1723 3522 1778 condu-

248 1812 611 1880 conscripsisse
630 1811 1046 1864 constantissime
1064 1813 1378 1879 perhibetur,
1399 1813 1489 1880 qui
1514 1822 1680 1864 tamen
1706 1828 1835 1879 quo-
1866 1802 1912 1860 Β
1941 1831 2062 1869 cere
2112 1814 2388 1879 Heiu-mos,
2441 1830 2470 1868 ει
2501 1815 2695 1883 quibus
2739 1815 2921 1884 lingua
2963 1814 3183 1868 Hebraea
3216 1814 3520 1874 doceretur,

249 1905 385 1956 niam
405 1904 461 1957 in
486 1904 844 1955 auctoritatem
889 1904 1048 1972 recipi
1097 1911 1412 1969 meruerunt,
1443 1905 1576 1957 inter
1605 1904 1834 1971 prophe-

248 1995 370 2047 ticos
392 1992 882 2064 numerandisunt.]
915 1994 1375 2049 Retractationum
1407 1994 1501 2047 lib.
1531 2010 1590 2060 tt,
1623 2009 1739 2063 cap.
1774 1996 1831 2060 4,

247 2086 319 2138 ait
346 2099 407 2141 se
436 2097 621 2152 pOStea
643 2085 899 2140 didicisse
931 2102 1031 2139 non
1051 2087 1121 2139 ita
1159 2095 1426 2148 constare,
1451 2095 1510 2138 ut
1537 2094 1831 2153 putaverat,

246 2187 298 2229 ct
329 2175 648 2244 probabilius
701 2193 810 2230 esse
854 2176 1188 2231 Siracbidem
1239 2175 1361 2230 libri
1401 2175 1691 2244 Sapientiae
1728 2191 1834 2230 non

247 2283 370 2322 esse
408 2277 704 2322 auctorem.
736 2269 926 2322 Mirum
957 2278 1039 2322 est
1081 2269 1388 2335 episcopum
1437 2269 1568 2324 tanti
1603 2267 1836 2322 nominis

249 2375 363 2415 rem
393 2361 658 2415 tantillam
690 2362 968 2430 ignorasse
996 2362 1324 2430 aliquandiu,
1353 2377 1510 2431 quam
1533 2377 1565 2416 a
1593 2361 1835 2416 catechu-

246 2453 425 2510 ntenis
449 2452 582 2507 disci
613 2453 959 2520 oportuisset.
983 2452 1262 2522 Nunquam
1290 2454 1536 2507 studiuse
1551 2469 1672 2506 eum
1697 2455 1838 2520 lege-

246 2556 334 2602 rat
364 2547 583 2609 labrum,
613 2561 733 2600 cum
766 2547 882 2600 hate
913 2547 1175 2601 scriberet
1200 2565 1215 2602 :
1249 2563 1371 2601 nam
1399 2557 1585 2619 auctor
1628 2547 1746 2601 libri
1777 2562 1836 2602 se

245 2655 355 2694 non
385 2641 460 2693 ait
486 2639 666 2694 Jesum
693 2653 814 2694 esse
836 2639 1001 2692 lilium
1029 2639 1240 2704 Sirach,
1273 2640 1367 2693 sed
1396 2653 1575 2707 regem
1600 2637 1834 2705 lsraelis,

241 2747 366 2796 cap.
402 2747 475 2793 is,
513 2731 564 2797 7,
590 2730 641 2784 8.
675 2729 825 2796 Quod
858 2744 978 2782 cum
1008 2730 1079 2782 ita
1111 2732 1203 2794 sit,
1235 2744 1342 2782 non
1387 2729 1539 2796 capio
1583 2729 1670 2796 qui
1702 2728 1839 2782 inter

244 2822 605 2900 propheticos
643 2823 808 2876 libros
850 2823 1054 2875 censeri
1111 2829 1292 2888 po~set
1333 2821 1647 2883 onusculum
1688 2820 1839 2887 cujus

240 2925 443 2969 auctor
491 2928 602 2982 pra:
639 2928 698 2968 se
747 2911 850 2967 fert
895 2927 954 2967 se
998 2927 1176 2981 regem
1219 2910 1414 2976 fuisse,
1457 2927 1576 2964 cum
1621 2910 1840 2966 minime

241 3011 436 3064 ftto'l'it.

319 3101 456 3169 Cap.
495 3100 584 3164 ll,
615 3101 641 3169 ᾗ
675 3100 756 3154 16.
785 3101 984 3156 Latintc
1013 3101 1218 3170 quidem
1247 3101 1441 3170 lingua:
1457 3100 1688 3155 homines
1715 3117 1840 3169 quos

1942 1922 2110 1976 eaque
2133 1908 2310 1961 omnia
2334 1909 2513 1961 facere
2531 1922 2648 1975 quae
2676 1921 2896 1960 avorum
2928 1917 3232 1960 nostrorum
3265 1907 3518 1959 memoria

1945 1999 1996 2052 in
2028 2000 2240 2067 Eumpa
2283 1997 2421 2051 facta
2470 2006 2614 2063 sunt,
2658 1998 2722 2051 ad
2771 2000 2964 2068 linguae
2995 1998 3135 2052 illius
3163 1998 3519 2066 cognitionem

1942 2091 1993 2145 in
2031 2105 2186 2144 usum
2216 2088 2641 2143 Christianorum
2673 2091 3051 2146 revocandam.
3083 2090 3214 2145 Nam
3261 2090 3401 2161 quod
3433 2105 3520 2145 se-

1942 2184 2053 2238 rius
2094 2183 2287 2237 factum
2329 2189 2434 2248 est,
2495 2183 2545 2237 id
2589 2183 2739 2250 prius
2792 2183 2907 2237 fieri
2966 2184 3168 2252 potuit,
3223 2194 3276 2238 et
3320 2184 3523 2238 facilius

1939 2278 2126 2343 etiam,
2158 2275 2260 2330 nisi
2293 2275 2529 2330 laborem
2575 2275 2837 2345 fugissent
2865 2277 3108 2332 homines
3153 2277 3294 2331 illius
3329 2278 3450 2331 aevi.

2010 2366 2141 2436 Cap.
2176 2368 2261 2430 lli,
2296 2366 2431 2436 §25.
2463 2367 2528 2423 Ut
2552 2368 2802 2422 ostendat
2825 2371 3180 2423 necessariam
3209 2386 3327 2424 esse
3355 2371 3523 2424 arith-

1941 2458 2184 2514 meticam
2248 2457 2312 2511 ad
2365 2458 2777 2528 intelligendam
2833 2461 3199 2530 Scripturam,
3264 2477 3522 2518 memorat

1935 2549 2196 2618 jeiuoium
2222 2549 2569 2620 quadraginta
2602 2551 2808 2605 dierum
2840 2551 3023 2619 Musis,
3056 2553 3186 2608 Elia:
3209 2561 3262 2608 et
3290 2555 3520 2618 Christi;

1943 2651 2050 2695 tum
2095 2641 2469 2712 addit:Cujus
2511 2645 2727 2698 actionis
2779 2645 3035 2711 ﬁguratus
3080 2647 3294 2714 quidam
3339 2647 3520 2708 nodus,

1941 2733 2037 2785 nisi
2061 2733 2213 2801 hujus
2242 2733 2441 2785 numeri
2465 2734 2752 2800 cognitione
2771 2744 2817 2786 et
2852 2737 3263 2788 consideratione
3287 2753 3387 2789 non
3412 2738 3520 2789 sol-

1941 2823 2094 2876 uitur.
2124 2821 2292 2875 Habet
2317 2824 2450 2876 enim
2487 2823 2754 2877 denarium
2793 2833 2966 2890 quater
3002 2833 3240 2893 tanquam
3271 2825 3521 2894 cognitio-

1943 2929 2056 2967 nem
2083 2928 2248 2966 rerum
2274 2913 2514 2966 intextam
2545 2915 2880 2984 temporibus,
2917 2923 3023 2969 etc.
3050 2915 3202 2981 Qum,
3233 2931 3354 2970 eum
3388 2918 3522 2969 bona

1943 3005 2224 3073 Augustini
2254 3006 2430 3068 venia,
2479 3021 2633 3074 nugae
2654 3015 2779 3061 sunt
2811 3007 3178 3078 Pythagoricae
3204 3023 3266 3062 ac
3293 3008 3525 3062 Platoni-

1943 3111 2043 3160 cae,
2073 3109 2102 3149 a
2128 3095 2320 3164 quibus
2359 3096 2412 3149 in
2445 3110 2502 3150 re
2536 3103 2641 3149 tam
2669 3096 2822 3163 gravi
2854 3097 3125 3152 abstinere
3159 3098 3327 3150 multo
3357 3098 3524 3152 satius

239 3209 353 3246 non
380 3191 703 3245 instruendos
725 3193 1062 3261 suscepimus,
1086 3191 1283 3244 duabus
1306 3192 1425 3244 aliis
1449 3192 1516 3245 ad
1545 3191 1838 3260 Scriptura-
1865 3160 1911 3221 ί)
1945 3188 2059 3241 fuit.
2095 3187 2198 3244 Sed
2232 3189 2414 3243 nescio
2453 3190 2721 3258 quomodo
2764 3204 2830 3244 eo
2860 3199 3101 3260 tempore
3128 3192 3431 3246 ostentandi
3471 3193 3524 3247 in

237 3299 366 3336 rum
391 3284 686 3336 divinarum
717 3282 1065 3354 cognitionem
1095 3298 1220 3351 opus
1247 3282 1452 3346 habent,
1498 3281 1720 3336 Hebrum
1739 3283 1840 3336 sci-

238 3375 394 3440 licet,
426 3384 474 3428 et
503 3374 710 3437 Grceca,
730 3384 783 3424 ut
813 3373 880 3426 ad
901 3373 1215 3441 exemplaria
1240 3373 1576 3442 prwcedentia
1600 3389 1838 3427 recurra-

238 3472 336 3514 tur
376 3464 421 3518 si
461 3479 612 3532 quam
647 3462 1016 3517 dubitationem
1043 3462 1278 3516 attulerit
1341 3461 1645 3516 Latinorum
1683 3465 1842 3518 inter-

238 3563 456 3623 pretum
480 3555 686 3623 inﬁnita
712 3552 978 3622 varietas.]
1011 3553 1126 3608 Non
1158 3553 1324 3607 miror
1350 3553 1698 3622 Augustinum
1741 3555 1839 3608 litt-

239 3662 372 3710 gum
401 3646 610 3700 (ἱππείῃ
640 3646 876 3700 studium
910 3645 1310 3710 commendare,
1345 3662 1464 3699 nam
1511 3656 1563 3702 et
1587 3647 1710 3702 alibi
1741 3650 1841 3703 hoc

237 3735 408 3800 facit;
441 3736 538 3791 sed
586 3736 862 3791 llebrmam
891 3736 1012 3791 addi
1044 3737 1250 3790 Latina:
1275 3736 1623 3792 vehementer
1653 3739 1840 3795 miror.

241 3827 412 3884 Certe
457 3843 567 3882 non
612 3837 818 3882 tantum
857 3827 1016 3894 epist.
1047 3826 1148 3891 21,
1179 3843 1302 3896 quae
1347 3838 1600 3882 censetur
1644 3829 1838 3897 scripta

241 3920 394 3976 circa
418 3935 623 3974 annum
652 3919 774 3983 595,
805 3920 900 3974 sed
930 3928 984 3973 et
1006 3919 1164 3988 epist.
1197 3920 1286 3985 7i,
1309 3919 1502 3986 scripta
1527 3935 1671 3973 anno
1700 3919 1826 3986 405,

243 4011 585 4081 Augustinus
608 4012 762 4080 plane
786 4011 1050 4078 improbat
1075 4011 1305 4064 studium
1320 4011 1560 4066 vertendi
1583 4010 1839 4066 llebraica

246 4104 467 4170 Latine,
481 4103 878 4172 acquiescitque
891 4101 941 4155 in
959 4109 1204 4156 accurata
1219 4100 1465 4155 versione
1477 4100 1840 4154 translationis

248 4193 397 4249 LXX
423 4195 803 4262 interpretum.
835 4192 1093 4248 Similiter
1121 4199 1175 4246 et
1203 4191 1337 4245 infra
1368 4190 1526 4260 hujus
1552 4191 1672 4246 libri
1714 4207 1842 4262 cap.

249 4289 319 4342 M
354 4287 614 4356 loquitur,
640 4297 693 4341 et
719 4302 882 4356 opere
907 4287 977 4341 de
1008 4285 1240 4341 Civitatc
1271 4284 1364 4340 Dei
1395 4284 1490 4339 lib.
1524 4299 1672 4349 xvnt,
1713 4299 1837 4354 cap.

247 4381 344 4444 t5,
372 4378 632 4432 divinitus
653 4379 863 4433 albatos
892 4377 1062 4432 fuisse
1081 4385 1229 4445 putat
1253 4376 1471 4431 eosdem
1498 4375 1840 4444 interpretes,

247 4472 484 4541 ideoque
507 4473 835 4543 llieronymo
861 4469 1250 4541 praeferendos,
1270 4469 1513 4539 quamvis
1532 4468 1700 4522 Judaei
1721 4470 1843 4524 Hie-

246 4562 628 4633 ronymianam
699 4562 1003 4617 versionem
1064 4559 1570 4630 Septuagintavirali
1627 4559 1844 4629 praefur-

250 4664 399 4710 rent.
431 4654 537 4709 Sed
586 4663 642 4709 et
672 4655 774 4711 hoc
820 4655 1016 4709 mirum
1042 4664 1121 4708 est
1148 4654 1214 4707 ab
1242 4652 1541 4723 Augustino
1577 4652 1664 4708 hic
1687 4667 1841 4707 com-

249 4746 502 4801 mendari
524 4746 758 4800 stttdium
783 4748 980 4815 lingua:
1012 4746 1314 4811 Hebraicis,
1340 4760 1441 4800 nec
1463 4756 1639 4801 tamen
1670 4746 1842 4814 ipsum

255 4846 352 4891 aut
374 4854 700 4908 quemquam
731 4839 918 4901 alium,
952 4839 1019 4892 iis
1042 4836 1279 4902 smculis,
1308 4837 1597 4906 quidquam
1628 4850 1844 4907 aggres-

253 4943 378 4981 sum
402 4943 524 4983 esse
555 4928 752 4992 facere,
791 4936 850 4981 ut
875 4927 1017 4982 viam
1051 4927 1286 4994 aperiret
1313 4925 1376 4980 iis
1400 4925 1486 4993 qui
1530 4925 1581 4978 id
1608 4925 1841 4980 studium

254 5020 464 5086 ingredi
496 5020 813 5074 voluissent.
848 5021 1100 5074 Attamen
1124 5029 1177 5072 et
1204 5026 1386 5086 postea
1411 5016 1505 5070 lib.
1536 5032 1608 5082 tv,
1633 5031 1755 5084 cap.
1789 5019 1844 5082 7,

253 5110 460 5179 aliquid
491 5113 683 5166 iterum
714 5111 782 5166 de
827 5111 1139 5181 Hieronymi
1170 5109 1356 5163 labore
1389 5108 1566 5162 habet.
1597 5108 1758 5172 Sane,
1791 5117 1848 5162 ut

255 5203 398 5271 quod
421 5204 670 5272 suspicer
695 5204 892 5268 dicam,
917 5219 1114 5258 vereor
1142 5218 1209 5256 ne
1240 5200 1364 5270 quid
1397 5200 1485 5255 hic
1511 5201 1580 5254 sit
1608 5201 1843 5268 interpo-

256 5295 425 5349 latum
449 5297 628 5350 aliena
669 5310 853 5357 manu,
889 5303 1170 5362 postquam
1212 5291 1627 5362 llicronymiana
1667 5292 1844 5345 versio

259 5387 637 5442 auctoritatem
668 5389 719 5440 in
748 5386 1041 5442 Occidente
1070 5393 1358 5439 consecuta
1396 5384 1588 5440 fuerat.
1620 5383 1713 5439 Sin
1744 5385 1845 5439 mi-

256 5494 395 5544 nus,
419 5481 486 5535 ad
516 5480 884 5535 academicnm
918 5479 1188 5548 ingenium
1237 5477 1544 5546 Augustini,
1579 5478 1683 5532 sibi
1734 5492 1839 5531 non

254 5573 391 5628 Satis
418 5582 699 5639 constans,
734 5573 848 5627 ha-c
870 5580 1030 5627 erunt
1053 5569 1355 5626 referenda.

335 5663 465 5718 Ibid.
502 5664 602 5731 Qui
636 5663 938 5734 Sc-ripturas
972 5680 1035 5718 ea:
1069 5661 1292 5716 Hebra'a
1321 5663 1499 5732 lingua
1528 5666 1580 5715 in
1615 5659 1849 5715 Crtecum

248 5766 510 5812 uerterunt
552 5757 813 5811 numerari
851 5765 1088 5825 possunt,
1131 5754 1305 5809 Latini
1339 5763 1509 5810 autem
1551 5756 1848 5820 interpretes

1943 3281 2210 3350 ejusmodi
2243 3282 2403 3336 rebus
2429 3283 2623 3352 ingenii
2654 3285 2724 3336 ita
2755 3283 3052 3340 invaluerat
3081 3285 3434 3350 consuetudo,
3467 3295 3525 3339 nt

1943 3387 2062 3428 cum
2095 3374 2281 3440 plausu
2326 3372 2450 3426 talia
2495 3373 2810 3428 audirentur
2849 3389 2969 3444 qua!
3018 3385 3144 3429 sunt
3187 3378 3296 3432 risu
3338 3377 3521 3445 digna.

1943 3463 2072 3527 Quis
2099 3463 2235 3516 ferat
2274 3462 2435 3517 hodie
2476 3463 2576 3517 sibi
2615 3463 2716 3518 dici
2763 3465 3073 3535 hydriarum
3115 3467 3371 3535 quinque,
3405 3483 3525 3535 qum

1943 3553 2103 3608 Canae
2124 3562 2299 3617 erant,
2323 3556 2476 3610 Joan.
2503 3571 2560 3618 ιι,
2593 3570 2840 3610 mensura
2863 3573 2981 3624 quin
3006 3556 3107 3610 fuit
3131 3559 3343 3612 circiter
3366 3561 3522 3612 trium

1945 3654 2311 3709 tnetretarum,
2342 3645 2692 3713 signiﬁcatam
2725 3648 2781 3701 S.
2810 3646 3150 3713 Trinitatem,
3180 3648 3520 3716 quemadmo-

1943 3736 2071 3791 dum
2101 3737 2226 3790 facit
2262 3736 2614 3806 Augustinus,
2644 3737 2708 3790 ad
2733 3753 2854 3790 eum
2887 3737 3108 3792 Joannis
3139 3738 3313 3791 locum
3336 3738 3359 3790 ἲ
3379 3738 3424 3792 O
3449 3739 3524 3794 fe-

1946 3828 2075 3882 lices
2124 3828 2395 3893 homines,
2436 3829 2525 3898 qui
2571 3837 2773 3882 tantam
2803 3827 3124 3882 eruditionis
3179 3828 3373 3883 famam
3416 3837 3521 3884 tam

1948 3919 2101 3973 facile
2133 3919 2234 3972 sibi
2266 3921 2616 3988 pepererunt!
2648 3919 2751 3975 Sed
2797 3928 2852 3974 et
2877 3935 2910 3973 ο
2941 3921 3174 3989 stipites,
3207 3921 3296 3990 qui
3333 3921 3524 3978 talibus

1944 4013 2071 4067 olim
2101 4012 2443 4080 plaudebant,
2480 4022 2570 4066 ant
2592 4015 2885 4068 etiamnum
2920 4013 3063 4067 serio
3097 4013 3305 4068 favent!

2017 4104 2147 4173 Cap.
2183 4104 2268 4171 17,
2299 4104 2326 4174 §
2355 4105 2448 4169 27,
2479 4105 2546 4159 de
2593 4121 2783 4160 novem
2823 4105 3003 4161 Musas
3033 4120 3151 4160 esse
3182 4105 3522 4163 dicentibus:

1949 4197 2156 4268 Refellit
2189 4212 2276 4250 eos
2316 4196 2506 4260 Varro,
2529 4213 2629 4264 quo
2676 4199 2844 4252 nescio
2887 4209 3059 4251 utrum
3096 4200 3238 4266 apud
3280 4216 3364 4254 eos
3387 4202 3524 4270 quis-

1945 4308 2099 4361 quam
2131 4293 2312 4345 talium
2347 4307 2517 4344 rerum
2563 4292 2758 4344 doctior
2786 4300 2878 4344 aut
2906 4293 3157 4346 curiosior
3200 4308 3307 4346 esse
3346 4295 3522 4363 possit.

1952 4379 2085 4434 Dicit
2117 4382 2250 4433 enim
2270 4381 2525 4436 ciuitatem
2554 4383 2723 4436 nescio
2744 4398 2918 4450 quam,
2950 4399 3052 4436 non
3089 4382 3223 4435 enim
3243 4398 3426 4435 nomen
3449 4401 3528 4436 re-

1953 4475 2092 4535 colo,
2116 4475 2309 4529 locasse
2328 4478 2469 4544 apud
2490 4484 2590 4531 tres
2616 4478 2839 4546 arti/ires
2863 4485 3008 4532 terna
3037 4477 3313 4531 simulacra
3352 4474 3406 4527 Μ
3413 4493 3526 4527 usa-

1946 4581 2082 4623 rum.
2115 4566 2250 4634 quod
2273 4568 2324 4620 in
2348 4567 2536 4636 templo
2557 4569 2810 4640 Apollinis
2837 4570 3030 4622 donum
3055 4576 3280 4637 poneret,
3311 4576 3368 4620 ut
3391 4568 3529 4636 quis-

1949 4659 2060 4728 quis
2081 4660 2337 4727 artiﬁcum
2369 4661 2659 4728 pulchriora
2684 4664 2972 4729 (armasset,
3000 4661 3062 4714 ab
3090 4659 3183 4712 illo
3207 4660 3529 4728 potissimum

1947 4752 2104 4804 electa
2145 4763 2345 4807 emeret.
2389 4751 2571 4822 Itaque
2607 4754 2878 4824 contigisse
2917 4758 2969 4802 ut
3011 4767 3166 4817 opera
3204 4767 3296 4804 sua
3335 4766 3533 4818 quoque

1949 4843 2030 4897 illi
2053 4845 2274 4911 artiﬁces
2303 4860 2446 4914 teque
2473 4843 2688 4911 pulchra
2711 4842 3043 4912 explicarent,
3064 4850 3112 4893 et
3137 4841 3391 4908 placuisse
3410 4840 3532 4893 ciui-

1953 4937 2046 4989 tati
2070 4953 2246 4989 omnes
2262 4952 2458 4999 novem,
2490 4945 2641 5002 atque
2664 4948 2832 4986 omnes
2856 4949 2964 4986 esse
2978 4949 3054 4984 em
3064 4943 3198 5001 ptas,
3221 4943 3275 4986 ut
3293 4934 3344 4986 in
3370 4931 3529 5002 Apol-

1954 5026 2072 5080 linis
2117 5025 2306 5094 tcmplo
2333 5025 2714 5086 dedicarentur,
2750 5023 2933 5091 quibus
2975 5034 3146 5093 postea
3181 5025 3306 5077 dicit
3348 5023 3532 5078 Hesio-

1958 5119 2080 5170 dum
2127 5125 2328 5184 poetam
2374 5115 2674 5183 imposuisse
2705 5115 2971 5184 vocabula,
3009 5116 3140 5190 etc.]
3187 5117 3241 5173 Si
3284 5116 3425 5184 quod
3465 5117 3533 5170 de

1956 5208 2199 5263 numeris
2225 5207 2354 5261 dixit
2397 5208 2723 5276 Augustinus
2751 5208 2816 5262 ad
2858 5210 3349 5279 interpretationem
3390 5209 3533 5262 Scri-

1953 5311 2144 5370 ptnrze,
2186 5300 2392 5355 admitti
2439 5300 2509 5354 ab
2545 5300 2774 5356 ethnicis
2808 5304 3064 5371 oportuit,
3107 5318 3212 5356 non
3243 5301 3400 5354 video
3428 5315 3533 5368 quo

1950 5393 2080 5462 jure
2109 5391 2335 5448 ethnicis
2363 5406 2468 5447 non
2518 5393 2729 5448 licuerit
2755 5394 2938 5449 dicere
2976 5395 3154 5447 fictum
3203 5392 3305 5444 hoc
3336 5406 3364 5443 a
3395 5391 3532 5444 Var-

1952 5497 2093 5537 rone
2133 5483 2218 5537 vel
2257 5482 2324 5536 ab
2363 5482 2495 5549 alio,
2525 5499 2645 5538 cum
2681 5486 2975 5553 praesertim
3003 5496 3184 5537 sermo
3211 5481 3281 5536 sit
3305 5481 3372 5534 de
3404 5491 3536 5535 tvm-

1966 5575 2184 5643 poribns
2225 5575 2632 5644 antiquissimis,
2673 5576 2867 5643 quibus
2909 5583 2999 5627 aut
3045 5573 3223 5638 nulla,
3264 5582 3354 5628 aut
3401 5588 3534 5626 rane

1953 5663 2443 5719 conscribebantur
2478 5665 2718 5719 historia:
2739 5680 2754 5726 ;
2778 5674 2888 5717 tum
2911 5663 3070 5718 etiam
3097 5663 3166 5719 de
3191 5679 3414 5720 numero
3437 5679 3537 5718 no-

1964 5757 2226 5811 vennario
2257 5754 2523 5810 Musarum
2557 5753 2908 5827 Pythagorico
2935 5753 3317 5826 philosophati.
3342 5754 3538 5823 Quidni
