3908 6316
430 338 534 396 359

1329 324 1888 387 SUPPLEMENTUM
1928 320 2018 377 AD
2056 320 2283 377 OPERA
2324 321 2383 379 S.
2424 318 2817 380 AUGUSTINL

3606 311 3705 367 διο

432 452 513 507 eis
534 449 745 504 licuerit
772 446 956 503 dicere
978 444 1150 501 tribus
1175 455 1340 499 musis
1362 444 1635 511 designari
1658 447 1770 495 tres
1795 439 2020 493 musicte
2047 434 2103 494 Α
2128 437 2334 494 Joanne
2359 439 2591 506 elei-ica,
2619 439 2673 493 in
2703 433 3084 492 additamean
3109 433 3272 490 Henr.
3297 428 3621 487 ﬂammandi
3641 433 3702 486 ad

434 552 613 605 tonos,
650 552 894 609 gravem,
945 535 1205 601 medium,
1238 543 1293 590 et
1344 542 1594 595 acutum;
1634 538 1691 585 et
1727 538 1810 584 ter
1837 536 2019 583 ternas

436 636 628 701 dictas,
658 631 801 701 quod
831 639 1015 686 essent
1045 637 1155 684 tres
1178 625 1350 691 chori,
1378 639 1476 695 pro
1502 624 1676 679 tribus
1704 621 1813 676 illis
1843 618 2021 690 tonis}?

437 730 509 780 At
556 725 690 790 haec,
736 721 969 791 inquies,
1002 732 1099 786 pro
1146 716 1370 772 arbitrio
1420 713 1865 770 comminisceris.
1906 712 2021 767 Non

436 818 689 882 dilﬁteor,
739 814 835 869 sed
871 829 940 868 an
981 826 1089 866 non
1134 810 1296 866 etiam
1324 807 1639 878 theologica:
1666 805 2022 860 arithmetica;

439 908 693 981 mysteria
722 922 819 978 pro
838 906 1063 962 arbitrio
1090 902 1399 973 ﬁngebant?
1427 902 1608 970 Itaque
1632 916 1740 955 non
1769 909 1851 955 est
1875 911 2022 953 eom-

438 999 780 1062 mittendum,
811 1007 868 1051 ut
895 997 1174 1053 veritatem
1196 994 1470 1049 illustrare
1498 991 1798 1059 videamur,
1830 988 2021 1045 eadem

441 1094 671 1163 ﬁngendi
705 1090 918 1147 licentia
950 1102 1054 1159 qua
1085 1096 1138 1143 et
1183 1085 1390 1141 fabulas
1418 1082 1756 1152 interpretari
1787 1079 2022 1136 licuerit.

510 1184 642 1251 Cap.
674 1180 766 1246 20,
807 1180 835 1251 ς
872 1181 960 1235 51.
998 1180 1021 1232 Ι
1031 1178 1145 1234 llud
1173 1178 1427 1248 eleganter
1456 1175 1652 1228 dictum
1676 1175 1761 1226 'est
1790 1171 2019 1237 Catonis,

438 1274 665 1344 quicum
695 1282 825 1326 esset
853 1269 1114 1325 consultus
1159 1284 1192 1321 a
1218 1266 1442 1337 quodam
1462 1265 1553 1334 qui
1593 1264 1688 1319 sibi
1712 1280 1744 1316 α
1780 1262 2025 1316 soricibus

440 1381 618 1419 erasas
643 1363 839 1432 caligas
884 1362 1093 1424 diceret,
1125 1358 1389 1427 respondit
1426 1373 1528 1411 non
1557 1372 1663 1411 esse
1707 1356 1840 1409 illud
1872 1370 2025 1408 mon-

443 1466 628 1515 strum,
654 1454 742 1508 sed
768 1470 882 1507 vere
907 1460 1188 1505 ntonstrunt
1230 1450 1518 1503 habendum
1546 1449 1721 1517 fuisse,
1751 1448 1795 1503 si
1839 1448 2028 1501 carices

440 1561 473 1598 a
516 1544 697 1613 caligis
745 1540 1086 1611 roderentur.]
1129 1540 1429 1610 Ingeniose.
1458 1538 1650 1594 Simile
1690 1546 1773 1594 est
1811 1538 2028 1592 Menan-

440 1634 522 1688 dri
554 1634 683 1689 illud
713 1649 744 1689 e
783 1632 1187 1701 Superstitioso,
1218 1630 1361 1701 quod
1409 1630 1570 1686 habet
1597 1629 1816 1685 Grotius
1844 1631 1896 1685 in
1922 1629 2027 1684 Ex-

442 1724 641 1796 cerptis
671 1740 790 1795 pag.
824 1724 924 1779 7M
955 1738 971 1776 :

784 1894 828 1929 Α.
848 1881 985 1938 Ᾰταθὸν
1008 1892 1145 1940 ﬂrenti
1169 1904 1245 1938 μοι.
1264 1884 1292 1927 ὅ
1316 1889 1555 1939 minitantes
1576 1892 1662 1935 Osci,

784 1942 1027 2000 fastigii-utve;
1049 1954 1129 2002 γὰρ,
1149 1948 1265 1998 δεξιᾶς
1289 1958 1353 1997 τῆς
1375 1949 1534 2000 ἱμϐάδῡς

786 2015 855 2050 τὸν
875 2012 1007 2059 ἱμάντα
1030 2009 1194 2063 augenti
1222 2015 1430 2057 3.5116»;
1454 2016 1502 2063 γ’,
1526 2008 1554 2050 ὖ
1578 2014 1737 2060 κλωνία,
1764 2017 1776 2028 ’

784 2075 917 2125 κηρὸς
941 2078 1005 2126 γὰρ
1028 2068 1085 2118 ἦν,
1105 2077 1149 2113 σὺ
1168 2072 1210 2113 δῦ
1233 2074 1466 2125 auraeaurae,
1489 2077 1529 2113 οὗ
1555 2077 1661 2113 θί)υν

785 2140 915 2173 Ranae
936 2138 1122 2186 πρίασθαι.

447 2246 560 2303 Hoc
587 2257 688 2314 εδει,
719 2247 1011 2317 interprete
1040 2250 1157 2303 viro
1183 2265 1393 2304 summo
1417 2267 1431 2304 :

568 2404 627 2449 Α.
653 2402 789 2465 Bene
810 2403 903 2451 hoc
926 2404 1043 2452 mihi
1076 2410 1348 2465 proveniat,
1372 2416 1402 2452 ο
1426 2404 1576 2465 sancti
1601 2404 1716 2464 Del,

571 2463 711 2519 Quod
732 2465 860 2512 inter
880 2463 1190 2513 calceandnnt
1211 2466 1373 2514 dextri
1396 2463 1547 2513 calcei

574 2523 790 2595 Xinclum
814 2525 1062 2595 diruptam
1083 2535 1175 2595 est.
1201 2528 1263 2575 Β.
1289 2526 1463 2595 Merito
1485 2527 1673 2587 evenit,
1698 2525 1870 2595 Clinia,

567 2583 787 2649 Namque
813 2583 984 2635 erat—id
1007 2587 1239 2636 detritum
1260 2597 1312 2637 et
1338 2592 1389 2641 tu
1412 2583 1689 2649 praeparcu's
1710 2583 1870 2646 nimis,

570 2646 661 2704 Qui
686 2660 781 2697 non
801 2660 979 2697 novum
1005 2660 1221 2699 emeres.

514 2792 647 2861 Cap.
668 2792 759 2861 Ξῖ,
790 2793 816 2865 §
840 2795 927 2851 56.
956 2795 1144 2851 Omnes
1168 2797 1322 2868 igitur
1345 2805 1479 2851 artes
1508 2796 1806 2869 hujusmodi
1827 2797 1904 2851 uel
1930 2812 2031 2849 nu-

445 2890 677 2960 gatorias,
709 2890 786 2944 uel
822 2891 990 2943 nauita
1030 2890 1406 2960 superstitionis
1442 2906 1505 2944 ea;
1526 2890 1755 2960 quadam
1786 2889 2029 2957 pestifera

445 2983 687 3039 societate
715 2981 983 3035 hominum
1023 2990 1068 3035 et
1099 2981 1411 3041 darmonum,
1439 2981 1586 3049 quasi
1614 2988 1760 3051 pacta
1794 2981 2027 3050 quaedam

444 3074 670 3143 inﬁdelis
718 3082 766 3127 et
805 3072 1000 3128 dolosa:
1039 3073 1282 3126 amicitia:
1327 3074 1625 3137 constituta,
1660 3072 1861 3140 penitus
1908 3082 2029 3125 sunt

2124 530 2328 585 Novum
2354 531 2781 586 Testamentum.
2858 565 2861 567 -

2193 618 2327 691 Cap.
2360 620 2448 686 to,
2480 622 2507 692 §
2539 622 2625 677 14.
2665 619 2932 689 Quidquid
2974 620 3028 673 in
3073 634 3303 675 sermone
3343 632 3520 672 arvina
3550 633 3708 687 neque

2123 714 2191 769 ad
2213 730 2410 768 morum
2431 713 2773 778 honestatem,
2797 728 2958 781 neque
2977 712 3046 764 ad
3074 711 3196 779 ﬁdei
3220 712 3477 765 veritatem
3503 710 3710 778 praprie

2124 806 2305 877 referri
2331 813 2512 876 potest,
2540 805 2821 877 ﬁguratum
2846 818 2953 858 esse
2978 798 3302 871 cognoscam]
3345 800 3514 854 Nimis
3539 814 3707 869 gene—

2125 899 2324 954 ralibus
2353 898 2533 954 verbis
2562 905 2818 966 concepta
2851 895 2965 950 haec
2994 904 3079 951 est
3111 894 3315 964 regula,
3343 892 3574 961 ideoque
3597 893 3712 944 Au-

2126 990 2370 1059 gustinus
2398 1002 2517 1043 eam
2545 997 2730 1057 postea
2758 986 2827 1042 de
2855 984 3137 1055 praeceptis
3170 984 3361 1052 partim
3389 981 3715 1049 interpreta-

2128 1095 2246 1147 tur;
2275 1081 2369 1137 sed
2398 1097 2464 1134 ne
2509 1082 2588 1134 sic
2613 1079 2828 1149 quidem
2874 1078 3006 1133 satis
3034 1075 3317 1130 commoda
3363 1082 3466 1128 est.
3502 1073 3717 1127 Praece-

2129 1183 2275 1243 ptum
2311 1173 2453 1226 enim
2483 1170 2576 1225 Dei
2602 1160 2908 1224 'Abrahamo
2952 1167 3135 1221 datum
3163 1166 3231 1220 de
3272 1162 3571 1220 occidendo
3603 1161 3715 1217 ﬁlio

2129 1279 2237 1318 non
2267 1270 2387 1318 erat
2434 1264 2742 1330 ﬁguratum,
2776 1275 2878 1315 nec
2904 1274 2971 1315 eo
3008 1258 3187 1314 secius
3222 1263 3409 1311 contra
3452 1253 3712 1308 honesta-

2135 1364 2243 1409 tem
2271 1367 2482 1407 ntorum
2512 1354 2654 1406 ‘erat.
2690 1349 3023 1418 Praeceptum
3067 1346 3228 1403 etiam
3255 1342 3411 1401 Osete
3442 1341 3721 1411 prephetze

2131 1446 2318 1502 datum
2348 1444 2416 1499 de
2433 1442 2683 1499 ducenda
2720 1440 3024 1503 meretrice,
3062 1438 3341 1507 ﬁguratum
3372 1450 3475 1489 non
3508 1433 3635 1501 fuit,
3667 1432 3721 1487 in

2131 1552 2191 1593 se
2218 1545 2543 1606 spectatum,
2572 1543 2628 1590 et
2667 1542 2849 1589 tamen
2879 1530 3188 1587 indecorum
3220 1527 3338 1583 fuit.
3379 1527 3590 1582 Nollem
3634 1541 3723 1581 re-

2132 1628 2284 1697 gulas
2321 1626 2437 1681 dari
2485 1624 2554 1681 de
2593 1638 2846 1680 sermone
2893 1622 3152 1691 ﬁgurato;
3205 1635 3292 1675 res
3338 1619 3481 1674 enim
3513 1618 3630 1687 ipsa
3670 1627 3725 1673 et

2133 1720 2342 1773 animus
2386 1717 2653 1786 loquentis
2678 1714 2807 1786 quid
2836 1712 3110 1783 proprium
3137 1711 3227 1779 sit,
3254 1709 3379 1779 quid
3407 1709 3721 1778 ﬁguratum,

2059 1801 2109 1861 Β
2133 1810 2262 1864 satis
2290 1806 2545 1863 ostendit.
2572 1805 2774 1861 Deinde
2793 1802 3118 1873 Augustinus
3143 1801 3418 1871 figuratam
3444 1800 3719 1855 actionem

2134 1902 2323 1957 miscet
2352 1915 2474 1955 cum
2506 1899 2676 1970 typica
2716 1896 3045 1964 narratione,
3089 1909 3209 1966 quin
3243 1901 3359 1948 toto
3388 1893 3531 1949 cmlo
3561 1892 3720 1949 diffe-

2132 2005 2277 2050 runt.

2200 2086 2331 2155 Cap.
2364 2087 2452 2153 12,
2477 2085 2505 2155 §
2534 2084 2621 2140 18.
2649 2085 2778 2151 Quae
2809 2090 2980 2137 autem
3002 2081 3154 2153 quasi
3180 2080 3440 2151 ﬂagitiosa
3462 2079 3720 2145 imperitis

2134 2181 2379 2241 videntur,
2407 2178 2511 2233 sire
2541 2184 2740 2230 tantum
2777 2175 2935 2241 dicta,
2981 2174 3085 2228 sive
3127 2173 3280 2226 etiam
3310 2175 3449 2241 facta
3467 2179 3609 2237 sunt,
3639 2170 3721 2224 uel

2130 2289 2192 2325 ec
2221 2271 2312 2324 Dei
2337 2285 2575 2340 persona,
2594 2268 2673 2323 vel
2696 2283 2759 2322 εκ
2784 2268 3046 2321 hominum
3066 2280 3283 2335 quorum
3303 2264 3446 2318 nobis
3464 2263 3718 2317 sanctitas

2130 2362 2537 2425 commendatur,
2565 2368 2671 2414 tota
2709 2359 2929 2431 ﬁgurata
2956 2355 3121 2424 sunt]
3152 2355 3230 2410 Ad
3272 2355 3437 2409 Deum
3466 2354 3613 2423 quod
3637 2363 3723 2408 at-

2131 2454 2284 2518 tinet,
2302 2452 2457 2522 cujus
2470 2452 2707 2522 perlecta
2729 2465 2793 2507 ac
2818 2449 3163 2506 immutabilis
3182 2457 3265 2504 est
3288 2447 3565 2513 sanctitas,
3593 2461 3719 2502 cer-

2130 2542 2333 2597 tissima
2389 2543 2506 2599 haec
2550 2550 2634 2597 est
2682 2542 2897 2612 regula;
2946 2540 3043 2596 sed
3095 2552 3428 2609 quaecunque
3465 2536 3720 2593 iecerunt

2132 2636 2298 2691 sancti
2330 2635 2430 2690 viri
2459 2635 2557 2691 sub
2589 2635 2783 2690 Vetere
2814 2634 3161 2689 Testamento
3192 2632 3368 2686 minus
3403 2638 3574 2693 recta,
3604 2643 3720 2685 non

2134 2736 2257 2782 sunt
2285 2736 2566 2796 propterea
2621 2726 2797 2794 typica
2840 2734 2933 2778 aut
2958 2724 3198 2792 ﬁgurata.
3243 2721 3487 2791 Exempli
3524 2735 3722 2787 causa,

2134 2818 2456 2889 polygamia,
2510 2815 2579 2872 de
2616 2832 2719 2886 qua
2748 2816 2871 2888 §20
2898 2824 2951 2871 et
2989 2816 3059 2869 27
3090 2814 3223 2870 nihil
3267 2814 3448 2868 labuit
3476 2813 3721 2884 typicum

2134 2924 2310 2979 neque
2342 2908 2648 2979 ﬁguratum.
2680 2922 2854 2977 neque
2888 2906 2985 2961 luit
3015 2905 3318 2972 laudabi'is,
3358 2903 3452 2959 sed
3487 2905 3722 2960 tolerata

2132 3014 2199 3056 eo
2224 3014 2360 3062 aevo,
2391 3007 2446 3053 ut
2475 3007 2529 3054 et
2556 3007 2738 3067 postea
2771 2998 2909 3052 inter
2931 2996 3164 3060 Judaaos,
3189 2994 3642 3065 quemadmodum
3663 3003 3723 3051 et

2134 3089 2442 3145 divortium.
2474 3088 2581 3145 Sed
2616 3087 2801 3143 laudes
2821 3103 2884 3142 ac
2910 3086 3327 3155 vituperationes
3353 3084 3719 3156 intelligenda

444 3162 771 3231 repudianda
816 3172 861 3218 et
892 3162 1177 3233 fugienda.]
1224 3161 1536 3231 Verissime,
1582 3163 1677 3218 sed
1726 3163 1914 3218 inutile
1944 3172 2025 3219 ta-
2054 3153 2101 3216 C
2135 3196 2348 3251 semper
2385 3190 2532 3246 sum,
2575 3195 2675 3249 pro
2724 3153 3051 3248 .emporibu‘,
3096 3187 3153 3234 θι
3201 3153 3718 3246 ιιοωίηίδυεξρηοά

446 3269 568 3309 men
602 3268 705 3308 non
733 3263 816 3309 est
840 3252 1135 3308 theoretice
1178 3253 1325 3309 nosci
1356 3268 1475 3323 qum
1498 3255 1566 3309 de
1596 3254 1799 3309 artibus
1828 3253 1938 3308 illis
1962 3253 2030 3309 ab
2135 3275 2298 3331 habet
2339 3274 2669 3343 Augusunus
2713 3273 2782 3328 de
2814 3281 3148 3342 temperan“,
3177 3286 3277 3327 usu
3319 3271 3549 3341 plurium
3580 3285 3719 3327 um.

445 3344 674 3401 ethnicis
702 3346 807 3401 dici
836 3354 891 3400 et
920 3345 1066 3400 credi
1097 3345 1365 3414 solebant,
1401 3355 1458 3401 ut
1487 3347 1605 3402 loca
1641 3348 1933 3417 Scriptura:
1961 3347 2027 3402 ad
2132 3381 2274 3434 mm,
2305 3366 2509 3435 paucis,
2540 3374 2597 3419 ut
2622 3365 2835 3433 opino...
2872 3364 3160 3433 persuasu,

446 3451 539 3493 cas
567 3440 864 3506 spectantia
894 3437 1161 3507 explicare
1182 3439 1485 3508 possimus;
1511 3439 1652 3508 quod
1678 3439 1907 3496 feliciter
1933 3439 2031 3495 do-

2204 3457 2335 3528 Cap.
2376 3458 2463 3521 i6,
2509 3456 2537 3530 §
2565 3456 2657 3512 ει.
2690 3457 2752 3514 Si
2775 3458 3080 3527 praeceptiva
3118 3456 3306 3511 locutio
3341 3464 3416 3511 est
3444 3464 3537 3510 aut
3564 3456 3721 3526 flagi-

444 3528 676 3584 ctissimi
704 3530 826 3595 viri,
862 3530 1143 3599 postremis
1173 3530 1321 3587 hisee
1346 3531 1579 3596 saeculis,
1606 3531 1845 3602 aggressi
1876 3540 2025 3587 sunt.

2138 3549 2283 3615 tium,
2315 3557 2406 3602 aut
2436 3528 2638 3618 facinus
2664 3556 2863 3613 vetans,
2884 3556 2975 3601 aut
2999 3547 3291 3614 utilitatem,
3319 3555 3408 3599 aut
3435 3546 3719 3613 beneﬁcen-

447 3620 608 3676 ΜυῙιδ
666 3637 761 3692 Per
813 3636 872 3677 se
924 3622 1103 3677 inania
1158 3632 1376 3694 propter
1429 3637 1522 3679 935
1570 3624 1862 3679 θηυδίοηθθ
1904 3633 2029 3680 sum
2133 3641 2256 3693 tiam
2282 3637 2479 3707 iubens,
2519 3655 2622 3692 non
2661 3649 2733 3693 est
2763 3638 3006 3709 ﬁgurata.
3043 3638 3104 3694 Si
3139 3647 3311 3692 autent
3340 3638 3595 3709 ﬂagitium
3624 3647 3717 3691 aut

444 3712 618 3769 obiter
648 3715 1041 3781 cognoscenda.

511 3804 679 3860 Lmuo
717 3821 794 3868 Ill,
824 3819 942 3872 cap.
975 3807 1040 3872 2,
1075 3808 1102 3875 ς
1130 3807 1185 3860 3.
1218 3805 1325 3859 Illa
1370 3806 1605 3861 heretica
1644 3808 1903 3864 distinctio
1926 3825 1945 3863 :
1970 3810 2026 3864 in

444 3895 708 3962 principio
735 3904 854 3948 erat
882 3894 1112 3948 Verbum
1156 3906 1208 3949 et
1244 3896 1478 3949 Verbum
1507 3905 1623 3951 erat
1663 3899 1801 3966 apud
1834 3900 2023 3966 Deum,

445 3996 500 4039 et
524 3986 663 4040 Deus
683 3990 799 4037 erat
823 3999 838 4048 ;
867 3994 923 4037 ut
946 3986 1079 4037 alius
1102 4001 1278 4038 sensus
1299 3985 1363 4037 sit
1387 4001 1405 4038 :
1434 3985 1666 4041 Verbum
1699 3986 1799 4044 hoc
1828 3998 1945 4045 erat
1973 3991 2025 4045 in

448 4076 710 4146 principio
740 4076 880 4145 apud
917 4076 1112 4139 Deum;
1144 4092 1247 4129 non
1272 4077 1376 4131 vult
1423 4076 1640 4133 Verbum
1666 4079 1834 4134 Deum
1860 4082 2024 4149 conﬁ-

448 4164 589 4237 teri.]
616 4166 691 4221 Ex
725 4165 827 4222 hoc
868 4166 985 4221 loco
1026 4176 1080 4221 et
1120 4169 1333 4224 caeteris
1361 4185 1480 4239 quae
1507 4170 1577 4225 de
1607 4173 1707 4225 hac
1732 4186 1791 4227 re
1818 4171 2025 4226 baben-

448 4267 534 4312 tur
560 4256 934 4313 distinctiones
964 4258 1141 4313 nullas
1166 4260 1429 4330 ascriptus
1471 4261 1638 4319 fuisse
1668 4264 1835 4334 liquet
1860 4265 1913 4320 in
1936 4278 2027 4320 co-

447 4348 659 4405 dicibus
684 4362 925 4419 tempore
954 4351 1257 4419 Augustini.
1286 4352 1398 4419 Qua
1426 4355 1492 4409 de
1515 4371 1574 4411 re
1604 4356 1723 4412 vide
1743 4373 1862 4427 quze
1889 4359 2025 4413 scri-

450 4435 555 4508 psit
582 4439 739 4497 lean.
771 4440 1013 4498 Clericus
1044 4443 1095 4497 in
1131 4447 1261 4500 Arte
1291 4444 1506 4513 Critica,
1551 4458 1689 4520 part.
1722 4453 1776 4519 5,
1806 4462 1936 4507 sect.
1971 4454 2023 4517 1,

444 4544 567 4600 cap.
597 4532 701 4605 10.¹

514 4622 647 4692 Cap.
676 4628 733 4695 5,
763 4622 790 4695 §
815 4623 866 4681 9.
900 4624 968 4680 In
985 4626 1239 4698 principio
1268 4630 1545 4685 cavendum
1565 4639 1637 4686 est
1662 4648 1726 4687 ne
1752 4632 2029 4703 ﬁguratam

444 4717 749 4774 locutionem
795 4718 863 4772 ad
903 4718 1126 4775 litteram
1169 4721 1430 4791 accipias;
1475 4732 1523 4777 et
1565 4724 1633 4776 ad
1676 4724 1773 4777 hoc
1817 4724 2031 4792 pertinet

446 4812 582 4880 quod
619 4813 688 4866 ait
734 4812 1008 4884 Apostolus
1033 4829 1052 4868 :
1074 4814 1275 4869 Littera
1312 4815 1532 4882 occidit,
1580 4817 1802 4885 spiritus
1849 4827 2029 4874 autem

448 4902 710 4968 viviﬁcat;
734 4921 845 4960 cum
879 4908 1010 4961 enim
1037 4908 1257 4980 figurate
1287 4908 1479 4964 dictum
1507 4911 1580 4964 sic
1604 4910 1872 4983 accipitur,
1908 4922 2024 4966 tan-

449 5010 605 5055 quam
651 4998 853 5066 pr0prie
900 5001 1092 5054 dictum
1143 5002 1243 5068 sit,
1296 5002 1575 5060 carnaliter
1623 5004 1870 5078 sapitur.]
1921 5006 2032 5063 Hoc

449 5085 600 5140 Pauli
629 5085 748 5140 loco
778 5085 821 5140 ll
847 5087 974 5144 Cor.
1008 5105 1087 5157 ιιι,
1135 5094 1188 5156 6,
1219 5093 1512 5151 abutuntur
1547 5110 1738 5152 omnes
1780 5097 2033 5167 allegori-

447 5188 568 5247 δικ,
611 5193 718 5248 quo
760 5179 896 5234 nihil
946 5181 1121 5237 simile
1171 5184 1525 5254 signiﬁcatur.
1583 5188 1695 5245 Hoc
1734 5190 1879 5246 enim
1920 5190 2033 5246 vult

447 5270 779 5344 Apostolus:
810 5271 983 5341 legem
1030 5272 1313 5333 Mosaicam
1358 5279 1629 5348 occidere,
1678 5279 2030 5352 Evangelium

450 5380 581 5422 vero
620 5364 784 5429 vitam
834 5364 983 5421 dare.
1025 5366 1157 5421 Nam
1202 5370 1418 5443 ’γράμμα
1457 5385 1600 5439 sa-pe
1644 5382 1801 5429 vocat
1835 5375 2030 5444 legem,

451 5463 654 5527 πνεῦμα
682 5473 814 5514 vero
853 5456 1239 5528 Evangelium;
1270 5460 1416 5529 quia,
1466 5469 1524 5515 ut
1550 5463 1765 5531 Opinor,
1799 5464 1886 5521 lex
1911 5467 2034 5536 qui-

451 5547 575 5602 detn
598 5563 743 5609 mera
768 5559 852 5606 est
880 5549 1061 5613 littera
1088 5564 1208 5620 qua:
1236 5564 1343 5606 non
1365 5550 1566 5609 indicat
1590 5568 1688 5623 per
1707 5571 1770 5617 se
1799 5556 2041 5614 animum

452 5638 805 5708 legislatoris;
856 5642 1370 5713 Evangeliumrero
1418 5646 1659 5702 animum
1703 5648 1877 5717 ipsum
1918 5650 2037 5717 Dei,

451 5745 574 5792 cunt
612 5730 785 5801 legem
814 5735 996 5801 terret,
1051 5737 1242 5804 aperit.
1293 5736 1425 5795 Vide
1468 5749 1651 5797 notata
1694 5741 1792 5799 hac
1824 5741 1889 5798 de
1921 5757 1978 5801 re
2010 5760 2039 5801 ει

2054 4521 2107 4581 D

2131 3732 2331 3802 facinus
2355 3730 2551 3786 videtur
2571 3730 2765 3797 iubere,
2795 3738 2883 3784 aut
2908 3730 3201 3796 utilitatem,
3227 3737 3317 3783 aut
3332 3728 3714 3797 beneﬁcentiam

2128 3831 2318 3884 vetare,
2345 3821 2567 3891 ﬁgurata
2590 3829 2685 3875 est.
2717 3819 2829 3874 Nisi
2857 3820 3329 3884 manducaveritis,
3368 3821 3555 3889 inquit,
3585 3834 3711 3875 car-

2130 3926 2254 3968 nem
2286 3912 2406 3967 Filii
2436 3911 2742 3966 hominiset
2769 3913 3084 3981 sanguinem
3110 3910 3373 3977 biberitis,
3404 3926 3510 3966 non
3542 3911 3709 3967 babe-

2129 4002 2257 4058 bitis
2286 4002 2447 4059 vitam
2479 4002 2532 4057 in
2560 4002 2735 4058 vobis.
2768 4001 2999 4057 Facinus
3030 4004 3107 4057 vel
3125 4004 3382 4073 ﬂagitium
3404 4004 3710 4072 uideturju-

2130 4094 2266 4161 bere,
2306 4094 2476 4165 ﬁgura
2517 4104 2591 4149 est
2637 4110 2757 4166 ergo
2804 4095 3108 4165 praecipiens
3157 4095 3381 4163 passioni
3426 4093 3710 4149 Dominicis

2130 4188 2607 4241 communicandum
2635 4195 2681 4241 et
2704 4188 2925 4240 suaviter
2949 4194 3096 4255 atque
3121 4187 3308 4241 utiliter
3333 4186 3709 4241 recondendum

2130 4277 2183 4329 in
2211 4278 2475 4337 memoria.
2503 4279 2639 4346 quod
2665 4292 2757 4347 pro
2794 4277 2940 4331 nobis
2966 4293 3085 4331 caro
3115 4281 3226 4350 ejus
3259 4277 3508 4344 cruci/ira
3532 4285 3583 4331 et
3602 4276 3712 4329 vul-

2130 4377 2307 4421 aerata
2335 4367 2448 4439 sit.J
2503 4368 2617 4422 Non
2661 4367 2802 4423 male
2840 4369 3006 4423 verba
3058 4366 3256 4423 Christi
3308 4368 3708 4436 interpretatur,

2133 4476 2251 4530 qute
2290 4461 2414 4517 alibi
2449 4472 2625 4516 tamen
2669 4461 2737 4515 de
2776 4460 3100 4516 eucharistia
3140 4460 3397 4516 sumenda
3428 4473 3711 4529 perperam

2133 4561 2338 4608 censet.
2365 4553 2435 4607 At
2462 4553 2575 4621 ipsa
2612 4552 2797 4623 regula
2823 4561 2907 4607 sat
2931 4560 3180 4608 accurata
3207 4568 3311 4608 non
3338 4562 3444 4619 est,
3472 4562 3531 4606 ut
3556 4561 3709 4608 antea

2138 4644 2493 4700 ostendimus.
2522 4647 2861 4715 Accipiamus
2903 4656 3078 4701 tamen
3106 4646 3247 4716 quod
3277 4656 3479 4702 rectum
3521 4654 3625 4711 est,
3661 4655 3714 4701 et

2138 4736 2264 4790 hinc
2328 4735 2689 4806 intelligamus
2742 4737 2833 4807 qui
2888 4737 3216 4809 Augustinus
3282 4737 3570 4806 participes
3617 4752 3717 4793 nos

2138 4842 2296 4899 posse
2324 4828 2436 4883 ﬁeri
2465 4829 2711 4885 crederet
2738 4831 2979 4899 corporis
3002 4830 3220 4885 Christi.

2205 4921 2336 4991 Cap.
2362 4921 2453 4987 21,
2488 4920 2516 4993 ς
2545 4922 2635 4977 51.
2659 4921 2884 4978 Narrata
2910 4922 3261 4978 similitudine
3290 4936 3395 4993 qua
3416 4921 3625 4977 Nathan
3652 4934 3720 4976 ex

2136 5028 2232 5069 ore
2266 5012 2493 5069 'Davidis
2532 5013 2806 5084 expressit
2849 5014 3251 5069 damnationem
3300 5011 3722 5081 adulteriiquod
3768 5052 3785 5094 ε

2137 5106 2504 5171 commiserat,
2543 5104 2615 5159 ita
2649 5106 2886 5173 loquitur
2916 5123 2930 5161 :
2962 5104 3049 5160 Ea:
3074 5123 3178 5176 quo
3204 5104 3509 5176 intelligitur
3531 5112 3725 5174 quanta

2147 5198 2485 5268 temperantia
2513 5196 2706 5252 multas
2738 5197 2980 5253 mulieres
3009 5198 3264 5263 habuerit,
3295 5198 3501 5268 quando
3526 5198 3591 5251 de
3620 5212 3728 5249 una

2143 5291 2198 5345 in
2227 5305 2331 5359 qua
2369 5288 2586 5343 excessit
2624 5289 2852 5357 modum,
2896 5307 2928 5344 a
2975 5291 3142 5360 seipse
3169 5290 3342 5361 puniri
3379 5296 3589 5344 coactus
3627 5295 3727 5342 est.

2146 5377 2557 5433 Consectarium
2589 5378 2692 5433 hoc
2731 5380 2869 5435 male
2897 5380 3116 5436 ductum
3145 5394 3267 5436 esse
3313 5394 3472 5434 nemo
3510 5394 3617 5434 non
3646 5377 3731 5432 vi-

2152 5472 2266 5537 det,
2294 5484 2468 5539 neque
2514 5471 2657 5526 enim
2699 5470 2949 5539 plectitur
2978 5472 3143 5527 David
3181 5471 3325 5542 quod
3352 5486 3475 5526 cum
3513 5484 3618 5525 una
3647 5468 3732 5523 in-

2151 5562 2546 5632 temperantius
2563 5564 2960 5631 concubuisset,
2982 5562 3075 5620 sed
3098 5563 3238 5634 quod
3257 5571 3401 5619 esset
3423 5562 3513 5617 alii
3539 5568 3726 5629 nupta,

2149 5662 2205 5709 et
2233 5668 2353 5709 cum
2378 5667 2440 5708 ea
2472 5652 2771 5710 moechatus
2802 5663 2967 5712 esset.
2999 5654 3151 5722 Quod
3180 5654 3234 5710 in
3261 5651 3607 5710 similitudine
3624 5649 3728 5705 Na-

2151 5746 2329 5804 thanis
2367 5746 2569 5806 mentio
2606 5744 2666 5803 ﬁt
2692 5746 2840 5805 unius
2864 5762 2985 5818 ovis,
3032 5745 3086 5807 id
3126 5746 3321 5807 dicitur
3350 5748 3460 5803 κατ’
3492 5744 3725 5805 ἀντίθεσιν
