3908 6312
150 340 249 399 561

850 336 1194 395 νΛῐὶίΟῐὶυΜ
1234 334 1743 392 EXERCITATION

1874 337 1940 392 IN
1981 336 2040 393 S.
2087 338 2461 395 AUCUSTINI
2499 339 2754 397 OPERA.

3310 353 3417 410 542

150 454 216 509 ad
252 453 447 509 multas
487 449 706 506 Davidis
744 465 976 515 uxores;
1030 450 1121 520 qui
1160 459 1339 505 tamen
1389 449 1573 504 multis
1619 448 1728 503 illis
1756 451 1802 509 A
1835 450 2013 517 nibus,
2043 466 2176 522 quas
2203 456 2366 513 κοινὰς
2388 454 2575 515 ἑννοίας
2606 469 2714 508 non
2744 471 2881 512 mare
2910 461 3137 527 vocaris,
3165 478 3287 518 eum
3313 467 3421 522 sint

155 558 257 597 non
315 552 603 598 contentus
659 541 857 597 infelici
910 541 1051 596 Uria:
1099 556 1260 596 unam
1307 556 1470 611 quam
1505 540 1737 596 habebat

154 638 448 705 eripuerat,
502 649 608 704 qua
648 632 1046 689 circumstantia
1086 641 1309 701 augetur
1346 631 1533 702 ﬂagitii
1561 632 1736 702 gravi-

158 738 255 783 tas.
299 726 468 790 Unde,
519 734 896 794 contra'quam
942 723 1069 780 fecit
1110 725 1466 794 Augustinus,
1516 723 1737 794 colligas

160 820 407 877 Davidem
451 819 796 872 libidinosum
844 817 1117 872 hominem
1156 815 1342 884 fuisse,
1377 816 1613 885 quicum
1659 824 1738 869 tot

158 913 377 968 haberet
407 925 613 966 uxores
642 909 806 974 domi,
841 917 946 964 tam
978 907 1134 964 facile
1158 908 1347 964 alienae
1372 921 1557 963 amore
1578 922 1732 963 exar-

157 1005 300 1064 serit.

223 1098 382 1151 Ltnno
424 1113 497 1160 Iv,
532 1110 651 1164 cap.
684 1094 791 1165 λς
826 1096 913 1151 15.
961 1094 1177 1148 Videtur
1202 1095 1335 1149 enim
1360 1094 1446 1148 ubi
1486 1095 1558 1148 ait
1583 1092 1739 1166 (Pau-

160 1188 264 1252 lus,
306 1186 351 1240 ll
387 1186 516 1241 Cor.
562 1202 649 1252 xi,
681 1184 785 1253 6):
834 1184 946 1239 Etsi
989 1185 1267 1254 imperitus
1307 1199 1591 1253 sermone,
1642 1184 1735 1238 sed

161 1292 257 1331 non
284 1276 534 1339 scientia,
567 1277 715 1346 quasi
739 1276 1069 1330 concedendo
1096 1276 1524 1331 obtrectatoribus
1564 1278 1630 1330 sit
1662 1277 1739 1329 lo-

163 1378 319 1433 cutus,
345 1384 471 1431 non,
496 1378 744 1437 tanquam
777 1368 833 1419 id
871 1383 1040 1421 verum
1068 1376 1383 1436 agnosceret,
1408 1363 1737 1435 conﬁtenda]

163 1460 317 1529 Atqui
343 1474 433 1516 res
464 1461 580 1529 ipsa
607 1459 804 1513 clamat
824 1474 1011 1513 verum
1043 1472 1185 1514 esse.
1218 1458 1351 1513 Vide
1377 1458 1737 1512 additamenta

164 1554 313 1609 Joan.
343 1550 541 1607 Clerici
582 1552 647 1605 ad
680 1551 1068 1607 Adnotationes
1095 1551 1435 1606 llammondi.
1477 1550 1586 1606 Nec
1618 1566 1736 1619 pro-

165 1653 339 1713 pterea
390 1644 619 1697 minoris
661 1642 875 1697 divinus
930 1643 1221 1711 Apostolus
1274 1641 1552 1696 faciendus
1615 1650 1735 1705 est;

163 1749 313 1802 quem
354 1750 461 1789 non
490 1748 813 1788 veneramur
851 1734 1003 1802 quasi
1030 1734 1371 1803 eloquentem
1404 1733 1608 1801 virum,
1643 1733 1737 1787 sed

1840 541 2000 597 totius
2047 543 2265 599 humani
2305 546 2542 613 generis,
2590 557 2901 603 avocarunt.
2949 550 3215 607 Czeternm
3265 557 3421 626 hujus

1838 631 2018 698 operis
2047 633 2248 687 malum
2291 647 2397 687 non
2433 643 2549 689 erat
2585 637 2887 701 consilium,
2930 640 3074 694 nulla
3103 644 3247 696 enim
3276 656 3421 700 recta

1838 718 2209 787 interpretatio
2258 733 2343 777 est
2386 739 2505 792 qua:
2548 739 2657 780 non
2696 727 2767 780 sit
2809 730 2877 781 ad
2919 730 3160 799 litteram,
3206 750 3271 789 ex
3316 752 3421 804 qua

1840 820 2024 882 postea
2062 822 2114 867 et
2158 814 2377 868 moralia
2422 824 2476 869 et
2522 816 2818 886 theologica
2852 820 3189 879 deducuntur
3230 841 3423 883 conse-

1841 905 2031 977 ctaria.
2056 903 2162 958 Sed
2193 919 2261 960 eo
2292 920 2407 961 amo
2442 911 2826 976 propemodum
2866 912 3064 983 ignotae
3093 925 3249 971 erant
3274 918 3443 972 ιίιιιξ-⁵

1842 996 1984 1051 rales
2013 1010 2107 1050 seu
2133 1000 2494 1064 grammaticm
2520 1001 3016 1071 interpretationes;
3046 1023 3146 1064 nec
3174 1011 3425 1079 Augusti-

1842 1100 1941 1140 nus
1967 1101 2033 1139 eo
2064 1096 2323 1156 tempore,
2358 1104 2457 1144 nec
2496 1100 2705 1160 postea,
2734 1099 3049 1153 necessariis
3078 1114 3196 1155 eam
3222 1102 3274 1155 in
3301 1117 3420 1157 rem

1845 1177 2138 1231 instructus
2160 1178 2422 1245 praesidiis
2449 1182 2565 1236 fuit.

1912 1269 2044 1335 Cap.
2076 1269 2131 1335 4,
2178 1269 2205 1339 §
2254 1272 2340 1325 17.
2375 1270 2555 1328 Potest
2606 1270 2772 1333 autem
2816 1290 2863 1334 et
2903 1282 3054 1337 aliter
3082 1286 3320 1357 intelligi,
3366 1294 3423 1341 ut

1845 1360 2082 1427 spiritum
2108 1360 2203 1415 Dei
2231 1363 2437 1416 vitalem
2474 1379 2784 1434 creaturam,
2813 1388 2912 1439 qua
2936 1375 3200 1429 universus
3227 1379 3322 1430 iste
3345 1382 3424 1432 vi-

1842 1452 2000 1505 sibilis
2022 1453 2238 1507 mundus
2263 1464 2413 1525 atque
2434 1460 2605 1512 omnia
2626 1476 2875 1529 corporea
2900 1468 3223 1522 continentur
3249 1482 3293 1524 et
3315 1488 3425 1525 mo-

1844 1552 2022 1597 rentur
2051 1545 2440 1618 intelligamus;
2471 1552 2553 1604 cui
2596 1551 2737 1609 Deus
2768 1558 3086 1627 omnipotens
3113 1562 3290 1616 tribuit
3331 1565 3429 1617 vim

1844 1635 2121 1703 quamdam
2161 1637 2260 1691 sibi
2289 1641 2562 1706 serviendi,
2601 1645 2669 1696 ad
2696 1650 3011 1716 aperandum
3049 1652 3103 1704 in
3131 1653 3193 1706 iis
3215 1669 3327 1721 qua:
3356 1656 3430 1723 gi«

1845 1726 2119 1798 gnuntur.]
2170 1727 2308 1813 Haec
2336 1729 2439 1786 fuit
2467 1736 2735 1790 sententia
2772 1737 3052 1809 Theophili
3081 1745 3427 1813 Antiocheni,

165 1833 219 1879 ut
244 1824 547 1895 apostolum
569 1824 767 1881 Christi
800 1839 1023 1880 munere
1046 1839 1147 1879 suo
1172 1838 1382 1879 summa
1410 1823 1514 1880 fide
1542 1838 1606 1879 ac
1626 1823 1738 1879 for-
1772 1813 1818 1871 Β
1844 1817 1934 1885 qui
1963 1818 2099 1873 libro
2120 1834 2160 1873 Il
2182 1820 2249 1875 ad
2273 1811 2620 1895 Autolycum,
2653 1828 2730 1884 sic
2757 1830 2992 1900 loquitur
3021 1851 3033 1887 :
3063 1844 3259 1907 Πνεῦμα
3290 1838 3343 1894 δὲ
3372 1811 3429 1896 τε

166 1916 387 1972 titudine
410 1916 749 1972 defunctum.

232 2008 367 2063 Ibid.
414 2009 706 2078 Postquam
747 2008 883 2063 dixit
916 2022 977 2063 se
1007 2008 1193 2064 Amosi
1227 2008 1343 2062 loca
1381 2007 1739 2078 prolaturum,

165 2098 377 2154 subdit:
408 2115 513 2152 non
542 2110 711 2153 autem
735 2100 1019 2153 secundum
1056 2099 1397 2169 Septuaginta
1419 2098 1738 2166 interpretes,

164 2194 246 2261 qui
280 2208 443 2247 smn
475 2207 575 2247 IPSI
605 2193 779 2245 divino
811 2191 1015 2261 Spiritu
1045 2192 1382 2262 interpretati,
1412 2190 1480 2243 ad
1522 2190 1618 2242 hoc
1646 2189 1742 2241 ali-

164 2295 235 2339 ter
263 2286 494 2339 ridentur
520 2284 773 2336 nonnulla
812 2284 1024 2347 dixisse,
1054 2293 1110 2335 ut
1131 2283 1198 2334 ad
1228 2280 1514 2349 spiritalem
1541 2296 1743 2335 sensum

163 2376 491 2429 scrutandum
530 2376 895 2428 admoneretur
937 2374 1139 2427 lectoris
1180 2374 1428 2436 intentio,
1476 2384 1583 2427 etc.
1635 2373 1741 2427 Sed

162 2468 288 2520 sicut
316 2482 381 2519 ex
404 2464 623 2518 llebrwo
651 2466 703 2519 in
740 2463 975 2517 Latinum
1001 2462 1260 2533 e.’oquium
1283 2464 1581 2534 presbytero
1610 2462 1741 2516 Ilie-

163 2572 371 2627 ronymo
397 2556 663 2625 utriusque
692 2556 882 2627 ltngute
909 2556 1069 2624 perito
1104 2556 1465 2623 interpretante
1493 2553 1743 2608 translata

158 2645 323 2717 sunL]
357 2646 616 2715 Suspecta
660 2645 791 2700 mihi
838 2653 963 2699 sunt
1006 2645 1189 2709 verba,
1241 2646 1392 2697 etiam
1429 2644 1527 2711 ipsi
1572 2644 1744 2695 divino

161 2736 363 2803 Spiritu
388 2737 742 2807 interpretati;
764 2736 882 2805 quis
904 2736 1048 2790 enim
1077 2735 1214 2788 alius
1243 2734 1513 2801 interpres
1536 2748 1601 2787 eo
1629 2748 1745 2787 tevo

158 2827 344 2882 divino
385 2827 588 2896 Spiritu
621 2837 770 2882 actus
798 2824 1155 2881 credebatur?
1185 2825 1262 2879 De
1294 2822 1619 2893 Hieronymo
1645 2822 1747 2879 hoc

160 2920 449 2986 postremis
489 2928 696 2972 tantum
745 2917 894 2973 hisce
940 2915 1153 2972 ateculis
1186 2915 1464 2984 jactalum.
1497 2914 1747 2971 Fortasse

163 3020 346 3066 tamen
378 3014 433 3068 τὸ
459 3015 615 3065 etiam
660 3024 765 3064 non
800 3019 905 3064 tam
943 3008 1163 3076 respicit
1197 3007 1362 3061 alium
1393 3006 1742 3075 interpretem

160 3116 325 3171 quam
351 3106 639 3173 scriptores
684 3103 828 3170 ipsos
858 3115 1071 3164 sacros;
1115 3100 1251 3154 adeo
1298 3108 1355 3153 ut
1380 3099 1609 3153 voluerit
1635 3103 1744 3153 Au-

162 3196 405 3261 gustinus
427 3209 537 3249 non
563 3201 769 3248 tantum
800 3207 983 3247 sacros
1004 3192 1313 3261 scriptores,
1343 3190 1438 3245 sed
1467 3191 1628 3245 etiam
1657 3191 1741 3245 in-
1768 3168 1814 3229 ο

168 3293 428 3353 terpretes
446 3286 592 3354 ipsos
613 3285 832 3339 Graecos
849 3298 878 3336 a
896 3282 1096 3352 Spiritu
1119 3290 1305 3335 sancto
1325 3281 1534 3335 amatos
1556 3281 1740 3335 fuisse.

233 3375 364 3444 Cap.
399 3374 490 3441 24,
536 3374 563 3445 §
614 3375 700 3429 55.
740 3372 816 3429 De
853 3372 1290 3428 Cresareensibus
1330 3370 1528 3426 dicenti
1567 3374 1746 3446 Augu-

167 3465 310 3520 stino
334 3465 753 3521 acclamantibus
778 3480 793 3518 :
815 3463 863 3517 Ν
871 3480 935 3519 on
955 3472 1122 3517 tamen
1145 3463 1305 3535 egisse
1325 3463 1519 3532 aliquid
1545 3480 1623 3517 me
1643 3481 1747 3532 pu-

172 3558 292 3623 tari,
322 3575 435 3611 cum
463 3574 549 3612 eos
578 3558 811 3611 audirem
840 3556 1199 3620 acclamantes,
1240 3556 1329 3610 sed
1356 3571 1473 3609 cum
1504 3572 1587 3610 eos
1612 3559 1747 3626 [ten-

174 3657 243 3702 tes
272 3650 514 3704 uiderem.
542 3648 1005 3704 declamationibus
1032 3649 1219 3719 quippe
1252 3664 1306 3701 se
1333 3648 1501 3702 doceri
1530 3658 1577 3703 et
1606 3648 1747 3701 delc-

183 3742 330 3807 ctari,
358 3742 494 3810 ﬂecti
535 3750 705 3795 autem
746 3741 986 3811 lacrymis
1033 3735 1377 3808 indicabant.]
1409 3739 1564 3807 Saepe
1606 3739 1748 3808 ejus-

178 3829 319 3884 modi
360 3831 804 3886 aettlumationum
844 3831 896 3885 in
951 3829 1331 3884 ecclesiasticis
1386 3831 1749 3885 monumentis

182 3922 371 3977 mentio
391 3922 489 3989 tit;
522 3938 641 3991 qua:
675 3936 831 3991 quam
865 3920 1141 3975 aflicerent
1179 3935 1361 3974 sacros
1388 3929 1631 3974 oratores
1655 3937 1746 3974 nc-

184 4012 310 4079 scio,
336 4014 426 4067 sed
459 4012 737 4067 indecoras
776 4011 938 4066 fuisse
981 4010 1115 4080 scio,
1161 4020 1214 4065 et
1240 4019 1392 4078 aptas
1430 4013 1494 4066 ad
1534 4026 1629 4066 eos
1653 4012 1751 4064 mi-

190 4116 295 4157 rum
340 4103 391 4158 in
437 4104 655 4158 modum
695 4102 982 4156 inﬂandus.
1034 4102 1198 4164 Plebs,
1230 4101 1561 4171 frequentius
1598 4104 1752 4172 nugis

191 4195 471 4262 applaudit,
507 4196 551 4248 si
581 4195 689 4248 sint
713 4204 860 4263 grata
901 4208 1033 4249 voce
1060 4203 1113 4248 et
1148 4194 1343 4249 (ieeura
1387 4194 1599 4250 actione
1629 4210 1750 4264 pro-

195 4289 454 4355 nuntiata,
509 4302 667 4356 quam
725 4287 880 4341 bonis
928 4286 1455 4353 ratiocinationibus;
1525 4298 1579 4343 et
1629 4304 1750 4345 cum

197 4374 420 4440 plausum
465 4376 646 4432 ferunt
685 4376 919 4444 inepti-.0,
954 4376 1165 4433 meliori
1203 4377 1433 4432 orationi
1478 4388 1749 4447 negatum,

199 4465 302 4521 hinc
336 4469 393 4523 [it
421 4478 483 4523 ut
510 4469 844 4538 negligantur
870 4484 989 4536 qua:
1023 4468 1164 4537 plebi
1195 4468 1373 4522 minus
1404 4468 1631 4536 placent,
1658 4485 1751 4524 co-

1845 1912 2196 1985 ἔπιφερόμενον
2225 1916 2309 1969 ἐπὶ
2336 1922 2426 1971 τοῦ
2457 1917 2645 1980 ὕδατος
2669 1918 2694 1975 ὃ
2725 1920 2908 1977 ἔδωκεν
2929 1924 2954 1979 ὁ
2979 1928 3104 1987 Θεὸς
3132 1931 3437 2000 Cruor/ovanti

1853 2009 1916 2077 τῇ
1939 2004 2099 2057 κτίσει
2128 2006 2359 2081 καθάπερ
2387 2008 2635 2084 ἀνθρώπῳ
2662 2011 2863 2083 ψυχήν,
2886 2024 2959 2088 τῷ
2987 2017 3155 2092 λεπτῷ
3180 2022 3238 2074 τὸ
3250 2022 3430 2078 λεπτὸν

1851 2094 2201 2169 συγκεράσας·
2235 2097 2294 2151 τὸ
2320 2099 2421 2169 γάρ
2448 2106 2651 2171 πνεῦμα
2678 2102 2856 2159 λεπτὸν
2885 2110 2967 2159 καὶ
2999 2109 3055 2161 τὸ
3068 2108 3200 2179 ὕδωρ
3226 2111 3427 2169 λεπτὸν.

1845 2184 1984 2246 ὅπως
2005 2188 2063 2240 τὸ
2095 2190 2183 2260 μὲν
2208 2183 2409 2259 intrimat
2429 2193 2584 2265 τρέφῃ
2614 2196 2670 2247 τό
2698 2194 2856 2269 ὕδωρ,
2890 2200 2948 2251 τὸ
2979 2197 3031 2253 δέ
3056 2198 3193 2276 ἶδωρ
3222 2204 3316 2255 σὺν
3354 2214 3428 2273 τῷ

1844 2278 2101 2346 meditatis
2146 2281 2301 2352 τρέφῃ
2356 2286 2446 2340 τήν
2495 2285 2658 2341 κτίσιν
2704 2285 3039 2361 διῖκνούμενον
3078 2295 3428 2364 navi-axon:

1846 2366 1910 2419 At
1947 2369 2185 2437 spiritum
2223 2371 2311 2438 qui
2341 2371 2600 2440 ferebatur
2640 2392 2794 2444 super
2838 2394 2999 2447 aquas
3029 2380 3244 2449 largitus
3293 2382 3434 2438 Deus

1846 2467 2114 2524 creatum,
2148 2468 2202 2512 ut
2231 2463 2343 2531 ejus
2371 2479 2527 2528 opera
2558 2467 2716 2533 possit
2751 2470 3033 2536 producere
3060 2472 3297 2537 viventia,
3330 2490 3431 2527 non

1843 2562 1987 2602 secus
2012 2566 2075 2602 ac
2118 2551 2311 2606 homini
2339 2556 2563 2609 animam
2591 2558 2845 2627 attribuit,
2888 2570 3033 2616 tenue
3060 2566 3195 2618 tenui
3223 2568 3432 2619 consoni-

1844 2655 1991 2694 scene
2031 2640 2176 2709 (nam
2206 2646 2419 2714 spiritus
2453 2663 2547 2700 sua
2590 2659 2775 2703 natura
2817 2655 2983 2707 tenuis
3036 2664 3129 2717 est,
3168 2658 3342 2710 itidem
3386 2670 3431 2712 rt

1848 2728 2007 2801 aqua)
2034 2742 2051 2794 ;
2082 2741 2136 2785 ut
2170 2734 2386 2802 spiritus
2416 2738 2611 2790 nutriat
2640 2756 2848 2808 aquam,
2878 2753 2926 2795 et
2952 2762 3088 2813 aqua
3118 2747 3297 2800 addita
3324 2750 3430 2819 spi-

1845 2822 1969 2874 ritui
1991 2824 2181 2876 nutriat
2212 2836 2499 2880 creaturam
2526 2830 2838 2899 universam,
2863 2836 3035 2887 omnia
3067 2852 3351 2905 permeans.

1918 2912 2046 2982 Cap.
2078 2914 2132 2979 6,
2165 2914 2190 2985 δ
2231 2917 2321 2971 26.
2358 2917 2518 2973 Omne
2559 2921 2748 2990 quippe
2787 2925 3089 2980 vocabulum
3133 2928 3201 2981 ad
3250 2929 3430 2981 distin-

1848 3005 2063 3058 ctionem
2109 3007 2241 3060 valet
2270 3048 2282 3061 .
2323 3008 2470 3064 Unde
2510 3013 2665 3064 etiam
2701 3031 2907 3083 nomen,
2946 3020 3085 3087 quod
3130 3036 3239 3073 rem
3270 3030 3429 3088 notet,

1849 3097 2167 3170 appet/ptum
2204 3109 2299 3163 est,
2347 3104 2494 3169 quasi
2535 3106 2818 3180 notamen.]
2854 3109 2964 3162 ltno
3008 3126 3035 3164 n
3068 3129 3223 3166 nosco
3256 3114 3313 3167 iit
3345 3131 3434 3167 no-

1850 3203 1985 3253 men,
2008 3189 2158 3258 -qnod
2188 3205 2289 3260 ope
2320 3195 2549 3248 numin's
2592 3212 2677 3250 res
2717 3210 3023 3256 noscantur.
3075 3203 3205 3260 Vide
3240 3206 3337 3259 bac
3368 3206 3434 3261 de

1850 3294 1909 3334 re
1933 3278 2055 3335 Ger.
2080 3279 2302 3335 Joannis
2330 3281 2505 3339 Vossii
2538 3285 2965 3359 Etytnologicon.

2320 3404 2971 3493 ANllliADVlERSlQNES,

2102 3544 2151 3584 IN
2185 3546 2363 3585 LIBROS
2389 3549 2462 3586 XII
2494 3550 2557 3587 DE
2587 3551 2769 3591 GENESI
2796 3555 2864 3591 AD
2895 3555 3181 3597 ιιττειιω.

1854 3692 1859 3701 ,
1925 3641 2088 3697 Ltnno
2115 3656 2151 3694 1.
2183 3639 2312 3710 Cap.
2336 3643 2436 3706 ⁶10,
2465 3644 2491 3713 §
2521 3643 2609 3698 91.
2646 3645 2711 3699 In
2752 3648 2881 3701 libro
2910 3652 2999 3717 qui
3016 3652 3304 3722 appellatur
3336 3654 3435 3708 Ec-

1852 3734 2125 3801 clesiastes,
2170 3737 2243 3788 ita
2286 3735 2532 3807 scriptum
2569 3748 2640 3792 est
2666 3754 2683 3791 :
2710 3739 2778 3793 Et
2812 3740 2982 3795 oritur
3028 3744 3112 3799 sol
3156 3753 3211 3800 et
3241 3746 3435 3801 occidit

1852 3824 1955 3888 sol,
1982 3834 2037 3878 et
2065 3823 2118 3879 in
2142 3825 2317 3881 locum
2347 3841 2501 3880 suum
2534 3827 2768 3890 ducitur,
2801 3829 2897 3883 hoc
2922 3842 3018 3896 est,
3053 3836 3105 3887 in
3128 3850 3244 3888 eum
3266 3834 3435 3889 locum

1855 3916 1991 3968 unde
2010 3924 2151 3970 ortus
2177 3927 2270 3970 est.
2301 3917 2547 3989 Sequitur
2568 3921 2699 3973 enim
2738 3932 2787 3974 et
2810 3924 2932 3976 dicit
2954 3940 2974 3978 :
3001 3924 3118 3993 Ipse
3147 3926 3338 3982 Oriens
3362 3926 3433 3981 il;

1855 4004 1944 4059 Iud
1973 4005 2205 4060 vaditad
2238 4009 2497 4062 Austrum
2545 4018 2599 4063 et
2634 4012 2822 4065 creuit
2861 4013 2925 4065 ad
2959 4015 3298 4084 Aquilonem.
3336 4021 3438 4071 Au-

1853 4097 2027 4150 strafis
2048 4112 2168 4167 ergo
2187 4115 2307 4168 pars
2336 4115 2451 4151 cum
2492 4100 2637 4154 habet
2661 4102 2838 4167 solem,
2863 4105 3012 4158 nobis
3039 4106 3149 4161 dies
3180 4118 3251 4162 est
3273 4126 3293 4173 ;
3321 4126 3435 4162 cum

1853 4200 2021 4243 autem
2050 4191 2118 4244 ad
2143 4191 2412 4258 Aquilonis
2438 4203 2633 4257 partem
2676 4196 2975 4248 circumiens
3005 4201 3250 4266 pervenit,
3292 4203 3439 4254 nobis

1854 4296 1958 4334 no.1:
1986 4281 2107 4353 est.]
2142 4282 2338 4337 Versus
2368 4283 2588 4351 quidem
2621 4286 2655 4339 5
2682 4300 2803 4353 cap.
2828 4301 2843 4338 ι
2864 4286 3206 4343 Ecclesiaste:
3237 4291 3302 4344 de
3324 4293 3440 4345 sole

1855 4374 1985 4443 agit,
2021 4375 2115 4429 sed
2139 4389 2260 4443 cap.
2297 4390 2351 4429 vr
2372 4375 2586 4430 videtur
2615 4377 2682 4430 de
2710 4387 2871 4431 vento
2905 4386 3109 4433 tantum
3139 4380 3441 4449 intelligen-

1857 4465 1980 4530 dus,
2019 4474 2078 4518 ut
2128 4464 2397 4519 docebunt
2446 4468 2807 4521 accuratiores
2846 4466 3188 4545 interpretes.
3239 4467 3435 4523 Verum

203 4558 357 4613 lantur
402 4574 535 4614 vero
573 4575 691 4630 qua:
733 4568 859 4615 sunt
907 4570 1068 4615 recta:
1110 4560 1301 4614 rationi
1350 4562 1639 4616 contraria.
1676 4564 1753 4618 Ex
1783 4542 1836 4602 Β
1861 4558 1963 4612 hoc
1992 4572 2095 4610 non
2121 4556 2349 4627 agimus,
2388 4573 2560 4628 neque
2600 4560 2742 4614 enim
2783 4542 3225 4615 commentarium
3253 4561 3441 4617 scribi-

202 4648 297 4705 loro
344 4662 392 4704 et
440 4650 650 4708 theatro
696 4651 819 4707 talia
875 4652 927 4706 in
979 4650 1273 4707 Ecclesiam
1320 4652 1597 4709 transferri
1648 4669 1753 4709 non

203 4744 430 4811 oportuit.

647 4833 1203 4891 ANIMADVERSION
1213 4834 1291 4890 ES

275 4940 318 4979 LV
344 4942 538 4983 LIBRUM
567 4942 941 4983 IMPERFECTUM
967 4944 1029 4983 DE
1051 4942 1240 4983 GENESI
1268 4943 1335 4981 ΑΙ)
1358 4942 1649 4982 LITTERAM.

260 5015 376 5087 Cap.
411 5020 466 5083 1,
497 5018 525 5088 ς
556 5018 608 5073 5.
634 5017 762 5073 Esse
788 5029 955 5073 autem
980 5019 1151 5072 omnia
1177 5033 1288 5087 quin
1316 5018 1435 5087 fecit
1463 5017 1601 5072 Deus
1625 5019 1757 5075 bona

207 5108 357 5175 valde;
397 5110 537 5163 mala
575 5110 691 5164 vero
731 5127 832 5164 non
858 5126 967 5165 esse
1006 5110 1287 5174 naturalia,
1327 5109 1418 5164 sed
1448 5126 1597 5164 omne
1623 5114 1757 5182 quod

206 5201 365 5254 dieitur
390 5203 605 5266 malum,
637 5210 727 5255 aut
752 5210 1013 5270 peccatum
1037 5217 1164 5267 esse,
1197 5209 1286 5254 aut
1307 5216 1510 5270 poenam
1539 5204 1753 5270 peccati.

206 5289 294 5344 Nec
324 5306 431 5344 esse
457 5300 742 5359 peccatum,
775 5291 875 5344 nisi
913 5306 1125 5360 pravum
1150 5290 1321 5344 liberte
1366 5291 1640 5346 voluntatis
1668 5309 1758 5346 as-

204 5396 404 5447 sensum,
436 5397 556 5435 cum
599 5382 910 5436 inclinamur
947 5382 1014 5435 ad
1056 5398 1116 5435 ea
1156 5397 1269 5451 quia
1296 5382 1500 5453 justitia
1529 5392 1679 5449 vetat,
1711 5393 1759 5437 et

203 5472 314 5527 unde
332 5473 544 5526 liberum
565 5480 636 5527 est
664 5471 965 5542 abstinere.]
991 5473 1115 5527 ch
1147 5472 1424 5529 verissima
1461 5484 1545 5530 est
1563 5484 1619 5530 et
1638 5490 1760 5544 pec-

201 5564 290 5618 cati
323 5573 375 5620 et
410 5565 678 5620 libertatis
716 5563 985 5630 definitio,
1024 5578 1145 5633 quae
1183 5564 1251 5618 ab
1279 5566 1528 5621 omnibus
1568 5566 1760 5647 proba-

200 5658 357 5718 batur.
403 5664 462 5712 et
505 5669 720 5725 semper
758 5655 982 5725 probata
1034 5656 1240 5721 fuisset,
1284 5656 1385 5713 nisi
1444 5657 1760 5713 incidissent

201 5747 573 5804 Controversia:
612 5746 937 5818 Pelagianae;
976 5763 1094 5817 quae
1126 5748 1474 5818 Augustinum
1524 5763 1553 5801 ει
1584 5748 1758 5803 notio-

1864 4662 1985 4703 mus
2006 4647 2056 4701 in
2084 4648 2200 4703 loca
2221 4649 2288 4703 ab
2315 4649 2612 4719 Augustino
2642 4651 2816 4706 minus
2836 4652 2975 4705 bene
2995 4651 3275 4721 explicata.
3300 4655 3441 4708 Ante

1864 4741 2062 4806 omnia,
2095 4740 2628 4798 animadvertendum
2667 4742 2751 4796 hic
2781 4742 3032 4795 mendum
3065 4756 3186 4797 esse
3225 4745 3279 4800 in
3308 4760 3440 4800 voce

1862 4834 2016 4899 illud,
2041 4844 2093 4889 et
2121 4834 2404 4903 legendum
2428 4836 2556 4899 illic,
2583 4834 2662 4888 sic
2684 4834 2826 4887 enim
2853 4833 2993 4888 hunc
3013 4835 3189 4889 locum
3227 4851 3295 4892 ex
3319 4838 3439 4893 ver;

1860 4924 2014 4978 sione
2041 4925 2260 4993 antiqua
2299 4924 2503 4991 profert
2530 4923 2921 4991 Hieronymus:
2947 4932 2995 4977 et
3024 4926 3187 4981 oritur
3206 4929 3316 4996 ipse
3344 4930 3437 4985 ibi.

1869 5014 2025 5068 Vadit
2064 5015 2132 5065 ad
2158 5014 2422 5081 Austrum,
2456 5022 2563 5067 etc.
2601 5014 2657 5067 In
2691 5012 2927 5070 editione
2959 5016 3161 5072 Erasmi
3189 5029 3270 5075 est
3293 5020 3437 5085 illuc,

1861 5108 2005 5177 quod
2040 5106 2106 5161 ad
2147 5122 2327 5162 veram
2376 5108 2656 5162 lectionem
2710 5112 2927 5180 propius
2960 5114 3187 5170 accedit.
3238 5112 3442 5170 Deinde

1864 5199 2211 5271 quaerendum
2244 5208 2389 5255 esset
2415 5216 2445 5255 a
2476 5216 2583 5270 quo
2612 5211 2925 5259 astronemo
2952 5207 3275 5276 Augustinus
3305 5207 3442 5260 didi.

1864 5292 2047 5355 cisset,
2097 5306 2213 5344 cum
2249 5290 2506 5346 Australis
2551 5310 2671 5361 pars
2712 5295 2861 5349 habet
2901 5296 3080 5360 solem,
3126 5296 3270 5349 nobis
3309 5297 3444 5349 diem

1866 5398 2005 5445 esse;
2033 5398 2153 5435 cum
2195 5392 2363 5438 autem
2402 5384 2471 5437 ad
2494 5387 2762 5455 Aquilonis
2784 5399 2979 5457 partem
3005 5387 3303 5441 cirrumiens
3329 5404 3445 5455 per-

1868 5474 2024 5538 vtnit,
2061 5472 2205 5527 nobis
2245 5483 2443 5528 noctem
2478 5476 2622 5530 esse?
2661 5477 2992 5533 Crediderim
3016 5490 3138 5530 eum
3170 5475 3383 5530 audisse
3414 5493 3443 5530 a

1861 5564 2112 5635 quopiam
2137 5579 2260 5619 enm
2287 5566 2540 5621 australis
2561 5582 2710 5637 pars,
2734 5566 2836 5621 hoc
2856 5575 2961 5632 est,
2987 5565 3239 5621 australia
3269 5567 3443 5636 signa,

1862 5663 2246 5726 percurruntur
2273 5671 2305 5711 a
2332 5657 2469 5723 sole,
2501 5659 2655 5713 nobis
2686 5658 2918 5712 hiemem
2958 5673 3080 5714 esse
3104 5674 3118 5689 ο
3150 5659 3277 5714 dum
3316 5662 3445 5715 vero

1863 5744 2192 5814 aquilonaria
2222 5749 2369 5817 signa
2405 5757 2671 5820 peragrat.
2692 5758 2969 5816 aestatem;
3004 5747 3097 5806 sed
3123 5766 3242 5806 eum
3272 5761 3443 5807 astro-
