3908 6316
453 333 557 390 543

1339 318 1893 379 δυΡΡιΕδιεΝἰ“υιι
1935 317 2026 372 AD
2065 315 2291 370 OPl'LRA
2333 315 2390 371 S.
2432 317 2824 376 AUGUSTINI.

3614 317 3736 372 διδ

450 444 642 499 ιιοιιιίπ
702 455 922 512 prorsus
969 439 1250 508 imperitus
1305 445 1469 501 esset,
1517 436 1660 490 diem
1711 444 1766 488 et
1815 443 2026 486 noctem
2058 434 2105 489 Δ
2131 432 2283 500 aquis
2309 447 2467 500 supra
2497 431 2690 488 caelum
2722 428 3096 500 intelligendus
3125 429 3193 484 sit
3221 429 3287 484 de
3323 428 3558 484 nubibus
3586 431 3738 484 infe-

450 536 619 591 aestati
645 544 807 604 atque
832 533 1019 597 hiemi,
1055 531 1334 584 vacillante
1359 527 1638 592 memoria,
1664 525 2028 580 substituisse.

451 630 616 684 Multo
643 628 834 682 melius
866 626 1239 694 Hieronymus,
1274 621 1338 674 ad
1371 636 1514 675 vers.
1545 621 1602 685 6,
1631 620 1674 674 si
1707 617 1867 673 modo
1890 620 1941 670 in
1969 631 2033 670 eo

452 723 519 776 de
547 720 661 774 sole
694 733 875 772 sermo
915 718 1022 770 sit:
1057 714 1192 766 Hinc
1221 728 1513 783 possumus,
1548 712 1740 780 inquit,
1781 711 2036 764 testimare

452 811 632 865 hiemis
655 819 879 875 tempore
913 805 1071 860 solem
1103 804 1171 856 ad
1199 803 1536 856 meridianam
1573 804 1778 872 plagam
1809 816 2034 863 currere,

452 913 499 956 et
519 919 609 972 per
633 908 857 955 testatem
877 896 1205 967 septentrioni
1227 911 1333 948 esse
1353 894 1595 947 vicinum.

523 994 688 1048 LIBRO
715 1008 786 1058 ιι,
819 1006 937 1060 cap.
973 990 1037 1057 5,
1066 989 1091 1058 §
1119 988 1171 1042 9.
1207 987 1492 1055 Postquam
1515 985 1647 1039 dixit
1675 986 1884 1039 Saturni
1912 985 2040 1040 stel-

455 1086 560 1140 lam
588 1085 827 1154 frigidam
855 1083 923 1136 ab
952 1081 1232 1148 astrologis
1261 1078 1441 1134 haberi
1463 1119 1479 1143 ,
1509 1079 1587 1132 sic
1617 1088 1798 1133 contra
1830 1078 2042 1132 ratioci-

455 1191 611 1232 natur
640 1196 654 1231 :
691 1177 945 1241 Qua’ritur
974 1176 1144 1243 itaque
1188 1173 1251 1226 ab
1295 1175 1367 1227 eis
1398 1174 1533 1226 unde
1557 1173 1649 1226 illa
1673 1171 1821 1225 stella
1849 1172 1913 1224 sit
1945 1172 2040 1237 fri-

454 1272 574 1339 gida
598 1308 612 1334 ,
641 1283 755 1337 quae
781 1276 918 1320 tanto
947 1265 1208 1318 ardentior
1243 1280 1350 1318 esse
1387 1264 1585 1317 deberet
1610 1302 1624 1327 ,
1667 1272 1856 1330 quanto
1889 1261 2045 1313 subli-

454 1362 614 1413 miore
641 1357 766 1410 caelo
795 1357 1015 1424 rapitur.
1068 1354 1202 1407 Nam
1251 1353 1426 1421 procul
1475 1355 1626 1407 dubio
1664 1368 1779 1405 cum
1821 1353 2046 1404 rotunda

455 1452 614 1504 moles
637 1449 875 1502 circulari
904 1457 1040 1500 motu
1065 1446 1255 1515 agitur,
1285 1446 1530 1497 interiora
1551 1448 1661 1515 ejus
1689 1444 1884 1496 tardius
1904 1453 2047 1507 eunt,

457 1542 706 1593 exteriora
731 1540 964 1599 celerius,
995 1545 1051 1589 ut
1080 1538 1280 1605 majora
1310 1537 1474 1604 spatia
1500 1551 1616 1588 cum
1648 1534 1953 1588 brevioribus
1981 1536 2048 1587 ad

459 1634 661 1686 eosdem
705 1647 858 1702 gyros
897 1631 1088 1697 pariter
1131 1639 1430 1692 occurrant;
1474 1642 1586 1696 quea
1614 1639 1784 1682 autem
1812 1629 2046 1694 celerius,

459 1725 630 1792 utique
655 1721 972 1793 [ementium]
1025 1721 1118 1775 ilic
1147 1735 1371 1775 cernere
1408 1721 1564 1775 liceat
1587 1766 1601 1787 ,
1633 1722 1757 1790 quid
1789 1723 1858 1775 sit
1887 1723 2050 1776 ratio—

2136 527 2261 580 riori
2309 528 2418 581 aeri
2471 524 2909 592 imminentibus,
2962 535 3018 578 ut
3065 536 3208 579 reete
3243 524 3441 579 dudum
3492 524 3740 593 coniecit

2136 619 2342 686 quidam
2380 620 2574 685 (neque
2595 619 2736 672 enim
2763 618 2920 672 aliter
2941 616 3269 686 designatur)
3301 617 3451 684 cujus
3479 621 3744 672 meminit

2139 711 2467 780 Augustinus
2509 726 2666 777 supra
2707 724 2824 778 cap.
2858 709 2922 776 4,
2954 718 3008 764 et
3036 725 3194 779 quem
3239 710 3374 764 bene
3416 720 3745 765 monentem

2139 806 2289 868 sequi
2340 805 2507 858 satius
2557 814 2714 869 erat,
2745 818 2902 873 quam
2945 818 3109 870 aquas
3146 804 3232 856 ubi
3266 803 3428 858 nullae
3463 815 3591 857 sunt
3639 821 3748 859 so-

2142 899 2366 951 mniare.
2392 895 2480 952 Sic
2499 895 2642 951 enim
2668 896 2878 950 tandem
2902 895 3097 950 claudit
3121 897 3260 950 hanc
3274 896 3705 964 disputationem
3733 915 3749 951 :

2147 992 2514 1060 Quoquomodo
2553 1000 2722 1043 autem
2762 999 2810 1043 et
2852 988 3146 1057 qualeslibet
3183 1006 3329 1058 aqua:
3361 989 3430 1042 ibi
3457 991 3562 1043 sint
3583 1028 3611 1052 ,.
3633 1006 3752 1044 esse

2143 1101 2226 1138 eus
2253 1084 2321 1136 ibi
2343 1083 2548 1136 minime
2573 1081 2894 1145 dubitemus;
2923 1085 3090 1152 major
3125 1091 3197 1134 est
3229 1082 3416 1152 quippe
3445 1083 3753 1152 Scriptura:

2145 1175 2299 1246 hujus
2329 1173 2622 1236 auctoritas,
2645 1188 2796 1241 quam
2823 1173 2986 1224 omnis
3009 1172 3221 1225 humani
3242 1173 3430 1242 ingenii
3451 1175 3751 1240 capacitas.

2147 1266 2285 1320 Vere
2299 1263 2436 1318 dixit
2452 1264 2744 1331 Scriptura:
2758 1276 2876 1317 esse
2893 1261 3066 1330 potius~
3089 1263 3413 1317 credendum
3425 1279 3592 1332 quam
3610 1281 3755 1320 con-

2144 1358 2389 1428 jecturis,
2412 1356 2505 1411 sed
2541 1364 2665 1409 ante
2704 1356 2878 1408 omnia
2911 1355 3253 1424 intelligenda
3273 1357 3433 1423 probe
3453 1369 3539 1411 est
3557 1357 3758 1424 Scrip-

2150 1462 2265 1506 tura
2289 1491 2301 1513 ,
2337 1463 2403 1503 ne
2426 1445 2851 1501 commentitium
2877 1460 3118 1508 sensum,
3147 1445 3249 1500 hoc
3272 1455 3355 1501 est
3380 1447 3758 1509 somnia’nos-

2150 1551 2250 1604 tra,
2279 1554 2375 1607 pro
2401 1552 2524 1594 vera
2547 1537 2662 1605 ejus
2692 1537 2952 1591 sententia
2977 1537 3241 1592 credenda
3277 1539 3665 1603 ob’rudamus,
3700 1551 3759 1594 ut

2152 1633 2272 1688 fecit
2291 1629 2748 1698 hiclﬂipponensis
2764 1627 3068 1695 episcopus.
3099 1627 3230 1682 Vide
3243 1637 3436 1695 praeter
3457 1631 3763 1687 Geneesos

2153 1727 2470 1791 interpretes
2509 1720 2726 1790 Dionys.
2754 1719 3024 1772 Petavium
3063 1719 3374 1788 Dogmatum
3410 1723 3765 1791 theologico—

459 1814 625 1870 ciuari
655 1813 723 1868 de
752 1829 812 1868 re
838 1829 993 1880 quam
1025 1828 1207 1881 panum
1239 1823 1564 1880 eumperlam
1606 1813 1820 1868 habeas.
1854 1816 2044 1868 Astro-
2076 1794 2121 1853 Β
2148 1831 2265 1873 rum
2282 1825 2410 1874 tom.
2434 1812 2495 1867 Ill
2524 1811 2621 1875 ,de
2640 1810 2862 1878 Dpificio
2909 1825 3000 1864 sex
3021 1810 3226 1865 dierum
3244 1811 3332 1866 lib.
3358 1828 3396 1875 ι,
3419 1827 3544 1881 cap.
3578 1816 3608 1869 1
3629 1816 3685 1871 1.

460 1907 566 1975 1οεὶ
597 1945 612 1971 ,
641 1919 776 1976 quos
806 1904 1043 1959 confutat
1071 1904 1398 1972 Augustinus
1421 1944 1438 1970 ,
1466 1919 1532 1958 ex
1563 1904 1808 1960 absurdis
1837 1906 2046 1974 Opinio—

460 1998 618 2052 nlbus
660 1996 1049 2052 consectarium
1081 2010 1206 2049 casu
1239 2011 1422 2049 verum
1450 1995 1820 2060 deduxerunt;
1853 1998 2048 2065 llippo-

462 2089 644 2144 nensis
691 2103 818 2143 vero
862 2087 1148 2157 episcopus
1195 2097 1340 2141 recta
1408 2087 1812 2143 ratiocinatione
1861 2103 2046 2144 verum

461 2189 754 2252 oppugnat.
804 2180 1063 2235 Nimirum
1092 2219 1106 2241 ,
1153 2179 1420 2232 micabant
1449 2181 1660 2247 utrique
1693 2181 1744 2234 in
1774 2181 2048 2244 tenebris;

463 2288 563 2328 nec
593 2283 768 2327 tamen
816 2273 992 2327 minus
1035 2269 1369 2326 conﬁdenter
1411 2285 1508 2323 sua
1537 2281 1840 2325 commenta
1869 2273 2047 2339 profe-

464 2372 608 2416 runt.
643 2363 910 2430 ASIrologi
933 2407 945 2427 ,
979 2363 1100 2431 quia
1129 2362 1393 2416 Saturnus
1436 2361 1759 2414 deseribitur
1787 2378 1812 2412 a
1846 2361 2048 2429 poclis,

464 2453 616 2520 quasi
647 2467 808 2507 senex
838 2452 1128 2520 etquidem
1176 2460 1465 2517 enectus,
1514 2451 1632 2504 ideo
1679 2450 1795 2518 ejus
1844 2451 2050 2504 stellam

465 2542 710 2613 frigidam
739 2557 859 2598 esse
890 2542 1116 2596 absurde
1154 2541 1489 2596 dictitabant.
1543 2541 1674 2597 Vide
1709 2541 1956 2595 Servium
1986 2542 2052 2595 ad

467 2635 611 2691 hunc
645 2634 846 2704 Virgilii
877 2650 1088 2690 versum
1123 2675 1137 2699 ,
1174 2635 1262 2704 qui
1295 2646 1378 2688 est
1405 2633 1510 2689 336
1537 2649 1552 2686 ι
1581 2633 1676 2688 lib.
1707 2632 2002 2703 Georgicon
2038 2653 2050 2685 :

592 2765 784 2829 Frigida
810 2767 1007 2816 Saturni
1033 2777 1148 2815 sese
1168 2777 1268 2828 quo
1287 2764 1431 2814 stella
1448 2772 1687 2827 receptet.

537 2915 788 2969 Attamen
821 2927 890 2968 ex
937 2913 1076 2968 veris
1105 2923 1538 2968 astronomorum
1571 2923 1927 2969 recentiorum
1956 2916 2055 2969 do-

469 3006 736 3076 gmatibus
778 3004 1000 3072 frigidus
1033 3005 1140 3061 dici
1186 3015 1357 3075 potest
1399 3009 1607 3075 planeta
1655 3007 1745 3076 qui
1794 3013 2056 3063 Saturnus

470 3106 691 3152 vocatur
715 3137 729 3159 ,
759 3097 881 3164 quia
911 3103 995 3150 est.
1031 3109 1061 3148 a
1093 3095 1208 3150 sole
1234 3136 1250 3162 ,
1282 3096 1426 3150 unde
1471 3097 1646 3151 omnis
1684 3097 1868 3151 mundi
1900 3097 2056 3165 hujus

471 3187 638 3240 nosni
669 3185 834 3249 calor,
869 3184 1276 3240 remotissimus.
1309 3186 1504 3242 Contra
1532 3189 1810 3258 Augustini
1842 3190 2058 3245 ratioci-
2087 3160 2133 3223 (ἶ

473 3274 620 3327 natio
648 3288 774 3329 vera
805 3273 1020 3342 quidem
1050 3286 1150 3338 est,
1179 3277 1272 3330 sed
1307 3278 1445 3332 male
1471 3287 1645 3348 aptata
1677 3320 1691 3342 ,
1723 3280 1845 3348 quia
1877 3283 2062 3336 statuit

472 3364 759 3418 Saturnum
783 3409 799 3433 ,
831 3380 952 3419 cum
981 3368 1190 3420 caeteris
1221 3369 1466 3422 omnibus
1494 3369 1781 3435 sideribus,
1816 3371 1952 3425 intra
1983 3374 2062 3426 vi-

473 3457 603 3524 ginti
632 3465 858 3526 quatuor
885 3457 1044 3511 horas
1072 3457 1185 3527 rapi
1231 3459 1372 3512 circa
1415 3467 1649 3525 terram;
1696 3461 1836 3529 quod
1871 3462 2059 3517 falsum

473 3560 593 3601 esse
617 3547 725 3616 jam
756 3560 951 3602 norunt
980 3563 1185 3604 omnes.
1221 3547 1477 3613 Proinde,
1513 3551 1682 3621 inquit
1711 3552 1798 3608 ille
1821 3593 1836 3617 ,
1869 3569 2064 3608 memo-

474 3650 588 3694 rata
636 3639 786 3693 stella
831 3641 995 3712 magis
1043 3640 1214 3694 debuit
1264 3641 1434 3695 calida
1491 3659 1596 3697 esse
1635 3659 1789 3711 quam
1830 3645 2061 3713 frigida;

472 3731 698 3799 quamvis
725 3732 859 3785 enim
892 3747 985 3786 suo
1016 3743 1154 3787 motu
1180 3775 1194 3799 ,
1229 3735 1468 3800 quoniam
1495 3736 1688 3804 grande
1714 3737 1935 3802 spatium
1965 3748 2060 3804 est,

472 3822 683 3891 triginta
705 3823 853 3874 annis
877 3831 1036 3875 totum
1055 3823 1300 3876 ambitum
1327 3832 1565 3893 permeet,
1591 3833 1756 3878 tamen
1782 3827 1893 3880 caeli
1922 3838 2063 3881 motu
2116 3845 2120 3849 ·

472 3912 525 3962 in
555 3911 865 3962 contrarium
893 3919 1062 3964 rotata
1085 3913 1327 3978 velocius,
1351 3915 1487 3982 quod
1513 3915 1740 3982 quotidie
1767 3933 1963 3972 necesse
1988 3929 2063 3973 est

471 4000 699 4068 patiatur
725 3999 1006 4068 (quoniam,
1031 4004 1158 4056 sicut
1180 4003 1377 4068 dicunt,
1409 4007 1521 4058 caeli
1541 4007 1760 4078 singula:
1779 4013 2063 4065 conversio-

470 4107 561 4145 nes
597 4092 706 4145 dies
733 4091 965 4162 singulos
992 4095 1320 4166 explicant),
1357 4096 1578 4150 calorem
1606 4099 1854 4167 majorem
1891 4102 2062 4155 debuit

470 4183 598 4236 ctelo
623 4184 951 4240 concitatiore
968 4187 1252 4256 concipere.
1282 4190 1406 4244 Haec
1429 4190 1612 4244 habuit
1637 4205 1667 4244 a
1691 4192 1894 4260 vulgari
1921 4193 2062 4248 illius

469 4273 570 4327 teri
597 4276 948 4344 astronomia,
979 4277 1074 4332 sed
1104 4279 1154 4333 ei
1183 4281 1524 4335 astronomiae
1551 4282 1712 4336 arium
1735 4299 1973 4339 errorem
1995 4300 2061 4340 ex

469 4365 589 4421 loco
619 4365 894 4422 Geneseos
931 4384 1209 4440 perperam
1259 4372 1530 4428 intellecto
1555 4416 1569 4440 ,
1625 4376 1957 4446 poeticisque
2001 4379 2062 4430 li-

470 4457 701 4526 gmeutis
744 4468 944 4516 temere
984 4463 1270 4531 conjuncto
1298 4464 1538 4532 addidit,
1581 4467 1632 4520 in
1664 4469 2009 4536 sequentibus
2044 4488 2055 4523 :

471 4548 755 4615 Nimirum,
789 4567 908 4622 ergo
934 4569 1043 4606 eam
1075 4553 1314 4623 frigidam
1343 4556 1461 4627 facit
1485 4574 1734 4623 aquarum
1767 4575 1921 4626 super
1955 4576 2058 4613 cas-

471 4644 579 4697 lum
611 4646 1002 4700 constitutorum
1041 4647 1305 4712 vicinitas;
1340 4665 1494 4718 quam
1534 4651 1716 4704 nolunt
1743 4652 1946 4704 credere
1971 4653 2060 4719 qui

472 4737 582 4790 hac
603 4752 717 4806 qua:
745 4738 960 4793 breuiter
993 4739 1122 4804 dixi,
1154 4741 1217 4794 de
1247 4751 1386 4795 motu
1412 4743 1524 4794 caeli
1551 4751 1599 4794 et
1625 4741 1854 4795 siderum
1883 4743 2061 4811 dispu-

472 4835 602 4882 tant.
651 4829 837 4885 Merito
879 4833 1130 4888 nolebant
1159 4873 1174 4898 ,
1214 4833 1336 4902 quia
1381 4834 1575 4888 rationi
1616 4843 1732 4888 erat
1771 4836 2057 4900 contraria,

472 4932 594 4970 eum
616 4934 716 4986 qua
734 4917 978 4990 pugnare
1007 4939 1114 4980 non
1141 4934 1314 4994 potest
1341 4926 1633 4992 Scriptura,
1663 4937 1719 4980 ut
1747 4925 1862 4995 ipse
1885 4929 2060 4998 Augu-

471 5010 647 5061 stinus
672 5010 796 5063 alibi
829 5013 1004 5068 docet.

545 5101 679 5155 Ibid.
715 5099 815 5155 His
841 5105 1047 5172 quidam
1081 5111 1239 5163 nostri
1263 5125 1607 5167 CONJECTURIS
1633 5125 1793 5182 agunt
1819 5115 2060 5170 adversus

473 5211 557 5248 eos
593 5197 682 5263 qui
711 5193 893 5248 nolunt
933 5213 1091 5267 aquas
1129 5216 1280 5268 super
1319 5206 1500 5258 emtum
1535 5207 1738 5260 credere
1759 5247 1773 5270 ,
1803 5217 1853 5261 et
1887 5208 2063 5261 volunt

471 5303 581 5339 eam
605 5285 804 5340 stellam
834 5300 943 5342 esse
971 5290 1236 5360 frigidam,
1272 5309 1383 5361 qua:
1409 5296 1566 5363 juxta
1599 5312 1853 5350 summum
1883 5300 2063 5352 caelum

472 5378 674 5442 circu't,
702 5385 760 5432 t'tt
787 5391 851 5433 ex
880 5379 974 5433 hoe
1001 5391 1246 5450 cogantur
1272 5399 1521 5452 aquarum
1545 5396 1798 5452 naturam,
1831 5405 1930 5442 non
1944 5391 2064 5458 jam

472 5474 582 5528 illic
611 5474 846 5540 uaporali
881 5475 1122 5529 tenuitate
1142 5517 1156 5540 ,
1193 5477 1282 5529 sed
1306 5477 1512 5546 glaciali
1542 5477 1799 5533 soliditate
1827 5482 2061 5548 pendere.

476 5561 640 5618 Vana:
686 5566 791 5620 illa:
841 5577 994 5622 erant
1032 5569 1355 5638 conjectura:
1405 5568 1678 5626 hominum
1728 5573 2065 5628 indoctorum

474 5651 804 5722 Scripturam
844 5672 966 5710 cum
1014 5659 1219 5726 poetica
1249 5663 1575 5716 astronomia
1619 5671 1821 5716 temere
1854 5663 1906 5716 in
1934 5677 2064 5718 con-

475 5742 716 5799 cunilam
749 5745 992 5814 redigere
1021 5749 1347 5820 conantium,
1374 5768 1492 5807 cum
1527 5753 1672 5807 locus
1703 5752 1971 5808 Goueseos
2003 5753 2068 5809 de

2219 1908 2349 1974 Cap.
2381 1906 2434 1968 6,
2469 1904 2498 1975 §
2534 1903 2618 1959 lO.
2663 1901 2944 1956 Personam
2975 1901 3148 1957 Palris
3179 1904 3491 1960 declaratum
3521 1923 3648 1962 esse
3682 1910 3764 1962 di-

2150 2011 2290 2064 cunt,
2318 2001 2373 2054 in
2399 2015 2456 2053 eo
2481 1998 2617 2066 quod
2639 1997 2884 2062 scriptum
2921 2005 2995 2050 est
3025 2012 3044 2049 :
3069 1997 3132 2051 Et
3159 1998 3294 2052 dixit
3323 1997 3486 2064 Deus,
3520 2001 3628 2054 liat.
3665 2002 3762 2055 lir-

2152 2101 2501 2156 mameutum,
2520 2100 2652 2158 etc.,
2673 2105 2735 2142 ac
2757 2088 2940 2142 deinde
2961 2098 3014 2142 ut
3037 2090 3350 2158 intelligatur
3375 2091 3547 2148 Filius
3562 2097 3768 2162 fecisse

2151 2188 2287 2258 quod
2321 2203 2350 2238 a
2375 2183 2532 2238 Patre
2551 2184 2743 2236 dictum
2767 2191 2837 2234 est
2863 2191 2917 2234 ut
2949 2182 3109 2248 ﬁeret,
3139 2183 3452 2236 arbitrantur
3483 2203 3604 2239 esse
3641 2189 3766 2240 sub-

2153 2292 2337 2329 nexum
2362 2292 2380 2328 :
2403 2286 2454 2328 et
2483 2273 2605 2326 fecit
2633 2272 2774 2325 Deus
2807 2270 3244 2342 lirmamentum.]
3278 2272 3400 2328 llaec
3424 2276 3765 2349 λεπτολο-γία.

2153 2376 2209 2421 et
2235 2366 2338 2419 alia
2369 2363 2632 2433 ejusmodi
2662 2379 2781 2431 qua:
2811 2361 2967 2417 habet
2998 2362 3084 2416 hic
3110 2364 3464 2433 Augustinus,
3499 2367 3768 2422 nituntur

2155 2470 2318 2526 prava
2358 2455 2604 2508 versione
2637 2454 2809 2508 Latini
2853 2453 3176 2522 interpretis.
3231 2454 3363 2510 Nam
3394 2457 3445 2511 in
3479 2457 3770 2516 llebraico

2157 2559 2306 2605 textu
2326 2565 2446 2604 cum
2471 2549 2540 2603 sit
2567 2557 2670 2612 νην,
2700 2549 2782 2614 sit,
2806 2557 3085 2603 verterunt
3110 2543 3280 2603 Grtcci
3301 2554 3575 2622 γενηθήτω,
3614 2557 3769 2623 quod

2156 2658 2262 2697 non
2291 2650 2374 2695 est
2402 2640 2523 2709 ﬁat,
2557 2639 2652 2693 sed
2679 2640 2784 2702 sit;
2834 2639 2903 2693 ita
2940 2648 2996 2692 ut
3040 2639 3319 2706 imperium
3359 2639 3458 2696 hoc
3501 2641 3607 2697 Dei
3663 2660 3772 2700 non

2157 2732 2408 2802 respiciat
2428 2729 2492 2785 ad
2521 2731 2678 2784 aliam
2710 2743 2922 2783 causam
2953 2744 3072 2798 quae
3104 2729 3260 2784 iaciat
3286 2731 3424 2798 quod
3449 2730 3649 2799 jubet,
3676 2737 3772 2789 sed

2158 2825 2420 2893 signiticet
2444 2823 2610 2876 Deum
2633 2821 2746 2876 sola
2772 2820 3044 2875 voluntate
3067 2835 3161 2874 sua
3194 2819 3384 2875 fecisse
3413 2831 3469 2874 ut
3499 2838 3598 2878 res
3639 2826 3774 2883 sint.

2231 2915 2394 2969 Ltano
2426 2929 2510 2977 ιιι,
2539 2927 2658 2982 cap.
2693 2913 2753 2974 i,
2789 2910 2817 2981 §
2851 2912 2900 2966 Ι.
2939 2910 3189 2966 Dicuntur
3217 2921 3386 2966 autem
3423 2913 3538 2967 caeli
3574 2919 3774 2983 plura-

2160 3009 2274 3061 liter
2293 3046 2309 3072 ,
2338 3007 2392 3059 in
2419 3021 2522 3059 una
2550 3004 2822 3071 eademque
2860 3018 2914 3057 re
2933 3043 2949 3066 ,
2980 3018 3094 3071 qua:
3121 3003 3308 3057 dicitur
3329 3019 3482 3057 unum
3519 3007 3774 3079 casinum]

2164 3094 2422 3152 llebraice
2450 3094 2664 3162 quidem
2691 3107 2903 3163 semper
2931 3101 3121 3160 Dim,
3154 3093 3490 3164 Schamajim,
3520 3107 3620 3152 est
3661 3100 3772 3167 plu.

2165 3187 2293 3242 ralis
2312 3186 2543 3250 numeri,
2564 3183 2805 3253 quamvis
2835 3199 2976 3252 sape
3006 3199 3166 3238 sensu
3193 3185 3444 3252 singulari
3470 3200 3774 3258 sumatur;

2163 3277 2256 3332 sed
2296 3277 2467 3331 Graeci
2513 3276 2836 3345 interpretes
2881 3289 3020 3329 nunc
3064 3277 3269 3350 οὐρανὸν
3293 3315 3308 3339 ,
3349 3291 3499 3332 more
3537 3278 3776 3351 Graeco,

2165 3383 2308 3422 nunc
2335 3370 2574 3442 οὐρανοὺς
2615 3364 2874 3420 llebraico
2912 3364 3195 3428 dixerunt,
3225 3365 3652 3438 imitatoresque
3686 3373 3778 3425 lia.

2164 3463 2396 3517 buerunt
2423 3460 2674 3524 Latinos,
2707 3460 2829 3514 licet
2870 3459 3140 3515 nescirent
3179 3476 3274 3515 cur
3314 3464 3525 3518 numeri
3567 3467 3636 3522 in
3677 3468 3777 3525 hac

2165 3569 2294 3609 νορθ
2323 3562 2678 3608 mutarentur.

2235 3651 2368 3721 Cap.
2399 3651 2503 3716 21,
2545 3651 2693 3721 §35.
2737 3651 3002 3716 Quomodo
3046 3662 3218 3708 autem
3257 3655 3407 3709 homo
3451 3656 3779 3711 immortalis

2165 3751 2330 3819 factus
2355 3749 2420 3802 sit
2440 3756 2487 3802 et
2515 3751 2763 3817 acceperit
2793 3765 2956 3803 iscam
2990 3765 3103 3803 cum
3139 3750 3256 3804 aliis
3286 3751 3624 3816 animalibus,
3661 3756 3779 3808 lier-

2166 3842 2282 3895 bam
2315 3841 2490 3903 rabuli
2520 3845 2762 3911 ferentem
2791 3857 2958 3896 semen
2978 3883 2993 3906 ,
3026 3852 3075 3896 et
3096 3843 3291 3914 lignum
3325 3843 3695 3912 fructifcrum,
3731 3856 3778 3900 et

2166 3933 2373 3988 herbam
2402 3932 2615 3986 viridem
2636 3977 2650 4001 ,
2684 3933 2887 4002 diﬁcile
2911 3943 2984 3987 est
3014 3933 3224 4005 dicere.]
3254 3937 3321 3987 At
3349 3935 3490 3997 hinc,
3519 3944 3580 3988 ut
3613 3947 3680 3991 et
3709 3954 3775 3992 ex

2163 4021 2516 4093 sequentibus
2537 4063 2550 4086 ,
2581 4022 2735 4078 facile
2761 4035 2840 4078 est
2873 4023 3143 4078 intellectu
3177 4024 3406 4078 hominis
3436 4039 3645 4094 corpus
3679 4043 3772 4082 sua

2166 4118 2352 4170 natura
2389 4115 2615 4170 mortale
2643 4124 2920 4178 creatum;
2963 4115 3056 4170 sed
3084 4116 3213 4170 nihi!
3245 4117 3454 4171 vetabat
3484 4118 3694 4187 Deum,
3728 4124 3772 4176 si

2167 4207 2328 4260 homo
2375 4221 2643 4275 nunquam
2691 4215 3002 4275 peccasset,
3047 4206 3346 4262 immortale
3386 4207 3435 4261 id
3475 4222 3770 4276 prmstare,

2165 4295 2587 4350 extraordinaria
2617 4310 2740 4364 ope.
2771 4295 2902 4361 Quia
2933 4309 3062 4350 vero
3093 4297 3330 4364 peccavit
3349 4340 3363 4363 ,
3398 4296 3540 4350 Deus
3568 4299 3624 4352 id
3659 4316 3774 4354 suae

2166 4395 2374 4442 natura:
2401 4386 2791 4441 conficiendum
2821 4386 3051 4456 reliquit,
3084 4403 3184 4456 qua
3214 4387 3418 4442 ratione
3445 4403 3592 4442 mors
3626 4390 3769 4446 facta

2166 4487 2248 4531 est
2273 4491 2478 4531 merces
2499 4476 2726 4545 peccati.
2757 4476 2868 4531 Hoc
2891 4477 3061 4544 ipsum
3096 4478 3374 4547 perspicue
3398 4478 3558 4534 docet
3579 4479 3771 4552 Augu-

2165 4567 2339 4623 stinus
2367 4567 2503 4622 infra
2534 4568 2624 4623 lib.
2656 4584 2729 4634 v1,
2764 4583 2882 4634 cap.
2915 4568 3004 4632 25,
3039 4567 3064 4638 §
3091 4568 3176 4622 56.

2239 4659 2401 4713 Ltsno
2430 4674 2482 4714 tv
2502 4699 2516 4722 ,
2555 4659 2582 4730 §
2615 4660 2671 4712 2.
2718 4657 3011 4712 Invenimus
3049 4676 3168 4728 ergo
3199 4664 3458 4713 senarium
3491 4676 3768 4716 numerum

2167 4754 2390 4821 primum
2417 4767 2524 4806 esse
2559 4756 2834 4822 perfectum
2854 4794 2870 4819 ,
2909 4769 2967 4806 ea
2992 4755 3186 4806 ratione
3215 4754 3354 4821 quod
3389 4754 3494 4807 suis
3527 4756 3767 4821 partibus

2168 4844 2514 4914 compleatur;
2546 4845 2647 4899 hoc
2677 4854 2793 4908 est,
2831 4843 2909 4899 his
2940 4845 3105 4899 tribus
3136 4844 3391 4915 constet.]
3437 4845 3765 4917 Quicunque

2169 4935 2302 4990 alius
2329 4951 2582 4992 numerus
2611 4952 2640 4991 a
2670 4936 2785 4992 Deo
2809 4936 2976 4992 lectus
3006 4937 3213 5001 luisset,
3248 4937 3300 4991 in
3330 4951 3396 4992 eo
3420 4939 3765 4995 necessarias

2167 5025 2521 5093 perfectiones
2541 5041 2729 5083 omnes
2750 5027 3039 5083 invenisset
3063 5027 3410 5097 Augustinus.
3431 5028 3582 5082 Talia
3605 5040 3765 5084 erant

2167 5115 2480 5173 Platonismi
2518 5127 2818 5174 commenta
2845 5159 2860 5185 ,
2892 5133 2922 5171 a
2957 5119 3149 5188 quibus
3187 5120 3416 5174 alienum
3453 5133 3563 5173 non
3597 5121 3763 5175 fuisse

2167 5209 2521 5276 Augustinum
2552 5210 2742 5275 miror,
2773 5209 2856 5265 vel
2888 5219 3106 5280 propter
3132 5209 3234 5266 hoc
3263 5211 3402 5280 quod
3432 5210 3566 5264 nihil
3596 5211 3760 5265 habe-

2167 5308 2285 5352 rent
2317 5298 2476 5352 fixum
2508 5313 2571 5353 ac
2593 5309 2818 5353 certum.

2239 5388 2369 5458 Cap.
2403 5390 2493 5452 55,
2528 5387 2554 5460 ᾗ
2585 5390 2676 5444 56.
2712 5390 2831 5444 Dies
2860 5407 2979 5459 ergo
3005 5389 3126 5456 ille,
3160 5406 3308 5457 quem
3347 5390 3486 5444 Deus
3521 5393 3763 5460 primitus

2171 5480 2318 5546 fecit,
2349 5481 2393 5533 si
2417 5481 2666 5548 spiritalis
2689 5483 3056 5552 rationalisque
3083 5492 3314 5536 creatura
3341 5491 3433 5545 est,
3463 5483 3518 5535 id
3545 5493 3638 5545 est,
3660 5500 3758 5534 an.

2171 5575 2397 5642 gelorum
2437 5576 2869 5644 supercalestium
2911 5586 3061 5644 atque
3096 5575 3337 5628 virtutum
3360 5619 3374 5642 ,
3418 5582 3762 5641 presentatus

2172 5673 2244 5718 est
2284 5664 2515 5719 omnibus
2555 5667 2789 5734 operibus
2829 5665 2944 5733 Dei,
2987 5667 3080 5718 hoc
3119 5666 3297 5719 ordine
3337 5681 3529 5730 prmsen
3556 5665 3615 5716 ite
3651 5679 3761 5731 quo

2177 5754 2353 5810 ordine
2382 5756 2633 5824 scientitt',
2666 5774 2767 5826 qua
2798 5766 2844 5812 et
2875 5760 2929 5811 in
2965 5755 3130 5813 Verbo
3163 5755 3259 5810 Dei
3294 5756 3525 5826 facienda
3553 5769 3757 5824 prauo.
