3908 6368
143 333 258 391 545

141 478 319 525 sceret
337 509 355 534 ,
398 477 448 523 el
475 470 528 523 in
554 481 791 526 creatura
817 475 956 544 facta
985 493 1303 549 cognosceret
1321 524 1333 542 .
1366 496 1467 537 non
1498 502 1587 552 per
1608 486 1765 540 inter-

138 563 424 615 vallorum
463 564 823 630 temporalium
862 585 1035 625 moras
1063 612 1077 636 ,
1122 575 1210 627 sed
1246 577 1387 643 prius
1426 586 1474 631 et
1518 583 1771 647 posterius

140 656 352 708 habens
404 656 456 708 in
508 663 822 711 connexione
869 673 1258 732 creaturarum,
1305 669 1355 721 in
1394 670 1614 738 eﬂicacia
1651 688 1769 726 vero

140 747 423 801 Creatoris
443 750 617 801 omnia
642 750 812 803 simul.
836 750 927 807 Sic
946 754 1078 808 enim
1102 757 1224 827 facit
1245 776 1359 826 qua:
1378 763 1557 831 futura
1577 775 1761 834 essent,

140 851 197 892 ut
226 857 337 893 non
375 846 728 912 temporaliter
756 847 945 916 faceret
982 855 1301 922 temporalia,
1330 856 1419 910 sed
1448 857 1512 910 ab
1539 874 1598 912 eo
1628 863 1767 929 facta

141 943 421 987 currerent
460 936 740 1009 tempora.]
786 939 910 994 Haec
951 942 1129 997 omnia
1154 985 1168 1009 ,
1221 946 1409 1012 quibus
1454 954 1761 1006 summatim

144 1023 364 1091 profert
408 1028 551 1094 quod
597 1029 954 1097 particulatim
996 1032 1048 1086 in
1080 1032 1182 1089 hoc
1212 1035 1349 1089 libro
1376 1038 1595 1105 docuit,
1642 1043 1762 1109 quis

144 1130 254 1169 non
275 1118 516 1172 miretur
539 1123 716 1175 vorari
742 1120 1212 1189 interpretationes
1236 1132 1305 1181 ad
1325 1129 1547 1185 litteram
1571 1135 1595 1186 ?
1631 1135 1760 1202 Quis

144 1222 253 1261 non
276 1208 643 1278 obstupescat
665 1226 784 1267 cum
819 1214 1015 1284 cogitat
1043 1218 1183 1273 serio
1204 1235 1325 1276 esse
1345 1222 1523 1277 dicta?
1555 1224 1759 1291 Quibus

147 1299 264 1354 brec
322 1303 541 1355 somnia
597 1302 951 1362 febricitantis
1007 1310 1199 1364 eximia
1258 1313 1615 1380 videbantur,
1665 1331 1758 1372 eos

144 1397 365 1458 oportet
397 1391 569 1448 fuisse
605 1404 697 1448 aut
741 1396 897 1451 valde
938 1399 1196 1465 hebetes,
1240 1414 1330 1456 aut
1369 1405 1523 1460 valde
1562 1407 1754 1463 atlectu

144 1483 482 1538 obcaecatos.
511 1485 644 1551 Quis
675 1488 944 1558 interpres
970 1492 1126 1548 hodie
1147 1494 1271 1547 talia
1293 1496 1529 1551 scribere
1559 1498 1755 1553 vellet?

216 1574 358 1629 Ibid.
399 1578 477 1629 Ac
505 1593 598 1647 per
619 1577 715 1632 hoc
744 1581 830 1633 isti
862 1582 971 1634 dies
1004 1593 1223 1648 septem,
1257 1603 1382 1653 quos
1410 1590 1500 1641 tua:
1521 1591 1750 1657 corporis

147 1667 364 1721 caelestis
384 1668 755 1725 circumeundo
780 1674 1002 1742 explicat
1026 1684 1174 1744 atque
1199 1675 1411 1744 replicat
1429 1723 1444 1749 ,
1470 1682 1749 1736 secundum

148 1758 426 1826 quamdam
451 1761 687 1814 umbram
708 1763 1095 1832 signiﬁcationis
1116 1766 1387 1822 admonent
1411 1786 1500 1823 nos
1521 1788 1747 1839 qua'rere

863 339 1221 399 VARIORUM
1263 345 1885 408 EXERCITATIONES
1927 354 1989 410 IN
2031 356 2085 411 S.
2134 359 2503 418 AUGUSTINI
2540 364 2788 425 GPERA.

3368 385 3473 442 350

1803 466 1855 525 Δ
1882 467 2077 525 dentur
2100 475 2377 530 αἰτητικὸν
2400 478 2563 550 λόγον,
2596 483 2855 538 causalem
2879 488 3153 557 rationem,
3185 507 3288 563 qua
3325 496 3442 553 locu

1877 559 2020 617 tione
2040 578 2182 631 saepe
2204 567 2370 619 utitur
2396 568 2447 621 iu
2484 570 2629 625 hisce
2656 572 2805 630 libris
2832 576 3180 647 Augustinus.

1942 652 2072 707 Ibid.
2118 653 2407 712 Verendum
2447 672 2519 713 est
2561 672 2732 718 autem
2756 707 2772 730 ,
2812 683 2876 722 ne
2911 686 3025 723 cum
3066 672 3282 728 dicimus
3306 715 3321 740 ,
3365 693 3467 732 non

1870 743 2010 807 ipsas
2034 753 2152 798 tunc
2167 759 2377 803 naturas
2397 761 2547 817 atque
2566 756 2876 812 substantias
2896 778 3011 830 qua:
3031 764 3219 832 fetura:
3239 767 3462 835 fuerant,

1868 832 2033 887 Deum
2062 852 2283 903 creasse,
2320 841 2442 894 dum
2473 857 2667 901 crearet
2689 851 2860 902 omnia
2888 852 3064 917 simul,
3095 865 3330 923 putemur
3352 859 3465 913 ina-

1866 925 1954 977 nia
1982 928 2217 994 quwdam
2256 930 2464 1005 dicere.]
2508 935 2676 993 Deum
2713 945 2891 995 omnia
2922 944 3080 998 simul
3111 962 3325 1004 creasse
3349 952 3459 1018 jam

1864 1032 2024 1074 nemo
2050 1022 2243 1089 credit,
2278 1024 2373 1079 sed
2404 1028 2556 1083 multi
2584 1032 2809 1087 credunt
2844 1036 3009 1091 Deum
3038 1043 3314 1095 materiam
3334 1058 3456 1097 cor-

1866 1125 2050 1178 porum
2075 1125 2199 1169 ante
2219 1117 2397 1174 omnia
2430 1135 2666 1188 creasse,
2690 1140 2752 1178 ex
2779 1126 2917 1181 Gen.
2946 1144 2984 1193 ι,
3020 1131 3068 1193 1,
3102 1148 3201 1187 nec
3225 1133 3454 1190 absurda

1861 1216 1922 1257 ea
1958 1213 2134 1271 potest
2169 1205 2353 1263 haberi
2385 1214 2670 1269 sententia.
2708 1219 2777 1271 At
2804 1224 3057 1274 causalem
3086 1225 3332 1279 rationem
3361 1236 3454 1281 aut

1860 1299 2121 1366 corporis,
2150 1309 2240 1355 aut
2269 1303 2462 1357 mentis
2484 1307 2573 1375 qui
2604 1307 2806 1377 dicunt,
2834 1311 2909 1365 illi
2933 1313 3109 1367 inania
3130 1317 3328 1382 dicunt,
3353 1335 3452 1375 nec

1858 1390 2185 1446 contrarium
2212 1392 2261 1446 in
2284 1397 2637 1463 sequentibus
2660 1403 2896 1455 ostendit
2918 1404 3263 1473 Augustinus.
3292 1410 3450 1465 Miras

1857 1480 2292 1538 ratiocinationes
2329 1501 2464 1554 quas
2522 1499 2705 1556 postea
2763 1491 2921 1547 allert
2975 1508 3079 1547 non
3137 1497 3443 1565 confutabo,

1856 1586 2027 1638 neque
2054 1575 2195 1627 inim
2227 1576 2518 1631 timendum
2550 1589 2632 1634 est
2663 1597 2729 1637 ne
2754 1583 2874 1651 quis
2906 1584 2969 1639 iis
2996 1600 3274 1642 asscnsmn
3311 1606 3447 1657 prsc-

1855 1659 1994 1716 beat.
2027 1664 2385 1732 Augustinus,
2424 1680 2669 1725 assuetus
2717 1672 3008 1731 Platonicis
3038 1679 3258 1746 argutiis
3293 1680 3442 1747 plura

1851 1765 1996 1821 saepe
2025 1754 2213 1808 scribit
2256 1772 2414 1825 quam
2445 1774 2566 1828 qua:
2603 1763 2885 1833 intelligit,
2920 1769 3441 1839 consequentiasqne

146 1848 259 1901 illos
275 1849 391 1903 dies
412 1851 463 1902 in
486 1852 671 1919 quibus
692 1831 783 1906 lita:
802 1831 971 1908 creata
990 1856 1234 1925 spiritalis
1254 1859 1483 1913 omnibus
1504 1831 1712 1929 operibu

1850 1846 2047 1913 passim
2073 1846 2307 1904 admittit
2326 1852 2477 1920 quasi
2505 1851 2707 1920 bonas;
2739 1831 2859 1923 quae
2876 1857 2924 1911 si
2952 1831 3233 1927 negentur,
3256 1831 3436 1915 statim

147 1934 257 2003 Dei,
291 1957 385 2010 per
407 1942 667 1994 senarium
698 1945 896 1997 numeri
927 1946 1287 2016 perfectionem
1321 1955 1618 2017 prtesentari
1647 1971 1739 2023 po-

148 2032 311 2097 tuerit,
334 2040 490 2101 atque
513 2034 634 2086 inde
664 2036 929 2103 septimam
951 2039 1170 2105 requiem
1198 2039 1292 2094 Dei
1322 2058 1469 2095 mane
1490 2041 1670 2097 habere
1690 2055 1737 2097 et

146 2136 392 2191 vesperam
425 2138 530 2177 non
566 2124 767 2190 habere,
792 2124 921 2196 etc.]
960 2128 1176 2184 Placere
1213 2130 1327 2186 lucc
1357 2143 1643 2198 potuerunt
1674 2136 1737 2189 iis

146 2213 229 2279 qui
270 2213 509 2269 Platonis
548 2225 638 2269 aut
672 2216 986 2287 Pythagorae
1026 2223 1303 2291 mysticam
1345 2225 1731 2282 arithmeticam

147 2306 314 2373 magni
351 2306 649 2373 iaciebant;
690 2310 784 2365 sed
818 2312 909 2381 qui
941 2327 1059 2368 eam
1089 2315 1402 2380 irridebant,
1426 2319 1542 2373 sine
1569 2320 1731 2376 dubio

147 2392 257 2449 haec
284 2398 460 2451 omnia
485 2400 647 2453 etiam
672 2402 1025 2458 exsibilabant
1045 2446 1058 2469 ,
1090 2414 1145 2460 et
1170 2408 1381 2477 quidem
1415 2410 1639 2477 merito;
1672 2422 1733 2469 ut

143 2486 246 2553 jam
276 2488 440 2558 liquet
464 2492 549 2547 vel
580 2507 644 2546 ex
678 2495 1022 2565 interpretmn
1052 2500 1409 2556 recentiorum
1437 2518 1723 2574 consensu,

146 2579 326 2648 quibus
352 2583 457 2637 alia
489 2586 674 2641 omnia
714 2589 1045 2657 placuerunt.
1090 2592 1369 2663 Ignoscere
1398 2598 1546 2653 hisce
1579 2614 1728 2654 com-

145 2675 327 2727 mentis
348 2690 656 2745 possumus,
680 2680 773 2734 scd
796 2681 978 2737 mirari
1008 2699 1103 2739 eos
1126 2685 1219 2754 qui
1252 2696 1356 2740 tam
1388 2703 1531 2758 saepe
1554 2691 1727 2745 indulo

143 2765 308 2831 gentia
340 2778 519 2822 nostra
554 2770 825 2840 indigent,
861 2789 964 2828 non
995 2789 1296 2843 possumus.

204 2852 363 2909 Lmno
390 2873 448 2925 v,
477 2872 598 2927 cap.
642 2863 708 2915 14
731 2901 746 2925 ,
779 2861 806 2933 §
839 2861 925 2916 52.
974 2863 1086 2917 Nec
1119 2868 1601 2934 prwtermittendum
1625 2880 1723 2936 est,

141 2946 267 3011 quod
296 2950 666 3006 emendatiores
696 2954 892 3007 codices
934 2954 1121 3011 habent
1161 2957 1348 3027 (Joan.
1386 2975 1433 3021 ι,
1469 2961 1502 3014 5
1529 2969 1585 3014 et
1612 2962 1719 3031 4):

142 3039 267 3099 quod
294 3038 491 3097 factum
515 3054 595 3099 est
619 3045 673 3099 in
695 3045 789 3101 illo
809 3048 915 3101 vita
940 3058 1085 3113 erat;
1110 3058 1163 3102 ut
1184 3050 1256 3103 sic
1276 3051 1593 3119 intelligatur
1615 3054 1718 3106 vita

142 3141 263 3195 erat,
286 3135 544 3198 quomodo
564 3151 584 3190 :
609 3136 664 3190 ln
688 3137 952 3207 principio
972 3148 1089 3194 erat
1117 3140 1370 3207 Verbum,
1401 3153 1454 3196 et
1487 3143 1716 3197 Verbum

140 3232 236 3277 erat
275 3225 417 3293 apud
454 3226 619 3282 Deum
665 3240 720 3285 et
758 3230 897 3285 Deus
937 3242 1052 3287 erat
1097 3232 1353 3289 Verbum.
1407 3237 1555 3300 Quod
1596 3254 1714 3309 ergo

142 3314 314 3381 factum
348 3326 458 3381 est,
487 3320 602 3386 jam
634 3322 736 3374 vita
766 3331 881 3376 erat
912 3323 964 3377 in
1005 3323 1124 3389 illo,
1160 3333 1213 3379 et
1247 3325 1349 3380 vita
1394 3343 1493 3380 non
1524 3331 1715 3397 qualis-

138 3418 355 3474 cunque,
395 3404 529 3477 etc.]
574 3408 981 3467 Emendatiores
1022 3413 1093 3467 illi
1137 3414 1349 3470 codices
1395 3417 1510 3471 sine
1549 3418 1714 3472 dubio

140 3494 306 3549 vitiosa
332 3498 767 3567 interpunctione
792 3501 1130 3569 laborabant,
1162 3513 1219 3558 ut
1240 3505 1506 3560 editiones
1527 3522 1714 3563 omnes

138 3584 390 3642 hodiernm
420 3600 476 3645 et
499 3606 584 3646 res
611 3593 722 3661 ipsa
755 3595 1065 3651 ostendunt.

194 3677 351 3733 LIBBO
385 3696 468 3745 γι,
506 3697 625 3748 cap.
657 3683 727 3737 9.4
756 3694 810 3738 et
842 3700 990 3755 seq.,
1029 3686 1056 3757 §
1105 3686 1195 3743 56.
1241 3686 1361 3742 Non
1387 3689 1460 3743 ait
1493 3690 1713 3759 Aposto-

137 3769 219 3835 lus,
238 3788 423 3843 corpus
469 3775 675 3842 quidem
695 3777 916 3832 mortale
938 3789 1147 3848 propter
1166 3788 1457 3847 peccatum;
1487 3783 1575 3836 sed
1597 3799 1710 3837 cor-

136 3875 213 3923 pus
237 3870 495 3916 mortuum
521 3876 725 3936 praptsr
751 3879 1034 3935 peccatum.
1061 3868 1205 3924 Illud
1242 3872 1429 3943 quippe
1457 3884 1575 3928 ante
1592 3890 1711 3943 pec-

137 3962 283 4006 catum
316 3964 360 4007 et
382 3959 598 4009 mortale
614 3959 893 4012 secundum
927 3960 1089 4014 aliam
1106 4004 1120 4028 ,
1145 3973 1190 4016 et
1212 3966 1497 4018 immortale
1521 3982 1708 4019 secun-

137 4046 233 4097 dum
270 4047 427 4101 aliam
473 4065 682 4103 causam
712 4051 816 4105 dici
834 4060 1076 4122 poterat;
1105 4055 1159 4107 id
1182 4065 1276 4119 est,
1303 4054 1552 4122 nrrtale,
1590 4058 1710 4137 quia

136 4146 311 4201 poterat
336 4142 485 4203 mori,
516 4139 649 4212 etc.]
674 4142 915 4198 Nondum
956 4144 1057 4199 hac
1085 4145 1153 4201 de
1173 4161 1235 4201 re
1261 4148 1523 4216 cogitasse
1554 4148 1707 4204 vide-

136 4223 201 4282 iur
218 4232 573 4300 Augustinus,
608 4248 730 4288 cum
774 4235 1035 4292 scriberet
1064 4237 1186 4293 libri
1223 4254 1311 4303 ιιι,
1355 4252 1473 4307 eap.
1505 4239 1599 4306 21,
1645 4254 1702 4297 ut

138 4320 275 4375 indica
288 4323 457 4377 vimus
483 4325 658 4379 obiter
683 4325 748 4380 ad
776 4342 897 4382 eum
924 4328 1119 4382 locum.

193 4411 338 4467 Blasio
367 4420 440 4467 vn
461 4456 477 4479 ,
510 4431 630 4484 cap.
661 4416 727 4483 Ξ,
765 4417 792 4489 §
827 4420 883 4473 5.
920 4419 1188 4489 Sacrilego
1217 4422 1392 4488 opinio
1423 4433 1495 4476 est
1519 4440 1631 4478 eam
1658 4434 1705 4479 et

140 4498 269 4555 Deum
313 4506 518 4558 credere
568 4508 723 4561 unius
773 4525 879 4563 esse
931 4508 1283 4582 substantia]
1334 4512 1590 4582 Loquitur
1632 4516 1699 4570 de

140 4594 353 4661 t'pinione
381 4597 792 4653 Manichaeorum
828 4600 915 4670 qui
953 4602 1203 4656 volebant
1231 4604 1466 4658 animum
1508 4606 1695 4658 huma-

142 4699 238 4740 nam
256 4704 373 4744 esse
401 4690 691 4763 ὁμοούᾶιον,
718 4693 835 4749 sive
863 4694 1372 4751 consubstantialem
1405 4697 1530 4751 Deo.
1558 4697 1692 4753 Vide

141 4773 297 4834 librum
326 4780 395 4834 de
418 4781 724 4836 Hmresibus
744 4798 861 4851 cap.
886 4784 976 4839 46.

193 4868 301 4939 Cap.
332 4870 420 4935 22,
448 4870 476 4942 §
504 4872 595 4926 3'2.
630 4873 972 4939 Qumrendum
992 4885 1064 4930 est
1086 4877 1339 4946 quomodo
1362 4877 1518 4942 possit
1538 4877 1689 4932 intel-

142 4955 213 5024 ligi
232 4961 357 5027 quod
385 4962 608 5017 causalis
636 4967 745 5036 ejus
785 4966 1027 5036 (anima?)
1065 4968 1201 5021 ratio
1242 4968 1399 5037 fuisse
1426 4968 1690 5022 dicebatur

144 5048 182 5101 in
199 5054 362 5118 primis
388 5070 475 5109 sea:
496 5054 693 5109 dierum
722 5057 958 5124 operibus
989 5057 1108 5126 Dei,
1128 5058 1384 5127 quomodo
1410 5058 1528 5128 fecit
1552 5058 1687 5115 Deus

144 5140 354 5198 hominem
387 5145 454 5198 ad
484 5146 761 5218 imaginem
785 5163 929 5201 suam
947 5190 962 5214 ,
991 5149 1125 5217 quod
1145 5149 1245 5203 nisi
1265 5151 1541 5204 secundum
1567 5153 1683 5203 ani-

146 5246 249 5286 mam
273 5252 366 5290 non
386 5244 520 5291 recte
540 5238 888 5311 intelligitur.]
926 5239 1177 5309 Sequitur
1209 5243 1534 5311 Augustinus
1568 5254 1685 5313 sty-

147 5320 227 5375 iutn
249 5326 689 5396 philosophorum,
713 5332 801 5400 qui
827 5333 1077 5386 omnibus
1106 5333 1403 5388 seminalem
1436 5336 1684 5389 rationem

149 5420 442 5490 σπερματικὸν
483 5420 631 5492 λόγον
680 5420 845 5477 fuisse
883 5422 1147 5478 docebant
1175 5463 1192 5487 ,
1236 5424 1428 5494 quibus
1466 5422 1683 5481 vocibus

149 5505 349 5564 videntur
375 5512 698 5569 intellexisse
734 5514 895 5569 veluti
929 5514 1247 5585 principium
1279 5517 1576 5588 quoddam,
1616 5536 1680 5573 ex

150 5606 232 5659 quo
249 5600 460 5657 materia:
490 5602 676 5670 prima:
711 5604 994 5660 mistiones
1030 5619 1217 5661 omnes
1254 5606 1496 5661 conﬂata:
1537 5621 1680 5663 sunt.

152 5680 255 5742 Vide
287 5688 472 5747 iustum
519 5693 754 5763 Lipsium
788 5697 841 5750 in
878 5694 1114 5767 Physiol.
1151 5696 1455 5754 Stoicorum
1496 5701 1588 5755 lib.
1623 5717 1679 5766 ll,

153 5770 325 5834 dissert.
355 5781 399 5837 8.
438 5782 602 5840 Iidem
632 5786 937 5857 philosophi
970 5787 1167 5858 aliique
1193 5787 1393 5845 dixisse
1419 5792 1579 5845 etiam
1606 5793 1683 5845 vi-

1732 4557 1777 4613 D

1844 1945 2105 1991 corruunt
2125 1953 2314 1994 omnes
2334 1941 2477 1997 enim
2504 1944 2940 2002 ratiocinationes
2957 1963 3129 2017 neque
3150 1950 3256 2004 ullo
3275 1951 3436 2005 modo

1843 2027 2060 2096 probari
2092 2040 2335 2098 possunt.

1910 2119 2042 2173 Ibid.
2080 2117 2145 2174 Et
2169 2125 2397 2192 corporis
2418 2127 2623 2195 quidem
2654 2128 2884 2192 humani,
2918 2131 3118 2185 etiamsi
3142 2132 3237 2200 [ait
3261 2132 3434 2203 aliqua

1836 2211 2035 2263 occulta
2073 2213 2206 2266 ratio
2234 2231 2335 2284 qua
2365 2215 2595 2284 futurum
2633 2229 2741 2271 erat
2779 2230 2831 2271 ut
2868 2221 3177 2289 {armaretur
3198 2261 3214 2286 ,
3249 2231 3359 2275 erat
3385 2233 3433 2276 et

1835 2303 2069 2357 materies
2090 2304 2153 2357 de
2180 2321 2282 2374 qua
2312 2306 2642 2375 formantur,
2674 2308 2731 2362 id
2764 2319 2836 2363 est
2863 2320 3021 2375 terra,
3055 2312 3106 2365 in
3138 2329 3241 2380 qua
3274 2314 3431 2368 videri

1834 2403 2031 2459 poterat
2059 2394 2151 2447 illa
2189 2397 2339 2459 ratio,
2378 2396 2531 2451 ueluti
2561 2398 2613 2452 in
2642 2400 2835 2453 semine
2855 2400 3118 2472 latuisse]
3153 2403 3425 2457 Docebant

1833 2482 2037 2549 Stoici,
2079 2494 2135 2540 ut
2177 2486 2336 2541 habet
2368 2487 2616 2543 Laertius
2647 2489 2738 2543 lib.
2773 2506 2877 2556 vn,
2921 2491 2949 2561 §
2994 2491 3093 2546 156
3115 2531 3129 2555 ,
3165 2493 3427 2563 principio

1833 2574 1998 2629 Deum
2023 2619 2038 2643 ,
2071 2591 2192 2632 cum
2232 2589 2375 2634 esset
2404 2580 2541 2647 apud
2567 2595 2656 2648 se,
2693 2581 3044 2636 substantiam
3076 2586 3289 2638 omnem
3328 2600 3424 2653 per

1829 2679 2009 2717 aerem
2040 2664 2092 2717 in
2125 2680 2315 2734 aquam
2343 2670 2695 2723 convertisse.
2730 2674 2823 2724 Καὶ
2852 2674 3027 2746 ὥσπερ
3056 2674 3104 2727 ἐν
3131 2682 3192 2747 τῇ
3221 2682 3342 2747 γονῇ
3361 2676 3421 2729 τὸ

1831 2757 2377 2830 σπέρμαπεριέχετκι,
2415 2759 2543 2812 οὕτω
2574 2764 2656 2813 καὶ
2699 2768 2875 2815 τοῦτον
2923 2765 3267 2834 σπερματικὸν
3301 2760 3420 2820 ὄντα

1826 2844 1971 2916 λόγον
1998 2852 2090 2901 τοῦ
2127 2847 2315 2920 κόσμου
2344 2846 2533 2903 τοιόνδε
2570 2849 2910 2904 ὑπολιπέσθαι
2937 2852 2985 2903 ἐν
3020 2859 3093 2924 τῷ
3128 2853 3297 2925 ὑγρῷ,
3339 2858 3418 2907 καὶ

1824 2936 1889 2989 τὰ
1916 2938 2027 3001 ἑξῆς
2057 2953 2071 2989 :
2104 2936 2171 2991 Et
2196 2939 2621 3008 quemadmodum
2659 2940 2714 2993 in
2757 2944 2862 3009 fetu
2902 2958 3072 2996 semen
3111 2946 3413 3009 continetur,

1823 3027 1895 3080 ita
1920 3036 1968 3080 et
1993 3027 2127 3081 hanc
2146 3070 2160 3092 ,
2191 3046 2308 3083 cum
2330 3032 2586 3085 seminalis
2616 3034 2746 3086 ratio
2778 3036 2952 3087 mundi
2979 3036 3072 3100 sit,
3103 3038 3414 3093 eamdem-in

1824 3118 2034 3175 humore
2060 3121 2359 3192 reliquisse,
2389 3134 2494 3179 etc.
2543 3125 2690 3179 Hanc
2736 3126 3038 3182 Stoicorum
3086 3129 3411 3186 locutionem

1824 3211 2058 3267 imitatus
2088 3215 2373 3270 manifesto
2404 3226 2485 3271 est
2523 3217 2870 3287 Augustinus.

1888 3305 2051 3361 Ltano
2080 3322 2154 3373 ut,
2182 3322 2301 3377 cap.
2337 3310 2426 3377 10,
2456 3308 2484 3380 §
2524 3310 2610 3365 16.
2645 3310 2886 3376 Quamuis
2918 3312 3176 3368 honestius
3204 3316 3410 3371 melius-

1812 3414 1910 3468 que
1937 3402 2173 3455 credatur
2211 3403 2286 3455 ita
2315 3404 2473 3471 fuisse
2518 3413 2637 3456 tunc
2674 3404 2881 3457 illorum
2919 3407 3183 3459 hominum
3222 3425 3409 3476 corpus

1812 3490 2037 3543 animale
2063 3492 2451 3545 constitutorum
2474 3493 2529 3545 in
2561 3496 2824 3560 paradiso,
2850 3497 3074 3547 nondum
3101 3500 3273 3550 mortis
3296 3498 3407 3569 lege

1812 3580 2129 3647 damnatum,
2162 3592 2216 3634 ut
2238 3597 2340 3635 non
2361 3582 2600 3635 haberent
2629 3586 2906 3654 appetitum
2929 3587 3151 3639 carnalis
3174 3589 3406 3658 volupta-

1811 3672 1898 3737 tis,
1927 3672 2130 3741 qualem
2170 3690 2306 3727 nunc
2344 3674 2526 3729 habent
2560 3677 2655 3729 ista
2698 3692 2934 3747 corpora,
2958 3677 3087 3747 etc.]
3127 3683 3404 3748 Appetitas

1812 3761 1933 3828 ille,
1963 3772 2022 3818 ut
2059 3764 2226 3835 liquet
2259 3767 2342 3820 vel
2366 3782 2431 3822 ex
2464 3766 2663 3836 brutis,
2699 3776 2805 3821 tam
2843 3769 3102 3825 naturalis
3134 3780 3400 3840 estquam

1810 3854 2115 3922 aptetentia
2147 3856 2287 3923 cibi,
2321 3867 2411 3912 aut
2451 3867 2636 3927 potus,
2674 3858 3024 3928 voluptasque
3053 3877 3211 3929 quam
3237 3877 3401 3931 expe-

1809 3947 1978 4003 rimur
2003 3963 2124 4003 cum
2150 3951 2486 4006 comedimus
2506 3955 2825 4019 esurientes,
2854 3953 2935 4007 vel
2961 3953 3190 4008 bibimus
3216 3955 3400 4011 silicu-

1811 4049 1910 4096 tes.
1964 4041 2080 4097 Non
2130 4052 2256 4111 puto
2295 4059 2425 4100 sane
2453 4061 2773 4115 quemquam
2803 4046 3065 4101 dicturum
3121 4049 3263 4103 sitim
3308 4060 3399 4104 aut

1810 4132 2026 4199 famem,
2044 4135 2477 4205 voluptatemque
2498 4152 2657 4205 quam
2680 4137 2745 4191 iis
2762 4137 3044 4207 expleudis
3065 4140 3395 4210 experimur,

1808 4223 2029 4280 elicctus
2054 4239 2175 4280 esse
2206 4228 2430 4294 peccati.
2462 4227 2741 4296 Figmenta
2772 4243 2919 4283 mera
2946 4240 3068 4283 sunt
3091 4247 3207 4299 quia:
3237 4231 3321 4285 hic
3340 4242 3396 4287 et

1806 4315 1930 4369 alibi
1972 4315 2241 4369 dicuntur.
2294 4318 2365 4370 De
2413 4316 2496 4370 his
2534 4319 2801 4386 copiosius
2829 4320 2938 4389 egit
2969 4322 3296 4390 Augustinus
3326 4323 3396 4379 de

1805 4404 2035 4461 Civitate
2074 4408 2164 4462 Dei
2193 4408 2287 4463 lib.
2324 4425 2431 4475 XIV,
2464 4425 2582 4479 cap.
2619 4411 2684 4465 16
2710 4421 2763 4466 et
2792 4428 2943 4482 seqq.

1881 4500 2043 4559 [λωιιο
2072 4517 2128 4568 x,
2165 4516 2283 4570 cap.
2316 4504 2369 4557 6.
2421 4502 2566 4556 Illud
2604 4521 2722 4576 ergo
2753 4507 2857 4573 iam
2886 4506 3161 4571 videamus,
3191 4507 3393 4562 cuinam

1803 4594 1969 4660 potius
2008 4595 2270 4648 sententia:
2312 4595 2485 4649 divina
2528 4597 2815 4650 testimonia
2854 4597 3198 4670 suﬂ'ragentur
3223 4639 3238 4662 ,
3280 4602 3391 4654 eine

1799 4703 1901 4754 qua
1943 4688 2128 4741 dicitur
2173 4688 2398 4741 animam
2445 4705 2601 4743 unam
2648 4687 2811 4743 Deum
2858 4689 3055 4758 fecisse,
3097 4700 3144 4743 et
3191 4690 3389 4746 dedisse

1797 4781 1963 4851 primo
1990 4781 2206 4844 homini,
2244 4783 2380 4836 unde
2408 4790 2616 4836 ca'teras
2650 4783 2868 4852 faceret,
2893 4781 3021 4834 sicut
3048 4797 3111 4835 ex
3137 4784 3249 4851 ejus
3275 4799 3388 4834 cor-

1797 4887 1920 4942 pore
1944 4885 2127 4927 caatera
2155 4872 2419 4927 hominum
2442 4888 2690 4939 corpora;
2719 4888 2784 4925 an
2813 4872 2861 4924 ei
2884 4886 2984 4939 qua
3007 4873 3194 4926 dicitur
3213 4874 3386 4943 singu-

1797 4964 1872 5016 las
1894 4964 2110 5032 singulis
2138 4967 2321 5033 faccre.
2347 4964 2474 5017 sicut
2497 4964 2576 5015 illi
2599 4977 2778 5026 unam,
2804 4977 2904 5014 non
2932 4978 2996 5016 ea:
3016 4960 3107 5017 illa
3134 4965 3385 5037 crateras]

1797 5054 1903 5106 llas
1931 5053 2065 5105 duas
2093 5053 2384 5106 sententias
2422 5052 2574 5121 quasi
2612 5050 2921 5121 probabiles
2945 5053 3177 5109 admittit
3205 5056 3383 5123 Augu-

1792 5143 1986 5208 stinus,
2009 5142 2223 5197 cancris
2245 5140 2478 5210 rejectis,
2502 5152 2556 5196 et
2579 5142 2629 5196 in
2663 5142 2891 5210 priorem
2917 5145 3131 5215 quidem
3165 5148 3382 5216 pronior

1792 5245 1895 5299 eSt,
1927 5234 2065 5303 quod
2097 5248 2164 5288 ex
2194 5247 2254 5288 ea
2288 5232 2492 5287 facilius
2519 5234 2773 5305 explicari
2807 5251 2964 5305 posse
3009 5246 3158 5305 putet
3198 5247 3252 5292 et
3289 5240 3379 5306 qui

1792 5342 1981 5381 omnes
2004 5328 2057 5377 in
2090 5326 2287 5380 Atlanta
2319 5341 2567 5396 peccasse
2603 5328 2868 5392 dicantur,
2900 5339 2952 5384 et
2975 5330 3069 5399 qui
3099 5340 3374 5399 peccatum

1793 5420 2013 5490 originis
2050 5421 2120 5473 ab
2157 5435 2224 5476 eo
2267 5430 2605 5491 propagetur.
2638 5424 2704 5477 At
2736 5422 2915 5477 nescio
2941 5423 3210 5490 quomodo
3241 5421 3375 5477 hanc

1791 5529 1941 5569 suam
1971 5516 2290 5571 sententiam
2340 5533 2459 5571 cum
2511 5531 2577 5571 eo
2608 5516 2748 5585 quod
2778 5515 3041 5570 sentiebat
3076 5515 3145 5569 de
3185 5526 3371 5570 natura

1792 5607 2104 5678 incorporea
2135 5611 2332 5664 mentis
2360 5619 2503 5665 stare
2532 5624 2688 5677 posse
2710 5608 3045 5676 intelligeret.
3090 5608 3223 5664 Vide
3246 5623 3368 5677 cap.

1790 5704 1882 5758 24.
1915 5703 2098 5773 Itaque
2124 5702 2491 5759 difﬁcultatem
2522 5699 2834 5755 difﬁcultate
2856 5698 3117 5766 solvebat,
3148 5701 3249 5755 hoc
3267 5711 3369 5765 est,

1793 5809 1860 5849 ex
1911 5792 2167 5863 impedito
2215 5791 2605 5863 impeditioretn
2650 5791 2903 5846 lectorem
2953 5792 3239 5859 reddebat;
3279 5791 3370 5845 sed
