3908 6306
497 343 597 399 547

1405 325 1961 389 SUPI’LEMENTUM
2004 324 2093 379 AD
2131 323 2361 381 OPERA
2401 324 2455 381 S.
2499 323 2881 381 AUCUS'l‘INl.

3670 318 3762 379 548

495 452 896 510 difﬁcultatibus
936 452 1108 507 bonus
1140 452 1218 506 vir
1250 465 1354 504 non
1388 448 1691 503 terrebatur
1720 492 1732 515 ,
1777 458 1875 499 nec
1904 442 2090 497 admo-
2116 440 2165 497 Α
2195 441 2403 513 possint
2441 451 2651 496 mentes
2690 439 2973 510 generari,
3014 440 3085 494 ita
3124 447 3181 494 ut
3219 446 3343 494 ante
3371 430 3761 508 generationem

495 546 621 599 dum
654 549 875 599 curabat
906 558 971 595 an
1004 542 1321 610 intelligeret
1349 539 1490 608 quod
1521 537 1750 591 dicebat.
1784 535 1913 602 Quis
1941 535 2084 588 enim

497 636 759 705 intelligat
787 632 1047 702 ejusmodi
1079 631 1517 701 propagationem
1551 645 1616 683 ex
1650 628 1883 691 traduce,
1917 627 1963 679 si
1995 639 2089 694 po-

498 742 593 782 uas
618 736 850 780 mentem
883 740 1003 779 esse
1034 737 1251 792 prorsus
1278 723 1653 792 incorpoream
1671 725 1695 773 ?

567 819 694 883 Cap.
733 815 819 870 l9.
854 815 1065 869 Prolato
1094 815 1210 867 loco
1235 814 1369 868 lleb.
1397 829 1491 879 vn,
1520 812 1553 865 4
1579 824 1629 865 et
1656 827 1829 881 seqq.,
1862 810 1928 865 de
1963 810 2087 865 Levi

497 910 548 962 in
586 909 890 962 Abrahamo
920 906 1186 960 decintato
1230 924 1241 957 :
1279 905 1339 960 Si
1370 923 1487 975 rrgo
1512 950 1526 972 ,
1572 905 1782 972 inquit,
1818 904 1909 956 hoc
1936 903 2089 955 etiam

495 1002 625 1055 valet
647 1002 711 1053 ad
738 1002 888 1053 istam
908 1001 1225 1065 distantiam,
1243 1008 1485 1066 quantum
1510 999 1833 1067 prwemineat
1854 996 2088 1049 sacerdoo

499 1094 567 1146 tio
589 1094 811 1146 Leuitico
832 1092 1177 1147 sacerdotium
1203 1090 1415 1159 Christi,
1440 1092 1576 1160 quod
1602 1091 1837 1143 sacerdos
1861 1089 2089 1142 Christus

497 1202 586 1255 per
622 1186 767 1239 illum
800 1187 1156 1255 prteﬁguratus
1184 1195 1258 1239 est
1294 1186 1382 1254 qui
1418 1184 1684 1237 decimauit
1724 1183 2006 1245 Abraham,
2037 1183 2090 1235 in

497 1293 598 1347 quo
627 1285 671 1329 et
710 1277 818 1344 ipse
846 1275 964 1329 Levi
988 1256 1266 1329 decimatas
1299 1286 1394 1340 est,
1427 1276 1650 1345 profecto
1674 1273 1908 1327 Christus
1941 1274 2003 1325 ab
2034 1290 2090 1326 eo

500 1384 601 1421 non
622 1376 693 1421 est
711 1364 1034 1437 decimatas.]
1058 1368 1172 1420 Non
1198 1366 1354 1422 debet
1379 1368 1597 1436 ﬁgurata
1619 1366 1815 1421 locutio
1830 1370 1864 1418 Λ
1877 1366 2089 1433 postoli,

500 1473 660 1529 quam
686 1475 788 1511 non
811 1459 1061 1512 sustinuit
1081 1458 1357 1523 adhibere,
1377 1458 1475 1511 nisi
1498 1458 1771 1526 praemissa
1789 1458 2092 1512 emulliendi

503 1548 754 1615 formula,
787 1552 855 1610 ὡς
887 1548 1012 1610 ἔπος
1043 1552 1223 1615 sinsin,
1250 1562 1420 1618 usque
1446 1549 1580 1604 adeo
1622 1549 1818 1617 urgeri,
1849 1550 2000 1617 quasi
2027 1564 2092 1603 ex

502 1653 565 1695 ea
603 1647 859 1708 sequatur
884 1652 1099 1693 omnem
1126 1639 1347 1693 omnino
1378 1638 1744 1707 posteritatem
1777 1637 2091 1705 Abraliami,

503 1732 568 1786 ad
608 1732 826 1787 ultimos
875 1744 1043 1799 usque
1080 1741 1303 1801 nepotes
1330 1771 1345 1797 ,
1378 1732 1429 1784 in
1458 1746 1521 1786 eo
1550 1729 1865 1785 decimatam
1907 1730 2092 1786 fuisse.

502 1821 635 1877 Nam
658 1837 844 1878 revera
870 1822 994 1879 hiut:
1019 1832 1333 1894 sequeretur
1363 1824 1533 1894 ipsum
1556 1820 1828 1877 Christum
1854 1822 2092 1877 decimas
2123 1808 2170 1868 Β

504 1915 929 1973 Ilelchisedecho
968 1918 1224 1983 solvisse;
1271 1932 1434 1973 nemo
1470 1918 1615 1973 enim
1660 1917 1907 1972 dubitare
1934 1924 2095 1985 queat

505 2009 633 2073 quin
661 2007 908 2063 Christus
933 2050 947 2075 ,
982 2008 1275 2064 secundum
1306 2024 1546 2076 carnem,
1583 2008 1685 2061 hoc
1714 2016 1817 2075 est,
1852 2006 2096 2061 Immani-

508 2104 673 2151 tatt-m
698 2140 712 2164 ,
765 2113 830 2152 ex
863 2099 1167 2153 Abrahamo
1209 2099 1275 2152 sit
1307 2100 1586 2154 oriundus.
1632 2097 1814 2154 Voluit
1839 2099 2098 2153 duntaxat

508 2188 793 2244 ostendere
839 2190 1071 2258 scriptor
1099 2190 1166 2244 ad
1201 2190 1454 2244 llebraeos
1482 2234 1495 2259 ,
1528 2204 1634 2244 non
1676 2190 1869 2244 mirum
1898 2203 2019 2245 esse
2052 2190 2095 2242 si

508 2278 869 2332 sacerdotium
910 2278 1108 2332 Christi
1142 2279 1379 2334 Levitieo
1410 2280 1687 2347 praeferret
1712 2321 1727 2345 ,
1760 2278 2097 2348 quandoqui-

512 2369 634 2425 dem
672 2370 927 2425 saeerdos
967 2372 1138 2426 fuerat
1169 2372 1221 2425 in
1254 2372 1534 2426 Palaestina
1570 2372 1899 2440 temporibus
1930 2372 2100 2425 Abra-

514 2460 689 2524 humi,
733 2460 824 2529 qui
852 2461 919 2514 ab
949 2462 1065 2528 ipso
1107 2461 1410 2515 Abrahamo
1451 2461 1606 2516 Levis
1634 2474 1835 2530 proavo
1865 2460 2100 2515 decimas

517 2549 836 2620 accepisset,
865 2561 919 2605 et
947 2551 1083 2606 bene
1113 2561 1358 2619 precatus
1386 2553 1435 2607 ei
1467 2560 1627 2617 esset,
1661 2551 1901 2620 adeoque
1930 2551 2101 2605 Abra-

517 2642 678 2695 hamo
702 2644 949 2711 superior
987 2643 1207 2709 fuisset;
1255 2644 1345 2713 qui
1391 2644 1640 2699 sacerdos
1672 2652 1881 2713 poterat
1917 2641 2104 2697 haberi

514 2732 714 2787 Christi
742 2733 1103 2790 adumbratio.
1130 2735 1243 2789 Non
1274 2745 1355 2790 est
1380 2734 1606 2790 ulterius
1629 2733 2102 2805 progrediendum,

536 2838 616 2879 nec
644 2827 974 2881 consectaria
1002 2867 1018 2892 ,
1063 2827 1216 2896 quasi
1256 2842 1318 2881 ex
1361 2826 1749 2881 mathematicis
1791 2828 2105 2896 quibusdam

519 2920 779 2973 doctrinis
804 2922 929 2973 hinc.
966 2920 1134 2988 rigide
1172 2920 1503 2975 deducenda.
1557 2920 1698 2975 Satis
1726 2920 1989 2974 habebant
2015 2938 2109 2976 ve-

520 2994 662 3064 teres
709 3023 833 3064 suas
881 3010 1347 3078 interpretationes
1382 3011 1693 3079 allegoricos
1733 3011 1910 3079 aliquo
1948 3027 2106 3065 sensu

522 3114 643 3153 esse
673 3114 828 3153 veras
851 3140 865 3165 ,
907 3116 1012 3153 non
1044 3115 1135 3153 eas
1161 3101 1310 3170 quasi
1340 3101 1603 3155 axiomata
1637 3103 1958 3171 geometrica
1988 3117 2109 3172 pro-

522 3186 786 3243 ferebant.
1374 3179 1383 3198 ⁷

599 3277 730 3332 Ibid.
764 3277 827 3329 At
856 3280 899 3330 si
924 3286 1188 3350 propterea
1217 3280 1496 3335 decimatas
1526 3290 1596 3335 est
1624 3282 1743 3335 Levi
1776 3286 1895 3353 quia
1924 3293 2031 3337 erat
2058 3284 2111 3337 in

521 3371 710 3423 lumbis
744 3370 957 3426 Abrahae
984 3412 998 3437 ,
1026 3381 1187 3442 propt.
1204 3389 1290 3425 rea
1321 3389 1419 3426 non
1446 3384 1518 3426 est
1544 3375 1823 3429 decimatus
1861 3374 2111 3442 Christus,

523 3462 643 3532 quia
675 3480 774 3516 non
802 3477 909 3518 erat
942 3466 995 3518 in
1033 3464 1214 3517 lumbis
1242 3465 1479 3519 Abrahte.
1525 3464 1692 3520 Porro
1727 3478 1894 3520 autem
1931 3468 1975 3521 si
2014 3483 2116 3521 non

526 3554 806 3607 secundum
828 3556 1074 3622 animam,
1107 3556 1197 3610 sed
1222 3567 1417 3610 tantum
1448 3558 1725 3613 secundum
1754 3573 1955 3611 carnem
1978 3560 2118 3612 acci-

532 3647 699 3714 pimus
720 3647 842 3701 Levi
870 3650 1026 3719 fuisse
1050 3649 1100 3702 in
1121 3649 1373 3703 Abraham
1397 3665 1417 3713 ;
1444 3651 1511 3703 ibi
1530 3660 1637 3703 erat
1658 3661 1703 3703 et
1724 3650 1976 3719 Christus,
2000 3668 2120 3720 quia

526 3738 758 3794 Christus
779 3787 792 3809 ,
819 3744 1095 3796 secundum
1123 3760 1358 3810 carnem,
1387 3759 1450 3795 ea:
1476 3744 1666 3797 semine
1695 3754 1767 3798 est
1795 3745 2014 3800 Abrahw
2031 3788 2048 3815 ,
2075 3757 2121 3801 et

530 3832 636 3901 ipse
666 3835 835 3901 itaque
863 3833 1139 3886 decimatas
1166 3832 1285 3902 est.]
1334 3832 1440 3887 Sed
1470 3847 1590 3887 cum
1633 3834 1874 3891 dicerent
1916 3838 2124 3894 Hebraei

532 3935 757 3993 nepotes
785 3929 1034 3994 prodiisse
1063 3943 1124 3981 ea:
1158 3927 1337 3979 lumbis
1374 3928 1634 3994 majorum
1665 3939 2036 3995 suorum,-aut
2070 3932 2127 3985 in

530 4016 595 4068 iis
624 4016 801 4083 fuisse,
832 4030 939 4068 non
963 4016 1033 4069 ita
1066 4016 1164 4070 hoc
1195 4016 1591 4087 intelligebant,
1621 4018 1771 4087 quasi
1804 4029 1856 4075 et
1896 4035 2125 4091 corpora

532 4108 763 4164 etanimi
788 4119 1037 4181 nepotum
1063 4111 1114 4165 in
1141 4112 1334 4167 lumbis
1351 4112 1611 4181 majorum
1628 4116 1844 4183 proprie
1867 4115 2089 4172 fuissent
2112 4138 2128 4188 ;

536 4215 642 4255 noxi
676 4201 743 4255 ita
776 4202 1045 4257 subtiliter
1068 4203 1580 4275 philoSOphabantur
1601 4206 1840 4273 Hebraei;
1866 4208 1958 4263 sed
1988 4211 2132 4266 vole-

535 4294 666 4348 bant
704 4303 905 4348 tantum
937 4297 1331 4365 propagationis
1365 4298 1555 4353 ordine
1597 4299 1664 4354 ab
1706 4299 1771 4354 iis
1799 4315 1920 4355 esse
1949 4302 2133 4357 oriun-

540 4384 660 4440 dos.
711 4385 892 4455 Itaque
940 4386 1039 4439 hoc
1084 4387 1197 4440 vult
1245 4396 1431 4442 auctor
1475 4390 1541 4443 ad
1590 4390 1843 4447 llebrteos
1876 4435 1892 4461 ,
1940 4393 2130 4461 Levin,

537 4488 712 4531 ortum
744 4480 810 4532 ab
841 4478 1146 4534 Abrahamo
1170 4521 1183 4547 ,
1223 4496 1380 4550 posse
1415 4486 1620 4538 censeri
1651 4485 1887 4539 decimas
1911 4486 2133 4541 Meltlti-

541 4570 775 4625 sedecho
805 4572 1057 4633 solvisse.
1091 4589 1212 4627 eum
1254 4575 1591 4633 Abrahamus
1637 4579 1753 4647 ejus
1787 4596 2017 4648 proavus
2044 4597 2135 4638 eas

542 4666 784 4720 solverit.

613 4756 741 4813 Ibid.
798 4758 936 4822 Quid
976 4770 1048 4813 est
1078 4777 1197 4830 ergo
1227 4761 1364 4831 quod
1400 4761 1613 4829 a/fertur
1643 4778 1734 4829 pro
1764 4780 1946 4832 magna
1986 4764 2135 4833 diffe-

537 4854 698 4904 rentia
737 4853 1009 4907 sacerdotii
1035 4853 1224 4908 Christi
1268 4871 1299 4907 a
1338 4856 1622 4909 sacerdotio
1661 4854 1814 4921 Levi,
1846 4860 1984 4926 quod
2016 4856 2134 4910 Levi

542 4941 822 4997 decimatas
866 4956 935 4999 est
981 4963 1012 4998 a
1062 4947 1431 5002 Melchisedech
1458 4989 1472 5011 ,
1512 4965 1624 5002 cum
1671 4959 1798 5003 esset
1848 4952 1899 5005 in
1949 4952 2133 5009 lumbis

542 5028 760 5083 Abrahae
784 5070 799 5095 ,
841 5034 927 5085 ubi
952 5046 998 5087 et
1030 5035 1260 5091 Christus
1289 5047 1441 5101 erat;
1486 5040 1618 5093 unde
1661 5041 1853 5110 pariter
1896 5043 2132 5099 deeimati

541 5129 660 5174 sunt
678 5136 699 5188 ;
729 5121 830 5174 nisi
860 5124 978 5190 quia
1011 5142 1208 5180 necesse
1240 5139 1311 5181 est
1347 5132 1693 5203 intelligamus
1725 5133 2002 5188 secundum
2033 5134 2132 5189 ali-

542 5229 692 5284 quem
725 5212 933 5265 ntodum
965 5214 1031 5268 ibi
1059 5214 1318 5271 Christum
1345 5237 1447 5274 non
1474 5223 1672 5291 fuisse?
1701 5224 1826 5289 Quis
1852 5235 2019 5279 autem
2047 5243 2135 5281 ne-

542 5315 625 5377 get
664 5322 779 5360 eum
806 5307 1089 5360 secundum
1129 5325 1331 5363 carnem
1358 5312 1426 5366 ibi
1454 5314 1653 5383 fuisse?
1691 5316 1831 5387 Ergo
1860 5318 2137 5372 secundum

542 5398 769 5451 animum
797 5396 866 5451 ibi
891 5415 991 5451 non
1024 5400 1139 5468 fuit.
1182 5399 1303 5456 Non
1337 5413 1409 5457 est
1445 5404 1603 5473 igitur
1641 5409 1812 5462 anima
1848 5406 2037 5464 Christi
2076 5412 2139 5464 de

544 5491 773 5553 traduce
798 5491 1236 5558 prwvaricationis
1278 5493 1421 5548 Adte.
1465 5496 1705 5566 Alioquin
1734 5502 1886 5555 etiam
1925 5502 2041 5573 ipsa
2074 5502 2142 5557 ibi

548 5580 768 5651 [uisset]
829 5584 937 5639 Sed
992 5584 1236 5654 quamvis
1276 5588 1702 5646 concederentur
1728 5592 1893 5647 animi
1925 5608 2046 5650 esse
2075 5610 2141 5650 ex

550 5669 788 5735 traduce,
812 5672 952 5739 quod
995 5691 1101 5730 non
1149 5684 1297 5745 puto,
1332 5693 1434 5733 non
1466 5689 1782 5750 sequeretur
1811 5685 2022 5740 animos
2052 5700 2143 5741 ne-

552 5774 731 5834 potum
766 5764 927 5821 htis;e
959 5765 1008 5819 in
1040 5768 1368 5836 majoribus;
1404 5774 1585 5843 quidni
1619 5776 1779 5843 enim,
1814 5785 1867 5832 ut
1892 5791 2139 5847 corpora,

2192 551 2300 590 non
2352 534 2595 589 iuerint?
2645 532 2845 589 Deinde
2893 547 2990 603 per
3026 532 3272 601 exiguum
3303 531 3530 585 duarum
3561 538 3763 584 aetatum

2193 628 2536 684 intervallum
2566 667 2580 691 ,
2613 626 2756 696 quod
2793 626 3096 680 intercessit
3144 625 3282 679 inter
3321 623 3684 679 Abrahamum
3718 638 3770 679 et

2194 722 2382 786 Levin,
2415 721 2571 787 licet,
2605 724 2673 781 ὡς
2704 720 2832 782 ἔπος
2860 721 3020 775 εἰπεῖν
3046 759 3060 782 ,
3088 717 3271 773 dicere
3298 716 3467 771 Levin
3508 718 3561 769 in
3612 714 3770 770 Abra-

2194 818 2351 871 hamo
2375 816 2729 877 decimatum;
2763 822 2815 866 at
2842 820 2960 881 post
2979 810 3328 881 quadraginta
3350 818 3404 863 et
3422 808 3629 878 aliquot
3653 817 3771 862 teta-

2194 918 2275 963 tes
2290 908 2429 963 idem
2454 909 2520 963 de
2541 906 2755 961 Christo
2781 904 3069 969 afﬁrmare,
3098 902 3309 957 nonnisi
3332 900 3603 954 audaciori
3628 915 3773 969 mque

2195 1003 2383 1069 figura,
2416 1000 2620 1053 liceret.
2658 996 2892 1065 Denique
2922 995 2966 1049 si
2995 993 3275 1057 vellemus,
3307 1008 3369 1046 ex
3397 991 3773 1060 philosorihicis

2193 1094 2470 1162 Augustini
2502 1092 2731 1162 placitis,
2763 1100 2947 1145 contra
2976 1103 3096 1144 eum
3128 1086 3529 1155 philosophari,
3559 1101 3775 1155 negare-

2191 1201 2314 1240 mus
2361 1202 2425 1241 ex
2471 1185 2587 1252 ejus
2635 1183 2897 1238 sententia
2927 1223 2942 1247 ,
2975 1196 3076 1250 qua
3106 1180 3289 1234 statuit
3318 1190 3549 1233 mentem
3580 1194 3644 1234 es
3674 1187 3776 1232 tra-

2194 1277 2329 1331 duce
2361 1274 2667 1345 propagari,
2700 1273 2968 1327 Christum
2998 1285 3118 1325 esse
3137 1280 3312 1324 ortum
3341 1285 3407 1323 ex
3433 1268 3773 1332 Abrahamo;

2197 1370 2297 1424 nisi
2326 1372 2496 1423 solum
2528 1381 2721 1436 corpus
2746 1367 2882 1435 ejus,
2912 1364 3130 1419 excluso
3172 1363 3372 1428 aninto,
3403 1361 3649 1415 Christus
3674 1361 3777 1421 dici

2198 1463 2386 1532 possit,
2415 1461 2556 1530 quod
2587 1460 2846 1514 noluisset
2885 1457 3182 1512 concedere
3208 1472 3222 1518 ;
3255 1469 3353 1509 nec
3376 1463 3555 1523 posset
3584 1452 3776 1507 Christi

2196 1556 2501 1624 exemp'um
2535 1551 2689 1606 nobis
2735 1550 2998 1621 proponi,
3027 1550 3150 1619 quia
3181 1562 3333 1602 mens
3358 1546 3473 1614 ejus
3504 1559 3610 1599 non
3640 1553 3779 1599 esset

2198 1644 2438 1713 ejusdem
2469 1644 2680 1713 generis
2708 1656 2771 1697 ac
2801 1650 2980 1696 nostra
3008 1656 3022 1706 ;
3066 1654 3164 1693 nec
3187 1649 3350 1702 esset,
3382 1649 3440 1692 ut
3468 1637 3611 1692 idem
3651 1637 3780 1690 scri-

2201 1748 2321 1806 ptor
2368 1736 2435 1791 ad
2480 1737 2735 1791 Hebraeos
2762 1735 2958 1798 docet,
3010 1749 3107 1802 per
3145 1734 3321 1787 omnia
3367 1731 3559 1785 similis
3604 1730 3779 1793 nobis,

2196 1835 2423 1895 excepto
2454 1839 2692 1896 peccato.
2728 1825 2851 1880 lltec
2877 1834 2930 1881 et
2958 1824 3083 1878 talia
3114 1832 3333 1893 possent
3361 1822 3477 1891 ejus
3503 1819 3779 1875 sententia:

2194 1919 2390 1988 objiei,
2446 1920 2639 1990 quibus
2670 1918 2865 1972 factum
2917 1926 3088 1971 estut
3129 1930 3157 1968 a
3203 1914 3470 1983 plerisque
3517 1912 3779 1980 theologis

2197 2022 2381 2080 postea
2410 2010 2606 2080 rejecta
2638 2009 2723 2062 sit.
2768 2011 2868 2073 At,
2897 2008 3103 2075 inquiet
3130 2006 3263 2060 forte
3307 2004 3500 2073 aliquis
3524 2045 3539 2071 ,
3573 2002 3780 2057 r.itio.'i-

2199 2106 2414 2157 natione
2436 2101 2711 2169 scriptoris
2736 2099 2801 2154 ad
2826 2099 3081 2154 Hebraeos
3102 2108 3159 2152 ut
3180 2099 3249 2151 ita
3275 2096 3500 2151 sentiret
3526 2094 3782 2148 adductus

2200 2206 2283 2251 est
2312 2194 2663 2265 Augustinus.
2700 2193 2808 2247 lmo
2839 2193 2945 2247 illic
2972 2192 3217 2263 quaesivit
3240 2190 3632 2244 (irritamentum
3662 2202 3782 2241 sen-

2204 2288 2378 2342 tentia:
2408 2302 2521 2340 suae
2546 2328 2560 2351 ,
2594 2286 2659 2340 de
2712 2284 2904 2339 meritis
2942 2282 3321 2354 propagatione
3344 2322 3359 2347 ,
3413 2278 3554 2350 quod
3608 2287 3783 2332 tamen

2202 2379 2407 2432 nullum
2435 2386 2538 2441 est,
2572 2388 2628 2431 ut
2660 2389 2818 2432 antea
2850 2374 3199 2430 ostendimus.

2274 2472 2437 2526 Ltnno
2467 2487 2540 2537 xu,
2574 2485 2692 2539 cap.
2737 2471 2791 2539 9,
2824 2471 2851 2541 ᾗ
2880 2469 2963 2525 12.
2998 2469 3087 2524 Sic
3114 2485 3195 2523 eos
3219 2466 3428 2538 (malos)
3459 2467 3575 2537 fecit
3605 2465 3785 2535 (Deus)

2205 2575 2260 2619 ut
2293 2566 2365 2619 eis
2403 2566 2708 2633 relinqueret
2753 2564 2889 2618 unde
2921 2573 2969 2617 et
3011 2563 3110 2633 ipsi
3151 2561 3350 2630 aliquid
3390 2561 3641 2629 facerent,
3691 2574 3785 2624 quo

2206 2657 2457 2727 quidquid
2487 2658 2639 2709 etiam
2670 2654 2992 2725 culpabiliter
3019 2654 3282 2724 el'gerent,
3315 2651 3463 2704 illum
3494 2650 3556 2702 de
3591 2665 3640 2703 se
3672 2649 3784 2701 lau-

2209 2750 2444 2803 dabiliter
2468 2757 2759 2816 aperantem
2791 2746 3091 2800 invenirent.
3121 2744 3164 2798 Α
3195 2761 3247 2799 se
3272 2744 3461 2813 quippe
3486 2742 3671 2795 habent
3705 2756 3785 2793 vo-

2212 2841 2459 2894 luntatem
2488 2839 2705 2906 malam,
2742 2838 2804 2891 ab
2844 2838 2933 2890 illo
2967 2847 3131 2890 autem
3172 2844 3218 2888 et
3255 2844 3494 2887 naturam
3524 2833 3711 2885 bonam
3750 2838 3789 2883 et

2204 2938 2401 3006 justam
2442 2930 2687 3000 ranam]
2723 2929 2890 2984 Nemo
2926 2942 3031 2981 non
3062 2925 3203 2980 videt
3235 2926 3349 2979 haec
3384 2924 3620 2993 potuisse
3645 2931 3790 2976 recte

2212 3023 2314 3076 dici
2348 3037 2375 3074 a
2409 3022 2644 3091 Pelagio,
2676 3030 2727 3075 et
2757 3020 2966 3090 quidem
3007 3035 3072 3073 eo
3107 3031 3267 3072 sensu
3297 3030 3402 3084 quo
3439 3023 3564 3069 sunt
3593 3014 3791 3068 intelli-

2216 3120 2386 3185 genda
2439 3127 2493 3172 ut
2540 3116 2822 3187 quaestioni
2868 3114 3112 3178 satisﬁat,
3159 3127 3253 3167 cur
3287 3111 3423 3165 Deus
3471 3109 3670 3164 crearit
3704 3122 3792 3164 eos

2218 3224 2352 3278 quos
2404 3210 2572 3263 malos
2620 3207 2734 3263 fore
2764 3206 3043 3276 praevidit;
3091 3219 3214 3257 nam
3256 3218 3327 3257 ex
3368 3201 3485 3270 ejus
3529 3200 3793 3255 sententia

2217 3302 2341 3355 mali
2377 3303 2689 3356 voluntatem
2728 3301 2914 3353 malam
2946 3313 2975 3352 a
3006 3313 3065 3353 se
3097 3298 3313 3357 habent,
3344 3311 3371 3348 a
3418 3296 3527 3349 Deo
3559 3304 3794 3347 naturam

2218 3392 2400 3445 bonam
2429 3408 2529 3461 qua
2575 3400 2800 3459 possunt
2843 3389 3039 3460 aliquid
3074 3388 3281 3453 facere;
3314 3387 3455 3457 quod
3497 3400 3626 3441 sane
3650 3401 3794 3455 qua:-

2219 3484 2379 3536 stioni
2412 3482 2487 3535 illi
2519 3480 2825 3536 necessario
2854 3479 3307 3548 reSpondendum.
3348 3477 3562 3542 Verum,
3594 3492 3658 3531 ex
3698 3480 3795 3531 Au-

2222 3574 2420 3642 gustini
2472 3573 2757 3636 sententia,
2806 3558 2921 3627 lure
2963 3588 3066 3625 non
3100 3580 3343 3638 possunt.
3376 3570 3477 3623 nisi
3512 3568 3667 3623 valde
3701 3569 3795 3623 imo

2222 3667 2441 3735 proprie
2467 3667 2593 3731 dici,
2627 3681 2797 3733 eoque
2829 3679 2986 3719 sensu
3015 3666 3101 3733 qui
3142 3661 3425 3731 qurestioni
3467 3674 3795 3730 nequaquam

2224 3756 2506 3811 satisfacit.
2554 3757 2661 3812 Sed
2712 3758 2780 3811 ita
2834 3758 2971 3810 solet
3012 3753 3328 3809 Aristoteles
3358 3753 3574 3821 Poenus,
3603 3749 3797 3819 Pelagii

2228 3865 2399 3916 more,
2433 3849 2642 3918 objecta
2673 3849 2724 3902 in
2757 3847 3149 3902 Providentiam
3176 3845 3474 3908 resolvere;
3507 3844 3633 3897 dum
3673 3840 3797 3896 nihil

2230 3940 2545 4009 objicientes
2572 3939 2838 3993 contraria
2866 3938 3042 3992 omnia
3066 3938 3241 3992 docet.
3267 3936 3385 3991 Jam
3411 3935 3660 3990 nonnulla
3684 3933 3797 3988 talia

2232 4034 2476 4103 superius
2525 4029 3033 4089 animadvertimus,
3082 4030 3336 4097 pluraque
3383 4028 3798 4083 animadverterit

2235 4127 2540 4197 quicunque
2571 4140 2689 4195 quae
2716 4124 2863 4178 hisce
2892 4122 2959 4179 de
2993 4123 3154 4178 rebus
3196 4122 3356 4176 habet
3389 4120 3691 4175 accuratius
3716 4134 3799 4175 ex-

2232 4218 2487 4287 pendent.

2310 4307 2439 4375 Cap.
2473 4307 2561 4372 16,
2588 4306 2614 4378 §
2642 4306 2732 4361 22.
2771 4306 2847 4361 De
2872 4306 3162 4373 quaestione
3196 4321 3261 4359 an
3292 4305 3478 4360 beatus
3516 4305 3675 4359 fuerit
3703 4303 3801 4358 dia-

2238 4400 2393 4455 bolus
2425 4410 2546 4454 ante
2576 4407 2851 4469 peccatum
2878 4417 2889 4451 :
2919 4398 3189 4462 Quomodo
3210 4399 3364 4464 enim,
3395 4398 3582 4467 inquit,
3614 4397 3801 4449 duxisse

2243 4500 2391 4551 etiam
2437 4497 2590 4549 vitam
2618 4495 2813 4549 beatam
2853 4495 2984 4547 inter
3020 4494 3195 4546 beatos
3225 4493 3429 4563 angelus
3466 4491 3603 4544 credi
3634 4497 3799 4558 potest,

2244 4590 2330 4660 qui
2358 4588 2519 4657 futuri
2548 4587 2628 4639 sui
2669 4586 2864 4654 peccati
2892 4594 3039 4652 atque
3068 4577 3328 4653 supplicii,
3361 4584 3415 4635 id
3442 4592 3535 4646 est,
3576 4579 3802 4634 desertio-

2240 4682 2318 4735 nis
2354 4690 2400 4734 et
2440 4680 2571 4749 ignis
2609 4678 2783 4732 wterni
2817 4676 3057 4746 praescius
3090 4690 3191 4728 non
3221 4674 3352 4743 fuit?
3377 4673 3420 4726 si
3453 4672 3691 4742 prtescius
3716 4684 3803 4721 non

2241 4772 2361 4844 fuit,
2404 4772 2583 4825 merito
2623 4771 2871 4839 qua’ritur
2900 4783 2989 4820 cur
3024 4783 3125 4821 non
3154 4766 3305 4835 fuerit
3325 4762 3375 4835 .9]
3406 4764 3637 4818 Delenda
3663 4774 3803 4831 πεδα-

2243 4865 2315 4918 tio
2346 4864 2399 4919 in
2430 4862 2628 4929 verbis,
2660 4864 2790 4934 ignis
2820 4861 2997 4915 aeterni
3034 4860 3274 4928 prarscius
3304 4874 3406 4910 non
3435 4856 3555 4925 fuit,
3583 4864 3642 4909 ut
3671 4851 3804 4920 liqui-

2241 4956 2366 5009 dum
2390 4964 2473 5009 est
2499 4970 2565 5010 ex
2593 4953 2974 5022 sequentibus;
2998 4964 3097 5005 nec
3120 4962 3250 5003 sane
3275 4948 3462 5002 beatus
3481 4961 3604 5001 esse
3627 4949 3801 5015 potest.

2244 5047 2332 5116 qtti
2382 5045 2599 5115 prmseit
2642 5059 2701 5098 se
2751 5042 3005 5096 miserum
3053 5040 3188 5095 fore.
3232 5039 3286 5093 lu
3318 5038 3555 5094 editione
3596 5034 3801 5097 Erasuti,

2247 5137 2481 5192 deterius
2512 5135 2766 5190 mendum
2795 5142 2897 5200 est,
2933 5147 3053 5187 nam
3087 5140 3205 5200 post
3242 5132 3421 5185 απενηὶ
3450 5129 3691 5200 sequitur
3720 5125 3804 5178 ab-

2247 5228 2412 5283 surde
2438 5227 2482 5280 si
2512 5226 2756 5297 prarscius
2777 5242 2877 5278 non
2899 5224 3015 5295 fuit,
3041 5223 3253 5277 omissis
3277 5222 3446 5276 tribus
3469 5214 3807 5276 antecedenti-
3864 5256 3867 5268 .

2249 5321 2347 5375 bus
2369 5319 2605 5375 vocibus.
2622 5318 2710 5374 Sic
2731 5327 2907 5373 autem
2938 5318 3109 5387 pergit
3126 5316 3455 5385 Augustinus
3478 5330 3491 5366 :
3521 5328 3679 5383 neque
3694 5307 3809 5362 enim

2249 5410 2411 5466 sancti
2439 5409 2608 5480 angeli
2649 5419 2853 5463 arteriae
2896 5424 3003 5464 sua!
3030 5408 3145 5463 vita:
3187 5423 3246 5460 ac
3290 5404 3617 5459 beatitudinis
3657 5393 3810 5456 incerti

2251 5512 2391 5558 sunt.
2438 5502 2579 5557 Nam
2620 5492 2877 5572 quomodo
2912 5502 3064 5569 beati,
3102 5502 3148 5555 si
3192 5500 3413 5555 incerti?
3438 5507 3545 5555 etc.
3571 5497 3709 5554 Hanc
3732 5506 3809 5571 ar-

2253 5593 2738 5665 gumentationem,
2776 5601 2836 5648 ut
2867 5592 2972 5647 alia
3017 5592 3208 5658 multa,
3241 5590 3487 5646 Ciceroni
3508 5604 3607 5645 suo
3628 5580 3810 5644 debuit.

2265 5686 2353 5758 qui
2382 5686 2458 5740 sic
2490 5684 2725 5755 loquitur
2754 5684 2822 5740 de
2851 5683 3070 5738 Finibus
3092 5680 3185 5737 lib.
3211 5697 3268 5747 tt,
3292 5696 3439 5735 num.
3461 5680 3529 5735 86
3553 5697 3566 5732 :
3591 5678 3651 5733 Si
3668 5668 3811 5730 amitti

2264 5778 2363 5832 rita
2392 5776 2535 5831 beata
2570 5784 2749 5847 potest,
2784 5776 2925 5830 beata
2950 5766 3056 5829 esse
3074 5790 3173 5827 non
3205 5782 3387 5842 potest.
3417 5772 3539 5839 Quis
3560 5770 3683 5826 enim
3706 5780 3810 5818 rem
