3908 6312
140 295 240 355 319

888 297 1243 356 VARIORUM
1287 297 1894 356 EXERGITATIONES
1934 300 2000 357 IN
2038 302 2091 358 S.
2140 304 2509 362 AUGUSTlNl
2550 308 2799 364 OPERA.

3307 300 3416 373 $50

139 407 247 479 ﬁdit
272 421 469 477 semper
497 405 596 461 sibi
617 406 754 461 illud
783 409 962 464 stabile
987 421 1033 463 et
1062 410 1266 478 ﬁrmum
1296 424 1713 479 permansurum,
1745 410 1798 470 Α
1826 411 2067 483 tricibus,
2103 417 2245 485 quod
2271 418 2576 484 suspicatur
2604 418 2937 488 Augustinus
2977 421 3198 492 intelligi
3232 423 3301 479 de
3327 423 3411 480 di-

136 501 265 566 quod
288 499 474 570 fragile
492 505 540 554 et
561 500 817 554 caducum
844 501 947 553 sit?
986 499 1085 567 Qui
1110 508 1279 553 autem
1307 500 1497 568 xli/fidet
1528 510 1711 568 perpe-

136 593 298 645 tuitati
319 592 572 645 bonorum
599 607 832 657 suorum,
856 590 1023 643 timeat
1044 606 1239 644 necesse
1254 600 1409 644 estne
1434 588 1715 658 aliquando

134 683 327 736 amissis
354 681 462 736 illis
490 682 559 736 sit
584 681 761 734 miser.

596 771 1245 828 ANIMADVERSIONES

588 879 639 918 IN
679 879 861 919 LIBROS
899 880 1258 920 LOGUTIONUH.

195 956 356 1012 Lmae
376 971 416 1010 ι.
447 954 540 1011 Sic
562 954 746 1009 titulus
774 955 1106 1024 concipitur:
1134 955 1442 1009 Locutiones
1472 954 1709 1025 Scriptu-

131 1064 316 1114 rarum,
348 1062 463 1117 qua:
482 1047 721 1101 videntur
748 1048 1025 1101 secundum
1044 1048 1403 1117 proprietates,
1434 1062 1547 1115 quae
1574 1047 1709 1099 idio-

136 1149 265 1192 mata
297 1136 476 1192 Grece
515 1145 793 1201 vocantur,
834 1136 1024 1205 lingua:
1061 1136 1334 1190 ﬂebraicte
1369 1137 1448 1189 vel
1493 1134 1704 1190 ercw.

136 1231 302 1300 Itaque
331 1231 678 1285 Ilehraismos
707 1238 869 1300 atque
896 1229 1256 1284 Hellenismos
1283 1230 1370 1284 hic
1400 1240 1587 1285 notare
1616 1245 1709 1299 ag-

135 1335 331 1390 gressus
369 1329 455 1375 est
482 1319 832 1389 Augustinus,
874 1319 1081 1388 optimo
1115 1334 1247 1375 sane
1290 1320 1536 1387 consilio,
1582 1321 1706 1390 quia

138 1412 621 1469 Graecatrauslatio
661 1424 805 1480 saepe
849 1410 1015 1465 verbo
1054 1418 1210 1465 tenus
1239 1410 1498 1466 Hebraica
1529 1412 1704 1481 sequi-

138 1518 231 1571 tur,
260 1505 502 1561 Grrecam
528 1519 659 1559 vero
693 1504 942 1559 similiter
983 1513 1328 1573 expresserat
1354 1513 1507 1559 vetus
1540 1502 1702 1567 Itala;

139 1597 265 1653 unde
290 1610 513 1653 necesse
539 1605 659 1652 erat
680 1611 823 1666 saepe
854 1610 1102 1666 magnam
1130 1596 1511 1651 obscuritatem
1554 1594 1701 1651 nasci

138 1694 304 1749 Latine
334 1700 543 1748 tantum
565 1691 877 1749 scientibus.
906 1690 1103 1746 Verum
1126 1690 1230 1747 hoc
1255 1691 1323 1746 ab
1350 1690 1699 1762 Hieronymo,

1825 506 1970 562 vitiis
1997 524 2061 563 ex
2093 508 2229 563 Gen.
2262 525 2394 575 xxx,
2422 509 2512 575 51,
2539 525 2657 579 quas
2682 525 2813 566 sane
2838 510 3039 566 absona
3070 529 3175 567 non
3206 523 3289 569 est
3328 516 3411 572 in-

1820 599 2161 667 terpretatio;
2188 599 2370 653 malim
2395 609 2573 654 tamen
2602 600 2670 655 de
2692 601 2875 656 liberis
2902 603 3229 673 intelligere;
3258 605 3330 661 ita
3352 614 3411 662 ut

1819 691 1991 746 Moses
2016 692 2157 755 velit,
2203 693 2325 761 quia
2359 692 2679 747 obstetrices
2700 705 3051 763 pepercerunt
3081 696 3205 750 vitae
3235 695 3408 751 infau-

1822 785 1951 838 tium
1978 783 2367 850 lsraelitarum,
2394 784 2457 839 iis
2490 786 2693 853 prolem
2724 800 2845 840 esse
2871 802 2898 838 a
2924 786 3033 839 Deo
3061 799 3404 841 numerosam

1817 884 2153 929 concessam.
2200 874 2256 929 Si
2306 875 2588 944 llebraica,
2622 887 2715 931 aut
2745 877 3049 933 versionem
3080 879 3284 947 Aquilae
3324 879 3406 935 le-

1814 980 1942 1035 gere
1970 966 2235 1041 potuisset
2259 966 2612 1036 ‘Augustinus,
2657 976 2749 1022 aut
2787 974 2830 1023 si
2866 970 3184 1041 inSpexisset
3209 970 3400 1025 lliero-

1816 1058 2146 1129 uymianam,
2197 1060 2542 1116 observasset
2579 1064 2631 1117 in
2674 1063 2937 1118 llebraico
2984 1071 3240 1119 contextu
3280 1079 3402 1121 esse

1813 1149 1981 1204 Deum
2001 1150 2280 1219 tediﬁcasse
2298 1151 2474 1206 domos
2500 1154 2900 1210 obstetricibus.

1881 1242 2039 1297 Num.
2073 1242 2124 1297 5.
2160 1243 2297 1309 Quid
2325 1244 2391 1299 sit
2420 1244 2589 1299 thibin
2615 1245 2814 1315 (Exod.
2844 1262 2881 1301 tt
2900 1287 2915 1311 ,
2947 1245 3004 1317 ὅ)
3030 1246 3145 1299 ideo
3185 1246 3400 1316 difﬁcile

1810 1340 1886 1388 est
1913 1350 2081 1403 nosse,
2112 1336 2233 1403 quia
2268 1352 2359 1390 nec
2383 1335 2593 1391 Graecus
2633 1338 2882 1406 interpres
2918 1354 2981 1391 ex
3018 1337 3260 1404 Hebraeo,
3308 1354 3398 1391 nec

1809 1422 2028 1478 Latinus
2053 1440 2116 1479 ea;
2143 1423 2324 1480 Graeco
2350 1427 2494 1481 vertit
2520 1426 2616 1481 hoc
2644 1445 2847 1491 nomen,
2876 1432 2965 1483 sed
3000 1429 3072 1482 sic
3102 1428 3390 1493 transtulit,

1810 1526 1864 1570 ut
1883 1517 2117 1590 invenit.]
2142 1518 2234 1574 Est
2255 1518 2575 1574 Hebraicum
2597 1528 2739 1581 nam
2760 1521 2965 1587 thebah,
2994 1522 3095 1576 hoc
3122 1529 3225 1585 est,
3250 1535 3391 1588 arca,

1806 1623 1967 1679 quam
1987 1612 2119 1665 θίϐιν
2146 1618 2415 1665 vocarunt
2435 1610 2577 1665 LXX
2605 1612 2960 1681 interpretes,
2993 1611 3223 1667 fortasse
3250 1610 3393 1680 quod

1806 1715 1870 1756 ea
1897 1715 2000 1756 vox
2030 1707 2179 1756 esset
2219 1715 2433 1771 quoque
2463 1702 2517 1757 in
2543 1716 2642 1757 usu
2678 1703 2730 1756 in
2758 1701 3009 1771 Egypto.
3057 1700 3112 1757 Si
3140 1699 3394 1771 Augusti-

139 1786 393 1857 utriusque
422 1785 643 1856 Linguae
670 1784 947 1840 Hebraica:
972 1792 1029 1839 et
1054 1784 1257 1839 Grecae
1282 1784 1477 1853 perito,
1511 1783 1703 1838 melius
1732 1781 1781 1841 Β
1806 1807 1910 1848 nus
1929 1792 1995 1849 ad
2027 1808 2242 1848 manum
2267 1801 2397 1849 tunc
2425 1793 2700 1849 habuisset
2724 1794 3024 1849 versionem
3056 1791 3390 1862 llieronymi,

140 1881 412 1947 pmstitum
475 1879 668 1935 fuisset
710 1893 871 1949 quam
920 1878 989 1933 ab
1035 1879 1371 1950 Augustino,
1428 1879 1703 1935 llebraieie

143 1969 281 2038 plane
306 1970 579 2039 imperito,
622 1967 827 2024 Graeca:
873 1982 1001 2023 vero
1040 1968 1354 2023 tenuissima
1396 1969 1701 2039 cognitione

144 2061 367 2128 perfuso;
394 2060 488 2132 qui
527 2075 597 2115 ex
642 2060 954 2130 conjectura
984 2059 1239 2116 idiomata
1269 2076 1423 2116 vocat
1447 2076 1702 2132 quaecun-

142 2168 226 2222 que
245 2152 425 2208 Latine
450 2161 605 2206 erant
634 2151 905 2217 inusitata,
928 2160 981 2206 et
1005 2152 1201 2207 intacta
1224 2152 1389 2207 multa
1422 2153 1695 2224 relinquit.

144 2246 323 2307 interea
366 2246 499 2300 utile
546 2254 629 2300 est
674 2245 775 2299 hoc
823 2260 979 2314 opus,
1030 2247 1075 2299 si
1124 2260 1229 2299 non
1271 2247 1324 2300 in
1367 2261 1488 2301 eum
1535 2247 1696 2305 illle

142 2352 273 2404 quem
301 2336 399 2391 sibi
443 2343 796 2406 proposuerat
832 2335 1183 2405 Augustinus,
1222 2347 1276 2391 at
1298 2346 1445 2391 certe
1472 2337 1537 2391 ad
1567 2352 1698 2412 cou-

143 2430 403 2485 tirmaudas
448 2440 503 2484 et
546 2428 812 2484 eruendas
854 2442 1010 2483 veras
1055 2426 1309 2482 lectiones
1348 2428 1493 2482 LXX
1527 2429 1694 2484 inter-

144 2531 319 2585 pretum
362 2520 886 2588 restituendamque,
934 2528 1195 2589 quatenus
1242 2519 1404 2587 licet,
1454 2529 1692 2575 veterem

142 2610 335 2676 Italam,
359 2620 415 2665 ut
462 2611 627 2681 liquet
656 2625 720 2665 ex
752 2609 996 2665 Flaminii
1027 2609 1221 2664 Nolsilii
1260 2609 1694 2666 adnotationibus

140 2704 182 2757 in
222 2706 509 2759 versionem
564 2703 807 2757 Latinam
861 2701 1005 2756 ιιιλ
1035 2703 1416 2769 interpretum.
1479 2701 1688 2767 Pauca,

139 2796 336 2864 exempli
382 2794 587 2863 gratia,
633 2793 1015 2864 expendemus,
1063 2807 1185 2846 nam
1230 2806 1337 2847 non
1367 2791 1692 2846 instituimus

136 2887 220 2956 ipsi
242 2888 563 2943 locutionum
592 2902 724 2956 opus
752 2887 1010 2942 scribere.
1154 2886 1155 2889 “

192 2979 335 3034 Num.
366 2981 419 3035 1.
452 2978 518 3033 Et
540 2964 767 3034 dividant
809 2979 941 3032 inter
968 2977 1191 3031 medium
1224 2974 1327 3029 diei
1355 2985 1402 3029 et
1434 2977 1563 3030 inter
1586 2991 1692 3030 me—

136 3076 254 3130 dium
295 3077 479 3132 noctis.
529 3076 704 3133 Verba
734 3083 946 3131 exstant
994 3074 1130 3130 Gen.
1169 3072 1338 3138 1,“,
1393 3073 1460 3126 de
1496 3073 1688 3142 quibus

137 3167 243 3222 nihil
261 3167 406 3222 addit
427 3167 772 3238 Augustinus.
796 3166 985 3221 Sermo
1006 3173 1087 3218 est
1107 3164 1173 3219 de
1192 3163 1546 3217 luminaribus
1562 3163 1687 3217 cmli
1716 3145 1762 3207 (ἶ

133 3272 231 3324 qua:
254 3258 359 3312 vult
391 3273 514 3313 esse
545 3258 706 3325 Deus,
750 3266 804 3309 ut
834 3257 1059 3310 dividant
1097 3238 1260 3315 ὥτ’-ιι
1298 3262 1402 3341 τνιι
1444 3261 1571 3311 D‘l’n
1605 3262 1690 3339 r3

132 3348 242 3402 inter
267 3350 398 3403 diem
438 3357 484 3402 et
521 3356 739 3414 nectent,
780 3346 1030 3400 nimirum
1063 3355 1302 3419 tempus;
1334 3344 1415 3400 vel
1448 3354 1504 3397 ut
1529 3360 1689 3399 omne

132 3450 315 3511 tempus
343 3442 585 3497 dividant
612 3442 665 3496 in
696 3440 867 3495 noctis
889 3448 944 3494 et
969 3440 1074 3495 diei
1108 3440 1272 3493 vices.
1301 3437 1473 3495 Graeci
1505 3449 1685 3494 verte-

126 3542 233 3587 runt
262 3533 575 3603 particulam
601 3542 687 3620 ’με
706 3532 821 3596 ben,
852 3530 937 3585 hic
968 3540 1021 3585 et
1048 3531 1195 3598 alibi,
1226 3533 1317 3585 ἀνά
1339 3534 1515 3602 μέσον,
1546 3530 1686 3600 quod

124 3625 261 3678 vertit
285 3623 508 3678 Latinus
532 3623 798 3692 interpres
832 3622 963 3675 inter
990 3622 1242 3685 medium,
1271 3636 1392 3675 cum
1417 3622 1689 3676 debuisset

120 3716 420 3786 simpliciter
449 3718 602 3781 inter,
630 3715 772 3771 unde
796 3722 919 3768 nata
952 3714 1273 3770 obscuritas.
1396 3784 1399 3785 ν

177 3808 327 3862 Num.
350 3809 410 3863 2.
450 3808 697 3863 Volatilia
731 3808 954 3862 volantia
984 3822 1137 3877 super
1169 3816 1378 3872 terram,
1406 3807 1688 3860 secundum

123 3899 278 3970 (κατὰ)
322 3900 706 3969 ﬁrmamentum
746 3897 916 3968 cadi.)
967 3898 1059 3952 Est
1099 3911 1286 3953 versus
1326 3898 1395 3952 20
1445 3898 1684 3967 ejusdem

134 3992 312 4059 capitis,
358 3991 446 4045 ubi
490 3990 752 4045 Hebraiea
779 3989 976 4044 habent
1005 3997 1092 4050 ’.πθ
1120 3972 1189 4053 5a
1219 3988 1306 4042 hal
1325 3989 1474 4059 ῖρηε,
1502 3990 1569 4044 ad
1609 3988 1689 4043 [ει-

132 4080 269 4148 ciem;
296 4082 439 4151 quod
467 4081 672 4149 optime
694 4095 906 4135 versum
930 4082 1082 4147 κατὰ,
1115 4082 1413 4146 secundum,
1456 4080 1556 4134 hoc
1580 4090 1685 4147 est,

126 4166 251 4233 juxta
292 4171 415 4241 ejus
458 4172 851 4225 extensionem.
882 4169 951 4223 At
980 4169 1308 4238 Augustinus
1344 4169 1535 4238 quaerit
1560 4186 1689 4239 quo-

124 4265 253 4318 modo
296 4264 655 4331 accipiendum
696 4263 763 4315 sit
802 4262 1094 4317 secundum
1136 4264 1553 4329 ﬁrmamentum,
1594 4262 1690 4317 ad-

121 4352 287 4425 ditque
308 4374 322 4412 :
347 4358 425 4410 sic
455 4357 609 4411 etiam
649 4356 906 4411 faciamus
931 4357 1201 4411 hominem
1229 4357 1521 4410 secundmn
1556 4358 1689 4411 ima-

120 4447 283 4513 ginem
316 4458 366 4505 et
403 4448 696 4504 secundum
726 4449 1151 4513 similitudinem,
1174 4450 1308 4516 quod
1339 4450 1483 4502 multi
1510 4449 1684 4503 Latini

1806 1885 2033 1941 vidisset
2060 1886 2311 1954 ﬁscellam
2344 1886 2590 1956 intelligi,
2614 1885 2715 1940 hoc
2742 1894 2826 1942 est
2846 1886 3161 1954 cephiuum.
3368 1950 3371 1955 η

1874 1976 2033 2031 Num.
2056 1977 2145 2033 51.
2169 1976 2231 2032 Si
2257 1977 2483 2049 loquitur
2503 1976 2642 2031 vobis
2665 1976 2873 2030 Pharao
2901 1977 3072 2031 dicens
3094 1992 3113 2030 :
3142 1976 3271 2031 Date
3299 1994 3391 2031 no-

1803 2068 1880 2123 bis
1916 2068 2118 2139 signum
2152 2076 2240 2122 aut
2274 2077 2596 2139 portentum,
2639 2076 2686 2123 et
2720 2068 2857 2122 dices
2887 2069 3059 2123 Aaron
3088 2068 3239 2138 fratri
3266 2080 3385 2134 tuo,

1778 2176 1945 2215 .sume
1984 2161 2201 2232 virgam.
2232 2158 2311 2214 Ita
2354 2158 2517 2215 habet
2562 2160 2740 2216 Moses
2767 2159 2939 2214 Exod.
2984 2175 3075 2225 vn,
3107 2159 3161 2215 9.
3186 2159 3390 2226 Quaerit

1798 2250 2148 2320 Augustinus,
2184 2250 2309 2320 quid
2341 2250 2412 2304 ibi
2444 2249 2681 2303 additum
2717 2251 2781 2304 sit
2820 2259 2873 2305 et
2902 2250 3049 2322 (ante
3087 2249 3247 2319 dices)
3286 2250 3388 2304 nisi

1798 2341 1974 2412 aliqua
2019 2345 2331 2413 praprietate
2373 2344 2646 2398 locutionis
2693 2343 2991 2399 Hebraicte?
3037 2344 3232 2399 Verum
3277 2354 3382 2416 est,

1797 2453 1922 2494 nam
1967 2440 2022 2495 in
2065 2454 2127 2494 ea
2170 2439 2349 2510 lingua
2389 2439 2584 2509 passim
2628 2438 2861 2495 abundat
2893 2438 3200 2506 conjunctio
3240 2438 3376 2505 Vau,

1797 2532 1939 2602 quod
1982 2534 2280 2605 intelligere
2330 2533 2591 2603 potuisset
2631 2548 2699 2588 ex
2747 2532 3091 2601 Hieronymo.
3144 2531 3280 2587 Vide
3330 2541 3386 2587 et

1796 2624 1918 2678 Lib.
1949 2639 2029 2689 ιιι,
2059 2638 2205 2678 num.
2235 2624 2327 2688 25,
2358 2624 2448 2677 50.

1866 2716 2026 2771 Num.
2054 2715 2145 2770 32.
2171 2714 2293 2767 Non
2318 2714 2445 2767 mihi
2467 2715 2718 2779 videntur,
2746 2713 2936 2784 inquit,
2973 2716 3097 2767 satis
3120 2715 3383 2769 commode

1796 2809 2115 2877 interpretati
2142 2806 2313 2860 Latini
2342 2808 2593 2879 σοφιστὰς
2619 2805 2909 2859 Pharaonis
2931 2805 3127 2874 (Exod.
3148 2820 3239 2869 Vtt,
3265 2803 3379 2872 11),

1795 2912 1849 2955 ut
1877 2901 2100 2954 dicerent
2141 2897 2441 2968 sapientes;
2481 2901 2626 2969 σοφοὶ
2662 2897 2797 2951 enim
2836 2898 3087 2967 sapientes
3116 2898 3378 2950 dicuntur.

1792 2989 1971 3043 Potuit
2002 2989 2135 3042 enim
2171 2987 2387 3041 Latinus
2429 2987 2678 3056 interpres
2717 2988 2983 3056 sopbistas
3022 2970 3379 3057 dicerepquoé

1793 3082 1933 3134 niam
1968 3097 2070 3135 non
2098 3088 2170 3134 est
2208 3062 2639 3149 quemadmodum
2678 3077 2859 3153 Latine
2900 3078 3124 3142 dicatur,
3170 3088 3219 3132 et
3265 3078 3379 3132 ideo

1793 3173 1906 3236 isto
1930 3172 2078 3237 verbo
2097 3175 2213 3245 jam
2249 3175 2443 3225 utimur
2474 3188 2566 3243 pro
2591 3172 2799 3237 Latino,
2849 3169 2983 3243 elc.]
3020 3172 3124 3227 Sed
3158 3173 3381 3231 auribus

1792 3264 2000 3319 Latinis
2025 3266 2251 3331 sophista
2288 3263 2430 3317 aliud
2464 3263 2690 3318 sonabat
2720 3279 2879 3333 quam
2907 3264 3049 3333 quod
3076 3261 3261 3319 Grmce
3290 3264 3378 3319 hic

1792 3358 2057 3428 signiﬁcat
2106 3364 2378 3430 σοφιστὴς,
2410 3358 2881 3434 quod_usurpatur
2922 3374 3017 3427 pro
3063 3360 3250 3426 magiae
3280 3374 3378 3428 pe-

1792 3448 1915 3502 rito.
1964 3447 2097 3502 Vide
2124 3447 2192 3501 de
2222 3447 2324 3501 hac
2365 3462 2497 3502 voce
2524 3463 2645 3517 quae
2685 3449 2956 3517 congessit
3009 3448 3094 3501 vir
3138 3450 3379 3504 eruditus

1791 3538 1927 3592 Lud.
1958 3536 2270 3601 Cresollius,
2304 3538 2358 3591 iu
2398 3537 2635 3591 Theatra
2683 3538 2956 3591 rhetorum
2987 3552 3122 3607 quos
3148 3539 3202 3592 in
3232 3538 3397 3608 ϐιαιο,

1791 3631 1872 3682 cla
1904 3626 2256 3680 nominabant
2276 3626 2565 3694 supbistas,
2596 3627 2663 3679 ab
2687 3626 2863 3679 initio.

1863 3719 2025 3773 Liuno
2054 3734 2129 3772 ιιι.
2164 3718 2320 3772 Νιιιιι.
2352 3716 2443 3770 2'2.
2472 3716 2602 3770 [hec
2629 3717 2961 3770 usitatissima
2993 3716 3181 3772 locutio
3212 3727 3284 3773 est
3330 3726 3377 3774 et

1790 3811 2093 3865 creberrima
2122 3810 2177 3863 in
2204 3809 2510 3877 Scripturis,
2535 3810 2747 3864 locutus
2760 3817 2843 3864 est
2861 3810 3063 3864 dicens.
3082 3809 3186 3864 Sed
3196 3826 3253 3865 ea
3267 3826 3381 3878 qua:

1790 3902 2019 3972 sequitur
2045 3901 2238 3971 (Levit.
2272 3917 2367 3967 xu,
2398 3903 2450 3971 l)
2486 3902 2652 3955 rarius
2690 3900 2940 3968 reperitur
2972 3909 3018 3953 et
3060 3899 3230 3954 Ldtini
3272 3917 3381 3954 ser-

1792 3994 1957 4046 monis
1984 4004 2205 4046 coarctat
2228 3993 2489 4063 inopiam;
2522 3989 2731 4046 Grtecus
2754 3993 2889 4047 enim
2925 3990 3096 4058 habet,
3132 3997 3214 4047 καὶ
3246 3999 3380 4068 ἐρεῖς

1789 4088 1921 4160 πρὸς
1948 4088 2133 4147 αὐτοὺς
2161 4086 2335 4159 λέγων,
2367 4087 2503 4155 quod
2531 4084 2713 4139 Latine
2750 4086 2966 4156 exprimi
2991 4092 3182 4155 posset,
3225 4092 3280 4140 et
3302 4084 3382 4139 dic

1791 4191 1882 4232 ces
1911 4178 1975 4230 ad
2000 4191 2093 4232 eos
2123 4178 2332 4244 dicens,
2366 4178 2533 4231 minus
2566 4186 2734 4230 autem
2762 4176 2977 4243 oﬂendit
3007 4179 3053 4231 si
3082 4178 3305 4243 dicatur,
3329 4184 3383 4232 et

1796 4270 2009 4339 inquies
2037 4269 2102 4323 ad
2136 4285 2229 4324 eos
2251 4270 2465 4335 dicens;
2514 4278 2560 4322 et
2595 4268 2817 4323 similius
2856 4281 2927 4323 est
2959 4269 3159 4333 erco,
3188 4269 3308 4337 quia
3335 4278 3381 4322 et

1793 4360 1882 4413 ille
1926 4376 2028 4413 non
2066 4360 2198 4413 dixit
2225 4376 2244 4413 :
2270 4362 2424 4427 λέξεις
2463 4362 2591 4434 πρὸς
2631 4362 2815 4421 αὐτοὺς
2842 4358 3040 4433 λέγων.]
3073 4358 3267 4412 \‘erum
3292 4357 3383 4427 (ne

1794 4450 1970 4505 dicam
2002 4451 2236 4508 futurum
2258 4450 2381 4514 λέξω
2413 4466 2517 4504 non
2552 4450 2625 4521 ita
2652 4452 2902 4505 usitatum
2928 4448 3113 4521 fuisse)
3139 4449 3190 4503 in
3219 4464 3381 4504 sensu

120 4541 304 4595 codices
333 4540 517 4594 habent
551 4540 617 4595 ad
645 4541 953 4610 imaginem.
981 4540 1085 4595 Sed
1118 4541 1201 4594 hie
1231 4540 1528 4595 locutiones
1557 4543 1685 4596 nihil
1719 4516 1769 4575 Β
1796 4542 1914 4611 ipso
1944 4542 2146 4595 nullum
2191 4550 2274 4596 est
2316 4542 2396 4595 vel
2428 4518 2706 4596 minimum
2734 4541 3044 4604 discrimen,
3076 4516 3380 4608 mirumque

119 4625 302 4686 habent
330 4632 527 4698 simile,
563 4646 685 4685 nam
718 4632 861 4700 prius
889 4634 1037 4699 κατὰ,
1065 4633 1369 4700 secundum,
1405 4633 1566 4688 situm
1607 4634 1686 4689 si-

120 4724 339 4792 gniﬁcat,
367 4725 636 4793 posterius
661 4724 1090 4781 similitudinem.

175 4814 331 4871 Num.
366 4817 420 4872 6.
451 4815 713 4871 Observat
741 4814 984 4872 Graecum
1024 4818 1222 4873 habere
1262 4818 1398 4874 Gen.
1444 4834 1502 4885 ιι,
1550 4820 1604 4885 9,
1642 4827 1690 4873 et

122 4906 301 4978 lignum
319 4911 389 4964 ad
411 4910 689 4965 sciendum
706 4910 1045 4985 cognoscibile
1067 4912 1186 4965 boni
1208 4922 1254 4965 et
1280 4913 1426 4979 mali,
1458 4912 1561 4966 hoc
1584 4924 1688 4979 εει,

121 5007 194 5054 τοῦ
218 5001 402 5057 εἰδέναι
422 5003 652 5075 ’γνωστὸν
670 5003 823 5057 καλοῦ
852 5006 935 5056 καὶ
959 5009 1202 5076 πονηροῦ,
1228 5003 1366 5071 quod
1388 5003 1579 5068 nescio,
1605 5003 1690 5056 in-

122 5091 219 5157 quit
254 5094 607 5162 Augustinus,
641 5100 815 5145 utrum
863 5092 1134 5147 locutionis
1175 5093 1242 5146 sit
1283 5101 1330 5146 et
1378 5108 1480 5146 non
1530 5096 1693 5163 magis

122 5191 297 5235 certum
344 5196 547 5237 sensum
583 5181 808 5251 aliquem
852 5182 1093 5239 insinuet.
1143 5184 1235 5238 Est
1277 5192 1483 5243 tantum
1530 5198 1689 5249 prava

62 5320 73 5335 ,
124 5275 321 5344 tersio,
364 5290 491 5329 nam
524 5274 785 5329 llebraica
833 5277 1152 5344 simpliciter
1200 5276 1438 5345 habent:
1467 5279 1692 5333 scientia:

124 5359 221 5419 boni
247 5376 295 5420 et
320 5367 471 5433 mali,
498 5366 642 5437 quod
676 5367 813 5421 verti
841 5382 946 5422 non
976 5368 1160 5423 debuit
1187 5369 1255 5438 (si
1282 5368 1442 5424 modo
1470 5370 1540 5424 ita
1574 5385 1693 5426 ver-

125 5456 285 5510 terunt
313 5457 459 5512 LXX
487 5457 831 5529 interpretes)
862 5459 993 5513 scire
1015 5458 1151 5528 quod
1179 5469 1343 5530 potest
1366 5463 1603 5533 cegrtosci
1631 5463 1696 5515 de

123 5542 235 5600 bono
259 5557 305 5601 et
339 5548 499 5602 malo.

184 5636 340 5693 Lmno
370 5654 429 5693 ιι.
459 5638 618 5693 Num.
645 5640 702 5693 Ξ.
733 5638 990 5695 Fecerunt
1017 5641 1114 5695 sibi
1139 5642 1336 5711 domos,
1362 5644 1605 5715 quoniam
1629 5647 1695 5700 ti-

121 5737 339 5786 muerunt
366 5728 577 5807 Deum]
610 5730 777 5789 Exod.
804 5731 950 5803 1.21,
977 5730 1066 5788 ubi
1095 5747 1273 5792 sermo
1302 5744 1383 5794 est
1415 5736 1480 5793 de
1506 5737 1689 5794 obste-

1756 4693 1758 4697 ν
1796 4642 1879 4688 est
1909 4634 1978 4688 ita
2007 4635 2319 4706 λεπτολογεῖν
2352 4634 2728 4704 Augustinum,
2762 4634 2851 4702 qui
2892 4643 2970 4689 tot
2997 4632 3250 4687 idiomata
3284 4633 3384 4685 lin-

1796 4741 1914 4796 gua:
1964 4725 2238 4780 llebraicae
2285 4727 2478 4795 passim
2530 4726 2749 4782 omittit.
2797 4725 2902 4780 Sed
2940 4723 3183 4795 pluribus
3220 4725 3385 4781 hasce

1800 4819 2050 4874 minutias
2078 4834 2183 4873 non
2217 4834 2626 4888 persequemur.

2263 4906 2917 4964 ANIMADVERSIONES

2082 5015 2133 5053 IN
2171 5015 2511 5061 QUESTIONES
2550 5016 2599 5052 IN
2641 5016 3098 5072 HEPTATEUCHUH.3

1872 5092 2099 5146 Ltan01.
2134 5092 2334 5158 erst.
2365 5094 2417 5145 5.
2457 5092 2718 5155 Quwritur
2736 5096 3168 5161 quemadmoaum
3206 5106 3383 5169 potue-

1800 5187 1904 5238 rint
1941 5183 2109 5253 angeli
2149 5200 2266 5236 cum
2305 5183 2511 5252 ﬁliabus
2553 5185 2812 5238 hominum
2851 5189 3207 5256 concumbere,
3250 5191 3384 5243 unde

1800 5277 2028 5347 gigantes
2058 5276 2165 5329 uati
2190 5292 2296 5329 esse
2318 5275 2690 5348 perhibentur.]
2719 5278 2833 5333 Non
2862 5280 3002 5334 male
3030 5281 3381 5349 quaestionem

1803 5369 1871 5422 de
1912 5367 2222 5436 angelorum
2270 5369 2560 5423 concubitu
2610 5370 2798 5436 solvit;
2844 5369 2896 5423 in
2928 5385 3110 5439 quam,
3141 5368 3295 5437 quasi
3328 5368 3381 5423 in

1801 5460 2102 5529 scopulum,
2137 5461 2467 5531 impegerant
2512 5463 2666 5518 multi
2702 5462 2884 5517 Patres
2910 5461 3117 5524 Grmci;
3151 5460 3244 5514 sed
3278 5460 3386 5514 tru-

1754 5556 1757 5557 ⁷
1801 5563 1911 5606 sua
1961 5552 2053 5607 dat
2090 5567 2306 5622 Operam
2352 5563 2411 5609 ut
2452 5555 2701 5610 ostendat
2748 5554 2915 5607 fuisse
2942 5553 3200 5624 gigantas.
3246 5550 3386 5608 Ante

1802 5645 2003 5712 omnia,
2051 5645 2402 5715 quaerendum
2446 5648 2635 5703 luisset
2686 5662 2752 5701 an
2795 5655 2942 5701 esset
2981 5661 3082 5700 vox
3127 5645 3385 5701 liebraica

1802 5753 1921 5810 qua:
1971 5738 2204 5812 gigantas
2245 5739 2593 5821 signiﬁcaret,
2628 5740 2760 5797 Gen.
2798 5755 2867 5807 Vl,
2923 5740 2972 5797 4.
3020 5736 3189 5796 Voces
3239 5749 3385 5794 certe
