3908 6308
592 320 690 377 551
1508 311 2061 367 SUPPLEMENTUM
2106 310 2197 365 AD

2314 310 2463 365 iens
2504 309 2559 366 s.
2605 310 2988 368 AUGUSTlNl.
3730 327 3809 384 δερ),

595 437 762 490 ωηεῃ
790 426 1007 497 ηρ1ιξιεηι
1048 446 1108 481 ac
1135 436 1325 489 ενι-τελλ
1354 424 1621 495 gibborim,
1656 424 1819 477 fortes
1847 439 1907 477 ac
1934 424 2192 478 militares
2220 428 2265 482 A
2297 424 2567 493 gentium;
2596 424 2841 481 ntaxime.
2874 423 3064 491 inquit,
3096 424 3224 491 quia
3250 423 3357 480 sine
3383 426 3587 483 articulo
3611 429 3809 490 incum

596 522 743 575 vites
766 532 982 586 sonant,
1012 530 1064 575 ει
1097 521 1243 588 prior
1271 516 1483 585 quidem
1512 515 1739 569 latrones
1772 515 1995 570 fortasse
2024 516 2192 583 signi-
2300 515 2605 574 dictumest,
2626 530 2727 584 quo
2744 514 2959 567 articulo
2974 514 3346 570 euidentissime
3358 518 3478 571 solet
3492 520 3586 573 ueri
3602 520 3681 575 Dei
3696 530 3806 579 ullius

600 611 758 671 ﬁcat:
815 612 909 667 sed
960 612 1222 681 gigantas,
1258 610 1358 662 ltoc
1409 617 1492 662 est
1540 608 1812 663 inusitatte
1861 606 2193 672 proceritatis

602 702 871 768 homines,
904 704 968 755 iis
997 700 1287 769 signiﬁcari
1318 716 1477 755 nemo
1499 700 1813 755 ostenderit.
1841 700 2030 753 Fateor
2054 698 2191 752 LXX

604 795 949 863 interpretes,
986 809 1122 862 quos
1168 802 1221 847 et
1264 792 1383 861 ipse
1423 801 1639 846 secutus
1682 800 1765 846 est
1815 790 2191 859 llieronymus,

602 888 678 939 sic
710 887 969 951 vertisse;
1004 885 1099 939 sed
1133 899 1306 953 neque
1336 885 1514 938 nativa
1557 885 1636 939 vis
1664 898 1879 946 vocum,
1914 898 2086 951 neque
2112 882 2195 934 lo-

602 993 789 1031 corum
822 976 1239 1030 circumstantia:
1266 975 1333 1030 iis
1364 975 1564 1029 favent.
1607 975 1660 1028 In
1701 974 1837 1029 hanc
1870 990 2054 1028 vocem
2100 974 2198 1027 itc—

604 1082 721 1120 rum
755 1066 973 1135 impegit
1004 1066 1335 1135 Augustinus
1367 1066 1570 1131 Quaest.
1603 1066 1689 1120 18.

678 1155 881 1220 Quaest.
930 1154 983 1208 9.
1038 1154 1367 1218 Notandum,
1414 1154 1605 1221 inquit,
1656 1154 1793 1222 quod
1836 1152 2081 1220 scriptum
2125 1161 2199 1204 est

608 1245 768 1316 (Gen.
793 1262 888 1312 vn,
925 1244 1038 1314 15),
1075 1246 1126 1298 in
1157 1258 1263 1313 quo
1285 1252 1367 1298 est
1394 1246 1614 1312 Spiritus
1634 1243 1780 1307 vitae,
1815 1259 1917 1296 non
1938 1244 2103 1295 solum
2135 1244 2199 1294 de

610 1338 925 1399 hominibus,
945 1338 1033 1391 sed
1057 1338 1208 1391 etiam
1232 1338 1295 1390 de
1317 1337 1576 1405 pecoribus
1598 1335 1787 1388 dictum
1808 1352 1826 1399 ;
1848 1344 2050 1405 propter
2068 1334 2199 1388 illud

609 1431 746 1501 quod
782 1431 992 1499 quidam
1030 1431 1093 1484 de
1122 1430 1324 1500 Spiritu
1351 1440 1525 1483 sancto
1561 1428 1739 1482 colunt
1774 1428 2081 1498 intelligere,
2120 1428 2201 1479 ulti

609 1526 858 1593 scriptum
908 1535 983 1577 est
1016 1523 1176 1595 (Gen.
1224 1539 1281 1588 ll,
1309 1523 1388 1593 7),
1442 1532 1494 1576 et
1539 1519 1827 1575 insulﬁavit
1870 1519 2010 1574 Deus
2042 1518 2091 1572 in
2126 1520 2201 1572 la-

611 1614 749 1667 ciem
774 1614 891 1683 ejus
920 1613 1164 1681 spiritum
1198 1613 1350 1677 vitae;
1383 1613 1519 1682 quod
1554 1612 1731 1665 melius
1761 1610 1970 1680 quidam
2000 1609 2201 1662 codices

615 1709 800 1763 habent
856 1707 1037 1762 ﬁatum
1084 1706 1254 1778 vite]
1306 1706 1489 1760 Nituir.
1518 1722 1591 1771 m,
1634 1720 1768 1759 voce
1797 1706 2004 1775 sp'ritus
2044 1702 2203 1771 vulgo

2297 605 2411 673 ﬁeri
2433 605 2766 675 signiﬁcatio.
2796 604 2917 658 Non
2957 605 3090 658 enim
3119 606 3255 659 dixit
3277 622 3296 659 .°
3319 607 3580 682 πρόσωπον
3599 619 3675 667 τοῦ
3698 624 3806 674 Θεοί».

2296 694 2384 748 sed
2414 694 2548 747 dixit
2577 696 2857 771 πρόσωπον
2878 703 3027 750 Θεοῦ.
3062 693 3245 749 Facile
3272 707 3434 750 autem
3462 698 3553 752 hoc
3577 702 3807 774 intelligunt

2298 804 2397 853 qua
2428 788 2675 839 distantia
2707 788 2930 849 dicatur,
2965 787 3051 854 qui
3072 786 3369 841 Crtecorutn
3406 790 3640 860 eloquium
3676 798 3810 849 audire

2299 887 2453 947 atque
2475 878 2759 949 intelligere
2786 877 2995 949 solent.]
3018 877 3218 933 Verum
3240 888 3324 934 est
3350 880 3480 935 hanc
3505 898 3612 937 esse
3637 899 3809 939 consue-

2303 969 2537 1022 tudinem
2574 968 2701 1022 Nuvi
2736 969 3097 1033 Testamenti,
3146 969 3239 1023 sed
3271 969 3498 1025 Jacobus
3527 988 3680 1041 neque
3702 992 3811 1029 mare

2302 1061 2433 1115 Novi
2461 1061 2811 1125 Te~tamenti,
2848 1076 3018 1129 neque
3049 1060 3240 1115 Grtece
3280 1061 3603 1130 loquebatur,
3641 1066 3716 1118 scil
3740 1066 3812 1119 Ηε·

2303 1156 2479 1208 braica
2514 1155 2727 1225 lingua;
2763 1154 2814 1207 in
2854 1168 2957 1221 qua
2990 1153 3167 1207 nullus
3200 1162 3285 1208 est
3312 1154 3577 1223 articulus,
3602 1170 3681 1210 seu
3704 1168 3750 1219 τι.
3771 1168 3814 1212 ut

2304 1246 2591 1312 laquuntur
2627 1245 2989 1315 grammatici,
3031 1245 3392 1315 emphaticus,
3432 1246 3526 1300 sed
3562 1247 3813 1316 simpliciter

2302 1321 2481 1397 D’nLlN
2521 1348 2609 1400 ἐξ)
2641 1339 2772 1408 phne
2799 1339 3003 1393 elo/tim.

2375 1430 2537 1485 Ltnno
2566 1448 2634 1485 vt.
2667 1432 2865 1497 Quzest.
2895 1434 2947 1485 4.
2988 1429 3052 1484 Et
3088 1438 3237 1484 erunt
3269 1431 3407 1484 vobis
3433 1430 3619 1501 lapides
3646 1432 3712 1484 isti
3735 1448 3811 1484 me-

2305 1523 2515 1576 moriale
2558 1522 2680 1591 ﬁliis
2724 1522 2911 1586 Israel,
2960 1531 3111 1592 atque
3152 1523 3207 1576 in
3243 1532 3508 1577 mternum.
3537 1522 3686 1576 Verba
3724 1535 3811 1577 sunt

2306 1614 2419 1667 Jos.
2454 1630 2534 1678 tv,
2567 1615 2620 1670 7.
2661 1613 2728 1667 de
2775 1613 2969 1681 quibus
3007 1613 3085 1666 sic
3126 1613 3476 1668 ratiocinator
3510 1617 3810 1684 Augustinus:

2310 1704 2576 1768 Quomodo
2608 1704 2659 1757 in
2689 1712 2972 1768 internum,
3000 1720 3114 1757 cum
3142 1704 3327 1758 etclam
3352 1714 3397 1757 et
3430 1714 3557 1758 terra
3582 1706 3813 1759 transeant!

617 1799 907 1853 utebantur
938 1798 1124 1853 Latine
1150 1799 1215 1851 ad
1250 1795 1653 1867 s’gniﬁcantlam
1687 1809 1800 1849 rem
1833 1796 2202 1863 iucorpoream
2235 1796 2279 1855 Β
2308 1795 2385 1848 An
2430 1796 2671 1863 quoniam
2713 1802 2960 1848 teteruum
3017 1795 3217 1863 aliquid
3258 1796 3542 1864 signiﬁcant
3578 1796 3625 1848 lii
3652 1797 3811 1865 lapides,

616 1902 672 1947 et
700 1892 1107 1960 intelligentem,
1159 1906 1264 1945 non
1298 1904 1426 1943 vero
1456 1902 1585 1942 voce
1612 1890 1788 1957 ﬂatus.
1822 1888 2070 1939 Attamen
2096 1884 2203 1937 Au-

619 1982 864 2049 gustinus
908 1981 1059 2034 initio
1107 1980 1229 2035 libri
1259 1995 1329 2033 vn
1360 1980 1426 2033 de
1448 1977 1642 2033 Genesi
1668 1977 1736 2033 ad
1769 1978 2001 2031 litteram
2031 1974 2201 2030 inter-

621 2083 861 2142 pret-itur
902 2073 1076 2127 locum
1104 2072 1300 2128 Cenes.
1357 2088 1412 2140 ιι,
1445 2072 1498 2137 'l,
1542 2071 1609 2126 de
1658 2079 1839 2125 mente
1890 2067 2202 2131 immortali,

619 2181 724 2219 non
773 2165 840 2219 de
879 2166 1080 2229 anima,
1130 2180 1249 2233 quae
1296 2164 1463 2233 possit
1521 2164 1676 2218 nobis
1705 2178 1825 2217 cum
1868 2162 2042 2217 brutis
2081 2174 2203 2216 esse

618 2259 941 2313 communis.
969 2259 1095 2312 Eam
1119 2273 1247 2311 vero
1268 2272 1363 2311 cur
1383 2258 1565 2323 flatum
1588 2256 1766 2324 petius
1787 2269 1944 2323 quam
1965 2254 2203 2323 spiritum

619 2348 726 2401 dici
755 2350 906 2401 malit
945 2364 1049 2401 non
1083 2347 1344 2415 intelligo.
1376 2346 1511 2401 Gen.
1538 2361 1599 2413 tt,
1634 2345 1831 2399 habent
1859 2343 2031 2399 Graeci
2075 2347 2204 2401 πνοὴ

619 2444 784 2503 ζωῆςς
816 2437 991 2506 cztpite
1019 2452 1146 2490 vero
1168 2452 1287 2501 vni,
1323 2443 1541 2506 πνεῦμα.
1583 2435 1690 2492 Sed
1731 2434 1800 2489 ad
1849 2434 2203 2504 signiﬁcatum

618 2530 760 2599 quod
790 2530 1002 2591 attinet,
1050 2530 1253 2583 nullum
1295 2538 1379 2585 est
1420 2530 1560 2584 inter
1588 2544 1681 2585 eas
1702 2542 1862 2583 voces
1892 2526 2203 2581 discrimen.

621 2624 785 2679 Multa
837 2623 923 2677 bic
967 2632 1281 2693 quzeruntur
1336 2637 1455 2691 qua:
1522 2621 1747 2691 qutesita
1793 2635 1897 2673 non
1943 2618 2203 2687 fuissent,

620 2714 667 2771 si
711 2715 966 2771 llebraice
1004 2724 1094 2769 aut
1136 2723 1283 2770 certe
1325 2712 1513 2769 (ἔπνεε
1556 2712 1748 2767 doctus
1794 2710 1982 2765 fuissvt
2020 2709 2204 2777 Augu-

621 2806 826 2871 stinus;
867 2807 1140 2877 multaque
1174 2807 1330 2861 aliter
1356 2805 1639 2859 solvuntur
1672 2817 1831 2873 quam
1863 2801 2036 2855 soluta
2078 2801 2207 2853 l‘u‘s-

621 2908 765 2953 sent.

694 2988 899 3057 Quasi.
934 2989 1019 3043 ll.
1042 2986 1227 3055 Aquila
1256 2987 1387 3039 dixit
1410 2986 1665 3049 obtinuit;
1695 2984 2033 3053 Symmachus
2072 2996 2209 3051 pra!-

627 3080 906 3133 valuerunt
939 3074 1105 3148 (Gen.
1142 3091 1232 3143 vn,
1264 3073 1379 3143 21),
1413 3075 1465 3127 itt
1506 3084 1575 3127 est
1611 3071 1812 3143 aqum.)
1844 3074 1927 3127 Ab
1960 3073 2067 3126 alio
2097 3073 2209 3125 inec

2307 1904 2420 1941 cum
2451 1888 2551 1955 ipsi
2574 1886 2751 1941 aeterni
2772 1903 2878 1941 esse
2904 1904 3007 1941 non
3034 1888 3273 1957 possint?
3290 1887 3399 1942 Cur
3419 1903 3519 1941 non
3540 1903 3716 1943 memor
3734 1898 3811 1942 erat

2306 1980 2694 2034 observationis
2736 1993 2894 2050 quam
2935 1978 3063 2034 alibi
3111 1979 3230 2049 ipse
3283 1993 3387 2033 non
3430 1979 3585 2035 semel
3630 1979 3807 2048 protulit,

2308 2070 2603 2139 praesertim
2650 2070 2703 2125 in
2747 2084 2913 2140 opere
2953 2070 3158 2140 scripto
3202 2071 3390 2126 eodem
3439 2080 3654 2140 tempore
3684 2084 3732 2125 ac
3757 2074 3810 2123 lia

2306 2163 2672 2231 quaestiones?
2715 2162 3007 2218 Locutione
3034 2163 3104 2218 95
3132 2162 3204 2217 de
3235 2163 3438 2230 Exodo,
3478 2162 3540 2216 ad
3579 2163 3677 2216 haec
3696 2160 3807 2215 verba

2309 2254 2476 2308 Exodi
2508 2270 2617 2322 xxi,
2665 2254 2719 2319 6,
2754 2253 2953 2310 Serviet
2993 2255 3041 2307 ei
3074 2253 3126 2307 in
3166 2262 3449 2318 ceternum;
3482 2253 3608 2324 quod
3636 2250 3805 2311 Grecis,

2308 2350 2501 2419 inquit,
2535 2350 2681 2403 habet
2710 2353 2781 2412 εἰς
2804 2352 2888 2406 τὸν
2910 2354 3087 2405 αἰῶνα.
3116 2346 3252 2403 Ecce
3274 2346 3672 2418 quemadmodum
3694 2342 3797 2399 Scri-

2307 2452 2458 2513 ptura
2480 2444 2650 2496 multis
2675 2443 2799 2496 locis
2820 2442 2943 2496 dicit
2972 2441 3254 2496 secundum
3275 2441 3369 2495 hoc
3395 2442 3584 2495 verbum
3605 2436 3797 2499 Grecam,

2308 2535 2729 2601 sempiternum,
2797 2532 2875 2586 rel
2937 2541 3221 2587 aeternum.
3288 2530 3384 2587 Ubi
3438 2547 3534 2585 non
3576 2530 3803 2599 intelligitur

2308 2625 2561 2679 (clamitas
2590 2622 2679 2676 illa
2702 2624 2980 2677 srcundum
3008 2639 3163 2693 quam
3200 2624 3342 2677 nobis
3364 2632 3541 2677 acterna
3566 2621 3803 2690 promittun-

2309 2724 2464 2769 tur...
2502 2730 2661 2783 neque
2697 2714 2831 2766 enim
2878 2729 3051 2767 servus
3089 2714 3209 2779 iste,
3254 2714 3341 2783 qui
3368 2714 3522 2767 vivere
3553 2715 3600 2765 in
3626 2721 3801 2765 alemus

2310 2821 2411 2859 non
2445 2815 2628 2875 posset,
2667 2814 2835 2873 posset
2863 2805 3050 2859 servire
3089 2805 3144 2858 in
3174 2814 3441 2870 wternum,
3470 2804 3553 2859 sed
3579 2800 3801 2870 intelligitur

2318 2911 2574 2956 a‘ternum
2606 2902 2796 2954 dictum
2816 2941 2831 2966 ,
2871 2902 3022 2969 cuius
3049 2900 3295 2967 temporis
3323 2900 3436 2967 ﬁnis
3472 2914 3566 2951 non
3595 2905 3672 2951 est.
3698 2892 3803 2947 Natat

2316 2993 2477 3044 etiam
2527 2992 2578 3045 in
2626 2989 2986 3045 locutionibus
3026 2989 3093 3044 de
3141 2989 3384 3045 Levitico
3417 3002 3517 3042 xvu
3549 2995 3600 3041 et
3631 2981 3803 3045 mli,“

2314 3083 2602 3153 aliquando
2631 3091 2879 3137 teternum
2917 3082 3045 3147 dici,
3084 3080 3238 3151 quod
3279 3082 3453 3150 utique
3494 3093 3587 3133 non
3620 3076 3701 3132 erit
3732 3074 3805 3126 sine

628 3178 911 3237 acceperat
940 3170 1287 3239 Augustinus,
1336 3166 1430 3223 sed
1477 3166 1669 3223 tuirtun
1702 3174 1783 3223 est
1822 3181 1948 3223 eum
1985 3164 2086 3223 sibi
2117 3180 2207 3225 cas
2235 3159 2281 3221 C
2320 3179 2447 3231 line.
2480 3174 2684 3231 Similia
2728 3174 2889 3230 habet
2925 3176 3117 3243 qureSt.
3159 3177 3192 3231 5
3212 3176 3232 3230 ι
3279 3174 3331 3229 in
3367 3172 3601 3228 Genesi...
3630 3170 3804 3222 Animal

632 3258 1012 3313 translationes
1055 3272 1160 3313 non
1209 3272 1571 3327 comparasse,
1609 3267 1665 3313 et
1702 3257 1891 3314 Latine
1926 3257 2213 3314 vertendas

634 3364 740 3402 non
768 3362 1017 3414 curasse;
1056 3364 1162 3403 non
1206 3357 1415 3419 poterat
1451 3349 1593 3403 enim
1636 3351 1883 3421 ignorare
1915 3365 2073 3419 quam
2106 3364 2217 3403 ma-

634 3439 727 3509 gni
769 3454 898 3495 usus
938 3454 1061 3495 esse
1097 3448 1335 3509 possent.
1372 3440 1501 3507 Quis
1548 3455 1653 3494 non
1686 3441 2031 3508 Obstupescat
2068 3454 2213 3504 eum,

636 3544 735 3584 usu
767 3530 882 3598 ipso
904 3530 1309 3601 interpretandi,
1343 3547 1448 3587 non
1472 3530 1795 3587 intellexisse
1825 3530 2014 3601 quibus
2044 3531 2219 3585 subsi-

635 3622 740 3677 diis
771 3622 1061 3692 indigeret;
1097 3634 1207 3688 aut,
1252 3624 1299 3678 si
1334 3623 1680 3690 intellexerit,
1715 3624 1814 3677 sibi
1842 3632 2104 3693 quatenus
2127 3638 2219 3691 po-

636 3717 739 3771 tuit
766 3732 872 3771 non
901 3733 1242 3783 comparasse
1266 3733 1281 3781 ;
1317 3727 1407 3771 aut
1438 3717 1693 3785 denique,
1720 3716 1765 3769 si
1792 3731 1900 3769 non
1926 3722 2134 3783 poterat
2157 3731 2220 3769 ea

640 3810 909 3873 nancisci,
950 3823 980 3860 a
1023 3817 1103 3861 tot
1131 3807 1516 3877 qumstionibus
1557 3806 1916 3876 proponendis
1938 3846 1954 3872 ,
1984 3808 2222 3861 conscri-

643 3898 941 3965 bendisque
964 3906 1043 3951 tot
1073 3898 1225 3951 libris
1255 3898 1306 3950 iu
1326 3896 1492 3951 Vetus
1519 3896 1944 3963 Testamentum,
1978 3908 2033 3952 et
2053 3910 2221 3965 usque

641 3985 779 4039 adeo
829 3987 1094 4052 verbosis,
1147 3986 1453 4042 abstinere?
1492 3985 1671 4041 Credo
1719 3988 2003 4042 excitatum
2060 3988 2223 4045 fuisse

644 4074 1059 4142 adulationibus,
1106 4086 1199 4132 aut
1238 4078 1400 4132 stulta
1441 4078 1799 4133 admiratione
1820 4078 2069 4134 Afrorum
2101 4096 2225 4136 suo-

645 4183 795 4233 rum;
830 4177 885 4221 ut
920 4184 1025 4224 non
1067 4169 1339 4227 desineret
1378 4171 1606 4238 dictare,
1631 4171 1759 4226 dum
1791 4172 1877 4226 illa
1908 4172 2102 4227 dictata
2128 4188 2222 4229 sua

644 4268 748 4313 tam
777 4258 932 4315 avide
956 4261 1131 4329 excipi
1156 4262 1393 4318 videbat.
1423 4263 1513 4319 Sic
1538 4264 1787 4319 homines
1812 4272 2000 4334 putant
2026 4278 2086 4319 se
2114 4280 2226 4319 ma-

642 4368 779 4424 gnos
806 4368 870 4408 ac
902 4354 1161 4423 eruditos,
1197 4369 1303 4410 non
1346 4356 1469 4426 quia
1511 4365 1657 4423 sunt,
1690 4356 1785 4412 sed
1832 4357 1955 4426 quia
1996 4356 2066 4409 ab
2107 4356 2226 4409 aliis

645 4455 919 4515 putantur,
971 4455 1293 4517 sumuntque
1339 4446 1465 4503 inde
1505 4447 1786 4503 audaciam
1823 4462 1942 4517 qua:
1984 4460 2226 4516 perstrpe

643 4540 784 4594 male
812 4540 892 4594 eis
920 4538 1083 4593 cedit.

711 4630 914 4697 Quaest.
944 4631 1068 4687 105.
1096 4632 1233 4698 Quid
1253 4632 1349 4686 sibi
1369 4630 1475 4687 vult
1494 4632 1632 4702 quod
1651 4630 1814 4686 Iacob
1834 4632 1906 4684 ait
1928 4635 2079 4700 fratri
2097 4646 2190 4685 suo
2204 4646 2224 4685 :

643 4721 869 4791 Pr0pter
898 4723 1000 4779 hoc
1030 4723 1134 4777 vidi
1166 4723 1353 4779 faciem
1384 4733 1562 4787 tuam,
1608 4722 2059 4792 quemadmodum
2099 4737 2223 4777 cum

644 4814 789 4868 videt
830 4815 1019 4884 aliquis
1072 4815 1260 4869 faciem
1310 4813 1439 4869 Dei?
1472 4812 1657 4868 Utrum
1687 4814 1914 4879 paventis
1941 4822 1990 4866 et
2020 4822 2222 4882 pertur-

647 4903 749 4956 bati
778 4906 935 4957 animi
965 4908 1114 4960 verba
1138 4923 1296 4978 usque
1334 4907 1388 4960 in
1427 4905 1563 4959 hanc
1595 4904 1941 4959 adulationem
1971 4920 2226 4975 prorupe-

645 4996 803 5048 runt?
829 4995 907 5049 An
944 4999 1221 5051 secundum
1262 4999 1482 5069 aliquem
1527 4997 1843 5051 intellectum
1876 4997 1986 5052 sine
2022 5008 2225 5068 peccato

647 5084 784 5139 dicta
811 5088 973 5156 accipi
996 5091 1240 5155 possunt?
1274 5090 1531 5145 Fortassis
1561 5092 1714 5144 etiam
1733 5089 1854 5158 quia
1885 5090 2008 5143 dicti
2033 5098 2151 5144 sunt
2176 5098 2223 5144 et

645 5177 877 5249 gentium
920 5177 1034 5244 Dei,
1067 5194 1179 5244 qua:
1202 5188 1317 5232 sunt
1348 5181 1619 5245 darmonia,
1654 5196 1753 5233 non
1776 5182 2141 5250 prtejudiCetur
2165 5196 2226 5235 es

646 5270 726 5325 Itis
754 5270 912 5323 verbis
936 5268 1130 5322 homini
1158 5268 1271 5323 Dei.
1302 5268 1422 5323 Non
1448 5273 1583 5325 enim
1613 5273 1735 5325 dicit
1759 5286 1777 5323 :
1802 5272 2225 5340 quemadmodum

643 5366 687 5420 si
715 5366 935 5420 viderem
961 5362 1141 5435 faciem
1172 5361 1288 5428 Dei,
1313 5363 1426 5429 sed,
1461 5379 1581 5417 cum
1613 5346 1758 5418 videt
1788 5362 2023 5435 aliquis.)
2053 5364 2227 5433 Opor-

646 5460 837 5512 tuisset
868 5456 953 5533 hic
982 5455 1277 5511 consultam
1301 5453 1467 5508 fuisse
1494 5454 1795 5510 versionem
1828 5456 2054 5524 Aquilte,
2082 5456 2223 5510 unde

648 5535 943 5617 intelligere
986 5547 1250 5616 potuisset
1297 5544 1627 5614 Augustinus
1657 5558 1719 5599 se
1752 5544 1948 5599 frustra
1987 5546 2219 5615 argutari

644 5634 697 5688 in
738 5638 957 5692 vocibus
1003 5639 1047 5691 si
1084 5641 1219 5708 quis,
1263 5636 1453 5707 quibus
1498 5635 1658 5691 nulla:
1697 5646 1821 5691 sunt
1850 5652 1968 5705 qua:
1995 5650 2220 5706 respon-

642 5728 804 5784 deant
834 5729 884 5783 in
917 5730 1211 5786 Hebraicis.
1245 5729 1433 5785 Postea
1467 5738 1618 5799 putat
1645 5745 1802 5797 posse
1835 5729 2059 5799 intelligi
2088 5727 2222 5785 Deos

2319 3268 2490 3341 pergit
2536 3267 2683 3322 hisce
2728 3267 2945 3321 verbis:
2976 3265 3208 3333 quamris
3256 3267 3411 3337 possit
3450 3264 3574 3334 quod
3609 3262 3653 3314 in
3686 3256 3805 3312 Grato

2318 3370 2411 3426 est,
2440 3364 2537 3424 ἕως
2565 3358 2661 3418 τοῧ
2694 3360 2895 3425 αἰῶνος,
2926 3357 3030 3411 dici
3063 3355 3254 3411 Latine
3290 3366 3336 3410 et
3362 3371 3511 3423 usque
3536 3354 3585 3408 in
3613 3348 3804 3405 suculam.

2319 3454 2457 3524 quod
2485 3470 2587 3507 non
2621 3462 2697 3507 est
2728 3465 3037 3519 consequens
3072 3458 3125 3502 ut
3153 3449 3472 3519 intelligatur
3502 3454 3725 3503 (sternunt.
3752 3437 3805 3490 Sit

2320 3559 2440 3599 cum
2470 3542 2735 3612 palpando
2766 3557 2948 3597 verum
2980 3545 3208 3611 quamet,
3245 3552 3312 3593 an
3337 3537 3387 3592 id
3416 3536 3652 3591 invenerit
3676 3525 3803 3583 nescia

2323 3644 2652 3705 paratusque
2702 3642 2785 3687 est
2832 3632 3086 3688 deserere
3141 3634 3420 3687 inventum
3472 3640 3569 3684 non
3617 3620 3738 3675 aliter
3770 3626 3804 3665 at

2323 3740 2587 3781 errorem.
2619 3725 2771 3791 Quod
2801 3726 2844 3780 si
2872 3724 3145 3779 llebraicze
3173 3724 3373 3795 lingua:
3398 3733 3595 3791 operam
3619 3710 3804 3770 dedisset

2324 3815 2567 3870 scivisset
2592 3799 2729 3878 D5117
2757 3815 2928 3869 Italam
2966 3816 3277 3885 signiﬁcare
3319 3813 3520 3883 proprie
3559 3813 3805 3874 ιεωρυεευ’

2319 3906 2407 3975 jus
2440 3907 2682 3961 occultus
2710 3914 2793 3961 est
2831 3906 2973 3975 ﬁnis,
3008 3922 3036 3961 a
3082 3908 3268 3963 radice
3295 3891 3408 3970 ειη
3436 3902 3613 3964 halant,
3639 3893 3805 3951 occulta-

2326 4006 2412 4054 tus
2447 3998 2563 4066 fuit,
2605 3996 2780 4053 latuit.
2819 3998 3078 4054 Scivisset
3121 4000 3289 4052 etiam
3339 3995 3562 4058 Grmcos,
3588 4001 3687 4043 cum
3720 3982 3807 4034 hanc

2326 4104 2514 4144 vocem
2571 4092 2729 4144 αἰῶνα
2781 4089 3238 4157 interpretantur,
3294 4086 3524 4143 eamdem
3576 4079 3808 4148 potestatem

2331 4183 2597 4253 subjicere
2622 4182 2741 4236 voci
2776 4184 2917 4244 αἰὼν,
2972 4195 3070 4235 nec
3101 4194 3289 4246 passus
3308 4184 3448 4234 esset
3473 4158 3809 4254 ιιιιιτιιηιὶοιιὶιις⁵

2331 4274 2648 4329 academicis
2662 4272 2905 4328 animum
2927 4285 3079 4325 suum
3098 4269 3346 4324 distrahi.
3365 4264 3533 4323 Potuit
3549 4271 3675 4319 sane.
3692 4253 3761 4342 11³ίῖ
3777 4253 3809 4342 '_"

2331 4380 2412 4431 re,
2444 4374 2502 4419 ut
2529 4373 2583 4419 et
2607 4364 2659 4418 in
2690 4363 2833 4429 aliis,
2865 4361 3152 4417 Carneades
3190 4360 3382 4416 Plenus
3409 4357 3571 4428 potius
3585 4359 3713 4421 quam
3737 4339 3809 4392 Atr

2331 4458 2533 4513 stoteles
2555 4457 2678 4510 dici.

2248 4538 2304 4598 Β
2403 4550 2566 4603 [anno
2596 4564 2692 4602 vn.
2734 4547 2933 4614 Quaest.
2961 4545 3012 4598 1.
3052 4543 3116 4598 In
3158 4545 3263 4612 ﬁne
3305 4542 3419 4597 libri
3455 4538 3569 4594 Iesu
3594 4530 3711 4587 Nave
3734 4522 3809 4614 bro

2330 4641 2457 4694 viter
2487 4646 2724 4692 narrator
2744 4606 2978 4707 porrexit
3008 4606 3272 4689 historiam
3301 4649 3398 4701 quo
3424 4643 3572 4700 usque
3596 4620 3677 4693 ﬁlii
3700 4606 3809 4707 Istatl

2332 4730 2401 4782 ad
2429 4729 2665 4782 colendos
2717 4702 2849 4781 Deos
2884 4726 3075 4780 alienos
3112 4719 3467 4792 desciverunt.)
3502 4708 3713 4786 Quamvis
3739 4702 3809 4792 ῥυ·

2333 4819 2534 4890 gnstini
2583 4819 2837 4873 Latinitas
2879 4831 3049 4887 usque
3090 4817 3223 4871 adeo
3250 4826 3394 4872 casm
3424 4791 3521 4867 non
3546 4808 3623 4869 sit,
3657 4791 3804 4887 millet“

2335 4922 2514 4967 tamen
2567 4910 2653 4965 llic
2702 4910 2878 4979 legere
2919 4908 3157 4977 pertexit,
3199 4916 3293 4963 aut
3329 4900 3593 4976 ρετιαταίίὶ
3618 4892 3687 4943 Vix
3712 4890 3805 4979 ensi."

2336 5002 2548 5059 barbari
2593 5002 2723 5072 ipsi,
2752 4968 2828 5054 ex
2865 4968 3039 5053 media
3079 4968 3281 5067 Africa,
3314 4968 3485 5051 dicant
3520 4983 3730 5060 ροπὶθετι
3757 4968 3805 5017 "l‘

2328 5097 2561 5153 storiam.

2656 5182 2742 5237 16.
2772 5183 2839 5237 Ει
2870 5183 3177 5238 servierunt
3198 5180 3320 5235 Baal
3342 5188 3391 5233 et
3424 5165 3699 5229 Astartibus.
3720 5145 3801 5205 Jud-

2331 5296 2400 5345 ¹¹ν
2434 5253 2537 5334 715-
2568 5276 2712 5338 δοιθί
2752 5276 2959 5345 (influit
2987 5272 3345 5346 Augustinus)
3385 5268 3481 5323 dici
3530 5258 3642 5316 Beat
3680 5253 3804 5346 ποιπςη

2331 5343 2442 5424 esse
2486 5366 2626 5438 apud
2663 5378 2833 5437 gentes
2864 5343 3096 5420 illarum.
3111 5365 3330 5435 partium
3364 5359 3520 5420 Josis,
3558 5343 3803 5438 Asiam}?

2332 5469 2432 5515 tem
2451 5426 2694 5523 lunonis:
2716 5457 2854 5526 quod
2880 5466 2928 5511 et
2961 5426 3139 5526 linguis
3160 5454 3357 5510 Punica
3384 5455 3573 5520 putatur
3595 5426 3799 5526 ostendet:

2332 5638 2658 5705 Baalsamin.
2686 5640 2829 5705 quasi
2859 5638 3139 5694 Dominum
3168 5634 3287 5693 εωιί
3321 5627 3637 5696 ἱιιιιιιέςυη¹⁸⁷
3661 5609 3794 5705 ““5’3

2332 5693 2505 5788 sautio
2535 5693 2723 5803 quippe
2750 5728 2889 5799 apud
2911 5693 3005 5783 eos
3042 5728 3153 5782 caeli
3192 5693 3517 5798 appellantur.
3548 5708 3663 5763 lano
3681 5693 3795 5749 ait!”
