3908 6314
99 325 187 381 3,53
755 306 1107 365 \‘ARIORUM
1148 302 1753 363 EXERCITATIONES
1778 305 1847 364 IN
1887 308 1943 365 S.
1980 295 2355 365 AUGUSTINI
2395 294 2646 349 OPERA.
3253 302 3359 359 55g

97 440 190 493 sine
206 430 515 486 anbitatfone
542 424 605 477 ab
634 422 737 475 illis
767 424 980 475 Astarte
1008 415 1263 489 vocatur.}
1288 414 1514 485 Egregie
1540 415 1653 466 lucc
1689 417 1733 473 Α
1761 424 1851 466 aut
1876 415 2117 484 βουπλήξ.
2144 412 2300 466 Plura
2332 410 2385 464 in
2413 409 2556 463 hunc
2580 409 2774 464 librum
2804 426 2909 466 non
2938 412 3155 481 addam,
3180 431 3361 487 neque

96 527 270 587 utnnia,
297 529 462 589 atque
500 518 702 570 utinam
732 514 897 567 multa
920 512 1111 566 similia
1138 508 1277 578 apud
1306 507 1657 576 Augustinum
1767 504 1909 557 enim
1947 501 2389 558 commentarium
2432 500 2633 566 scribo,
2660 501 2756 556 sed
2791 512 2992 556 tantum
3021 504 3359 562 animadver-

96 611 455 673 occurrerent!
500 605 749 661 omnibus
780 601 1083 668 allegoricis
1128 596 1662 667 interpretationilms
1766 595 1976 659 siones,
2008 594 2060 647 in
2097 592 2289 661 quibus
2322 592 2659 661 potissimum
2704 608 2856 649 usum
2887 604 2941 649 et
2976 595 3200 651 abusum
3232 613 3360 667 cpe-

98 720 236 779 atque
262 701 488 771 argutiis
522 695 805 753 rhetoricis
834 707 895 747 ea
929 691 1327 761 praeterremus.
1354 686 1470 741 Non
1496 685 1663 739 semel
1768 701 1888 739 rum
1916 685 2198 755 Augustini
2243 693 2429 739 notare
2470 685 2753 741 voluimus.
2799 685 2941 741 Nihil
2981 687 3157 743 dicam
3200 692 3359 744 etiam

100 775 394 871 significavit
434 790 536 847 sibi
588 794 925 858 perspectum
968 784 1135 836 fuisse
1169 781 1378 849 linguas
1410 775 1662 830 Punicam
1768 778 1836 832 de
1858 777 2304 831 Adnotationibus
2337 780 2387 831 in
2419 777 2636 843 Jobum,
2675 794 2809 848 quas
2840 780 3168 851 AuguStinus
3196 784 3362 837 instar

98 866 478 947 ct‘llebraicam
514 884 675 938 fuisse
704 880 912 934 afﬁnes.
955 878 1046 931 Sic
1082 890 1242 944 supra
1290 873 1559 927 locutione
1600 871 1665 924 de
1770 867 1995 922 abortivi
2032 868 2170 922 fetus
2199 866 2402 935 habuit,
2436 883 2535 923 nec
2555 869 2805 938 dignatus
2835 880 2917 925 est
2944 877 3253 929 emendare.
3286 876 3361 927 Ac

100 982 267 1038 Genesi
298 992 462 1033 niv:
500 973 650 1040 Quod
679 973 926 1039 scriptum
954 977 1049 1037 est,
1088 978 1143 1021 et
1180 965 1410 1020 extendit
1456 980 1667 1017 manum
1772 975 1903 1014 sane
1930 960 2200 1015 difticilior
2228 973 2309 1014 cst
2340 960 2505 1016 Jobus
2542 978 2699 1030 quam
2741 972 2798 1018 ut
2836 967 2904 1019 ab
2933 966 3232 1037 Augustino
3262 985 3359 1023 ex-

103 1090 248 1135 suam,
277 1068 473 1136 accepit
516 1081 628 1119 eam
663 1074 707 1117 et
752 1061 979 1124 induxit,
1022 1076 1154 1123 eam,
1188 1068 1322 1123 etc.,
1357 1056 1545 1110 locutio
1571 1066 1665 1121 est,
1776 1051 1955 1119 plicari
1988 1063 2185 1120 posset.

105 1163 272 1235 inquit,
298 1175 454 1230 quam
479 1164 751 1227 propterea
787 1151 1055 1207 Hebratam
1079 1159 1225 1219 puto,
1247 1149 1366 1217 quia
1386 1154 1432 1201 et
1465 1145 1672 1199 Punica:

107 1260 271 1328 lingua:
290 1250 699 1325 familiarissima
721 1256 818 1311 est,
843 1247 896 1299 in
913 1261 1016 1313 qua
1043 1244 1202 1295 multa
1221 1242 1544 1295 inveniuntur
1565 1238 1609 1291 11
1616 1255 1673 1291 e—

109 1350 234 1402 brais
246 1344 403 1399 verbis
421 1338 785 1403 consonantia;
803 1353 921 1389 nam
942 1336 1115 1405 utique
1131 1333 1409 1404 sufﬁceret,
1423 1339 1673 1385 etexten-

108 1441 172 1494 dit
195 1451 427 1498 manum,
463 1433 559 1486 etsi
601 1447 705 1484 non
737 1428 947 1482 adderet
975 1441 1148 1480 suam.
1188 1423 1331 1477 Alibi
1360 1424 1518 1477 etiam
1552 1421 1672 1475 talia

110 1531 268 1591 habet,
296 1540 415 1595 qua:
445 1537 617 1590 usque
637 1520 771 1575 adeo
798 1517 1135 1575 confirmavit
1163 1516 1244 1569 vir
1268 1530 1505 1569 summus
1523 1514 1672 1569 Sam.

111 1620 403 1684 Bochartus,
436 1617 488 1670 in
518 1628 616 1669 suo
641 1610 953 1675 Chanaane,
981 1619 1039 1664 ut
1068 1622 1226 1664 nemo
1252 1606 1483 1676 amplius
1512 1607 1581 1661 de
1612 1607 1676 1660 iis

110 1711 337 1765 dubitare
364 1715 547 1778 queat.
582 1702 733 1771 Quod
762 1717 883 1757 cum
918 1702 992 1755 ita
1022 1700 1121 1765 sit,
1153 1700 1275 1769 quis
1308 1714 1413 1753 nun
1452 1698 1677 1752 miretur

2067 1144 2391 1201 CENSURA
2432 1146 2777 1205 DE‘SIDERII
2816 1151 3069 1208 ERASMI

2372 1257 2422 1295 IN
2463 1257 2760 1297 εΡεευιωι.

1851 1331 1961 1384 lloc
1988 1346 2121 1398 opus
2147 1331 2229 1385 vix
2257 1347 2403 1386 eram
2434 1334 2765 1402 ascripturus
2786 1334 3111 1405 Augustino,
3140 1340 3241 1394 nisi
3262 1340 3365 1394 Po-

1780 1422 2019 1477 sidonius
2063 1424 2176 1477 sive
2224 1421 2304 1494 (ut
2329 1422 2545 1492 quidam
2578 1423 2807 1495 malunt)
2835 1426 3109 1482 Possidius
3155 1426 3209 1483 in
3245 1429 3364 1484 Vita

1780 1514 2095 1569 nominatim
2133 1515 2209 1569 illi
2251 1516 2567 1573 tribuisset:
2596 1525 2651 1571 et
2687 1518 2930 1585 prmt‘atio
2972 1535 3078 1575 non
3110 1520 3366 1576 abhorret

1779 1607 1849 1662 ab
1886 1607 2003 1677 ejus
2031 1607 2191 1676 stylo.
2238 1608 2490 1662 Versatus
2518 1618 2601 1664 est
2628 1610 2681 1663 in
2713 1610 2872 1665 simili
2905 1615 3118 1682 negotio
3144 1616 3369 1686 Cypria-

1782 1713 1902 1765 nus,
1938 1708 1992 1753 et
2027 1699 2166 1768 apud
2200 1699 2415 1753 Grtrcos
2457 1701 2731 1767 nonnulli,
2776 1704 2869 1757 sed
2914 1705 3117 1773 majore
3156 1706 3369 1778 ingenio

111 1788 1678 1859 Christianoruumuorumsocordiam,quidebraicaalin-
1708 1792 2035 1859 Bcuraque.
2095 1790 2358 1845 Caeterum
2411 1790 2607 1847 inlimis
2656 1796 2817 1850 etiam
2871 1796 3130 1853 inservire
3171 1800 3369 1869 gaudet

112 1907 216 1962 gnte
235 1907 265 1947 e
295 1889 535 1945 tenebris
560 1885 815 1942 eruendae
839 1899 1057 1952 operam
1088 1898 1194 1938 non
1222 1881 1524 1936 dederunt?
1550 1880 1677 1935 Cul-

115 2000 218 2054 pam
244 1982 530 2039 maximam
575 1990 703 2048 puto
748 1979 913 2032 fuisse
948 1990 1114 2045 penes
1146 1974 1553 2039 declamatores,
1587 1972 1677 2041 qui

115 2095 208 2149 pra:
254 2073 736 2131 declamationibus
788 2071 966 2126 omnia
1023 2068 1380 2138 Spernebant,
1437 2080 1537 2120 nec
1584 2066 1679 2119 ulli

117 2172 285 2233 labori,
316 2168 418 2221 nisi
461 2162 737 2235 loquendi,
780 2176 934 2231 pares
973 2168 1149 2214 erant.
1192 2158 1268 2213 De
1307 2157 1417 2226 ipsa
1464 2172 1521 2210 re
1560 2171 1677 2225 quae

118 2263 189 2315 hic
214 2260 405 2330 agitur,
440 2255 622 2312 multis
650 2256 759 2324 egit
784 2252 942 2308 Joan.
973 2250 1268 2317 Seldenus,
1318 2249 1370 2303 in
1411 2263 1575 2316 apere
1613 2248 1682 2304 de

120 2352 215 2405 Diis
240 2350 409 2420 Syris.

178 2440 299 2495 Ibid.
337 2438 451 2491 "oc
475 2444 669 2501 autent,
699 2433 755 2487 id
781 2442 878 2498 est,
910 2431 1113 2485 nomine
1154 2429 1346 2502 plurali
1373 2427 1603 2484 Junones
1630 2428 1682 2484 in

118 2532 288 2587 Gratis
324 2530 604 2586 secundum
626 2527 961 2597 Septuaginta
995 2526 1241 2590 novimus,
1267 2524 1323 2577 in
1357 2524 1551 2576 Latinis
1583 2539 1685 2576 au-

118 2636 201 2677 tem
234 2623 566 2694 singulariter
593 2616 750 2687 erat]
788 2618 1041 2684 Quamvis
1105 2614 1410 2669 terminatio
1446 2623 1686 2675 manus

118 2714 396 2779 uastaret/1,
442 2713 515 2767 sit
557 2711 778 2781 pluralis
818 2707 1094 2771 feminini,
1137 2706 1269 2760 nihil
1310 2717 1450 2760 vetat
1509 2715 1685 2758 tamen

120 2807 230 2874 quin
277 2805 596 2875 significatio
643 2802 714 2856 sit
760 2800 1063 2870 singularis,
1118 2808 1306 2857 manu
1353 2793 1683 2861 Ithochmoth,

118 2900 383 2968 sapientia,
405 2907 598 2959 m1:
619 2894 877 2957 bhemoth,
905 2892 1340 2962 hippopotamus,
1365 2897 1469 2945 etc.

180 2992 305 3047 Ibid.
341 2991 572 3057 Quorum
612 2988 665 3043 in
705 2987 797 3042 illo
835 2986 921 3055 qui
964 3002 1067 3038 non
1105 2983 1319 3038 habebat
1345 2982 1689 3053 Septuaginta

122 3083 586 3153 interpretationem,
610 3079 699 3133 sed
721 3095 786 3140 ex
812 3075 1023 3130 Hebrteo
1044 3084 1152 3129 erat
1174 3071 1426 3128 Astaroth
1451 3072 1684 3143 tegimus,

1781 1880 2079 1935 Christiana
2109 1882 2325 1939 caritas.

2244 1993 2893 2054 ANIMADVEHSIUNES

2386 2082 2433 2120 ΙΝ
2467 2081 2755 2121 εηευιωι.

1854 2154 2045 2211 Gravis
2070 2170 2199 2212 sane
2220 2166 2303 2212 est
2328 2173 2485 2213 causa
2509 2160 2787 2215 dubitandi
2817 2179 2884 2217 an
2908 2162 3012 2220 hoc
3037 2180 3192 2236 opus,
3215 2168 3373 2239 quale

1784 2245 1852 2301 ad
1881 2263 2070 2304 manus
2098 2258 2308 2304 nostras
2334 2254 2602 2319 pervenit,
2635 2256 2707 2306 sit
2728 2256 3045 2324 Augustini;
3073 2260 3197 2329 quia
3226 2260 3277 2314 in
3309 2275 3375 2315 eo

1787 2340 2034 2395 laudatur
2061 2341 2262 2410 passim
2292 2359 2399 2398 non
2431 2355 2585 2399 vetus
2616 2346 2741 2401 Itala
2774 2351 2950 2405 versio
2989 2367 3091 2420 qua
3121 2352 3376 2409 Ecclesiae

1784 2430 2157 2488 Occidentales
2198 2448 2264 2489 eo
2310 2449 2426 2489 aevo
2477 2437 2780 2503 utebantur,
2811 2439 2905 2493 sed
2934 2430 3371 2514 Hieronymiana.

1789 2521 1900 2576 Viri
1928 2523 2071 2578 docti
2101 2524 2191 2593 qui
2221 2524 2440 2580 editioni
2469 2526 2759 2583 Parisiensi
2791 2532 3149 2600 prteluerunt,
3190 2534 3242 2589 in
3284 2536 3378 2591 ad-

1789 2617 2084 2671 monitione
2107 2632 2265 2687 quam
2288 2620 2413 2673 huic
2439 2619 2575 2674 libro
2597 2624 2961 2691 praelixerunt,
2978 2627 3235 2682 adnotant
3255 2644 3374 2683 cum

1789 2709 1854 2762 ad
1890 2709 2029 2779 vulgi
2059 2724 2211 2764 usum
2235 2709 2335 2763 hoc
2358 2726 2493 2780 Opus
2518 2727 2857 2783 compararet
2879 2714 3239 2787 Hipponensis
3265 2721 3380 2790 epi-

1790 2814 2006 2867 scopus,
2033 2801 2280 2856 versione
2306 2817 2481 2868 usum,
2520 2820 2626 2859 non
2659 2820 2722 2859 ex
2746 2806 2933 2862 Graico
2957 2809 3095 2863 LXX
3120 2811 3381 2881 interpre-

1793 2902 1924 2955 tum,
1948 2906 2109 2962 quam
2140 2892 2290 2962 sequi
2319 2893 2554 2961 solebat;
2587 2898 2681 2951 sed
2713 2913 2776 2952 ex
2794 2899 3040 2967 Hebraeo,
3073 2906 3215 2973 quod
3245 2904 3381 2962 hanc

1792 2981 2008 3036 demum
2039 2983 2393 3051 comperisset
2422 2998 2542 3041 esse
2570 2987 2654 3041 illa
2698 2988 2881 3043 multis
2909 2992 3040 3046 iOl'iS
3064 2994 3375 3062 planiorem.

1792 3073 1898 3129 Sed
1931 3074 2047 3128 hze‘c
2084 3074 2197 3144 ipsa
2229 3088 2389 3130 causa
2418 3075 2694 3133 deterrere
2734 3083 2905 3149 potuit
2933 3082 3282 3153 Augustinum
3315 3103 3383 3142 ne

124 3190 202 3227 nec
228 3172 373 3240 Baal,
407 3172 495 3226 sed
528 3168 774 3240 Baalim.]
822 3165 1122 3236 Intelligere
1166 3164 1375 3217 videtur
1416 3162 1685 3247 Aquilam,
1715 3158 1760 3217 C
1794 3179 1822 3218 a
1855 3166 2101 3219 versione
2130 3174 2346 3232 recepta
2388 3168 2693 3237 recederet,
2726 3172 2866 3240 quod
2908 3172 2957 3226 in
2988 3179 3212 3243 gratiam
3241 3178 3383 3247 vulgi

124 3239 365 3332 quamvis
404 3273 578 3318 textus
633 3239 920 3314 hodiernus
964 3257 1258 3312 Hebraicus
1313 3254 1507 3309 habeat
1556 3239 1687 3318 θυι,

126 3356 300 3421 bahat,
344 3352 798 3425 quemadmodum
847 3350 1008 3405 etiam
1060 3349 1304 3418 legerunt
1345 3348 1692 3417 Septuaginta

128 3448 452 3515 interpretes.

188 3540 386 3605 Quaest.
408 3536 499 3593 25.
520 3535 585 3590 Et
610 3538 856 3605 percusst
876 3535 1189 3605 alienigenas
1211 3533 1263 3586 in
1282 3540 1542 3588 sexcentos
1562 3532 1697 3584 viros

128 3642 300 3705 prater
340 3634 529 3687 vitulos
572 3633 743 3686 boum.
797 3630 923 3685 Jud.
972 3645 1050 3693 Ill,
1081 3629 1173 3683 Si.
1220 3628 1299 3683 Ad
1347 3641 1470 3697 qua:
1512 3625 1697 3689 verba,

132 3737 398 3796 postquam
423 3726 616 3780 [rustra
634 3722 959 3792 Augustinus
985 3722 1231 3790 quarsivit
1256 3718 1382 3789 quid
1411 3718 1509 3774 sibi
1536 3717 1704 3772 velint

132 3817 257 3883 haec,
289 3826 472 3885 prteter
507 3814 693 3869 vitulos
733 3813 907 3878 boum,
936 3811 1083 3865 addit
1120 3829 1134 3865 :
1174 3810 1297 3864 Non
1338 3819 1507 3863 autem
1557 3808 1705 3862 habet

132 3908 460 3979 interpretatio
479 3923 542 3961 ex
559 3904 800 3970 Hebrwo,
825 3915 1016 3974 prmtcr
1038 3902 1229 3956 vrtulos
1255 3902 1437 3965 boum,
1458 3900 1588 3954 sicut
1610 3900 1705 3952 ista

132 4016 234 4068 qua
262 4000 541 4063 secundum
562 3996 899 4068 Septuaginta
935 4006 1005 4049 est
1032 4011 1053 4050 :
1076 3997 1206 4049 sicut
1246 3994 1387 4065 (lege
1413 3994 1527 4062 sed)
1558 3992 1708 4045 habet

137 4091 217 4142 illa
244 4107 307 4145 ea:
320 4091 552 4154 Hebrwo,
584 4102 801 4143 vomere
830 4087 1041 4142 occisos
1065 4095 1350 4141 sexcentos
1381 4085 1549 4151 viros,
1573 4084 1709 4153 quod

142 4178 224 4232 ista
247 4197 345 4234 non
368 4179 632 4249 habet.Jln
663 4178 933 4232 codicibus
958 4176 1157 4231 nostris
1185 4174 1461 4231 Hebraicis
1489 4174 1711 4241 legimus

143 4284 281 4352 Ῥεῖ-ι
319 4258 559 4339 mm,
606 4269 849 4322 bmilmad
888 4266 1168 4333 habbakar,
1211 4269 1311 4321 hoc
1358 4274 1460 4328 est.
1505 4264 1712 4319 stimulo

144 4362 312 4429 boum,
345 4379 441 4433 pro
477 4378 583 4432 quo
616 4362 811 4432 legisse
849 4361 1071 4416 omnino
1101 4360 1351 4415 videntur
1378 4359 1519 4413 LXX
1547 4358 1714 4412 inter-

148 4469 311 4521 pretes
350 4439 506 4513 12572
534 4453 746 4519 milbad,
789 4452 891 4507 hoc
919 4460 1034 4517 est,
1073 4453 1239 4515 ἐκτὸς,
1280 4451 1502 4519 exceptis
1531 4450 1711 4504 bubus.

1795 3257 2131 3312 exscribebat
2157 3258 2271 3312 loca
2295 3258 2585 3327 Scripturue
2609 3262 2944 3332 dignissima,
2966 3282 3085 3336 quae
3113 3273 3386 3325 memoriae

1797 3348 2179 3405 mandaren‘ur
2205 3357 2262 3406 et
2284 3351 2497 3407 assidua
2524 3350 2873 3411 meditatibne
2895 3372 3383 3428 concoquerentur.

1800 3443 1999 3513 Vulgus
2040 3444 2183 3497 enim
2230 3444 2539 3513 imperitum
2590 3463 2693 3503 non
2728 3452 2897 3517 potuit
2942 3468 3047 3508 non
3086 3456 3309 3523 oli'endi,
3342 3461 3387 3514 si

1800 3535 2073 3603 Scriptura
2103 3535 2151 3590 ei
2181 3534 2434 3589 discenda
2468 3551 2858 3606 proponeretur
2891 3557 3010 3610 quae
3038 3544 3391 3602 dissentieliat

1801 3624 1868 3678 ab
1892 3639 1954 3679 ea
1983 3640 2102 3692 qua:
2127 3625 2181 3680 in
2210 3625 2454 3681 ecclesiis
2483 3628 2792 3697 legebatur;
2838 3646 2935 3685 nec
2963 3634 3011 3687 ei
3046 3636 3237 3690 saltem
3272 3651 3393 3705 pro-

1804 3718 2053 3787 ponenda
2096 3717 2194 3773 fuit
2222 3732 2363 3774 nova
2396 3720 2574 3775 versio
2608 3720 2728 3776 sine
2759 3726 3194 3794 prmmonitione,
3222 3729 3395 3797 qualis

1807 3808 1950 3862 nulla
1980 3808 2067 3863 hic
2093 3811 2349 3866 occurrit.
2392 3811 2614 3866 Addunt
2647 3813 2746 3867 viri
2778 3814 2972 3869 eruditi
3009 3816 3075 3868 ab
3099 3818 3396 3886 Augustino

1809 3902 2090 3971 aliqunties
2130 3906 2436 3961 versionem
2469 3905 2961 3977 Hieronymianam,
2994 3912 3142 3977 quasi
3188 3911 3397 3981 planio-

1811 4009 1922 4048 rem
1952 3994 2177 4062 laudari,
2208 3996 2262 4051 in
2295 3999 2582 4066 postremis
2625 3998 2777 4053 libris
2804 4000 3167 4065 Qumstionum
3214 4004 3265 4058 in
3297 4004 3400 4060 lle-

1815 4087 2178 4153 ptateuchum,
2228 4103 2288 4141 rc
2321 4090 2615 4157 praesertim
2644 4105 2696 4144 tv
2725 4090 2793 4144 de
2823 4090 3071 4147 Doctrina
3100 4092 3399 4149 Christiana

1816 4177 1972 4245 libro,
2000 4194 2118 4248 cap.
2147 4180 2200 4234 7.
2252 4180 2319 4233 At
2349 4182 2530 4235 nescio
2558 4192 2732 4235 utrum
2775 4183 2951 4237 laudet
2981 4198 3195 4250 semper
3218 4186 3405 4241 Hieron

1816 4285 2060 4340 nymum,
2088 4286 2153 4324 an
2183 4287 2311 4325 vero
2336 4273 2605 4340 Aquilam,
2635 4288 2756 4327 cum
2791 4277 2840 4327 in
2869 4275 3018 4329 libris
3038 4277 3402 4341 Quazstionum

1818 4363 1943 4417 citat
1994 4362 2337 4431 interpre'em
2384 4368 2473 4433 qui
2508 4366 2669 4419 vertit
2700 4383 2765 4420 ex
2807 4367 3066 4431 llehra-o;
3116 4384 3212 4421 nec
3259 4370 3406 4425 locus

1822 4456 1910 4509 ille
1940 4469 2001 4508 ex
2032 4453 2125 4508 lib.
2155 4469 2212 4507 tv
2235 4456 2299 4508 de
2321 4455 2570 4510 Doctrina
2595 4459 2897 4525 Christiana
2929 4460 3191 4528 ejusmodi
3222 4469 3324 4527 est,
3352 4471 3409 4516 ut

148 4552 282 4610 unm,
313 4556 367 4599 ut
397 4545 561 4612 liquet
586 4560 652 4599 ex
683 4545 786 4598 hoc
805 4544 1086 4613 Augustini
1118 4543 1255 4606 loco,
1290 4557 1413 4597 vera
1445 4553 1526 4597 est
1555 4541 1713 4596 lecto
1745 4537 1794 4597 D
1820 4560 2033 4599 omnem
2086 4544 2514 4614 interpolationis
2565 4551 2928 4619 sUSpicionem
2980 4550 3255 4604 excludat.
3303 4551 3410 4606 Sed

152 4632 275 4688 LXX
305 4637 680 4706 interpretum,
726 4651 845 4704 qua:
890 4643 1075 4704 postea
1121 4635 1439 4702 interpolata
1485 4642 1567 4687 est
1596 4649 1715 4688 ver-

151 4725 288 4780 sione
313 4727 547 4798 Aquilae,
577 4728 665 4797 qui
698 4734 931 4781 verterat
956 4723 1282 4802 ἀροτρόποδι,
1313 4740 1532 4780 vomere.
1585 4723 1718 4780 Illuc

154 4822 199 4876 in
228 4825 586 4882 Alexandrino
622 4827 809 4881 codice
850 4835 1130 4895 utramque
1160 4825 1440 4879 lectionem
1472 4824 1717 4879 videmus

153 4920 473 4985 coniunctam
500 4934 515 4971 :
548 4916 856 4995 ἁρπρὸποδι
883 4918 1024 4979 ἐκτὸς
1052 4920 1287 4991 μόσχων,
1325 4932 1542 4981 vomere,
1572 4931 1715 4969 exce-

154 5015 239 5071 ptis
263 5009 460 5075 titulis;
490 5010 632 5079 quod
670 5024 791 5063 cum
830 5011 1005 5063 minus
1042 5007 1382 5063 commodum
1423 5008 1717 5073 videretur,

155 5110 197 5165 iu
224 5114 405 5170 codice
438 5114 696 5169 Vaticano
725 5122 809 5166 est
840 5120 1044 5165 tantum
1090 5105 1398 5186 ἁροτρόποδι
1429 5115 1529 5163 τῶν
1568 5107 1720 5178 βοῶν.

154 5202 256 5260 Non
290 5208 465 5262 dicam
505 5206 706 5261 rectius
743 5218 930 5258 vocem
954 5202 1266 5258 Hebraicam
1307 5199 1527 5268 intelligi
1559 5200 1625 5251 ah
1656 5199 1723 5253 iis

152 5298 226 5365 qui
260 5298 527 5354 stimulum
570 5300 1013 5365 interpretantur;
1054 5308 1225 5363 neque
1270 5293 1411 5346 enim
1451 5292 1552 5346 hoc
1582 5305 1723 5345 nunc

150 5391 328 5458 agitur,
365 5391 463 5447 sed
492 5405 557 5444 ex
587 5389 689 5443 hoc
715 5387 834 5442 loco
860 5386 1162 5457 Augustini,
1193 5387 1397 5454 liquere
1424 5399 1583 5454 quam
1605 5399 1726 5440 cor-

150 5491 293 5551 rupta
336 5482 497 5537 luerit
535 5481 712 5534 versio
738 5477 881 5532 LXX
908 5478 1290 5545 interpretum,
1327 5484 1383 5545 et
1420 5477 1634 5547 quidem
1669 5485 1728 5529 ut

147 5581 300 5630 recta:
317 5572 515 5629 rationi
535 5571 917 5626 convenienter
938 5570 1163 5623 vertisse
1185 5568 1513 5623 viderentur.
1535 5568 1723 5636 Aquila

146 5674 318 5721 autem
348 5672 587 5720 verterat
617 5660 945 5737 ἀροτρόποδι,
972 5660 1114 5730 quod
1144 5674 1206 5715 ea
1239 5675 1359 5730 pars
1383 5661 1543 5714 aratri
1577 5658 1728 5713 vide-

146 5767 290 5814 retur
313 5758 491 5828 aptior
520 5757 583 5811 atl
615 5755 933 5811 occidendos
962 5752 1226 5820 homines,
1259 5766 1417 5822 quam
1448 5751 1723 5816 stimulus,

1819 4647 1957 4703 esto,
1988 4639 2229 4708 probarit
2255 4638 2355 4692 sub
2393 4640 2516 4694 vita:
2561 4641 2720 4694 linem
2765 4641 3077 4711 Hieronymi
3125 4641 3409 4697 consilium

1822 4729 2180 4799 Augustinus,
2215 4730 2266 4784 in
2299 4730 2449 4786 libris
2492 4732 2543 4786 in
2574 4732 2873 4786 doctiorum
2906 4733 3129 4799 gratiam
3158 4730 3409 4800 scriptis;

1824 4822 1875 4875 in
1906 4822 2042 4878 libro
2069 4825 2225 4894 quale
2252 4834 2330 4878 est
2357 4824 2665 4895 Speculum,
2700 4826 2751 4878 in
2785 4839 2937 4878 usum
2967 4824 3257 4893 plebeculte
3282 4842 3413 4883 con-

1823 4916 2054 4985 scripto,
2093 4932 2285 4971 novam
2332 4917 2737 4970 translationem
2788 4917 2889 4979 vir,
2952 4922 3247 4988 prmsertim
3297 4924 3415 4977 sine

1825 5005 2210 5070 admonitione,
2239 5006 2377 5074 plebi
2412 5005 2781 5074 propositurus
2810 5007 2973 5065 fuisse
3002 5009 3247 5066 videtur?
3277 5012 3414 5080 Quid

1826 5099 1988 5169 ergo?
2031 5098 2268 5168 inquies,
2298 5113 2365 5153 an
2396 5099 2694 5168 Augustino
2726 5100 2888 5171 igitur
2920 5103 3021 5158 hoc
3046 5118 3183 5174 Opus
3209 5105 3417 5175 abiudi-

1827 5191 1952 5245 cas?
1994 5190 2370 5260 Nequaquam,
2398 5190 2490 5245 sed
2522 5192 2767 5260 suspicor
2811 5194 3095 5250 citationes
3124 5195 3417 5264 Scriptum

1831 5287 1956 5340 olim
1997 5302 2116 5340 esse
2153 5294 2384 5340 mutatas
2429 5301 2457 5341 a
2489 5287 2753 5344 monacho
2797 5291 3047 5359 quopiam
3078 5304 3142 5343 ex
3171 5288 3419 5343 versione

1837 5379 2271 5451 llieronymiana.

1907 5470 1983 5523 De
2014 5469 2258 5540 Psalmis,
2289 5472 2341 5525 in
2371 5472 2506 5541 psal.
2540 5486 2597 5525 ιι.
2630 5471 2858 5525 Adorate
2883 5486 3029 5540 pure,
3060 5485 3123 5521 ne
3150 5468 3283 5538 forte
3308 5469 3421 5523 ira-

1834 5562 2050 5634 scatur.]
2096 5563 2225 5629 Quis
2262 5564 2444 5616 credat
2475 5562 2831 5631 Augustinum
2865 5559 3170 5629 spirituales
3207 5575 3422 5626 sensus,

1833 5659 1993 5712 etiam
2022 5657 2109 5712 ubi
2145 5656 2274 5710 nulli
2303 5666 2450 5721 sunt,
2470 5654 2779 5710 avidissime
2806 5660 3123 5717 sectantem,
3148 5653 3290 5709 hunc
3317 5661 3423 5708 tam

1835 5749 2097 5819 insignem
2130 5748 2304 5805 locum
2331 5763 2396 5803 ex
2424 5746 2736 5803 Hieroni/mi
2769 5746 3019 5803 versione
3048 5746 3271 5814 citasse,
3300 5760 3424 5801 cum
