3908 6310
530 334 639 393 355

1437 335 1993 394 SUPPLEMENTUM
2032 339 2123 392 AD
2163 338 2391 395 ΟΡΕΠᾹ
2431 340 2483 397 S.
2531 342 2925 400 aUGUSTlNl.

3696 345 3784 411 356

532 450 834 519 praesertim
882 451 1209 521 Hieronymo
1255 454 1523 522 ingentem
1575 453 1826 507 invidiam
1874 454 2116 507 crearit?
2144 458 2193 515 Α
2224 457 2481 523 apostolis
2518 458 2733 525 probari
2773 469 2827 514 et
2854 473 3070 515 veraces
3100 458 3323 527 haberi,
3352 460 3550 530 partim
3577 476 3692 518 suas
3717 466 3783 521 tn.

534 541 645 595 Nec
674 541 929 596 Ecclesize
967 543 1180 609 quidem
1227 543 1583 611 posteriorum
1628 543 1969 607 saeculorum,
2001 557 2121 597 cum

536 631 881 686 admisissent
917 633 1215 687 versionem
1245 632 1583 703 Hieronymi;
1616 632 1669 687 in
1703 634 1954 698 Psalmis,
2001 633 2123 702 quia

534 722 692 791 vulgo
718 723 1029 777 memoriter
1056 724 1397 787 tenebantur,
1431 724 1716 780 voluerunt
1746 726 1944 780 veteris
1977 724 2125 779 Italas

536 826 690 865 usum
722 812 1002 881 abrogare.

608 904 684 957 De
714 905 845 958 libro
874 905 1178 973 Sapientire,
1220 906 1304 959 cui
1336 906 1450 959 hrec
1482 906 1831 976 praeﬁguntur
1875 926 1886 959 :
1926 908 2039 961 Ista
2064 908 2127 961 de

534 994 676 1049 libris
714 996 997 1063 posuimus,
1028 1012 1157 1064 quos
1204 1005 1249 1049 et
1275 995 1449 1050 Juda'i
1479 999 1748 1051 canonicos
1776 998 1990 1062 habent,
2020 1009 2123 1052 etc.

536 1086 661 1140 ﬂare
686 1101 754 1139 ex
782 1086 1095 1156 Hieronymi
1119 1088 1407 1150 sententia,
1435 1088 1618 1163 nescio
1644 1105 1709 1142 an
1735 1104 1799 1144 ex
1825 1090 2124 1159 Augustini.

533 1176 667 1231 Vide
695 1177 789 1230 lib.
831 1192 867 1230 tt
898 1177 964 1231 de
990 1178 1140 1231 Doct.
1169 1177 1497 1242 Christiana,
1528 1194 1644 1248 cap.
1679 1180 1730 1232 8.

1012 1309 1657 1367 ANIMADVERSIONES

724 1432 775 1471 IN
813 1432 996 1473 LIBROS
1034 1435 1100 1472 DE
1139 1434 1402 1475 CONSENSU
1444 1437 1946 1478 EVANGELISTARUII.

605 1526 769 1581 LIBBO
798 1544 838 1595 t,
870 1543 988 1598 cap.
1033 1529 1089 1596 2,
1125 1529 1152 1599 ξ
1194 1530 1246 1583 4.
1284 1531 1523 1596 Quamvis
1549 1533 1740 1603 singuli
1768 1551 1917 1587 suum
1944 1551 2122 1604 quem-

535 1621 654 1673 dam
698 1622 948 1675 narrandi
980 1623 1209 1676 ordinem
1253 1625 1473 1678 tenuisse
1511 1626 1766 1693 ridentur,
1814 1643 1916 1680 non
1957 1636 2125 1680 tamen

537 1716 880 1783 unusquisque
916 1731 1094 1769 eorum
1127 1718 1260 1769 velut
1304 1717 1517 1771 alterius
1545 1719 1881 1787 praecedentis
1912 1720 2125 1790 ignarus

2227 548 2423 602 storias
2449 551 2785 619 collegerint.
2824 551 2936 605 lino
2966 552 3096 606 nihil
3127 562 3274 609 vetat
3299 553 3473 623 ipsum
3504 555 3783 614 Matthaum

2226 638 2407 708 aliquo
2434 656 2589 695 usum
2632 657 2755 697 esse
2784 646 3192 711 commentario,
3224 661 3380 715 quem
3414 661 3656 702 veracem
3681 665 3788 707 esse

2226 732 2459 787 videbat.
2496 733 2674 789 Facile
2718 744 2896 789 autem
2931 737 3241 803 contingere
3271 739 3445 804 potuit
3469 736 3692 794 Marcum
3719 742 3789 795 in-

2227 821 2408 875 cidere
2440 823 2490 876 in
2520 825 2936 878 commentarios
2967 826 3171 879 similes
3209 826 3441 880 maxima
3476 842 3545 881 ex
3572 838 3710 895 parte
3734 833 3788 884 iis

2228 911 2421 980 quibus
2446 928 2572 967 usus
2600 914 2771 968 fuerat
2794 914 3093 969 Matthmus.
3119 915 3227 971 Nec
3250 915 3302 970 id
3329 917 3502 971 obstat
3528 920 3789 987 quominus

2228 1017 2413 1056 eorum
2457 1004 2735 1072 scriptioni
2766 1016 3021 1074 praeesset
3048 1006 3279 1076 Spiritus
3322 1018 3559 1077 sanctus,
3587 1025 3652 1063 ne
3680 1013 3789 1080 quid

2229 1094 2342 1146 falsi
2371 1094 2693 1149 scriberent.

2299 1184 2430 1238 Ibid.
2465 1184 2634 1239 Lucas
2682 1198 2848 1239 autem
2878 1188 3012 1241 circa
3050 1188 3418 1242 sacerdotalem
3450 1190 3653 1243 Domini
3684 1192 3790 1244 stir-

2228 1293 2339 1345 pem
2368 1285 2516 1346 atque
2545 1294 2813 1346 personam
2854 1282 3017 1349 magis
3052 1293 3327 1350 occupatus
3365 1281 3623 1353 appa"et.]
3660 1284 3791 1339 Cur?

2229 1366 2441 1423 Duabus
2471 1369 2537 1423 de
2568 1370 2771 1434 causis,
2809 1372 2851 1423 si
2883 1373 3153 1426 credimus
3183 1375 3503 1443 Augusrino.
3550 1375 3695 1430 Prior
3721 1389 3791 1432 est

2226 1459 2346 1528 quia
2388 1461 2496 1529 ipse
2528 1460 2712 1527 David,
2738 1480 3031 1533 quanruam
3070 1475 3244 1533 aperte
3284 1482 3375 1520 rex
3416 1469 3544 1535 fuit,
3575 1468 3794 1536 ﬁgurari

2226 1560 2393 1604 tamen
2429 1560 2474 1604 et
2499 1554 2778 1606 sacerdotis
2811 1570 3115 1623 personam,
3144 1557 3351 1624 quando
3388 1573 3541 1624 panes
3572 1562 3791 1629 proposi-

2226 1640 2380 1693 tionis
2412 1642 2766 1709 manducavit,
2807 1660 2929 1710 quos
2975 1660 3076 1697 non
3117 1645 3297 1698 licebat
3336 1647 3672 1710 manducare,
3709 1649 3794 1700 nisi

2224 1730 2346 1783 solis
2379 1733 2762 1798 sacerdotibus;
2799 1733 2970 1787 Lucas
3012 1746 3190 1790 autem
3228 1738 3295 1787 ad
3324 1739 3492 1806 ipsum
3522 1737 3682 1791 [avid
3710 1756 3793 1791 non

533 1805 749 1859 voluisse
784 1806 1004 1860 scribere
1040 1809 1313 1879 reperitur,
1354 1810 1430 1862 vel
1464 1810 1700 1879 ignorata
1742 1812 2122 1879 prtetermisisse
2152 1812 2196 1871 Β
2226 1822 2416 1888 regium
2450 1832 2660 1876 stemma
2693 1832 2895 1877 securus
2926 1828 3175 1890 ascendit,
3209 1828 3296 1881 sed
3323 1845 3412 1896 ρετ
3440 1845 3526 1883 eos
3552 1831 3638 1897 qui
3670 1847 3793 1899 reges

533 1910 648 1963 qum
676 1895 933 1965 scripsisse
958 1897 1092 1950 alius
1133 1899 1416 1964 invenitur;
1443 1900 1532 1953 sed
1563 1901 1692 1953 sicut
1732 1901 2002 1969 unicuique
2036 1902 2119 1954 in-

533 1986 781 2053 spiratam
807 1996 901 2053 est,
929 2002 1031 2040 non
1055 1990 1370 2057 superﬂuam
1401 1992 1803 2060 cooperationem
1826 1990 1905 2043 sui
1934 1992 2121 2044 laboris

533 2074 818 2146 adjunxit.]
848 2075 947 2129 Vix
963 2078 1176 2147 quidem
1209 2078 1453 2133 dubitare
1481 2094 1768 2149 possumus
1795 2096 1862 2134 an
1890 2080 2121 2135 Joannes

534 2165 634 2216 tria
677 2164 779 2218 alia
818 2165 1104 2235 Evangelia
1146 2167 1370 2232 viderit;
1416 2170 1538 2237 quia
1578 2184 1699 2223 cum
1746 2171 1812 2223 ad
1855 2185 2119 2225 summam

533 2262 861 2309 senectutem
896 2258 1235 2323 pervenerit,
1268 2258 1321 2311 in
1354 2273 1451 2313 suo
1487 2259 1647 2313 etiam
1676 2260 1965 2329 Evangelia
1994 2277 2123 2329 ope-

534 2358 648 2397 ram
672 2344 840 2411 dedit,
865 2361 930 2399 ne
955 2355 1225 2414 repeteret
1244 2362 1363 2416 qua:
1385 2348 1453 2401 ab
1473 2350 1591 2402 aliis
1613 2360 1865 2419 occupata
1886 2350 2117 2416 fuerant,

535 2440 733 2499 praeter
760 2446 947 2500 pauca,
980 2449 1151 2502 eaque
1186 2438 1521 2501 necessaria;
1554 2439 1693 2507 quod
1724 2454 1789 2493 ex
1819 2440 2121 2494 flarmoniis

535 2522 903 2592 Evangelicis,
958 2534 1011 2579 et
1061 2526 1357 2593 praesertim
1405 2527 1622 2595 quidem
1677 2544 1743 2583 ex
1804 2545 1865 2583 ea
1914 2546 2034 2600 qua:
2090 2545 2119 2583 a

536 2612 742 2668 Joanne
767 2614 976 2669 Clerico
1010 2615 1153 2670 edita
1181 2625 1292 2681 est,
1316 2616 1501 2686 liquet.
1545 2618 1652 2673 Sed
1681 2633 1785 2673 non
1828 2620 1986 2674 video
2031 2622 2120 2689 qui

536 2718 636 2774 pro
664 2714 941 2774 comperto
978 2705 1081 2760 diei
1115 2715 1277 2776 queat
1306 2709 1514 2764 Marcus
1557 2711 1777 2765 scivisse
1815 2727 1842 2763 a
1870 2712 2121 2766 Matthmo

534 2796 792 2865 scriptum
835 2796 999 2852 fuisse
1030 2797 1401 2869 Evangelium,
1456 2812 1547 2855 aut
1574 2800 1747 2856 Lucos
1776 2802 1844 2856 ab
1873 2811 2116 2872 utroque.

534 2886 591 2942 Si
622 2887 830 2942 Marcus
858 2888 1087 2943 Matthxi
1122 2890 1361 2945 laborem
1396 2891 1652 2957 vidisset,
1686 2895 1853 2947 multo
1884 2894 2119 2948 credibi-

536 2977 638 3032 lius
666 2988 745 3033 est
772 2993 894 3033 eum
926 2979 980 3032 in
1010 2979 1193 3033 labore
1214 2982 1444 3048 apostoli
1466 2981 1689 3046 ChriSIi,
1716 2984 1817 3037 hoc
1840 2993 1941 3050 est,
1969 2986 2120 3039 testis

535 3068 753 3132 oculati,
778 3069 1146 3136 acquieturum
1172 3068 1367 3133 fuisse;
1398 3085 1498 3125 nec
1515 3071 1706 3138 Lucas,
1735 3074 1846 3141 qui,
1876 3083 1931 3127 ut
1954 3076 2121 3145 liquet

535 3174 603 3213 ex
643 3158 794 3211 initio
830 3158 945 3226 ejus
996 3160 1269 3228 Evangelii

537 3245 735 3300 Christi
779 3249 1194 3303 commentarios
1249 3250 1475 3317 viderat,
1517 3252 1787 3309 omisisset
1825 3269 2124 3310 memorare

538 3344 837 3413 apostolum
869 3345 1040 3413 qualis
1086 3354 1205 3399 erat
1250 3347 1552 3402 Matthecus.
1605 3350 1735 3416 Quis
1772 3350 1956 3405 credat
1998 3367 2119 3405 eum

538 3448 731 3489 novam
748 3436 944 3491 Christi
965 3437 1329 3508 genealogiam
1352 3439 1633 3494 allaturum
1659 3439 1845 3507 fuisse,
1871 3457 1937 3496 ne
1955 3443 2122 3496 verbo

538 3527 752 3597 quidem
780 3537 1073 3584 memorata
1099 3529 1409 3600 genealogia
1441 3545 1471 3583 a
1498 3530 1746 3587 Μαιώωο
1771 3543 1926 3588 antea
1953 3535 2120 3599 edita,

537 3632 657 3674 cum
680 3623 975 3688 prtesertim
1004 3620 1070 3675 ad
1093 3636 1186 3677 eos
1216 3622 1271 3677 in
1296 3622 1638 3678 concordiam
1668 3624 1990 3693 redigendos
2014 3640 2121 3679 non

538 3711 671 3766 levis
697 3712 984 3769 difficultas
1015 3713 1287 3767 exoritura
1332 3714 1519 3768 esset?
1567 3714 1855 3782 lnspiratos
1903 3716 2119 3784 quidem

537 3816 696 3857 nemo
731 3803 1050 3867 diffiteatur;
1082 3812 1136 3856 at
1165 3818 1273 3881 non
1305 3803 1374 3855 ita
1408 3812 1464 3856 ut
1501 3804 1708 3857 ratione
1736 3820 1831 3859 sua
1864 3808 1939 3859 uti
1979 3806 2122 3861 desi-

536 3898 730 3945 nerent
769 3890 1013 3959 inspirati
1062 3890 1305 3954 fuerunt,
1342 3900 1396 3945 et
1431 3892 1584 3961 quasi
1632 3893 1978 3962 inspiratione
2023 3911 2120 3951 sua

538 3978 697 4032 tidem
732 3978 967 4033 historiae
999 3980 1140 4048 apud
1179 3978 1515 4047 inercdulos,
1547 3983 1741 4052 quibus
1773 3987 1983 4053 probari
2011 4004 2120 4043 non

539 4074 748 4137 poterat
790 4068 881 4122 ille
925 4068 1175 4134 afﬂatus,
1222 4070 1411 4125 tacturi
1460 4082 1661 4127 essent.
1714 4074 1879 4130 Multo
1922 4076 2142 4135 rectius'

536 4156 740 4211 sentire
784 4156 1034 4212 videntur
1062 4160 1152 4229 qui
1182 4161 1545 4231 evangelistas
1594 4172 1701 4219 tres
1731 4165 1941 4234 priores
1962 4224 1965 4227 η
1985 4170 2119 4223 seri-

536 4244 712 4314 psisse
740 4260 866 4301 suas
912 4246 1162 4305 historias
1205 4260 1457 4320 censent,
1490 4266 1610 4307 cum
1659 4263 1847 4310 neuter
1892 4256 2118 4313 aliorum

534 4335 746 4392 consilii
773 4338 1022 4394 conscius
1050 4351 1212 4408 esset,
1238 4341 1378 4397 unde
1406 4343 1566 4397 etiam
1597 4359 1781 4400 eorum
1816 4349 2117 4403 testimonio

530 4426 704 4495 majus
732 4427 937 4482 accedit
966 4429 1196 4498 pondus.
1242 4432 1371 4485 Cum
1405 4433 1549 4486 enim
1578 4437 1922 4493 consentiunt
1953 4448 2116 4495 testes

530 4516 622 4587 qui
664 4518 803 4573 inter
830 4532 889 4572 se
917 4519 1092 4586 capita
1132 4523 1509 4587 contulerunt,
1541 4527 1776 4593 suspecti
1808 4530 1986 4596 potius
2021 4532 2115 4584 ha-

529 4610 760 4675 bentur;
792 4608 886 4664 sed
918 4618 1082 4679 testes
1111 4611 1201 4680 qui
1258 4611 1398 4667 idem
1442 4623 1705 4670 testantur
1731 4620 1987 4684 seorsim,
2021 4637 2113 4675 ne-

530 4703 629 4757 scii
659 4702 883 4758 aliorum
920 4703 1233 4772 testimonii,
1272 4706 1464 4760 merito
1505 4722 1693 4762 verum
1721 4708 1901 4764 dicere
1927 4712 2113 4768 viden-

531 4802 636 4848 llll'.

530 4878 533 4879 ⁷
599 4883 732 4959 Ibid.
770 4886 975 4943 Marcus
1012 4904 1127 4943 eum
1156 4888 1478 4955 subsecutus,
1517 4892 1663 4959 quasi
1703 4894 2034 4966 pedissequus
2063 4910 2110 4953 et

526 4972 778 5025 breviator
804 4980 910 5045 ejus
929 4978 1172 5047 videtur.]
1200 4979 1360 5033 Miror
1391 4980 1461 5034 ita
1493 4980 1633 5050 loqui
1657 4984 2008 5052 Augustinum
2038 4989 2106 5043 de

526 5063 787 5132 scriptore
817 5067 1024 5133 amato,
1069 5086 1243 5139 neque
1274 5072 1417 5128 enim
1461 5074 1809 5143 inspiratione
1855 5094 1988 5148 opus
2024 5092 2107 5137 est

527 5166 585 5212 ut
611 5157 875 5226 quispiam
906 5161 975 5212 sit
1000 5162 1327 5232 pedissequus
1356 5176 1401 5218 et
1426 5166 1675 5222 breviator
1703 5172 1880 5239 operis
1924 5174 2101 5230 alieni.

523 5247 855 5304 Crediderim
885 5251 1059 5318 potius
1099 5252 1167 5306 iis
1193 5255 1282 5323 qui
1318 5257 1552 5313 Marcum
1583 5276 1611 5313 a
1640 5261 1798 5317 Petro
1839 5268 2106 5337 evangeli-

524 5356 639 5395 cam
682 5339 955 5395 historiam
998 5344 1269 5411 accepisse
1307 5359 1555 5415 censent;
1602 5366 1702 5407 nec
1741 5353 1924 5411 dubito
1950 5358 2099 5427 quin,

521 5444 642 5484 eum
676 5432 848 5497 multi,
877 5442 931 5486 ut
961 5431 1194 5502 prodidit
1231 5435 1404 5491 Lucas
1447 5438 1600 5494 initio
1632 5442 1923 5515 Evangelii,
1955 5463 2102 5504 com-

522 5525 810 5580 mentarios
841 5525 1103 5581 dictorum
1136 5536 1188 5581 et
1216 5527 1475 5583 factorum
1502 5530 1699 5590 Christi
1732 5538 2097 5608 scripsissent,

524 5614 735 5668 Marcus
768 5625 819 5670 et
846 5618 1038 5687 Lucas,
1080 5620 1169 5690 qui
1206 5629 1372 5677 testes
1400 5638 1583 5680 eorum
1630 5644 1677 5682 ηε
1702 5645 1735 5681 n
1768 5629 1997 5700 fuerant,
2030 5652 2095 5692 ex

521 5706 1022 5762 commentariorum
1049 5710 1259 5768 illorum
1290 5716 1561 5773 nonnullis
1587 5734 1718 5788 quos
1750 5722 1998 5780 videbant
2030 5728 2097 5783 ab

2167 1900 2189 1923 ’⁷
2223 1930 2321 1967 non
2344 1914 2550 1983 fuerunt
2580 1931 2641 1969 ea:
2668 1918 2730 1970 iis
2752 1919 2818 1969 ad
2838 1917 3052 1970 Nathan
3081 1920 3246 1985 ﬁlium
3272 1918 3453 1987 Dauid,
3479 1921 3567 1991 qui
3596 1938 3687 1976 nec
3704 1923 3794 1987 ipse

2220 2019 2312 2057 rex
2331 2005 2451 2075 fuit.
2479 2004 2666 2060 Nullus
2694 2022 2797 2061 non
2828 2009 2974 2061 videt
3000 2010 3395 2065 commentitias
3422 2010 3518 2064 has
3543 2026 3660 2066 esse
3687 2027 3793 2066 con-

2223 2095 2560 2165 sequentias;
2586 2112 2718 2166 quas
2751 2098 2796 2153 si
2822 2101 2941 2169 quis
2971 2110 3148 2169 neget,
3183 2116 3340 2156 nemo
3366 2104 3596 2172 probare
3626 2115 3787 2173 queat.

2224 2187 2328 2242 Sed
2355 2189 2502 2243 hisce
2528 2191 2833 2245 rhetoribus
2856 2193 2985 2247 satis
3009 2205 3123 2247 erat
3146 2195 3417 2264 quidpiam
3443 2210 3546 2249 non
3570 2212 3686 2252 esse
3708 2198 3794 2250 im-

2225 2282 2502 2349 possibile,
2535 2293 2594 2337 ut
2625 2287 2775 2353 quasi
2810 2286 3083 2354 probabile
3113 2289 3163 2341 in
3202 2289 3435 2343 medium
3463 2291 3789 2358 proferretur.

2222 2372 2336 2426 Non
2368 2375 2568 2427 ﬁrmior
2596 2384 2681 2429 est
2708 2377 2873 2432 altera
2904 2381 3060 2445 ratio,
3090 2395 3208 2448 quae
3238 2381 3317 2435 sic
3344 2381 3543 2437 habet:
3574 2382 3685 2435 Ilus
3712 2399 3789 2434 ac-

2222 2462 2352 2515 cedit
2381 2464 2516 2532 quod
2559 2465 2699 2519 solus
2738 2469 2888 2520 et’am
2911 2466 3076 2522 Lucas
3106 2468 3327 2523 Mariam
3354 2481 3707 2525 commemorat
3733 2474 3789 2524 ab

2222 2551 2405 2622 angelo
2448 2555 2825 2623 manifestatum
2866 2567 3130 2628 cognatam
3180 2559 3337 2628 fuisse
3363 2559 3645 2625 Elizabeth,
3688 2579 3790 2630 qua:

2223 2657 2353 2695 uxor
2380 2652 2489 2695 erat
2512 2644 2782 2700 Zachariae
2820 2649 3127 2714 sacerdotis;
3167 2650 3232 2703 de
3274 2667 3371 2720 quo
3406 2653 3540 2706 idem
3585 2655 3791 2721 scripsit,

2222 2736 2356 2804 quod
2376 2753 2484 2791 eam
2511 2739 2573 2793 de
2590 2738 2795 2806 filiabus
2814 2743 3005 2801 Aaron.
3025 2742 3123 2797 hoc
3138 2753 3234 2810 est,
3251 2744 3314 2798 de
3334 2747 3469 2800 tribu
3488 2748 3793 2801 sacerdotum

2226 2826 2439 2880 habebat
2493 2844 2726 2883 uxorem.
2774 2831 3013 2900 Ergone,
3057 2833 3178 2902 quia
3224 2833 3389 2891 Maria
3433 2847 3653 2906 cognata
3690 2850 3793 2892 crat

2225 2916 2466 2971 mulieris
2497 2934 2566 2973 ex
2600 2920 2917 2974 sacerdotali
2951 2922 3217 2991 prosapia,
3250 2923 3371 2980 ideo
3401 2940 3467 2981 ex
3494 2928 3793 2982 sacerdotali

2223 3006 2391 3074 stirpe
2431 3016 2486 3061 et
2533 3008 2647 3077 ipsa
2692 3009 2821 3064 fuit?
2854 3013 2936 3066 An
2982 3014 3143 3083 igitur
3176 3016 3405 3070 Aaronis
3445 3018 3641 3085 posteri
3683 3032 3793 3071 curn

2224 3098 2368 3151 nulla
2400 3098 2502 3153 al'a
2532 3100 2671 3155 tribu
2702 3103 2967 3158 connubia
2994 3106 3363 3161 miscuerunt?
3393 3106 3544 3161 Nulla
3573 3107 3684 3177 lege
3704 3109 3795 3162 hoc

1295 3201 1333 3267 ,Δ
1353 3161 1535 3267 plures
1563 3163 1630 3263 de
1660 3163 1824 3267 ‘dictis
1867 3174 1922 3219 ει
1972 3166 2121 3221 faelis
2148 3170 2193 3233 C
2228 3189 2291 3243 iis
2322 3190 2659 3259 impositum,
2694 3194 2841 3248 nulla
2876 3198 3265 3253 consuetudine
3292 3161 3653 3255 observatum:
3677 3199 3795 3267 Qum

2226 3294 2356 3349 ergo
2393 3282 2519 3336 hinc
2560 3283 2883 3353 colliguntur
2926 3286 2993 3342 de
3032 3288 3246 3344 diverso
3290 3289 3519 3346 Mutthzei
3557 3299 3613 3347 et
3650 3292 3794 3346 Luem

2224 3368 2450 3425 consilio
2498 3372 2673 3428 inania
2723 3384 2865 3430 sunt.
2912 3376 3029 3431 Non
3072 3380 3296 3435 meliore
3343 3381 3587 3437 nituntur
3625 3383 3795 3438 funda-

2224 3467 2407 3514 mento
2436 3476 2557 3530 qua:
2583 3472 2765 3531 postea
2812 3465 3063 3522 dicuntur
3092 3469 3159 3525 de
3184 3472 3389 3527 Joanne
3428 3473 3637 3543 quidem
3665 3474 3794 3528 circa

2223 3552 2471 3607 virtutem
2509 3548 3002 3625 contemplativam,
3043 3563 3255 3617 caeteris
3296 3578 3431 3619 vero
3464 3566 3793 3634 evangelisris

2224 3642 2364 3695 circa
2394 3644 2623 3699 activam
2652 3649 3020 3715 versantibus;
3056 3659 3167 3706 tum
3197 3652 3358 3707 etiam
3389 3654 3457 3710 de
3489 3656 3793 3710 animalibus

2223 3733 2450 3803 singulis
2494 3739 2837 3807 evangelistis
2881 3742 3174 3800 attributis.
3204 3745 3337 3811 Quae
3364 3757 3540 3803 tamen
3570 3763 3672 3804 non
3700 3750 3791 3803 ob-

2221 3838 2510 3887 servarem.
2532 3827 2634 3882 nisi
2661 3830 2897 3886 viderem
2919 3835 3145 3890 somniis
3168 3837 3537 3907 hujuscemodi
3559 3842 3792 3912 applaudi

2222 3930 2252 3969 a
2293 3918 2597 3986 nonnullis,
2630 3922 2717 3990 qui
2748 3936 2931 3978 contra
2961 3928 3179 3985 meliora
3205 3933 3669 3991 vehementissime
3702 3951 3793 4004 op-

2222 4016 2461 4076 pugnant
2487 4024 2503 4062 :
2530 4010 2681 4079 quasi
2712 4013 2860 4069 mille
2886 4017 3009 4070 anni
3040 4019 3248 4087 pondus
3275 4022 3537 4079 adderent
3562 4027 3790 4092 somniis,

2220 4112 2307 4151 res
2349 4114 2477 4154 vero
2533 4104 2937 4161 accuratissime
2981 4107 3375 4170 demonstratas
3429 4117 3546 4172 sola
3600 4120 3791 4174 navitas

2219 4199 2400 4256 posset
2429 4192 2658 4247 elevare.

2288 4278 2419 4348 Cap.
2454 4282 2536 4345 15,
2574 4283 2601 4352 §
2632 4284 2720 4340 23.
2752 4286 2975 4353 Quidam
3009 4291 3304 4365 philosophi
3344 4312 3550 4362 eorum,
3580 4301 3706 4354 sicut
3742 4301 3787 4353 in

2220 4369 2360 4422 libris
2398 4372 2504 4424 suis
2532 4371 2853 4444 Porphyrius
2883 4379 3091 4435 Siculus
3134 4384 3393 4453 prodidit,
3436 4390 3787 4442 consuluerunt

2218 4458 2338 4513 deos
2363 4468 2481 4515 suos
2509 4464 2630 4531 quid
2655 4464 2718 4518 de
2736 4466 2939 4521 Christo
2967 4474 3364 4539 responderent;
3392 4474 3471 4528 illi
3497 4486 3665 4531 autem
3686 4494 3787 4531 ora.

2143 4539 2191 4599 Ι)
2218 4550 2347 4603 culis
2369 4553 2474 4604 suis
2495 4550 2755 4609 Christum
2780 4560 2994 4615 laudare
3014 4565 3262 4632 compulsi
3281 4566 3445 4638 sunt.]
3479 4566 3784 4641 Porphyrius

2218 4654 2321 4693 non
2362 4640 2574 4697 Siculus
2614 4644 2735 4713 fuit,
2767 4649 2862 4703 sed
2892 4649 3103 4721 Tyrius,
3136 4661 3197 4706 ut
3236 4654 3347 4723 jam
3396 4640 3781 4713 observavimus

2214 4731 2279 4783 ad
2296 4731 2742 4791 Retractationum
2765 4740 2855 4796 lib.
2872 4757 2932 4809 ιι,
2956 4758 3074 4813 cap.
3091 4744 3179 4800 52.
3196 4745 3477 4817 Porphyrii
3500 4751 3659 4805 verba
3681 4752 3782 4805 vide

2214 4822 2355 4890 apud
2386 4824 2673 4881 Eusebium
2708 4831 2982 4886 Demonst.
3018 4835 3339 4904 evangelica:
3367 4839 3461 4895 lib.
3495 4857 3571 4907 ut,
3604 4857 3714 4910 cap.
3736 4842 3778 4903 6,

2212 4922 2265 4967 et
2294 4913 2361 4968 de
2385 4912 2541 4970 Civit.
2566 4917 2659 4971 Dei
2692 4920 2782 4976 lib.
2819 4938 2930 4987 XIX,
2963 4938 3080 4993 cap.
3104 4926 3195 4981 23.

2226 5052 2229 5056 .
2282 5006 2416 5073 Cap.
2449 5007 2540 5071 2'2,
2573 5009 2599 5074 §
2627 5011 2714 5064 50.
2756 5013 2861 5066 Alii
2886 5014 3060 5069 dicunt
3088 5017 3350 5073 Saturnus
3378 5030 3473 5081 est.
3506 5023 3658 5076 credo
3680 5036 3781 5092 pro-

2210 5102 2319 5162 pter
2335 5096 2529 5150 sabbati
2544 5102 3020 5171 sancti/icationem,
3037 5108 3157 5177 quia
3178 5109 3265 5162 isti
3286 5125 3398 5164 eum
3420 5112 3555 5166 diem
3572 5114 3779 5168 Saturno

2209 5183 2534 5255 tribuerunt.]
2562 5188 2664 5240 Alii
2691 5190 2954 5247 Bacchum
2977 5195 3045 5248 ab
3073 5195 3140 5251 iis
3159 5197 3264 5251 coli
3285 5198 3554 5267 dicebant,
3578 5210 3779 5272 propter

2209 5274 2389 5328 nescio
2424 5291 2556 5344 quas
2590 5278 2786 5334 rituum
2824 5283 3235 5353 similitudines,
3269 5297 3328 5343 ut
3357 5290 3528 5361 liquet
3571 5308 3635 5349 ex
3664 5293 3776 5348 Plu.

2209 5365 2391 5419 tarcho
2412 5367 2880 5437 Symposiacorum
2904 5375 2999 5431 lib.
3026 5393 3096 5442 tv,
3122 5378 3322 5445 Quast.
3346 5382 3401 5437 5.
3427 5385 3495 5437 At
3513 5384 3615 5440 hac
3636 5390 3772 5453 negat

2207 5455 2419 5511 Tacitus
2451 5458 2642 5515 llistor.
2684 5463 2779 5519 lib.
2806 5480 2861 5531 v,
2892 5482 3011 5536 cap.
3031 5469 3097 5534 5;
3131 5470 3224 5525 sed
3255 5480 3476 5541 propter
3503 5476 3768 5531 absurdam

2207 5547 2465 5602 rationem
2506 5566 2518 5602 :
2556 5553 2738 5623 quippe
2762 5554 2930 5621 Liber,
2965 5558 3166 5627 inquit,
3198 5563 3353 5629 festos
3382 5563 3625 5635 latosque
3658 5566 3767 5619 ritus

2205 5640 2399 5707 posuit;
2428 5640 2726 5699 Judteorum
2757 5664 2863 5703 mos
2890 5649 3141 5705 absurdus
3161 5654 3514 5732 sordidusque.
3566 5657 3674 5712 lmo
3697 5669 3767 5709 sa-

2204 5730 2354 5797 piens
2403 5740 2458 5788 et
2486 5732 2701 5791 sobrius
2748 5752 2867 5794 mos
2885 5737 3225 5811 Iudaeorum,
3265 5730 3399 5799 ritus
3427 5760 3557 5802 vero
3589 5744 3764 5802 Bacchi
