3908 6322
183 291 254 353 557
820 291 1168 349 νΑιιιοιιυΜ
1210 291 1711 346 E-X-liRCITATlON

1842 291 1904 345 IN
1947 291 2005 347 S.
2048 291 2419 349 AUGUSTINI
2460 292 2710 348 OPERA.

3291 298 3400 358 558

179 408 540 462 lemulentorum
572 420 635 459 ac
666 402 987 458 furiosorum
1018 404 1312 458 hominum.
1362 402 1451 457 Sic
1480 402 1712 457 absurde
1742 407 1790 464 Α
1821 404 2041 457 ationem
2078 406 2221 457 illaut
2245 420 2358 473 qua:
2380 404 2569 458 dicitur
2601 405 2960 475 Septuaginta,
2984 411 3037 462 in
3066 411 3329 468 nonnullis
3343 429 3401 470 sc

173 499 322 559 ethnici
361 498 523 551 etiam
554 495 653 548 viri
684 508 875 563 graves
903 501 956 547 et
996 493 1168 558 docti,
1201 492 1267 546 de
1314 491 1475 545 rebus
1510 490 1705 544 divinis

168 589 450 664 judicabant,
481 596 538 640 et
562 587 687 639 dum
720 600 784 637 ex
816 584 1053 637 moribus
1082 583 1193 636 suis
1222 582 1288 635 de
1319 582 1541 634 aliarum
1570 595 1703 647 gen-

168 690 263 744 tium
283 684 381 737 diis
410 683 722 751 loquuntur,
748 678 950 731 alienas
972 677 1049 731 eis
1072 675 1351 743 opiniones
1377 672 1705 726 tribuebant.

168 776 266 833 Vide
292 789 409 844 qua:
439 773 542 826 hac
564 772 632 825 de
664 784 721 823 rc
752 769 956 822 notavit
976 767 1130 821 Joan.
1160 764 1399 820 Clericus
1426 768 1569 817 Artis
1593 763 1711 816 Cri-

164 871 252 926 tiae
277 874 414 934 part.
437 866 495 931 2,
523 873 655 917 sect.
684 863 737 925 l,
770 875 888 927 cap.
918 860 1003 912 l5.

212 960 363 1014 Lutto
402 972 469 1019 It,
509 970 625 1022 cap.
650 955 706 1017 4,
745 940 848 1021 ξε.
896 953 1052 1003 Acute
1085 950 1268 1018 quippe
1304 946 1710 1001 animadversum

158 1058 212 1106 est
242 1047 566 1109 Hatthwum,
598 1044 684 1113 qui
710 1043 901 1112 regiam
933 1041 985 1092 in
1012 1038 1211 1092 Christo
1241 1038 1531 1089 instituerat
1573 1035 1707 1087 insi-

157 1156 286 1195 nuare
311 1152 605 1209 personam,
638 1143 845 1203 excepto
872 1133 982 1201 ipso
1005 1130 1226 1195 Christo,
1257 1127 1593 1198 quadraginta
1621 1125 1713 1177 ho-

157 1233 287 1285 mines
325 1230 379 1281 in
416 1226 798 1297 generationum
836 1223 964 1275 serie
1006 1218 1338 1288 nominasse]
1369 1217 1550 1271 Voluit
1584 1216 1712 1271 Mat-

157 1326 302 1378 thnus
339 1320 621 1375 nominare
648 1315 999 1385 quadraginta
1030 1314 1164 1366 duos
1195 1311 1439 1364 [nomines
1466 1353 1479 1375 ,
1515 1321 1713 1379 eosque

156 1416 451 1476 nominarat,
495 1420 553 1465 ut
584 1410 746 1479 liquet
786 1422 851 1462 ex
883 1420 1025 1460 vers.
1062 1406 1147 1469 l7,
1185 1403 1274 1458 ubi
1305 1416 1493 1456 omnes
1524 1399 1713 1454 dividit

153 1511 314 1560 intres
340 1500 805 1560 tessaradecadas;
831 1511 1054 1566 quarum
1082 1495 1269 1565 primae
1292 1493 1530 1547 decimus
1552 1505 1713 1559 quar-

153 1610 217 1651 tus
239 1605 320 1651 est
345 1592 533 1659 David,
566 1590 815 1645 secundae
845 1587 1132 1641 Jechonias
1155 1585 1317 1639 Josiae
1350 1582 1513 1645 ﬁlius,
1541 1582 1711 1635 tertiae

153 1684 397 1754 losephus
436 1683 519 1736 vir
551 1682 751 1734 Mariae.
798 1676 905 1732 Sed
949 1675 1067 1729 duze
1109 1674 1294 1744 prima:
1340 1672 1711 1742 generationes

1813 496 1964 547 aliter
1993 495 2177 548 habere
2232 495 2663 561 quaminveniunl
2714 498 2766 551 in
2820 498 3037 553 Heber
3063 502 3149 568 qui
3169 520 3277 555 eam
3300 504 3401 561 lin-

1811 603 1963 656 guam
1984 594 2247 649 noverunt,
2276 596 2321 639 et
2340 588 2428 655 qui
2458 588 2771 655 interpretati
2819 600 2932 644 sunt
2976 594 3169 662 singuli
3198 595 3403 651 eosdem

1812 677 1969 729 libros
1989 676 2254 731 Hebra’os.
2278 676 2327 728 11
2334 696 2360 730 u
2357 679 2447 747 jus
2468 680 2583 731 item
2600 679 2856 735 distantia:
2871 699 3024 736 causa
3056 686 3099 737 si
3119 696 3401 754 qureratur,

1812 784 1901 819 cur
1923 775 2065 819 tanta
2094 769 2371 821 auctoritas
2392 769 2831 837 interpretationis
2858 772 3194 842 Septuaginta
3227 774 3402 827 multis

1813 857 1864 909 in
1898 857 2024 910 locis
2055 858 2203 911 distet
2231 858 2292 910 ab
2314 876 2372 911 ea
2401 860 2607 913 veritate
2628 877 2740 929 qua:
2787 862 2840 914 in
2871 861 3102 916 Hebrwis
3147 863 3400 916 codicibus

1812 948 2087 1011 invenitur,
2113 948 2244 1000 nihil
2266 967 2527 1003 occurrere
2542 953 2850 1020 probabilius
2866 956 3095 1007 existimo
3115 972 3264 1025 quam
3286 958 3401 1010 il’os

1814 1038 2150 1109 Septuaginta
2175 1057 2233 1092 eo
2256 1042 2441 1109 spiritu
2463 1042 2817 1105 interpretatos
2829 1062 2925 1113 quo
2950 1055 2994 1098 et
3016 1046 3107 1099 illa
3122 1063 3233 1114 qua:
3249 1049 3404 1102 inter-

1813 1133 2141 1202 pretabantur
2169 1134 2305 1185 dicta
2335 1137 2577 1203 fuerunt;
2604 1138 2738 1203 quod
2766 1154 2829 1190 ea:
2879 1142 2988 1207 ipsa
3033 1156 3209 1193 eorum
3237 1143 3398 1194 mira-

1814 1223 1927 1289 bili,
1956 1242 2069 1294 qute
2092 1225 2419 1295 prtcdica'tur,
2452 1229 2776 1281 consensione
2806 1230 3065 1297 ﬁrmatum
3092 1231 3209 1303 est.]
3236 1235 3395 1300 Atqui

1814 1310 1929 1366 hate
1950 1315 2235 1370 consensio
2262 1316 2437 1384 putida
2464 1325 2546 1371 cst
2576 1317 2773 1385 fabula,
2795 1333 2950 1387 quam
2970 1321 3127 1375 doleo
3149 1338 3300 1392 aeque
3322 1326 3399 1377 la-

1812 1405 1911 1459 cile
1943 1406 2199 1461 creditam
2228 1423 2288 1461 ac
2312 1424 2430 1476 qua:
2462 1409 2618 1463 tidem
2649 1410 2748 1464 sibi
2785 1411 3032 1464 omnibus
3066 1415 3395 1481 argumentis

1812 1496 2004 1565 quibus
2026 1512 2213 1551 verum
2242 1512 2270 1550 a
2313 1496 2445 1550 falso
2482 1499 2799 1564 secernitur,
2832 1500 3060 1563 faciunt;
3094 1516 3213 1555 cum
3262 1516 3400 1570 prae-

1811 1586 1994 1639 sertim
2036 1586 2160 1641 inde
2185 1587 2327 1640 aliud
2368 1588 2554 1641 falsum
2602 1600 2816 1643 enatum
2862 1591 2930 1644 sit
2975 1593 3399 1657 consectarium,

1812 1689 1919 1744 quo
1952 1676 2208 1744 pntabant
2228 1684 2320 1729 aut
2349 1676 2485 1731 bene
2508 1678 2732 1733 vertisse
2758 1679 2897 1731 LXX
2929 1681 3268 1749 interpretes,
3308 1693 3401 1737 ant

153 1776 326 1830 desunt
374 1773 427 1827 in
474 1771 630 1826 tettia
676 1765 1103 1830 tessaradecade,
1155 1765 1285 1818 vitio
1333 1764 1705 1825 librariorum;
1741 1778 1786 1837 Β
1814 1765 2013 1834 Spiritu
2036 1776 2184 1820 actos
2218 1767 2319 1820 alia
2356 1767 2581 1831 dixisse,
2614 1784 2731 1836 qua:
2783 1769 2846 1822 iis
2891 1773 3208 1839 suggerebat
3237 1772 3402 1840 Spiri~

152 1866 264 1921 nihil
292 1866 431 1921 enim
465 1870 641 1933 petest
670 1858 952 1916 absurdius
982 1856 1104 1926 ﬁngi
1131 1870 1289 1925 quam
1320 1855 1365 1908 si
1395 1853 1541 1908 dicas
1572 1852 1706 1905 Mat—

152 1959 329 2011 thazum
358 1957 562 2026 ipsum,
595 1950 926 2007 recensendo
950 1946 1214 2017 singulos,
1251 1958 1560 2000 numerasse
1590 1951 1706 1996 tan-

153 2059 247 2103 tum
288 2043 951 2117 quadraginta‘hom‘nes;
998 2037 1345 2093 subducenda
1388 2050 1516 2090 vero
1561 2049 1708 2088 sum-

153 2153 299 2204 mam,
328 2135 599 2191 invenisse
627 2131 977 2202 quadraginta
1008 2128 1161 2182 duos.
1197 2124 1426 2180 Perinde
1451 2132 1535 2179 est
1563 2139 1624 2177 ac
1663 2122 1709 2176 si

154 2231 257 2299 quis
302 2229 581 2285 recensitis
628 2226 813 2281 decem
862 2224 1081 2292 digitis,
1132 2220 1355 2290 singulis
1408 2217 1709 2273 nominibus

154 2322 269 2385 suis,
307 2319 550 2374 undecim
583 2328 767 2385 postea
804 2314 905 2368 sibi
944 2327 1063 2368 esse
1088 2312 1309 2366 diceret.
1344 2310 1494 2365 Absit
1522 2316 1579 2363 ut
1607 2308 1712 2363 tale

155 2413 266 2482 quid
304 2412 641 2480 evangelista:
685 2407 1013 2462 tribuamus!
1066 2405 1369 2475 Mysterium
1416 2403 1473 2457 in
1518 2403 1712 2457 mendo

155 2504 473 2558 librariorum
505 2502 698 2555 frustra
729 2498 968 2569 quaesivit
990 2494 1336 2567 Augustinus,
1360 2494 1413 2548 in
1438 2493 1713 2563 sequenti.

157 2593 243 2649 bus
269 2594 462 2648 verbis.

212 2685 344 2741 Ibid.
378 2684 637 2738 Numerus
663 2690 829 2735 autem
852 2682 944 2733 iste
965 2679 1095 2732 illud
1117 2688 1312 2745 tempus
1340 2674 1594 2745 signiﬁcat
1616 2678 1717 2741 quo

156 2778 199 2829 in
219 2779 316 2830 hoc
331 2778 518 2829 swculo
543 2782 589 2827 ct
615 2775 667 2827 in
687 2773 782 2825 hac
803 2783 938 2825 terra
959 2771 1067 2840 regi
1102 2784 1192 2821 uos
1229 2773 1423 2836 oportet
1446 2780 1478 2817 a
1497 2762 1715 2827 Christo,

157 2869 419 2921 secundum
462 2866 788 2933 disciplinam
839 2864 1143 2916 laboriosam
1182 2875 1281 2930 qua
1309 2858 1533 2926 ﬂagellat
1564 2856 1717 2917 Deus,

156 2966 199 3008 ut
217 2957 456 3025 scriptum
475 2964 569 3021 est,
598 2958 794 3007 omnem
816 2954 979 3020 ﬁlium
1000 2966 1145 3018 quem
1174 2949 1384 3016 recipit,
1416 2942 1545 3014 etc.]
1574 2944 1630 3000 Si
1655 2944 1722 2998 ab

158 3051 435 3118 Augustino
460 3057 611 3117 petas
635 3062 730 3101 cur
760 3047 829 3099 ita
859 3058 1136 3098 numerum
1169 3039 1515 3109 quadraginta
1549 3040 1717 3090 inter-

1813 1864 1917 1910 tus.
1947 1855 2098 1922 Quod
2123 1871 2279 1925 quam
2311 1856 2503 1910 falsum
2536 1860 2606 1911 sit
2635 1866 2831 1912 norunt
2869 1860 2901 1912 ii
2934 1861 3022 1928 qui
3054 1876 3169 1914 eam
3203 1864 3404 1917 versio-

1813 1960 1936 2001 nem
1960 1961 2079 2000 cum
2128 1946 2393 2001 llebraico
2442 1958 2585 2002 textu
2636 1951 2998 2015 contulerunt,
3029 1962 3083 2006 et
3107 1953 3399 2019 quirorum

1810 2036 2250 2091 allucinationnm
2300 2053 2491 2093 causas
2540 2049 2883 2108 aperuerunt.
2946 2042 3139 2097 ‘s'erum
3187 2045 3252 2099 iis
3302 2031 3400 2115 qui

1814 2132 2064 2186 nolebant
2092 2131 2402 2186 llebraicam
2426 2132 2658 2202 linguam
2678 2134 2886 2189 discere
2924 2125 3399 2205 expediebatcredi

1814 2223 1954 2293 quod
1984 2224 2142 2279 habet
2165 2226 2512 2294 Augustinus,
2545 2240 2609 2279 ne
2632 2225 2859 2280 inscitia:
2880 2229 3403 2298 autarrogantiaein-

1816 2315 2212 2381 simularentur,
2243 2314 2382 2385 quoii
2415 2331 2509 2384 per
2545 2326 2706 2370 totam
2746 2319 2905 2371 vitam
2962 2333 3025 2373 ex
3059 2321 3246 2375 vitium
3280 2337 3403 2376 ver-

1816 2405 1967 2460 sione
1993 2406 2321 2474 Scripturam
2354 2405 2563 2461 Veteris
2595 2406 2922 2461 Testamenti
2978 2419 3177 2464 temere
3225 2420 3405 2465 essent

1818 2496 2171 2564 interpretati.
2203 2495 2291 2551 Sic
2314 2505 2365 2549 et
2395 2496 2562 2550 multa
2605 2498 2807 2552 credita
2837 2500 3244 2562 sunt,antcredi
3268 2500 3401 2565 visa,

1818 2589 1965 2657 quod
1990 2588 2131 2656 plebi
2169 2603 2291 2642 vera
2326 2588 2493 2642 videri
2519 2589 2802 2643 interesset
2828 2604 3015 2643 eorum
3045 2591 3135 2658 qui
3164 2605 3279 2644 eam
3319 2607 3403 2644 re-

1821 2681 2046 2750 gendam
2077 2691 2444 2748 susceperant.
2472 2681 2678 2734 Interea
2709 2682 2832 2734 hinc
2878 2682 3223 2734 conﬁrmatur
3265 2682 3405 2749 quod

1823 2772 1887 2825 ad
1916 2771 2201 2839 Speculum
2243 2770 2661 2838 conjiciebamus
2684 2784 2712 2821 a
2744 2769 3006 2823 monacho
3045 2770 3292 2837 quopiam
3323 2786 3407 2825 re:

1825 2864 2064 2917 centiorc
2094 2862 2393 2919 versionem
2419 2860 2883 2929 Ilieronymianam
2912 2874 3030 2915 esse
3070 2860 3238 2915 veteri
3265 2861 3406 2916 Italae

1826 2956 1880 3009 in
1906 2968 1971 3008 eo
1999 2954 2137 3007 libro
2158 2953 2521 3007 subStitutam.

1897 3044 2061 3097 Ltnno
2090 3058 2167 3097 ιιι.
2192 3041 2321 3111 Cap.
2357 3043 2410 3105 7,
2439 3041 2465 3112 §
2501 3042 2585 3097 29.
2608 3042 2685 3096 Ad
2710 3042 2896 3096 Matth.
2921 3059 3087 3111 χχιιι,
3113 3043 3197 3097 10.
3216 3044 3275 3098 Si
3299 3061 3407 3112 quas

157 3150 409 3207 pretetur;
449 3139 571 3208 quia
617 3152 756 3206 ergo,
808 3134 1004 3203 inquit,
1062 3146 1304 3185 numerus
1350 3130 1443 3181 iste
1482 3124 1718 3180 laboriosi

1827 3146 2014 3201 autem,
2046 3135 2237 3204 inqttit,
2266 3147 2492 3189 movetur
2511 3134 2647 3204 quod
2672 3135 2766 3187 hoc
2794 3137 3126 3188 testimonium
3152 3152 3252 3188 non
3276 3137 3409 3189 inve-

160 3228 302 3299 hujus
329 3229 564 3299 temporis
596 3235 970 3279 sacramentum
1004 3232 1263 3286 est,.......
1289 3221 1439 3274 etiam
1469 3219 1603 3271 illud
1635 3217 1697 3270 de

156 3319 307 3373 durat
330 3321 461 3389 quod
483 3318 825 3389 quadraginta
854 3316 1049 3368 dierum
1069 3313 1353 3383 jejunium,
1381 3308 1475 3361 hoc
1506 3317 1599 3372 est,
1631 3307 1725 3359 hu-

155 3417 474 3470 miliatioucm
496 3414 684 3467 animle
710 3410 1055 3472 consecravit;
1081 3415 1126 3460 et
1150 3407 1231 3459 lea:
1257 3413 1306 3458 et
1334 3402 1607 3472 praphctaz,
1638 3417 1725 3468 per

156 3505 374 3575 Moysen:
402 3503 677 3567 etEliam,
713 3501 799 3568 qui
841 3498 1187 3569 quadragenis
1234 3495 1410 3547 diebus
1456 3495 1722 3564 jejunave-

152 3608 301 3663 runt;
340 3609 383 3651 et
411 3596 742 3665 Evangelium
774 3609 864 3662 per
886 3592 1045 3661 ipsius
1070 3587 1275 3641 Domini
1292 3585 1573 3657 jejunium,
1612 3583 1727 3653 qni-

153 3686 237 3741 bus
259 3690 432 3742 diebus
458 3686 801 3755 quadraginta
823 3685 975 3736 etiam
1002 3678 1289 3733 tentabatur
1316 3694 1347 3729 a
1369 3675 1596 3739 diabolo,
1620 3684 1724 3728 etc.

152 3778 253 3836 Sed
284 3783 326 3834 si
353 3783 472 3851 quis
501 3778 647 3832 dicat
679 3777 780 3830 Itoc
815 3788 935 3828 esse
964 3754 1231 3826 somnium
1261 3766 1543 3836 vigilantis,
1578 3765 1729 3836 quid—

148 3873 224 3928 vis
249 3874 522 3929 somniare
550 3870 721 3940 parati
747 3868 816 3922 de
843 3866 1031 3937 quovis
1058 3864 1163 3918 alio
1195 3860 1454 3917 numero?
1484 3860 1729 3914 Profecto

149 3964 472 4019 contrarium
496 3974 766 4029 nunquam
793 3956 1118 4027 probabilius
1145 3954 1243 4008 hac
1262 3951 1619 4008 afﬁrmatione
1646 3951 1728 4003 vi-

150 4051 381 4107 debitor.
421 4050 784 4119 Quamobrem
831 4047 998 4101 miror
1021 4043 1398 4114 Augustinum,
1448 4041 1535 4110 qui
1581 4049 1641 4094 ut
1668 4052 1729 4093 os

150 4147 375 4201 ethnicis
403 4145 680 4201 obturaret
701 4142 803 4195 hoc
826 4155 961 4210 opus
987 4153 1179 4208 magno
1206 4137 1383 4192 studio
1410 4134 1727 4197 elaboravit,

150 4236 339 4289 talibus
370 4231 725 4289 arithmeticis
768 4228 1036 4299 allegoriis
1080 4226 1398 4281 sustinuisse
1439 4223 1536 4277 uti.
1578 4222 1730 4289 Quod

149 4324 213 4377 de
247 4323 598 4392 sequentibus
628 4322 787 4377 etiam
829 4319 1097 4387 allegoriis
1134 4318 1331 4371 dictum
1363 4315 1541 4369 velim.
1590 4313 1730 4367 Nihil

150 4412 267 4469 haec
295 4430 554 4471 excusare
593 4421 769 4483 potest
806 4420 1001 4481 praeter
1030 4410 1226 4463 bonum
1267 4408 1502 4461 animum
1543 4420 1726 4461 eorum

1825 3236 1961 3288 nitur
1979 3236 2033 3287 in
2059 3233 2324 3303 Scriptura
2352 3230 2588 3285 Ieremia:
2614 3231 2896 3302 prOpItetaz,
2922 3242 2966 3285 et
3022 3234 3134 3285 ideo
3174 3243 3314 3298 puta'
3342 3234 3408 3300 ﬁ-

1825 3327 1906 3379 dei
1959 3325 2277 3395 evangelista:
2324 3324 2516 3391 aliquid
2586 3322 2967 3391 derogandum;
3006 3324 3168 3391 primo
3216 3326 3410 3377 noverit

1826 3433 1924 3469 non
1957 3431 2127 3468 omnes
2166 3414 2358 3466 codices
2391 3412 2782 3481 Evangeliarum
2813 3414 2994 3466 habere
3016 3416 3149 3482 quod
3205 3430 3298 3481 per
3325 3414 3413 3469 18-

1828 3487 2049 3561 remiam
2083 3505 2272 3556 dictum
2292 3493 2373 3566 sit,
2400 3513 2487 3556 sea
2509 3511 2881 3565 tantummoao,
2931 3518 3025 3570 per
3071 3504 3407 3571 prophetam.

1831 3598 2101 3651 Possentus
2130 3610 2249 3662 ergo
2272 3594 2434 3645 dicere
2454 3591 2535 3645 his
2554 3594 2721 3659 potius
2766 3593 3020 3646 codicibus
3060 3609 3165 3645 esse
3201 3595 3412 3645 creden-

1829 3687 1950 3739 dum
1980 3686 2067 3755 qui
2096 3683 2341 3739 Jeremite
2370 3698 2550 3735 nomen
2577 3697 2674 3733 non
2715 3680 2931 3745 habent;
2961 3681 3148 3733 dictum
3179 3692 3249 3734 est
3278 3683 3414 3735 enim

1828 3778 1922 3831 hoc
1943 3790 2037 3846 per
2063 3773 2397 3843 prophetam,
2418 3771 2509 3825 sed
2529 3769 3010 3835 Zachariam,unde
3034 3779 3242 3839 putatur
3269 3772 3415 3824 codi-

1830 3884 1909 3922 ces
1932 3882 2035 3921 esse
2056 3864 2319 3918 mendosos
2349 3862 2435 3932 qui
2457 3861 2638 3915 habent
2672 3876 2850 3914 nomen
2884 3860 3153 3923 Jeremias,
3177 3862 3297 3931 quia
3339 3863 3416 3917 vel

1830 3957 2104 4013 Zachariae
2124 3956 2306 4009 habere
2328 3941 2628 4018 debuerunt,
2653 3953 2730 4007 vel
2748 3953 2959 4016 nullius,
3009 3953 3140 4005 sicut
3175 3953 3416 4022 quidam;

1830 4048 1918 4101 sed
1941 4047 2160 4113 tantam,
2185 4061 2281 4116 per
2306 4046 2617 4115 prophetam
2647 4044 2937 4109 dicentem,
2960 4044 3047 4113 qui
3069 4046 3238 4113 utique
3264 4046 3418 4099 intel-

1831 4138 2005 4210 ligitur
2025 4125 2356 4206 Zacltarias.]
2407 4135 2614 4190 Revera
2662 4136 2752 4205 qui
2802 4146 3086 4205 propterea
3130 4138 3419 4206 carpebant

1831 4232 2158 4295 Matthaeum,
2184 4231 2284 4285 hoc
2317 4229 2490 4298 potius
2507 4228 2727 4283 credere
2748 4228 3047 4284 debuerunt
3068 4246 3224 4298 quam
3249 4230 3421 4285 homi-

1831 4321 2230 4384 nchudzeum,
2273 4329 2534 4388 perpetuo
2563 4318 2865 4373 audientem
2898 4319 3184 4388 prophetas
3223 4319 3274 4372 in
3331 4334 3421 4389 sy-

1834 4412 2052 4481 nagogis
2080 4409 2342 4474 lectitari,
2370 4418 2425 4465 et
2467 4410 2713 4479 privatim
2766 4410 2925 4464 etiam
2962 4410 3225 4478 legentem
3259 4418 3420 4478 atque

150 4504 235 4571 qui
266 4505 537 4576 allegoriis
590 4502 941 4565 indulserunt,
972 4509 1025 4555 et
1067 4500 1157 4569 qui
1208 4514 1311 4553 non
1356 4498 1602 4552 viderunt
1630 4512 1718 4565 pro

1829 4502 1967 4557 inter
1987 4502 2121 4556 alios
2175 4502 2255 4556 sui
2311 4501 2514 4556 similes
2550 4509 2875 4568 versantem,
2908 4500 2962 4554 in
3006 4500 3094 4554 tali
3145 4514 3204 4553 re
3261 4499 3417 4553 aber-

151 4593 349 4650 divina:
392 4594 677 4665 sapientiae
719 4591 956 4647 consiliis
995 4591 1073 4645 sic
1109 4589 1343 4644 credulzc
1384 4588 1549 4643 turba:
1579 4601 1724 4641 mera

152 4683 425 4753 ingeniose
470 4685 815 4742 delirantium
859 4692 1159 4739 commenta
1195 4681 1419 4751 proponi
1463 4680 1721 4735 miranda.

153 4775 301 4841 Quod
336 4779 382 4831 si
426 4778 569 4832 serio
597 4777 953 4845 cogitassent,
993 4773 1107 4827 haec
1141 4774 1321 4827 omnia
1356 4772 1727 4841 praetermisis-

155 4875 298 4933 sent;
328 4882 431 4923 nec
469 4867 864 4922 commisissent
892 4871 951 4919 ut
980 4866 1343 4933 loquerentur,
1378 4862 1479 4915 nisi
1512 4861 1726 4916 habuis-

158 4964 273 5009 sent
298 4956 511 5012 silentio
540 4956 766 5025 potiora.

224 5046 296 5102 De
346 5048 536 5104 ordine
566 5056 621 5102 et
653 5047 1023 5102 conciliatione
1049 5046 1285 5101 locorum
1342 5044 1481 5098 inter
1499 5058 1559 5098 se
1600 5045 1727 5097 nihil

162 5134 240 5190 hic
281 5139 543 5204 dicemus,
586 5137 1011 5206 quandoquidem
1071 5146 1177 5191 tam
1235 5136 1428 5190 multas
1476 5136 1730 5190 habemus

166 5226 457 5283 harmonias
482 5244 549 5282 ex
577 5226 768 5297 quibus
803 5227 913 5297 peti
951 5236 1166 5293 queant.
1199 5227 1331 5281 Vide
1376 5226 1460 5280 vel
1510 5225 1733 5279 Hanno-

166 5319 291 5375 niam
307 5323 673 5391 evangelicum
704 5335 731 5372 a
753 5320 956 5374 Joanne
977 5318 1185 5373 Clerico
1205 5312 1422 5373 editam.
1449 5318 1497 5371 ls
1518 5317 1607 5371 ubi
1626 5327 1733 5371 tra-

171 5410 464 5468 ditCanones
491 5411 856 5475 Harmonicos,
886 5410 1081 5479 quibus
1109 5420 1217 5464 tota
1246 5404 1367 5478 ejus
1390 5409 1573 5463 nititur
1596 5409 1731 5461 llar-

174 5504 348 5571 monia,
376 5517 527 5573 saepe
550 5501 717 5557 utitur
763 5500 1043 5571 Augustini
1082 5500 1280 5569 verbis,
1338 5516 1401 5555 cx
1449 5501 1549 5556 hoc
1600 5500 1734 5555 libro

178 5594 351 5660 petitis.

232 5686 351 5759 Cap.
374 5686 470 5755 66,
524 5685 553 5756 §
603 5685 722 5741 128.
769 5684 1099 5757 Manifestum
1148 5692 1222 5739 est
1273 5692 1440 5738 autem
1490 5695 1736 5755 interpre-

1827 4610 1977 4651 rasse
1999 4611 2014 4661 ;
2038 4610 2159 4650 cum
2203 4594 2498 4664 prmsertim
2531 4593 2659 4648 nihil
2678 4594 2793 4664 ejus
2822 4593 3107 4648 interesset
3128 4590 3414 4645 Jcremiam

1828 4689 2006 4757 p0tius
2034 4688 2136 4743 dici
2164 4702 2321 4756 quam
2352 4686 2686 4741 Zachariam.

1902 4779 2028 4849 Sed,
2075 4780 2247 4849 inquit
2297 4779 2645 4848 Augustinus,
2672 4786 2843 4829 utatur
2872 4775 2969 4827 ista
2996 4774 3287 4838 defensione
3339 4791 3419 4827 cut

1828 4871 2007 4941 placet,
2042 4870 2166 4923 mihi
2195 4878 2364 4921 autem
2385 4884 2475 4920 cur
2506 4885 2605 4921 non
2634 4867 2831 4934 placeat
2873 4863 2980 4916 htec
3007 4879 3158 4915 causa
3183 4874 3275 4925 est,
3301 4866 3419 4932 quia

1832 4970 1877 5015 et
1897 4961 2067 5030 plures
2093 4959 2289 5010 codices
2305 4956 2487 5009 habent
2513 4954 2563 5005 ,1ο
2580 4954 2747 5005 rentia
2771 4969 2971 5017 nomen,
3004 4961 3050 5005 et
3084 4953 3173 5022 qui
3202 4955 3418 5023 diligen-

1833 5052 1931 5104 tius
1944 5050 1996 5101 in
2011 5047 2199 5101 ercis
2216 5044 2582 5109 exemplaribus
2605 5041 2934 5111 Evangelium
2954 5046 3415 5105 consideraverunt,

1835 5142 1886 5193 in
1912 5137 2277 5205 antiquioribus
2306 5133 2497 5187 Crtecis
2527 5137 2597 5187 ita
2647 5152 2697 5187 se
2755 5138 3012 5205 per/hbent
3051 5137 3329 5200 invenisse;
3374 5145 3420 5189 et

1837 5235 1981 5286 nulla
2009 5232 2102 5300 fuit
2125 5245 2281 5281 causa
2304 5245 2395 5280 cur
2415 5228 2687 5282 adderetur
2720 5230 2813 5281 hoc
2830 5245 3010 5283 nomen
3033 5238 3087 5281 ut
3110 5228 3419 5281 mendositas

1839 5326 2008 5387 ﬁeret;
2035 5338 2124 5375 cur
2144 5330 2310 5373 autem
2336 5321 2397 5373 de
2427 5322 2681 5373 nonnullis
2725 5321 2979 5373 codicibus
3020 5320 3298 5378 tolleretur,
3325 5316 3419 5384 fuit

1840 5415 2008 5479 utique
2028 5427 2183 5464 causa
2203 5420 2256 5462 ut
2287 5412 2381 5463 hoc
2400 5411 2576 5463 audax
2599 5412 2854 5475 imperitia
2875 5413 3081 5477 faceret,
3111 5424 3223 5459 cum
3253 5406 3420 5458 turba-

1839 5515 1977 5559 retur
2000 5504 2275 5573 quazstione
2295 5504 2431 5572 quod
2459 5504 2553 5555 hoc
2576 5503 2911 5556 testimonium
2960 5500 3098 5567 apud
3149 5498 3421 5551 Jeretniunt

1842 5614 1943 5650 non
1967 5596 2291 5649 inveniretur.
2318 5594 2413 5648 llic
2439 5594 2594 5664 plane
2644 5594 2886 5648 criticum
2923 5593 3030 5659 agit
3072 5592 3415 5660 Augustinus,

1844 5701 1940 5744 nec
1968 5688 2084 5742 sine
2110 5685 2287 5757 specie
2318 5684 2538 5741 ratiunis
2563 5683 2824 5754 vulgatam
2860 5680 3142 5739 lectionem
3162 5683 3415 5740 defendit.
