3908 6304
558 334 662 392 55‘)

1443 321 1999 381 SUPPLEMENTUM
2040 322 2130 376 AD
2170 319 2397 377 OPERA
2437 323 2494 379 S.
2542 321 2921 379 AUGUSTINI.

3686 335 3769 395 360

557 450 661 507 Sed
694 446 949 519 quidquid
978 445 1124 500 dicat
1152 442 1283 498 nihil
1311 449 1451 495 vetat
1477 441 1700 493 credere
1728 444 1780 491 in
1832 439 2143 506 antiquissi-
2172 444 2218 498 Α
2248 438 2516 493 intellecta
2586 438 3005 507 pulcherrimam
3052 450 3105 493 et
3171 441 3547 500 sanctissimam
3595 460 3771 509 senten-

557 557 644 596 tno
671 540 917 612 quopiam
948 537 1132 593 codice
1158 534 1209 588 id
1237 533 1402 587 fuisse
1454 531 1703 584 mendum
1723 572 1736 595 ,
1788 527 1928 598 quod
1962 536 2146 597 postea

552 648 613 690 tn
657 636 793 688 alios
868 630 1170 690 transierit;
1231 640 1349 679 cum
1385 638 1490 677 non
1533 623 1791 677 auderent
1845 620 2049 675 librarii
2098 618 2150 673 id

554 725 864 789 emendare,
922 730 1014 774 attt
1060 718 1331 773 nescirent
1378 716 1540 769 etiam
1598 731 1665 769 an
1701 724 1846 769 esset
1876 713 2159 771 mendum.

556 820 723 885 Quam
750 815 802 867 in
834 812 1152 867 Sententiam
1176 807 1574 871 descendimus,
1604 808 1747 876 quia,
1783 804 2035 860 omnibus
2057 820 2150 858 ac-

555 915 739 961 curate
770 905 1079 974 pensitatis,
1116 916 1220 953 non
1264 899 1506 952 videmus
1556 898 1644 968 qui
1694 896 1853 950 verba
1883 895 2153 949 Zacharite

556 999 761 1068 possint
785 995 1033 1051 Jeremitc
1056 993 1249 1055 tribui;
1275 1006 1396 1045 nam
1428 991 1562 1044 ratio
1589 1004 1747 1060 quam
1783 988 1943 1044 habet
1974 989 2025 1042 itt
2066 1004 2151 1042 se.

558 1089 844 1159 quentibus
874 1087 1205 1154 Augustinus
1233 1082 1519 1136 versitnilis
1578 1096 1682 1135 non
1735 1082 1963 1134 videtur.
2015 1080 2155 1147 Quid

556 1193 674 1248 ergo
701 1175 1086 1245 intelligendum
1107 1184 1200 1237 est,
1228 1171 1416 1241 inquit,
1470 1171 1570 1224 nisi
1592 1170 1689 1223 hoc
1725 1181 1891 1223 actum
1938 1187 2045 1223 esse
2075 1187 2156 1223 se-

555 1269 762 1321 cretiore
790 1267 1003 1319 consilio
1030 1265 1360 1335 providentia:
1384 1260 1499 1325 Dei,
1528 1277 1628 1331 qua
1668 1270 1856 1319 mentes
1896 1258 2153 1329 evangeli-

556 1368 748 1411 starum
767 1368 884 1410 sunt
903 1356 1192 1426 gubernatis
1208 1356 1231 1407 ?
1249 1354 1439 1408 Postea
1456 1351 1674 1421 conjieit
1690 1352 2014 1404 insinuatum
2035 1364 2155 1405 esse

560 1452 660 1504 bac
686 1429 942 1504 elatione
992 1449 1064 1501 ita
1086 1462 1255 1500 omnes
1280 1455 1483 1500 sanctos
1531 1445 1804 1515 praphetas
1838 1460 1940 1496 uno
1972 1443 2154 1513 spiritu

559 1540 777 1605 locutos,
802 1538 1026 1592 mirabili
1052 1541 1183 1591 inter
1213 1555 1264 1591 se
1284 1538 1615 1591 consensione
1661 1544 1892 1588 Constare
1915 1574 1929 1599 ,
1974 1545 2037 1606 ιιι,
2062 1535 2157 1588 hoc

560 1632 721 1685 multo
742 1630 966 1697 amplius
990 1631 1054 1683 sit
1082 1646 1234 1697 quam
1262 1629 1305 1681 si
1336 1627 1558 1681 omnium
1589 1627 1759 1680 omnia
1788 1628 2156 1696 prophetarum

558 1740 661 1777 uno
684 1724 833 1777 unius
855 1722 1070 1775 hominis
1100 1736 1185 1773 ore
1215 1720 1523 1780 dicerentur,
1562 1728 1605 1772 et
1654 1719 1769 1773 ideo
1811 1718 2156 1771 indubitanter

2258 529 2381 583 tiam
2436 530 2879 598 complectantur.
2926 530 3167 599 Exempli
3219 547 3374 587 causa
3402 575 3418 597 ,
3446 536 3554 603 quis
3578 552 3667 593 non
3710 544 3771 597 vi-

2253 623 2345 677 det
2370 626 2713 699 εἰρηνοποιοὺς
2734 623 2859 691 dici,
2888 622 3009 677 belli
3040 625 3374 691 rixarumque
3418 639 3468 681 et
3511 629 3657 685 litium
3680 648 3771 690 om.

2256 714 2399 768 nium
2447 715 2667 770 osores?
2716 715 2891 782 Quam
2938 716 2989 768 in
3039 730 3147 768 rem
3196 716 3355 770 multa
3378 718 3693 787 pulcherrima
3729 732 3774 782 et

2255 806 2603 861 saluberrima
2651 806 2755 861 dici
2803 815 3080 877 poterant;
3130 823 3249 877 qua:
3297 809 3394 863 dici
3441 824 3698 881 nequeunt,
3735 817 3771 874 si

2258 895 2396 948 illata
2428 896 2479 950 vi
2508 896 2626 951 usui
2655 896 2851 966 lingua:
2880 896 3081 951 Cmam
3109 937 3125 961 ,
3158 898 3422 968 intelligas
3472 901 3533 955 de
3571 903 3771 969 pace'sf.

2258 989 2510 1045 fectuutn.
2542 991 2647 1047 Sed
2693 1003 2876 1047 noster
2905 1003 3163 1063 perpetuo
3187 1003 3366 1060 captat
3405 999 3652 1063 generales
3672 999 3771 1057 alle-

2256 1085 2455 1153 gorias,
2487 1100 2607 1155 qua:
2636 1102 2740 1139 non
2796 1086 2976 1153 docto,
3015 1087 3108 1142 sed
3154 1086 3326 1143 cuivis
3376 1088 3568 1157 loquaci
3608 1107 3771 1162 semper

2257 1186 2378 1229 sunt
2404 1177 2453 1229 in
2485 1187 2758 1245 promptu,
2783 1178 2897 1233 sine
2928 1178 3273 1234 meditatione
3291 1179 3427 1239 ulla;
3452 1183 3641 1236 omissis
3670 1186 3771 1238 ethi-

2256 1270 2336 1324 cis
2367 1270 2724 1337 peculiaribus
2752 1272 3055 1339 praeceptis,
3087 1286 3207 1341 quae
3236 1272 3483 1341 explicari
3503 1274 3665 1327 ordine
3694 1291 3771 1330 non

2256 1370 2504 1432 poterant
2537 1364 2653 1416 siue
2703 1362 2882 1417 studio
2918 1370 2972 1417 tt
3019 1362 3221 1418 labore.
3255 1362 3511 1418 Putabant
3529 1365 3679 1434 vulgo,
3717 1366 3770 1435 ig-

2258 1452 2405 1505 naris
2433 1452 2541 1507 illis
2567 1452 2801 1519 sarculis,
2833 1454 3051 1523 majoris
3075 1468 3198 1509 esse
3226 1456 3417 1524 ingenii
3449 1456 3655 1510 incertas
3678 1459 3772 1512 alle-

2256 1546 2436 1612 gorias
2465 1543 2638 1597 ubivis
2662 1584 2678 1608 ,
2733 1545 2910 1598 invitis
2938 1544 3282 1614 grammatica
3313 1561 3375 1600 ac
3423 1544 3689 1611 dialectica,
3707 1565 3772 1601 att-

2257 1635 2461 1702 cupat‘i,
2488 1649 2646 1701 quam
2665 1638 3015 1704 grammatice
3039 1645 3093 1690 et
3119 1636 3396 1691 dialectice
3415 1636 3705 1707 Scripturam
3720 1639 3774 1691 in-

2261 1728 2540 1795 terprezari
2563 1742 2579 1791 ;
2604 1735 2680 1792 at,
2702 1729 2745 1782 si
2773 1744 2957 1782 verum
3010 1742 3279 1798 amamus,
3307 1729 3469 1788 multo
3494 1730 3683 1787 minoris
3708 1732 3775 1788 iul

559 1815 723 1883 accipi
751 1814 930 1868 debere
953 1828 1266 1884 quarumque
1297 1827 1383 1879 per
1401 1828 1486 1865 eos
1517 1810 1742 1881 Spiritus
1764 1818 1967 1864 sanctus
1989 1810 2152 1876 dixit,
2188 1819 2236 1879 Β
2264 1814 2459 1886 ingenii
2488 1815 2728 1872 futilibus
2756 1818 3080 1887 conjecturis
3104 1821 3414 1898 ἀεροϐατᾶν,
3457 1836 3600 1891 quam
3621 1822 3775 1877 littera-

558 1917 605 1959 et
626 1905 829 1973 singula
852 1922 959 1958 csse
982 1907 1210 1957 Omnium
1230 1913 1278 1956 et
1304 1903 1472 1957 omnia
1499 1903 1840 1972 singulorum.
1896 1901 2003 1958 Sed
2058 1901 2157 1958 hoc

558 1998 756 2067 posito,
788 1994 919 2051 Mosi
962 2005 1143 2065 posset
1179 1992 1339 2048 tribui
1378 1993 1517 2063 quod
1560 1993 1690 2047 dixit
1743 1993 2052 2058 Zacharias,
2104 2002 2160 2048 et

557 2089 727 2143 cuivis
756 2088 846 2141 alii
890 2088 1167 2157 prophetae
1217 2086 1358 2156 quod
1406 2087 1545 2139 alius
1590 2086 1764 2155 quivis
1817 2086 2153 2154 scripsisset;

557 2179 700 2248 quod
757 2194 1028 2249 nunquam
1061 2188 1236 2232 tamen
1285 2176 1514 2241 factum,
1559 2191 1730 2245 neque
1780 2177 1891 2231 Iiet.
1917 2178 1972 2231 Si
2019 2177 2158 2230 Deus

568 2285 667 2339 per
695 2271 1077 2339 evangelistam
1110 2270 1213 2323 tale
1236 2267 1506 2336 quidpiam
1535 2282 1633 2323 nos
1653 2271 1848 2323 docere
1876 2268 2153 2338 voluisset,
2184 2282 2193 2289 '

566 2370 806 2413 curasset
840 2369 895 2412 ut
918 2360 1020 2413 hoc
1045 2358 1327 2427 perspicue
1349 2357 1417 2412 ab
1443 2373 1510 2412 eo
1537 2358 1826 2427 diceretur,
1868 2373 1975 2411 non
2004 2359 2074 2411 ita
2103 2367 2158 2411 ut

558 2448 841 2501 vacillante
857 2448 1163 2516 conjectura
1181 2457 1234 2503 et
1251 2448 1403 2503 facile
1427 2448 1666 2518 neganda
1684 2448 2056 2505 deducendum
2085 2463 2155 2503 ex

558 2541 679 2609 ejus
696 2544 875 2596 verbis
906 2550 1066 2596 esset.
1099 2541 1242 2597 Idem
1270 2541 1557 2596 dicendum
1588 2541 1654 2595 de
1693 2539 1812 2595 aliis
1834 2542 2019 2594 multis
2039 2556 2159 2611 qua:

558 2632 704 2687 velut
730 2631 957 2687 ﬁdiculis
975 2649 1040 2687 ex
1067 2632 1336 2703 Scriptura
1358 2633 1673 2686 hauriuntur
1692 2633 1758 2686 ah
1775 2631 2071 2700 Augustino
2093 2640 2159 2687 et

558 2726 676 2780 aliis
700 2726 992 2793 veteribus,
1021 2735 1235 2781 coactas
1292 2724 1631 2794 conjecturas
1678 2738 1777 2792 pro
1824 2722 2019 2777 divinte
2063 2738 2157 2776 sa-

560 2820 773 2888 pientiae
804 2819 1044 2873 consiliis
1074 2818 1489 2873 venditantibus.
1518 2817 1677 2884 Atqui
1710 2831 1771 2869 ea
1797 2815 2013 2869 demum
2061 2830 2158 2883 pro

561 2912 738 2965 divitia
763 2912 1097 2965 revelatione
1127 2909 1369 2962 habenda
1400 2916 1526 2960 sunt
1556 2921 1675 2975 quin
1700 2905 1902 2960 diserte
1924 2906 1976 2958 in
2016 2904 2157 2959 Scri-

562 3001 735 3072 pturis
766 3003 1000 3055 revelata
1024 3000 1287 3067 lcgantur,
1313 3004 1406 3050 aut
1457 2995 1759 3048 necessaria
1808 3009 1993 3047 eorum
2024 3008 2157 3048 con-

566 3091 792 3147 scctaria
815 3108 827 3144 :
853 3088 1299 3158 quemadmodum
1328 3087 1471 3156 leges
1491 3086 1541 3139 in
1569 3085 1841 3154 republica
1868 3085 2151 3148 habentur,

2263 1908 2368 1963 lem
2412 1924 2628 1963 sensum
2656 1912 2891 1980 aperire.
2918 1923 3078 1981 atque
3100 1928 3163 1967 ex
3220 1928 3286 1969 co
3334 1916 3402 1969 ita
3432 1915 3715 1981 ratiocinari,
3738 1926 3776 1970 ut

2262 2000 2395 2055 nihil
2433 2002 2538 2057 nisi
2573 2016 2601 2055 a
2635 2002 2993 2069 pertinacibus
3032 2006 3216 2074 negari
3249 2016 3436 2075 queat;
3468 2022 3529 2062 ne
3555 2007 3699 2061 dicata
3716 2008 3775 2075 ju-

2260 2094 2383 2149 dicii
2417 2095 2517 2149 hoc
2544 2110 2663 2150 esse
2695 2095 2864 2149 multo
2884 2097 3125 2166 majoris,
3154 2112 3280 2152 cum
3305 2101 3518 2154 alterum
3547 2100 3655 2155 illud
3682 2100 3776 2155 nihil

2260 2189 2329 2245 sit
2352 2189 2453 2243 nisi
2486 2189 2539 2242 in
2573 2205 2630 2245 te
2656 2189 2797 2244 seria
2829 2191 3095 2259 litigantis.
3139 2192 3491 2249 Conferantur
3538 2210 3642 2251 cum
3668 2194 3777 2249 hisce

2260 2279 2664 2351 Augustinianis
2691 2297 2814 2351 qua:
2832 2282 2899 2336 ad
2943 2297 3063 2351 cap.
3088 2283 3282 2339 Matth.
3315 2302 3366 2352 v,
3399 2302 3451 2341 vt
3473 2294 3523 2341 et
3550 2303 3632 2349 vn.
3659 2287 3776 2342 habet

2262 2370 2414 2439 Ilugo
2434 2370 2653 2427 Grotius
2685 2372 2738 2428 in
2767 2372 3232 2444 adnotationibus,
3270 2386 3360 2432 aut
3402 2378 3639 2435 Henricus
3661 2379 3776 2433 Haut-

2261 2463 2490 2517 mondus
2517 2463 2569 2517 in
2599 2463 2940 2521 Catechismo
2986 2466 3250 2535 practico,
3308 2472 3375 2534 et;
3400 2469 3599 2538 liquebit
3623 2478 3774 2524 tantum

2261 2565 2381 2605 esse
2402 2551 2544 2605 inter
2575 2552 3049 2620 interpretationes
3076 2555 3396 2625 allegoricas
3424 2567 3475 2613 et
3488 2559 3775 2613 vetasdiscri-

2261 2659 2384 2700 men
2403 2685 2417 2712 ,
2442 2657 2698 2715 quantum
2718 2657 2802 2704 est
2830 2650 2971 2705 inter
2997 2651 3386 2710 somniantium
3422 2663 3475 2712 et
3514 2655 3774 2725 vigilantium

2262 2740 2717 2797 ratiocinationes.

2333 2831 2463 2901 Cap.
2491 2833 2545 2899 9,
2596 2832 2623 2904 ᾗ
2658 2835 2749 2890 25.
2778 2834 2952 2890 Unum
2998 2846 3168 2894 autem
3226 2841 3305 2895 hic
3334 2841 3526 2897 verbum
3571 2840 3774 2894 obscurant

2264 2924 2486 2989 positum
2511 2934 2605 2992 est,
2638 2927 2763 2997 quia
2797 2944 2890 2982 nec
2918 2926 3158 2984 ercum
3189 2948 3281 2988 nec
3305 2932 3530 2987 Latinum
3550 2942 3613 2987 est
3636 2930 3773 2993 rat-ha,

2263 3025 2443 3070 caetera
2487 3033 2605 3072 vero
2627 3020 2679 3072 in
2704 3036 2937 3075 sermone
2958 3032 3132 3077 nostra
3160 3028 3355 3080 usitata
3373 3024 3533 3097 sunt.]
3574 3025 3775 3079 ludicra»:

2264 3115 2318 3159 et
2374 3108 2666 3172 consilium,
2700 3126 2817 3179 qua:
2850 3112 2949 3167 hoc
2976 3113 3097 3170 loco
3117 3116 3309 3172 Matth.
3334 3134 3383 3182 v,
3417 3117 3504 3182 21,
3551 3117 3775 3172 habentur.

567 3184 759 3250 quibus
791 3183 989 3236 diserte
1017 3179 1290 3249 quidpiam
1319 3177 1625 3247 praecipitur
1646 3187 1738 3231 aut
1767 3186 2007 3243 velatur;
2069 3185 2159 3231 aut

2264 3210 2386 3251 suat
2433 3201 2647 3268 quidem
2682 3218 2840 3259 voces
2872 3205 3097 3273 Latinte,
3141 3211 3239 3263 sed
3288 3225 3417 3279 quas
3452 3220 3611 3264 tamen
3652 3208 3776 3262 bonus

565 3290 686 3343 quae
714 3290 779 3328 ex
812 3274 918 3328 illis
942 3274 1011 3326 ita
1040 3271 1232 3335 ﬂuunt,
1259 3278 1336 3335 ut,
1362 3269 1554 3340 positis
1594 3271 1820 3340 legibus,
1852 3269 2162 3325 necessario

564 3376 877 3437 sequantur.
903 3362 1022 3419 Uno
1080 3362 1244 3418 verbo
1298 3375 1360 3419 ea
1400 3360 1616 3416 demum
1659 3361 1996 3432 suscipienda
2036 3369 2162 3418 sunt

566 3459 721 3528 quasi
752 3458 1007 3513 divinitus
1032 3457 1264 3511 revelata
1283 3468 1401 3525 qua:
1422 3469 1487 3508 ex
1510 3454 1819 3524 cognitione
1842 3454 2036 3525 lingua:
2058 3473 2158 3524 qua

567 3560 830 3619 concepta
863 3560 945 3604 est
970 3549 1249 3613 revelatio,
1289 3561 1564 3612 sensuque
1610 3547 1900 3613 communi,
1920 3547 2014 3601 toti
2056 3547 2157 3603 hu-

567 3658 726 3698 mano
749 3644 952 3712 generi,
980 3643 1353 3712 grammatica,
1386 3650 1441 3694 ut
1472 3622 1543 3692 ita
1572 3640 1776 3709 loquar,
1797 3655 1859 3695 ac
1880 3641 2157 3695 dialectica

566 3737 888 3790 necessitate
917 3734 1269 3802 colliguntur;
1304 3733 1377 3785 ita
1416 3740 1473 3785 ut
1501 3733 1617 3785 sine
1668 3732 1958 3799 pertinacia
2008 3730 2157 3800 rejici

564 3833 849 3893 nequeant.
916 3822 1067 3888 Quod
1108 3838 1322 3889 semper
1373 3821 1489 3875 Ileri
1533 3820 1715 3885 debet,
1743 3836 1862 3875 cum
1894 3832 1952 3875 ut
2002 3823 2157 3876 nobis

564 3918 685 3983 ipsi,
710 3927 816 3967 tum
849 3925 1009 3968 etiam
1033 3921 1090 3966 ut
1115 3913 1439 3977 incredulis,
1474 3913 1671 3982 alioqui
1712 3913 1982 3968 licentiam
2022 3930 2153 3970 con-

564 4004 790 4077 jectaadi
821 4003 1010 4057 merito
1037 4002 1299 4070 irrisuris,
1327 4003 1750 4070 satisfaciamus;
1778 4004 1878 4058 nisi
1904 4005 2044 4061 forte
2075 4008 2157 4061 in-

563 4097 940 4161 terdum,cum
970 4095 1125 4149 nobis
1175 4111 1261 4150 res
1303 4107 1386 4151 est
1440 4110 1559 4150 cum
1614 4097 1974 4165 pertinacibus
2022 4114 2157 4167 prte-

564 4186 944 4255 conceptisque
1012 4186 1352 4255 Opinionibus
1406 4186 1676 4242 mordicus
1731 4186 2151 4256 adhaerentibus,

563 4277 1023 4346 argumentatione
1050 4278 1118 4330 ad
1176 4277 1430 4331 hominem
1485 4287 1731 4345 utamur;
1805 4278 1964 4335 sicuti
2012 4278 2156 4334 fece-

562 4377 688 4422 runt
713 4367 934 4435 apostoli
986 4382 1109 4423 cum
1135 4369 1237 4423 illis
1261 4384 1344 4423 res
1367 4378 1507 4424 esset
1536 4384 1656 4424 cum
1686 4370 1884 4425 Iudaeis
1913 4412 1929 4438 ,
1963 4372 2153 4441 placita

564 4461 839 4514 doctorum
871 4461 1048 4530 potius
1098 4475 1256 4529 quam
1284 4470 1481 4515 rectam
1539 4463 1800 4518 rationem
1834 4461 2019 4518 audire
2070 4478 2157 4517 as-

562 4567 657 4607 ⁸¹¹θ
685 4569 747 4607 ³³·
879 4622 1189 4679 EJLSDEM
1227 4621 1871 4680 ANIMADVEIISIONES

797 4731 844 4770 IV
876 4728 1058 4770 LIBROS
1085 4730 1149 4768 DE
1179 4725 1421 4769 εειικοΝε
1450 4730 1630 4770 DOMINI
1653 4730 1703 4769 IN
1726 4731 1922 4771 MONTE.

641 4828 799 4883 Ltsno
839 4845 884 4899 ι,
911 4845 1028 4900 cap.
1060 4829 1115 4897 2,
1150 4829 1251 4902 §9.
1276 4831 1356 4886 Ad
1385 4832 1547 4886 verba
1605 4848 1620 4884 :
1668 4829 1810 4886 Beati
1832 4833 2049 4903 paciﬁci.
2084 4834 2151 4889 In

568 4934 711 4987 pace,
744 4920 933 4988 inquit,
983 4923 1224 4991 perfectio
1240 4933 1329 4988 est,
1356 4922 1440 4977 ubi
1468 4923 1598 4976 nihil
1633 4934 1900 4995 repugnat,
1942 4935 1988 4978 et
2037 4927 2152 4980 ideo

562 5008 658 5078 ﬁlii
685 5005 776 5061 Dei
804 5010 1024 5077 paciﬁci,
1050 5013 1174 5081 quia
1208 5014 1337 5067 nihil
1365 5015 1549 5069 resistit
1570 5014 1698 5069 Deo.
1736 5014 1952 5086 Paciﬁci
1981 5031 2151 5073 autem

562 5101 616 5154 in
637 5100 952 5169 semeptipsis
981 5112 1098 5154 sunt
1125 5104 1236 5172 qui,
1257 5120 1428 5161 omnes
1465 5107 1624 5161 animi
1650 5108 1732 5162 sui
1756 5121 1923 5162 motus
1948 5127 2154 5178 compo-

563 5204 735 5247 nentes
773 5200 821 5244 et
865 5192 1188 5264 subjicientes
1215 5196 1425 5263 rationi,
1450 5200 1503 5251 id
1539 5210 1610 5253 est
1659 5202 1812 5254 menti
1849 5210 1891 5254 et
1925 5204 2147 5273 spiritui,

562 5286 889 5353 carnalesqne
939 5286 1371 5354 concupiscentias
1414 5291 1650 5346 habentes
1700 5295 1949 5349 edomitus
1974 5334 1988 5359 ,
2023 5295 2152 5363 ﬁunt

559 5392 770 5447 regnum
810 5374 926 5443 Dei,
967 5375 1102 5450 etc.]
1136 5379 1321 5434 Merito
1361 5380 1429 5435 ab
1452 5382 1602 5437 initio
1632 5384 1788 5453 hujus
1818 5387 1937 5441 libri
1968 5388 2155 5443 obser-

558 5469 701 5522 vavit
763 5469 1092 5539 Augustinus
1127 5512 1143 5538 ,
1222 5473 1275 5526 in
1323 5472 1470 5528 hisce
1554 5477 1890 5533 sermonibus
1951 5480 2146 5535 Christi

559 5568 823 5632 pracepta
863 5576 981 5617 esse
1024 5564 1203 5619 omnia
1250 5580 1369 5635 quae
1438 5566 1503 5621 ad
1549 5567 1935 5625 informandam
1982 5573 2146 5628 vitam

560 5648 848 5716 pertinent.
870 5653 971 5706 Sed
1004 5654 1169 5710 miror
1190 5657 1443 5728 pleraque
1493 5658 1778 5730 allegorice
1823 5662 1889 5716 ab
1926 5677 1994 5718 eo
2019 5677 2146 5720 esse

556 5739 852 5809 explicata,
902 5757 1023 5797 cum
1076 5747 1144 5798 ad
1169 5748 1429 5818 litteram,
1500 5760 1558 5806 ttt
1613 5751 1844 5821 loquitur
1910 5762 2093 5811 noster
2124 5795 2141 5821 ,

2267 3294 2595 3359 Augustinus
2626 3308 2731 3347 non
2765 3296 3056 3363 intellexit;
3086 3300 3179 3368 qui
3217 3317 3284 3357 ne
3317 3304 3595 3371 suspicatus
3616 3300 3777 3369 quidem

2265 3391 2345 3435 est
2376 3381 2442 3436 ad
2470 3382 2723 3438 Iudaicos
2758 3400 2935 3439 mores
2966 3389 3185 3457 respici,
3242 3403 3298 3447 ut
3350 3391 3555 3461 pulchre
3589 3388 3777 3444 ostende-

2264 3481 2388 3526 runt
2417 3476 2746 3530 recentiores
2768 3476 2962 3532 critici.

2335 3561 2465 3617 Ibid.
2496 3564 2755 3619 Nonnulli
2792 3576 2963 3621 autem
3006 3569 3070 3622 de
3104 3566 3289 3625 (ἔνθεο
3341 3574 3529 3627 trahere
3576 3571 3777 3626 noluerunt

2259 3653 2721 3720 interpretationem
2745 3657 2901 3730 hujus
2926 3660 3081 3727 uocis,
3130 3673 3369 3730 putantes
3416 3678 3677 3733 pannosum
3706 3660 3777 3717 diti

2260 3745 2441 3809 racha,
2473 3749 2715 3814 quoniam
2740 3747 2917 3805 erce
2938 3766 3145 3820 pannus
3174 3758 3330 3832 ῥάκος
3354 3758 3569 3820 dicitur;
3594 3772 3620 3809 α
3643 3755 3777 3825 quibus

2259 3843 2426 3889 tamen
2452 3852 2565 3889 cum
2585 3840 2832 3907 quceritur
2856 3843 2942 3909 qui
2971 3843 3102 3912 (non
3122 3846 3271 3916 quid)
3310 3848 3500 3901 dicatur
3521 3845 3669 3901 Gram
3686 3856 3777 3911 pan-

2259 3940 2443 3989 nosus,
2494 3943 2597 3980 non
2626 3931 2931 4000 respondent
2969 3933 3171 4007 racha.]
3216 3936 3551 3993 Scribendum
3580 3932 3774 3991 esttam

2258 4024 2312 4069 et
2340 4015 2525 4071 Grtece
2550 4019 2697 4095 ῥακα,
2741 4035 2835 4088 per
2859 4022 3051 4092 kappa,
3074 4041 3178 4079 non
3215 4043 3310 4098 per
3334 4029 3434 4092 chi,
3482 4041 3598 4083 nam
3617 4037 3680 4080 est
3703 4023 3777 4091 Sy-

2259 4106 2402 4163 riaee
2438 4121 2559 4199 κρῆ
2607 4110 2734 4165 raka
2765 4127 2861 4181 per
2905 4112 3064 4185 kaph,
3097 4118 3183 4171 cui
3235 4120 3512 4189 respondet
3557 4117 3778 4199 origin"l

2257 4211 2390 4252 sono
2410 4200 2467 4253 τὸ
2491 4198 2679 4271 kappa.
2710 4203 2816 4259 Nec
2836 4205 2927 4273 qui
2948 4220 3165 4275 pravam
3207 4209 3344 4266 hanc
3372 4212 3593 4266 Grtecam
3610 4198 3777 4277 etymo-

2258 4288 2450 4356 logiam
2502 4292 2866 4361 proferebant,
2921 4299 3236 4355 retulissent
3284 4302 3348 4356 ad
3398 4303 3561 4376 ῥάκος.
3584 4311 3777 4369 pannum.

2255 4380 2349 4434 sed
2370 4381 2437 4435 ad
2465 4383 2655 4455 ῥάχος,
2686 4385 2827 4441 unde
2873 4389 3155 4462 ῤαίστης,
3216 4395 3441 4465 perditus
3483 4393 3660 4448 nebulo.
3700 4384 3775 4442 Sed

2260 4484 2408 4530 recte
2464 4474 2593 4528 fecit
2639 4474 2966 4546 Augustinus
2990 4482 3133 4550 quod
3163 4485 3232 4538 ad
3278 4485 3574 4541 Ilebraicatn
3600 4481 3776 4549 linguam

2181 4557 2235 4618 D
2263 4567 2584 4636 c0nlugerit.

2334 4657 2666 4714 Probabilius
2696 4672 2768 4715 est
2800 4678 2941 4732 ergo,
2995 4663 3185 4735 inquit,
3224 4671 3361 4738 quod
3386 4657 3777 4733 audiniathdtlm

2264 4746 2502 4818 Hebrum,
2528 4768 2644 4806 cum
2670 4755 2723 4806 id
2745 4755 3177 4828 interrogassem;
3205 4761 3340 4815 dixit
3366 4761 3496 4815 enim
3521 4772 3620 4812 esse
3655 4762 3777 4808 vocem

2261 4858 2359 4897 non
2381 4844 2751 4913 signiﬁcantem
2770 4847 2993 4916 aliquid,
3026 4849 3114 4902 sed
3136 4850 3450 4922 indignantis
3471 4848 3615 4904 animi
3636 4852 3777 4898 malum

2259 4936 2638 5006 exprimentem.
2659 4936 2774 4991 Has
2794 4938 3171 5010 interjectiones
3196 4942 3511 5012 grammatici
3525 4944 3677 4993 vocant
3694 4944 3778 5000 ραν·

2262 5027 2444 5081 lica/as
2476 5030 2721 5083 orationis
2747 5030 3094 5101 signiﬁcantes
3112 5036 3350 5087 commoti
3373 5033 3526 5087 animi
3559 5027 3775 5094 affectum:

2260 5123 2391 5173 velut
2414 5136 2531 5173 cum
2550 5122 2736 5174 dicitur
2763 5138 2797 5175 a
2821 5122 3041 5190 dolente,
3074 5124 3175 5179 heu
3193 5127 3213 5179 !
3226 5126 3303 5180 rel
3320 5127 3384 5180 ab
3403 5127 3644 5185 irascente,
3670 5106 3776 5168 heat!

2264 5214 2393 5278 Qui:
2413 5228 2555 5267 voces
2582 5228 2896 5281 quarumque
2941 5213 3235 5285 linguarum
3279 5214 3631 5288 sunt-propria’.
3656 5220 3723 5259 πίε
3741 5203 3777 5252 θη

2259 5306 2416 5357 aliaat
2446 5303 2671 5372 linguam
2716 5307 2869 5374 facile
2889 5309 3297 5377 transferuntur;
3332 5324 3445 5379 qua!
3479 5320 3618 5361 causa
3654 5294 3777 5357 αιὶιιυε

2261 5397 2423 5468 coegit
2453 5409 2557 5450 tam
2586 5396 2821 5453 Graecum
2844 5402 3168 5469 interpretem
3198 5402 3340 5473 (quia
3362 5401 3617 5456 hiattbmus
3634 5388 3777 5447 crede-

2259 5487 2417 5541 batur
2443 5488 2702 5544 Hebraice
2728 5492 3034 5563 scripsisse)
3057 5511 3211 5563 quam
3250 5493 3502 5555 Latinum,
3547 5497 3687 5541 vocem
3722 5480 3778 5542 Ψ·

2254 5596 2365 5633 sam
2393 5597 2602 5651 ponere,
2627 5598 2743 5635 cum
2763 5585 3017 5652 quomodo
3047 5602 3159 5639 eam
3189 5589 3584 5655 interpretaretur
3618 5588 3704 5627 non
3723 5568 3780 5618 in-

2252 5672 2488 5742 veniret.]
2523 5672 2724 5729 Vereor
2750 5686 2807 5727 ut
2840 5676 2969 5730 satis
2998 5688 3143 5732 reetc
3185 5675 3494 5733 intellexerit
3515 5662 3778 5738 Augustinus“

2246 5760 2380 5831 'qtnd
2397 5763 2498 5819 sibi
2526 5766 2685 5822 vellet
2704 5765 2922 5823 Iuda-us
2958 5768 3068 5824 ille.
3099 5769 3255 5826 Certe
3282 5770 3324 5822 si
3343 5766 3545 5822 Indicus
3571 5752 3776 5815 Hebraice
