3908 6318
191 315 262 376 361
834 317 1182 374 νΑκιοῐιυΜ
1224 312 1816 372 EXERCITATIONES
1856 313 1920 366 IN
1958 315 2013 370 S.
2059 317 2426 375 AUGUSTINI
2465 320 2712 378 OPERA.

183 442 231 487 ac
247 430 450 499 Syrisce
479 429 655 494 scivit,
683 443 786 483 non
814 431 980 498 potuit
1004 430 1184 485 dicere
1211 441 1328 514 ινφ-π
1355 427 1478 510 ralta
1502 441 1621 480 esse
1648 426 1730 480 in-
1760 426 1812 484 Α

182 521 525 590 terjectionem
568 519 911 588 indignantis,
943 519 1086 572 nulla
1116 518 1257 573 enim
1285 526 1369 572 est
1408 516 1530 570 talis
1576 517 1739 571 inter-

175 611 312 684 iectio
341 609 392 663 in
434 609 499 662 iis
526 606 746 673 linguis;
777 606 869 662 sed
907 616 1048 692 sapt-1
1093 607 1230 669 reka,
1291 614 1348 660 ut
1391 605 1630 659 scribunt
1676 620 1740 660 ac

175 701 502 772 pronuntiant
527 699 856 763 thalmudici,
887 709 978 752 aut
1029 710 1148 784 κρῆ
1191 697 1338 764 raka,
1394 706 1451 751 ut
1489 697 1632 766 Syri,
1657 709 1740 750 εει

171 793 479 851 cauvicium;
515 790 654 858 quod
685 805 788 842 non
840 790 907 841 ita
967 787 1125 841 facile
1179 787 1232 840 in
1295 787 1452 839 aliam
1507 786 1736 853 linguam

171 881 575 942 transfundatur,
606 879 762 932 siculi
807 893 905 932 nec
964 879 1187 931 aliarum
1220 877 1512 945 linguarum
1558 875 1741 928 convi-

168 975 256 1027 cia.
288 971 439 1036 Quod
471 978 594 1038 puto
618 971 818 1023 dictum
849 969 1013 1023 fuisse
1038 983 1070 1021 a
1092 968 1278 1022 Judreo
1301 968 1614 1036 Augustino,
1647 966 1739 1035 qui

168 1079 257 1115 non
286 1069 562 1114 assecutus
595 1068 680 1114 est
706 1059 846 1128 quod
877 1059 1106 1113 volebat.
1153 1058 1209 1113 Si
1251 1055 1547 1112 scribamus
1597 1064 1739 1142 Rpt't

167 1151 291 1210 relta,
322 1152 426 1204 hac
456 1163 589 1203 voce
616 1148 1013 1217 signiﬁcabatur
1042 1149 1201 1202 homo
1251 1163 1436 1200 vacuus
1485 1146 1740 1214 sapientia

165 1255 215 1294 ac
245 1241 459 1302 virtute,
497 1253 616 1291 nam
649 1237 796 1290 radix
851 1245 992 1314 piari
1017 1237 1158 1289 herik
1202 1245 1284 1290 est
1310 1236 1599 1300 evacuavit;
1643 1250 1741 1290 nec

164 1338 235 1383 est
263 1328 648 1384 contumeliosa
678 1342 778 1380 vos
801 1326 983 1380 Graeca
1026 1333 1120 1379 aut
1143 1325 1326 1379 Latina
1357 1339 1458 1392 qua
1506 1326 1605 1377 hoc
1651 1339 1742 1376 ex-

163 1421 435 1488 primatur.
464 1418 521 1472 Si
547 1431 672 1470 vero
699 1417 994 1470 scribamus
1042 1425 1160 1501 NP'1
1186 1414 1328 1483 raka,
1360 1416 1462 1468 erit
1506 1429 1534 1467 a
1563 1414 1744 1484 Syria-

163 1526 215 1562 ca
247 1509 432 1563 radice
481 1520 599 1593 rep-1
628 1506 772 1574 raka,
806 1522 924 1576 quae
951 1515 1034 1561 est
1062 1516 1292 1575 sputare,
1317 1505 1742 1575 signiticabitque

165 1603 426 1654 hominem
450 1601 665 1668 dignum
724 1598 813 1666 qui
861 1607 1206 1667 conspuatur.
1254 1600 1423 1665 Quam
1482 1598 1740 1668 originem

163 1695 346 1760 probat
369 1693 676 1746 Edtnondus
701 1690 989 1757 Castellus,
1024 1692 1077 1745 in
1108 1691 1310 1746 Lexico
1333 1691 1646 1762 polyglotto,
1672 1692 1743 1745 af-

169 1787 368 1853 fertque
394 1785 570 1838 obiter
608 1783 1038 1852 TheOphylactus
1084 1784 1135 1837 in
1185 1785 1327 1836 hunc
1353 1784 1525 1837 locum
1561 1801 1572 1836 :
1612 1786 1742 1844 τινές
1773 1771 1816 1830 Β

162 1875 209 1928 δὲ
231 1876 290 1930 τὸ
314 1876 462 1928 Ῥὰκα
489 1875 694 1948 Συριστὶ
719 1872 1067 1927 nutrita-ruerit?
1096 1895 1220 1944 φασι
1244 1875 1503 1945 σημαίνειν
1552 1888 1566 1926 :
1621 1874 1738 1940 qui-

164 1967 277 2016 dam
309 1979 422 2017 vero
455 1963 598 2016 Raka
630 1963 842 2031 Syriuce
862 1963 1006 2014 aiunt
1035 1962 1330 2030 signiﬁcare
1363 1963 1736 2030 despuendum.

163 2055 262 2108 Sed
293 2069 397 2106 non
421 2064 548 2123 puto
599 2055 952 2108 κατάπτυστον
1002 2052 1203 2106 dictum
1252 2052 1441 2106 eodem
1471 2067 1630 2106 sensu
1680 2068 1742 2108 ac

166 2144 336 2207 llalta;
357 2159 476 2196 nam
494 2144 675 2197 Grtcca
700 2158 796 2197 vos
820 2144 1232 2207 abominandum,
1253 2143 1553 2214 fugiendum
1575 2154 1739 2199 trans-

165 2235 331 2288 latitio
370 2249 534 2287 sensu
573 2243 745 2300 sonat,
775 2233 1029 2288 llebraica
1082 2249 1210 2288 vero
1252 2249 1355 2312 vos
1399 2245 1745 2288 contemnen-

165 2327 307 2378 dum.
362 2326 532 2379 Priori
600 2325 879 2378 allatarum
937 2326 1052 2390 ejus
1099 2325 1366 2395 originum
1412 2324 1555 2380 favet
1616 2342 1743 2382 usus

168 2415 637 2482 thalmudicorutn,
686 2414 964 2483 posteriori
1013 2415 1241 2484 prolatio
1283 2417 1393 2482 ipsa
1438 2417 1604 2470 vocis.
1638 2415 1741 2470 Sed

167 2506 414 2575 quidquid
445 2505 496 2561 id
526 2515 629 2570 est,
683 2505 823 2560 lialta
872 2522 975 2560 non
1024 2516 1108 2561 est
1156 2507 1474 2576 interiectio.
1522 2508 1621 2561 Adi
1677 2508 1744 2562 ad

169 2598 462 2653 IIatthteuzu
487 2598 641 2652 Joan.
679 2598 949 2666 Drusium,
974 2606 1028 2652 ct
1057 2598 1190 2667 Hug.
1224 2598 1492 2654 Grutium.

231 2690 360 2758 Cap.
395 2691 481 2754 Η,
521 2690 548 2760 §
585 2691 673 2758 3f,
705 2689 770 2744 ad
808 2691 995 2744 Matth.
1030 2705 1085 2754 v,
1115 2691 1205 2744 23.
1269 2690 1394 2742 Esto
1453 2690 1744 2743 adversario

173 2790 256 2833 Itto
283 2781 567 2844 benevolus,
600 2780 726 2850 etc.]
752 2782 1080 2848 Augustinus
1107 2779 1191 2832 hic
1219 2793 1494 2846 perperam
1531 2787 1748 2848 argutus

171 2874 390 2941 iudicem
422 2875 801 2941 interpretatur
820 2872 1074 2926 Christum
1097 2881 1149 2924 et
1172 2871 1536 2925 adversarium
1560 2871 1743 2934 Deum,

173 2981 273 3032 quo
303 2966 428 3018 nihil
473 2963 757 3018 absurdius
801 2963 921 3030 fingi
969 2965 1158 3032 potuit.
1213 2962 1434 3032 Dignum
1490 2977 1618 3016 sane
1649 2963 1748 3017 hoc

175 3069 284 3110 erat
309 3065 620 3117 retractatu,
652 3064 709 3108 ut
736 3063 790 3109 et
832 3054 1086 3124 pleraque
1112 3055 1213 3109 alia
1267 3069 1387 3123 quae
1417 3054 1503 3107 hic
1551 3054 1747 3107 haben-

176 3158 279 3212 tur,
310 3158 361 3202 et
387 3161 506 3216 qua:
530 3148 638 3201 fere
664 3155 786 3199 sunt
809 3153 1051 3200 contorta
1076 3153 1130 3200 et
1177 3146 1371 3200 alit-na.
1417 3144 1592 3198 Satius
1620 3145 1746 3197 tuis-
1777 3124 1821 3185 Ο

175 3250 255 3294 set
283 3241 576 3308 Augustino
598 3239 798 3292 diutius
825 3247 1000 3291 tacere
1024 3251 1179 3307 quam
1203 3239 1364 3291 cruda
1395 3236 1566 3291 studia
1584 3237 1632 3290 in
1654 3251 1751 3304 pu-

173 3333 364 3386 blicam
417 3334 589 3386 lucem
639 3331 970 3401 protrudere.
1018 3331 1142 3385 Erat
1177 3331 1320 3384 enim
1378 3340 1577 3383 tantum
1632 3347 1751 3397 pre-

174 3425 374 3494 sbyter,
399 3440 520 3480 cum
555 3426 653 3478 hoc
685 3439 818 3494 Opus
841 3424 1005 3478 edidit
1039 3464 1057 3490 ,
1111 3437 1210 3476 nec
1263 3425 1330 3476 ita
1375 3423 1576 3491 pridem
1602 3425 1752 3478 theo-

177 3514 330 3582 logia:
383 3515 698 3570 Christiana:
753 3522 808 3569 et
861 3513 1253 3582 Scripturarum
1301 3511 1477 3566 studio
1531 3527 1750 3582 operam

174 3607 418 3664 dederat.

243 3700 372 3771 Cap.
402 3700 490 3764 16,
526 3698 666 3770 ξδο.
687 3697 981 3768 Acyndinus
1005 3705 1123 3751 tunc
1165 3701 1452 3765 praefectus,
1499 3695 1753 3765 quietiam

171 3794 352 3845 consul
396 3792 513 3859 fuit,
547 3786 684 3857 etc.]
731 3789 954 3856 Insignis
1005 3798 1087 3843 est
1124 3789 1371 3854 historia,
1412 3797 1466 3842 et
1503 3803 1603 3856 qua
1641 3801 1752 3841 sar-

173 3883 270 3936 ciri
299 3885 634 3951 aliquatenus
655 3881 820 3947 possit
851 3880 1054 3947 jactura
1077 3882 1347 3946 temporis,
1375 3895 1493 3948 qua:
1519 3879 1574 3931 Iit
1597 3878 1648 3931 in
1683 3879 1756 3931 Ie-

174 3973 366 4040 gendis
431 3971 735 4041 allegoricis
810 3970 1336 4041 interpretationibus
1406 3968 1559 4037 hujus
1626 3983 1756 4036 opu-

176 4063 332 4117 sculi.

250 4153 410 4208 Ltntto
440 4167 497 4205 tt.
522 4149 652 4219 Cap.
682 4151 734 4214 2,
769 4150 795 4219 §
831 4151 879 4205 5.
939 4149 1068 4204 Cum
1117 4151 1183 4202 ad
1224 4150 1501 4203 oralionem
1542 4157 1754 4208 stamus,

176 4242 246 4292 ad
271 4227 527 4294 Orientem
571 4243 931 4306 convertimur,
968 4241 1099 4292 unde
1145 4242 1324 4293 attalum
1384 4240 1564 4307 surgit,
1619 4236 1755 4305 etc.]

179 4330 351 4384 Credo
373 4331 567 4384 factum
589 4340 644 4382 ut
666 4331 936 4383 contrario
959 4332 1060 4383 ritu
1085 4330 1280 4383 ludatis
1309 4334 1584 4383 uterentur
1605 4328 1760 4382 Chri-

182 4421 354 4473 stiani.
381 4421 748 4474 Sanctuarium
791 4422 950 4486 enim,
987 4421 1037 4472 in
1090 4420 1286 4487 templo
1324 4420 1374 4471 in
1414 4417 1757 4486 Jerosolymi-

185 4519 328 4572 tario,
355 4512 418 4565 ad
447 4511 790 4564 Occidentem
823 4511 1109 4575 Spectat-it;
1139 4524 1200 4562 ac
1259 4509 1478 4575 proinde
1519 4507 1585 4561 ad
1639 4523 1754 4559 eam

187 4602 304 4653 coeli
347 4601 553 4669 plagam
577 4601 817 4653 conversi
840 4601 1062 4654 orabant
1108 4599 1299 4653 Juda-i.
1362 4598 1491 4653 Vide
1545 4606 1656 4652 not.
1689 4597 1756 4651 ad

191 4693 358 4747 Ελοά.
403 4709 544 4753 nvr.
575 4694 665 4755 5'5,
692 4707 719 4744 a
749 4692 952 4746 Joanne
977 4692 1207 4746 Clerico.

256 4785 384 4854 Cap.
417 4786 472 4845 7,
507 4783 536 4852 ς
569 4782 659 4844 ‘25,
686 4782 751 4836 de
782 4797 915 4850 pane
935 4784 1262 4850 quotidiano,
1295 4782 1346 4834 in
1384 4782 1626 4836 oratione
1658 4781 1759 4833 Do-

194 4877 401 4931 minica.
433 4874 598 4926 Panis
626 4873 949 4940 quotidianus
983 4884 1070 4927 aut
1097 4892 1188 4943 pro
1230 4875 1459 4927 omnibus
1489 4876 1548 4926 iis
1595 4876 1758 4927 dictus

197 4977 261 5018 est
303 4983 414 5034 qua:
459 4967 615 5036 hujus
659 4961 772 5017 vitta
814 4943 1156 5017 necessitatem
1208 4973 1604 5017 sustentant.....
1670 4973 1758 5016 aut

200 5072 283 5122 pro
310 5067 622 5111 sacramento
653 5059 876 5125 corporis
905 5053 1110 5116 Christi,
1159 5054 1292 5120 quod
1316 5053 1540 5119 quotidie
1571 5055 1762 5115 accipi-

201 5161 320 5199 mus.
342 5146 362 5217 'J
391 5149 660 5210 Attamen,
694 5157 751 5199 ut
780 5145 853 5198 ait
882 5144 910 5214 ς
956 5145 1048 5209 26,
1080 5144 1285 5214 plurimi
1323 5145 1377 5196 in
1418 5142 1762 5196 Orientalibus

202 5237 418 5298 partibus
463 5251 566 5289 non
610 5235 830 5303 quotidie
865 5233 1031 5289 Cwntc
1059 5234 1320 5288 dominica:
1367 5231 1756 5286 communicant.

208 5322 254 5378 In
278 5327 450 5381 Africa
476 5327 586 5395 jam
612 5341 638 5377 a
672 5325 996 5394 temporibus
1042 5322 1291 5393 Cypriani
1347 5337 1409 5378 ea
1460 5324 1762 5377 obtinuerat

207 5418 546 5481 consuetudo,
575 5426 633 5470 ut
661 5417 824 5484 liquet
844 5431 908 5470 ex
940 5415 1054 5481 ejus
1080 5415 1216 5468 libro
1247 5416 1296 5468 in
1337 5414 1629 5468 orationem
1669 5414 1764 5466 do-

211 5510 439 5563 minicam
470 5525 485 5561 :
519 5507 896 5560 Eucltaristiam
925 5505 1151 5573 quotidie
1175 5506 1241 5557 ad
1267 5505 1430 5556 cibum
1459 5504 1636 5557 salutis
1679 5519 1765 5555 ac-

211 5600 425 5668 cipimus.
459 5597 540 5651 Ad
562 5612 718 5665 quem
750 5596 920 5648 locum
951 5595 1068 5670 vide
1111 5595 1264 5649 Joan.
1325 5595 1528 5648 Fellum
1559 5593 1766 5662 cpisco-

216 5708 316 5759 pum
344 5693 724 5746 Oxoniensem.

433 5781 704 5878 Pareo}.
754 5775 979 5834 XLVII

3314 333 3418 390 562

2299 432 2945 495 ANIMADVERSIONES

2086 535 2136 571 IN
2168 536 2346 577 LIBROS
2370 538 2710 585 ριιιεετιοκυη
2741 544 3164 590 ενλκοεωοιιυκ.

1913 605 2074 661 LIBRO
2105 624 2140 661 ι.
2165 610 2364 676 ρυίεει.
2395 615 2449 666 2.
2478 616 2628 681 Quod
2647 619 2887 686 discipuli
2910 622 3116 679 Domini
3140 639 3422 695 cmperunt

1841 696 2039 751 vellere
2052 699 2225 766 spicas
2247 708 2301 755 et
2323 705 2827 777 manducare;quod
2851 711 2950 766 nisi
2970 717 3308 784 confricantes
3340 735 3422 772 etts

1839 788 2006 857 facere
2033 805 2133 842 non
2162 802 2384 860 possent.
2411 794 2550 849 Hinc
2569 806 2664 862 est,
2695 800 3011 858 mortiﬁcate
3057 807 3295 862 membra
3331 826 3419 862 ve-

1839 889 1948 936 stra
1979 898 2140 952 super
2168 894 2393 953 terram;
2421 890 2477 942 id
2498 900 2591 956 est,
2615 894 2736 961 quia
2768 896 2973 965 quisque
2997 915 3100 952 non
3146 905 3326 956 transit
3369 905 3419 956 in

1841 987 2024 1042 corpus
2054 974 2267 1043 Christi,
2297 978 2394 1031 nisi
2423 983 2710 1037 carnalibus
2745 989 3055 1054 exspatiatus
3085 990 3238 1053 fuerit
3267 993 3416 1045 indu-

1841 1063 2063 1135 mentis.]
2086 1065 2242 1121 Tales
2271 1077 2397 1122 sunt
2422 1071 2688 1143 pleraeque
2711 1079 3057 1146 quaestiones,
3088 1083 3227 1137 unde
3264 1083 3416 1136 intel-

1844 1154 2004 1222 ligare
2031 1156 2153 1211 licet
2185 1159 2341 1214 finem
2361 1161 2640 1230 Augustini
2665 1166 2716 1220 in
2752 1167 2896 1224 hisce
2925 1171 3076 1226 libris
3106 1188 3210 1228 non
3249 1175 3412 1230 fuisse

1842 1243 2237 1308 inquisitionem
2265 1252 2374 1304 veri
2402 1265 2612 1318 sensns,
2640 1256 2731 1310 sed
2763 1263 3243 1318 commentitiarum
3286 1265 3415 1321 alle-

1841 1337 2126 1405 goriarum,
2156 1340 2220 1393 ad
2252 1357 2384 1409 quas
2441 1345 2588 1399 inviti
2630 1350 2966 1417 evangelistze
3023 1362 3413 1422 torquerentur.

1842 1426 1886 1478 0
1909 1429 2112 1482 cerebri
2136 1428 2346 1484 felices!
2377 1435 2534 1500 quiin
2567 1444 2674 1490 tam
2699 1439 2902 1493 levibus
2924 1443 3146 1510 argutiis
3176 1443 3414 1513 acquies~

1841 1516 2049 1570 cebant.

1915 1607 2075 1664 LIBRO
2098 1626 2151 1664 II.
2212 1611 2412 1677 Quaest.
2444 1613 2532 1682 38,
2576 1616 2602 1686 ᾗ
2633 1619 2685 1672 '5.
2745 1619 3046 1690 Quanquam
3075 1625 3167 1680 illa
3204 1631 3416 1697 receptio

1844 1697 1918 1766 (in
1952 1699 2288 1756 tabernacula
2317 1713 2548 1771 aiterna,
2590 1707 2719 1763 Luc.
2745 1712 2988 1781 “1,19.)
3023 1722 3196 1768 utrum
3249 1720 3416 1771 statim

1845 1799 1956 1858 post
1985 1791 2136 1843 istaut
2163 1793 2446 1862 vitam/iul,
2493 1812 2561 1849 an
2612 1798 2664 1851 in
2717 1799 2819 1865 line
2874 1803 3069 1867 swculi,
3115 1805 3167 1856 in
3198 1821 3418 1862 resurre-

1843 1881 2005 1934 ctione
2044 1892 2383 1948 mortuorum,
2419 1894 2566 1954 atque
2613 1888 2795 1941 ultima
2849 1891 3174 1947 retributione
3213 1896 3418 1960 iudicii,

1843 1983 1945 2022 non
1974 1969 2181 2022 minima
2201 1974 2409 2038 quwslio
2447 1973 2565 2044 est.]
2597 1975 2782 2044 Digna,
2811 1979 2912 2032 hac
2932 1980 2996 2035 de
3031 1996 3111 2046 re,
3151 1983 3288 2038 lectu
3340 1995 3419 2042 est

1844 2061 2144 2117 dissertatio
2190 2063 2286 2117 viri
2335 2065 2628 2122 doctissimi
2682 2069 2934 2125 Ludovici
2968 2073 3224 2143 Cappelli,
3263 2091 3420 2145 quam

1846 2153 2114 2222 inscripsit
2161 2154 2488 2210 Mortuorum
2520 2157 2712 2212 Vitam.
2765 2160 2915 2215 Edita
2963 2173 3046 2217 est
3092 2165 3143 2218 in
3170 2167 3420 2233 operibus

1843 2244 1959 2312 ejus
2023 2245 2222 2300 criticis
2297 2261 2415 2316 quae
2468 2248 2779 2316 prodierunt
2846 2253 3230 2310 Amstelodami
3282 2272 3420 2312 anno

1848 2335 2006 2390 1689.

1915 2428 2112 2493 Qumst.
2140 2429 2227 2482 5f.
2267 2427 2383 2480 Non
2408 2445 2553 2482 omne
2573 2433 2708 2499 quod
2724 2433 2958 2504 ﬁngimus
2976 2439 3290 2492 mendacium
3328 2451 3420 2506 est,

1846 2518 2079 2584 quando,
2113 2534 2323 2586 nempe,
2341 2535 2436 2588 pro
2457 2536 2583 2574 vero
2613 2523 2662 2575 id
2688 2540 2790 2577 non
2814 2526 3057 2582 dicimus.
3077 2529 3182 2583 Sed
3196 2533 3421 2598 quando,

1846 2609 2037 2678 inquit,
2071 2610 2124 2662 id
2153 2610 2393 2679 ﬁngimus
2419 2611 2555 2680 quod
2584 2612 2712 2666 nihil
2738 2616 3012 2685 signiﬁcat,
3041 2627 3158 2672 tunc
3177 2627 3252 2673 est
3287 2637 3420 2675 men-

1849 2698 2070 2750 dacium.
2105 2698 2212 2750 Imo
2238 2700 2450 2765 quando
2479 2715 2658 2753 verum
2681 2716 2798 2756 esse
2825 2704 3049 2758 dicimus
3100 2709 3240 2774 quod
3272 2708 3422 2778 lingi-

1850 2801 1984 2840 tnus.
2011 2786 2063 2841 Si
2092 2785 2210 2852 quis
2239 2787 2541 2855 parabolam
2588 2789 2882 2844 habendam
2923 2809 3041 2849 esse
3093 2795 3294 2851 diceret
3332 2815 3421 2867 Iro

1850 2894 1972 2932 vera
2006 2877 2247 2941 historia,
2300 2879 2631 2934 mendacium
2663 2882 2880 2946 diceret,
2915 2900 3240 2956 quaecunque
3269 2901 3422 2945 c:cte-

1852 2969 2001 3037 roqui
2027 2969 2343 3037 signiﬁcatio
2386 2969 2522 3024 foret
2545 2973 2827 3038 parabole}.
2852 2975 2958 3030 Sed
2983 2985 3039 3031 ut
3062 2980 3233 3034 omnis
3263 2982 3424 3035 sium-

1853 3060 1980 3114 latio
2009 3075 2112 3115 non
2138 3069 2218 3115 est
2247 3061 2614 3129 vituperanda,
2643 3063 2814 3131 qualis
2855 3081 2914 3120 ea
2946 3076 3028 3122 est
3078 3069 3144 3123 de
3165 3085 3268 3140 qua
3295 3071 3423 3127 Luc.

1853 3166 1996 3215 xxiv,
2026 3152 2096 3205 28
2124 3169 2136 3204 :
2175 3151 2252 3206 sic
2279 3151 2416 3206 forte
2446 3166 2544 3206 nec
2602 3168 2758 3208 omne
2799 3155 3153 3212 damnandutn
3207 3163 3424 3216 menda-

1852 3242 2015 3296 cium.
2064 3243 2168 3299 Sed
2224 3245 2322 3298 hac
2378 3243 2445 3300 de
2484 3259 2540 3299 re
2563 3245 2823 3317 integrum
2851 3264 2984 3318 opus
3023 3251 3425 3324 scripsitAugn-

1853 3334 2043 3388 stinus.

2311 3425 2950 3484 ANIMADVERSIONES

2241 3529 2291 3566 IN
2337 3530 2642 3567 TRACTATUS
2686 3532 2734 3568 IN
2780 3531 3035 3571 JOANNEM.

1925 3602 2174 3657 Tractatu
2209 3604 2260 3668 I,
2295 3604 2322 3672 §
2354 3603 2439 3666 15,
2467 3603 2532 3656 ad
2560 3603 2715 3658 Joan.
2749 3620 2784 3672 t,
2823 3607 2876 3660 5.
2917 3608 3041 3660 Sine
3080 3609 3191 3675 ipso
3236 3614 3425 3678 factum

1853 3703 1924 3747 est
1954 3692 2102 3746 nihil.
2136 3691 2511 3760 Interpretatur
2550 3694 2895 3762 Augustinus.
2930 3713 3237 3767 quaecunque
3277 3711 3427 3755 natu-

1854 3784 2031 3836 raliter
2057 3783 2190 3852 fucta
2218 3792 2354 3845 sunt,
2381 3790 2690 3853 quazcunque
2717 3792 2833 3836 sunt
2882 3786 2934 3838 in
2963 3789 3230 3854 creaturis,
3260 3795 3426 3845 omnia

1856 3875 2059 3927 omnino
2084 3888 2198 3939 qua:
2217 3872 2323 3941 ﬁxa
2352 3874 2405 3925 in
2435 3872 2558 3927 caelo
2603 3883 2743 3940 sunt,
2785 3891 2900 3944 qua:
2947 3877 3140 3946 fulgent
3191 3879 3427 3950 desuper,

1856 3979 1968 4032 qua:
1992 3962 2201 4016 volitant
2241 3965 2330 4016 sub
2369 3967 2513 4028 caelo,
2561 3974 2609 4017 et
2648 3980 2760 4032 qua:
2803 3977 3059 4018 moventur
3101 3969 3154 4020 in
3195 3970 3428 4024 universa

1857 4070 2027 4108 rerum
2052 4062 2306 4107 natura...
2336 4055 2398 4106 ab
2421 4056 2598 4123 angelo
2638 4071 2792 4122 usque
2818 4057 2884 4109 ad
2911 4057 3261 4112 vermiculum.
3332 4060 3426 4114 Ni-

1860 4148 1930 4201 hil
1959 4150 2174 4213 verius;
2201 4149 2288 4213 qui
2314 4149 2453 4201 enim
2475 4148 2705 4200 divinam
2731 4150 3114 4216 providentiam
3143 4155 3425 4222 negabant,

1861 4241 2018 4294 iidem
2053 4239 2304 4294 nolebant
2348 4241 2542 4292 insecta
2565 4254 2593 4291 a
2628 4239 2734 4292 Deo
2765 4240 2918 4293 facta.
2953 4243 3125 4294 Multis
3148 4243 3244 4295 hac
3273 4244 3338 4296 de
3373 4260 3429 4296 re

1860 4331 1985 4398 egit,
2021 4329 2071 4381 in
2103 4330 2240 4381 notis
2270 4327 2333 4380 ad
2381 4327 2520 4380 hunc
2569 4328 2761 4393 locum,
2793 4329 3022 4382 Joannes
3056 4330 3307 4388 Clericus,
3338 4347 3427 4384 ea-

1862 4437 1964 4492 que
1990 4421 2121 4476 dixit
2145 4420 2334 4486 quibus
2365 4421 2567 4487 possint
2597 4422 2974 4489 Augustiniana
3009 4421 3277 4474 tl‘ustrari.
3312 4424 3427 4475 [ιὶ-

1864 4528 1981 4566 nam
2014 4511 2367 4579 Ilipponensis
2397 4512 2696 4578 episcopus,
2749 4511 2924 4564 missis
2952 4511 3199 4564 omnibus
3228 4511 3427 4579 frigidis

1859 4603 2149 4672 allegoriis,
2172 4602 2474 4670 coactisque
2498 4602 3017 4669 interpretationibus
3039 4602 3230 4668 quzbus
3260 4613 3428 4655 scatet

1859 4692 2112 4763 quidquid
2146 4693 2196 4746 in
2223 4692 2550 4761 Scriptorum
2579 4691 2927 4751 elucubravit,
2960 4691 3089 4742 tales
3115 4703 3327 4758 semper
3352 4693 3429 4744 in-

1863 4786 2267 4855 terpretationes
2319 4785 2662 4853 protulisset!
2711 4782 2812 4834 Pro
2858 4780 3087 4847 querelis
3125 4791 3174 4834 et
3202 4783 3429 4851 castiga-

1864 4878 2114 4942 tionibus,
2139 4875 2322 4929 laudes
2346 4883 2395 4928 et
2422 4874 2705 4941 gratiarum
2735 4869 2971 4925 aetiones
3001 4868 3083 4922 hic
3104 4870 3425 4939 legerentur.

1871 4967 2151 5020 Verissime
2181 4965 2232 5016 in
2266 4964 2292 5032 ᾗ
2326 4965 2391 5016 ﬂ
2420 4963 2684 5022 observat,
2714 4961 2756 5012 si
2787 4961 3140 5016 concedamus
3167 4979 3376 5019 muscas
3401 4983 3428 5019 a

1868 5058 1976 5111 Deo
1999 5071 2099 5109 non
2133 5068 2250 5107 esse
2276 5054 2455 5112 factas,
2484 5067 2577 5103 nos
2602 5064 2756 5118 posse
2790 5052 2983 5104 sensim
3025 5052 3210 5109 deduci
3241 5056 3305 5108 ad
3334 5072 3427 5108 ne-

1866 5146 2093 5212 gandum
2123 5143 2457 5208 elephantem
2485 5153 2642 5207 atque
2674 5138 2938 5194 hominem
2972 5142 3066 5196 Dei
3098 5159 3256 5212 opera
3289 5158 3428 5197 esse.

1871 5238 1937 5291 Ut
1966 5237 2104 5290 enim
2135 5233 2440 5300 gradatione
2469 5247 2531 5286 ex
2567 5234 2680 5300 ipso
2706 5233 2980 5301 desumpta
3005 5241 3142 5299 utar,
3176 5234 3220 5286 si
3253 5248 3430 5286 musca

1868 5327 1936 5380 sit
1957 5323 2200 5378 fortuitus
2229 5322 2422 5376 caloris
2446 5322 2600 5386 fetus,
2630 5322 2808 5391 quidni
2847 5333 2899 5376 et
2933 5324 3132 5377 locusta
3157 5325 3178 5373 't
3207 5323 3258 5375 Si
3289 5322 3431 5375 locu-

1869 5425 1970 5478 sta,
1999 5412 2178 5480 quidni
2210 5421 2262 5466 et
2285 5412 2552 5466 lacertus?
2597 5411 2653 5466 Si
2697 5415 2944 5475 lacertus,
2987 5411 3167 5479 quidni
3197 5411 3306 5463 avis
3325 5410 3351 5464 ἳ
3377 5411 3433 5467 Si

1869 5504 2002 5565 avis,
2035 5502 2212 5568 quidni
2263 5503 2459 5569 pecus?
2509 5502 2564 5555 Si
2619 5517 2800 5570 pecus,
2854 5499 3035 5568 quidni
3070 5500 3202 5553 bos?
3231 5501 3282 5553 Si
3317 5500 3425 5570 bos,

1870 5592 2052 5661 quidni
2084 5591 2334 5659 elephas?
2361 5590 2417 5645 Si
2445 5591 2682 5659 elephas,
2731 5588 2911 5655 quidni
2962 5588 3164 5643 homo?
3192 5593 3434 5645 Attamen

1874 5682 2053 5737 nescio
2082 5681 2348 5750 quomodo
2379 5679 2702 5749 Augustinus
2731 5678 2980 5732 concedit
3019 5697 3207 5735 vermes
3259 5681 3436 5751 (unde

2934 5769 3006 5828 12
