3908 6302
516 306 633 360 ἔ)ῢό

1427 299 1966 356 δυνρωεδιεκγυδι
2006 300 2095 353 AD
2133 298 2358 354 ΟΡΕΙίᾹ
2400 301 2456 354 S.
2505 300 2884 355 AUGUSTI“.

3667 302 3756 355 3M

531 412 762 480 muscas)
790 426 854 464 cz
875 408 1140 477 pu'redine
1166 410 1326 462 nasci.
1383 408 1497 463 Non
1548 412 1705 464 video
1752 411 1875 477 quid
1928 426 2034 477 pos-
2054 421 2107 465 et
2136 416 2185 471 Α
2212 428 2424 478 gmenta
2462 416 2618 467 avide
2657 424 2781 467 sunt
2804 423 3013 482 arrepta
3056 414 3124 467 ab
3149 414 3209 466 its
3233 413 3323 481 qui
3353 413 3604 480 putabant
3624 414 3761 471 facta

531 499 851 569 respondere
880 496 1171 564 gradationi
1200 512 1264 551 ex
1292 496 1410 564 ipso
1438 497 1633 551 allatae.
1673 499 1865 552 Verum
1893 498 1942 551 hi
1971 499 2101 552 Tra-

526 602 699 645 ctatus
722 588 1004 655 populares
1030 594 1153 638 sunt
1186 586 1477 650 orationes,
1506 586 1647 652 quod
1680 602 1873 639 nomen
1926 587 2099 655 ipsum

525 676 798 738 ostendit;
830 675 1025 744 quibus
1067 687 1241 743 neque
1284 672 1505 728 Joannis
1559 675 1740 740 verba,
1794 690 1966 741 neque
2014 691 2101 729 res

528 770 671 836 ipsas
701 771 768 820 ad
796 767 1051 819 amussim
1110 766 1509 832 interpretatur,
1564 765 1659 820 sed
1709 766 1837 819 dicit
1876 766 2098 832 quodin

528 869 761 914 mentem
787 859 1053 913 veniebat.
1094 856 1273 926 Itaque
1304 856 1499 911 l‘rustta
1528 857 1619 923 sit,
1670 857 1759 925 qui
1801 856 1923 911 hinc
1945 858 2100 926 quid-

527 966 685 1018 quam
719 949 964 1018 exquisiti
988 955 1280 1016 exspectet.

595 1040 844 1093 Tractatu
875 1036 963 1102 26,
996 1051 1141 1090 num.
1177 1037 1261 1091 il.
1311 1034 1503 1088 Panem
1529 1035 1776 1089 calestem
1807 1036 2101 1106 spiritaliter

526 1131 849 1194 manducate,
880 1128 1218 1181 innocentiam
1264 1126 1331 1179 ad
1361 1124 1525 1178 altare
1552 1134 1836 1194 apportate.
1879 1124 2099 1177 Pcccata

526 1220 618 1271 etsi
648 1229 764 1271 sunt
807 1218 1123 1285 quolidianu,
1164 1216 1237 1268 vel
1266 1230 1366 1267 non
1402 1215 1502 1268 sint
1529 1216 1813 1283 mortifrra.
1840 1214 1859 1285 ]
1894 1220 1995 1267 Aut
2024 1215 2099 1267 rel

527 1309 613 1361 hic
639 1308 863 1360 sumitur
889 1320 982 1373 pro
1008 1305 1186 1357 saltem
1212 1314 1302 1357 aut
1333 1312 1416 1358 est
1470 1304 1745 1368 mendum,
1788 1305 2099 1371 legendum-

524 1415 630 1468 que
661 1402 825 1453 forte:
856 1408 910 1449 at
940 1414 1037 1449 non
1080 1398 1178 1448 sint
1231 1397 1512 1465 mortifera,
1550 1396 1691 1465 quod
1720 1408 1900 1464 postea
1928 1408 2099 1449 muta-

527 1498 637 1541 tutn
668 1488 721 1539 in
747 1497 856 1551 aut,
888 1484 1154 1538 deindein
1186 1485 1282 1537 υιιι.

596 1579 773 1631 Tract.
804 1578 897 1641 28,
930 1577 1070 1648 δη,
1104 1576 1153 1630 itt
1179 1575 1333 1630 Joan.
1372 1591 1487 1638 vnt,
1539 1573 1631 1634 25.
1690 1574 1779 1628 ubi
1830 1574 2095 1637 Christus,

524 1669 829 1739 principium
854 1670 973 1736 quia
999 1677 1043 1719 et
1070 1667 1251 1735 loquor
1276 1666 1433 1719 vobis.
1468 1664 1618 1731 Ecce,
1648 1665 1819 1734 inquit
1850 1667 2096 1733 Augusti-

2204 504 2589 556 admiuendum
2617 504 2870 573 quidquid
2925 506 3101 556 facere
3144 503 3461 556 censebatur
3486 503 3553 555 ad
3582 506 3757 557 contir-

2204 595 2489 645 matiunem
2514 592 2830 646 Christiana:
2873 592 3017 652 lidei.
3068 606 3166 645 nec
3203 592 3465 644 curiosius
3494 607 3560 644 an
3590 608 3759 647 verum

2202 692 2341 735 esset
2362 682 2763 749 expendendum
2790 699 2805 738 :
2830 683 2971 734 ttnde
2999 696 3135 734 naue
3157 696 3274 734 sunt
3307 682 3600 735 innumera:
3625 683 3759 735 falsu-

2202 771 2286 836 lze,
2316 783 2370 825 et
2399 773 2809 837 superstitiones
2836 772 3025 839 quibus
3048 772 3318 839 religionis
3346 768 3657 824 Christianae
3680 790 3759 825 n.1-

2200 861 2304 915 tiva
2325 862 2426 930 ριιι.
2448 863 2659 915 hritudo
2683 878 2787 916 non
2807 877 2993 930 parum
3015 862 3293 914 obscurata
3316 872 3418 915 est.
3439 862 3756 918 Multusatins

2199 951 2404 1013 fuisset,
2438 953 2679 1006 homines
2718 953 2785 1007 de
2839 952 3057 1006 veritate
3110 963 3164 1003 et
3210 951 3488 1005 divinitate
3516 953 3756 1006 duelrinzlt

2198 1040 2515 1095 Christiana:
2542 1044 2758 1096 minime
2778 1042 3099 1105 dubitantes,
3132 1042 3422 1094 abhorrere
3442 1042 3510 1094 ah
3530 1045 3756 1096 omnibus

2198 1135 2526 1199 argumentis
2553 1150 2657 1186 non
2690 1142 2892 1187 tantum
2945 1133 3112 1195 falsis,
3146 1132 3239 1185 Scd
3270 1131 3433 1184 etiam
3469 1133 3587 1184 levil
3608 1146 3667 1185 us
3704 1150 3756 1186 ac

2199 1223 2446 1287 incertis;
2491 1223 2700 1276 veritati
2752 1223 2892 1275 cnim
2942 1224 3235 1289 explorane
3286 1222 3426 1273 nulla
3456 1232 3628 1287 potest
3648 1238 3755 1275 esse

2197 1312 2504 1379 conjunctiu
2525 1322 2616 1364 aut
2641 1328 2760 1365 cum
2784 1312 3081 1375 mendacio,
3106 1322 3197 1363 aut
3218 1327 3340 1363 cum
3365 1312 3583 1364 incertis-
3603 1328 3755 1364 rtnnn-

2198 1402 2367 1464 ribus,
2399 1417 2516 1464 qua:
2544 1419 2662 1455 eam
2697 1418 2801 1455 non
2848 1402 3116 1467 obscuret,
3170 1410 3261 1454 aut
3311 1402 3471 1453 etiam
3512 1403 3756 1455 dedecote

2197 1491 2413 1545 alliciat.
2447 1493 2575 1558 Quis
2607 1506 2710 1545 non
2743 1494 2902 1545 etiam
2935 1493 3236 1558 indignetur
3269 1494 3524 1542 incertam
3560 1492 3754 1553 laniata,

2196 1593 2287 1635 aut
2312 1583 2471 1636 etiam
2503 1583 2709 1644 falsam,
2736 1598 2841 1634 nun
2864 1581 3018 1635 aliter
3057 1580 3340 1632 admissam
3369 1581 3436 1633 ab
3476 1580 3759 1631 hominibus

2200 1675 2461 1743 religiosis
2504 1691 2564 1726 ac
2594 1676 2762 1743 ipsam
2815 1673 3082 1740 Evangelii
3120 1672 3443 1725 veritatem?
3494 1672 3619 1737 Quis
3664 1689 3757 1724 ιιι-ιι

523 1776 645 1825 nus,
696 1759 831 1829 quod
858 1768 930 1812 est
976 1774 1103 1813 esse.
1156 1756 1477 1837 Principium
1526 1756 1712 1809 mutari
1758 1772 1859 1809 non
1905 1767 2095 1825 potest;

2203 1768 2532 1832 suspicetur,
2583 1780 2883 1832 quanquam
2930 1766 3148 1817 minime
3201 1763 3492 1830 suspicacis
3552 1762 3757 1827 ingeni',

524 1850 828 1919 principium
854 1848 907 1901 in
928 1864 979 1902 se
1007 1856 1193 1913 manet,
1225 1858 1273 1900 et
1303 1848 1507 1901 innovat
1532 1847 1734 1913 omnia;
1783 1847 2093 1915 principium

522 1950 594 1994 est
627 1941 707 1993 cui
730 1940 920 1993 dictum
946 1948 1050 1992 est:
1078 1937 1154 1991 Tu
1183 1947 1352 1992 autem
1386 1937 1520 1991 idem
1549 1939 1655 2007 ipse
1687 1953 1737 1991 es
1781 1947 1829 1991 et
1877 1939 1999 1990 anni
2019 1937 2093 1989 tui

522 2048 623 2085 non
653 2031 905 2098 deﬁcient.
935 2028 953 2099 ]
985 2029 1073 2082 Hac
1104 2038 1229 2083 sunt
1254 2028 1474 2098 argutia:
1506 2029 1734 2082 hominis
1772 2026 1958 2083 Griece
2002 2042 2095 2081 ne-

522 2121 761 2185 scientis,
792 2132 850 2174 ut
875 2118 1059 2188 Optimi
1101 2119 1299 2188 quique
1338 2119 1658 2189 interpretes
1688 2117 1888 2171 dudum
1915 2125 2096 2171 osten-

522 2212 733 2265 derunt.
766 2208 983 2278 Accepit
1004 2220 1178 2264 tamen
1211 2209 1533 2279 Augustinus
1558 2211 1732 2287 ἀρχὴν
1759 2223 1879 2263 esse
1906 2208 1958 2263 in
2004 2223 2095 2263 ac-

522 2303 762 2355 cusativo
784 2317 800 2365 ;
822 2300 1167 2369 quamobrem
1189 2308 1340 2368 putat
1358 2299 1631 2355 Christum
1661 2301 1732 2353 ita
1755 2299 1807 2352 lo
1828 2300 1921 2367 tui,
1945 2300 2095 2369 quasi

522 2390 898 2444 antecessisset
926 2390 1114 2444 credite
1164 2405 1262 2453 me,
1313 2390 1586 2456 nimirum,
1628 2389 1959 2459 principium.
1991 2390 2097 2443 Sed

523 2485 611 2552 qui
641 2482 827 2538 Graece
865 2483 1040 2537 sciunt
1067 2492 1264 2537 norunt
1289 2481 1515 2537 solemni
1562 2481 1681 2551 ejus
1724 2481 1917 2550 linguae
1967 2494 2097 2535 con-

522 2574 829 2638 suetudine,
883 2571 1304 2627 subaudiendum
1333 2573 1488 2636 κατά,
1536 2570 1677 2640 quod
1710 2585 1815 2624 non
1843 2585 1978 2639 opus
2019 2579 2102 2625 est

523 2664 767 2734 pluribus
816 2665 1064 2729 ostendi;
1097 2678 1201 2719 non
1249 2664 1394 2717 enim
1444 2662 1729 2717 scribimus
1756 2662 1809 2717 in
1838 2661 2099 2717 Joannem

2198 1858 2393 1909 multos
2421 1854 2752 1909 Christianos
2794 1854 2979 1917 fuisse,
3010 1869 3114 1906 non
3164 1852 3283 1920 quia
3324 1851 3581 1905 docnina:
3621 1852 3759 1904 Chr.-

2196 1950 2381 2003 stiante
2412 1948 2637 2001 veritate
2690 1939 3010 2012 introspectis
3041 1955 3222 1999 essent
3254 1945 3502 2012 perculsi,
3535 1944 3625 1996 sed
3652 1944 3761 2011 quia

2199 2042 2326 2095 utile
2353 2050 2491 2108 erat,
2528 2048 2805 2107 postquam
2835 2036 3125 2091 Christiani
3166 2052 3342 2089 rerum
3383 2034 3534 2103 potiti
3584 2045 3760 2096 iram;

2197 2148 2321 2187 cum
2357 2131 2600 2197 turpibus
2628 2129 2821 2182 fabulis
2873 2128 3017 2181 illico
3059 2139 3334 2179 assensum
3377 2124 3689 2192 prmbert-nt,
3723 2125 3762 2175 si

2200 2224 2360 2277 modo
2391 2219 2750 2291 prodessent?
2810 2217 3228 2270 Dehonestarunl
3278 2214 3592 2282 religionem
3620 2213 3765 2265 Chr;-

2199 2313 2452 2375 stianam,
2517 2310 2607 2380 qui
2670 2308 2826 2362 [idem
2891 2310 2940 2361 ei
2999 2306 3099 2360 soli
3151 2304 3447 2358 habendam
3504 2303 3765 2372 quibusvis

2200 2401 2463 2470 ﬁgmentis
2492 2400 2736 2453 lubentes
2764 2395 3251 2453 aceommodarunt.
3286 2394 3342 2449 Si
3369 2396 3635 2447 contraria
3653 2408 3763 2443 om-

2200 2492 2286 2547 nia
2308 2491 2663 2546 credidissent
2688 2490 2862 2543 inesse
2892 2486 3221 2549 revelationi,
3245 2486 3404 2553 (luam
3435 2484 3765 2554 profert-bant

2200 2580 2511 2645 Christiani,
2543 2592 2647 2631 non
2679 2577 2839 2631 aliter
2858 2590 2922 2630 ea
2949 2584 3131 2630 essent
3159 2575 3410 2642 amplexi.

2272 2671 2523 2725 Tractatu
2552 2667 2673 2732 120,
2696 2668 2760 2720 ad
2790 2665 3008 2720 Joannis
3037 2678 3154 2733 cap.
3178 2678 3269 2730 xx,
3305 2662 3394 2728 42,
3420 2661 3447 2731 δ
3477 2663 3532 2717 5.
3559 2660 3766 2726 Quando

523 2757 617 2810 sed
664 2755 838 2811 obiter
880 2756 1210 2812 ostendimus
1260 2754 1377 2810 sine
1422 2753 1727 2823 cognitione
1778 2752 2098 2822 linguarum,

2203 2768 2306 2837 iam
2334 2771 2540 2833 prapter
2570 2774 2906 2830 parasceven,
2949 2775 3101 2827 quam
3147 2772 3338 2810 uenam
3383 2772 3562 2823 puram
3606 2753 3767 2808 Judai

525 2850 681 2904 inane
710 2863 831 2903 esse
855 2863 1079 2902 acumen
1106 2847 1434 2914 Scripturam
1465 2844 1954 2913 interpretantium.

597 2940 847 2995 Tractatu
868 2940 936 2992 45
978 2937 1006 3007 §
1034 2940 1115 2990 l7.
1145 2936 1269 2990 Non
1288 2935 1439 2997 dixit,
1462 2944 1743 3002 antequam
1769 2933 2101 2987 Abrahamus

526 3041 689 3097 esset,
718 3046 818 3099 ego
864 3044 1050 3091 eram;
1101 3029 1230 3081 sed:
1287 3036 1571 3095 antequam
1602 3024 1871 3079 Abraham
1926 3025 2098 3086 ﬁeret,

2204 2854 2385 2906 Latine
2430 2851 2666 2904 usitatius
2695 2848 2835 2915 apud
2874 2865 2966 2901 nos
3010 2855 3213 2910 vocant,
3258 2847 3426 2915 facere
3456 2846 3555 2897 tale
3582 2844 3765 2910 aliquid

2204 2959 2303 2995 non
2334 2939 2576 3010 [ἔρριψα]
2614 2940 2789 2994 Multis
2809 2938 2875 2991 de
2921 2952 3206 3005 parasceve
3252 2936 3359 3004 egit
3401 2935 3513 2989 Jus.
3545 2934 3767 3003 Scaliger

2204 3032 2272 3085 de
2298 3031 2521 3085 Emend.
2552 3031 2740 3096 Temp.
2772 3030 2866 3083 ιη».
2896 3043 2967 3083 v1.
3014 3042 3130 3097 pag.
3163 3026 3290 3090 564,
3319 3026 3403 3080 ed.
3440 3026 3766 3079 Roverianzr.

524 3122 612 3192 qui
639 3122 739 3172 nini
788 3135 877 3188 per
905 3133 986 3170 me
1028 3133 1128 3169 ηοιι
1166 3116 1332 3185 ﬁeret.
1385 3129 1486 3182 €80
1535 3112 1717 3183 δυηιο]
1764 3113 1864 3179 Qui
1915 3112 2099 3167 GraL‘CC
2126 3099 2174 3162 Ε
2208 3119 2419 3175 Prolato
2448 3119 2548 3173 hoc
2572 3118 2847 3186 Augu~tiui
2875 3118 2991 3170 loco
3018 3116 3230 3169 subdit:
3270 3134 3287 3165 ι
3328 3116 3489 3167 Vetus
3520 3117 3767 3183 interpr-ts

526 3212 703 3266 sciunt
730 3218 929 3263 norunt
970 3205 1190 3260 verbum
1217 3206 1447 3274 γενέσθαι
1472 3202 1691 3272 perinde
1718 3218 1837 3258 esse
1864 3218 1927 3257 ac
1953 3198 2101 3269 εἶναι,

527 3316 590 3355 ac
630 3298 853 3368 proinde
908 3296 1111 3365 argutia
1164 3296 1277 3348 haec
1335 3294 1519 3349 Latine
1572 3302 1773 3348 tantum
1816 3293 2105 3348 scientibus

529 3390 839 3453 tolerabilis,
866 3404 894 3441 a
922 3370 1123 3443 Graecis
1142 3386 1419 3441 exsibilata
1474 3389 1663 3441 luisset
1691 3400 1703 3443 :
1756 3388 2102 3453 quemadmo-

527 3490 651 3537 dum
683 3483 862 3537 Fausti
890 3480 1069 3536 Sociui
1122 3477 1488 3547 interpretatio
1520 3477 1674 3543 hujus
1706 3477 1804 3530 luci
1832 3478 1899 3529 ah
1925 3476 2098 3529 ontui-

512 3577 625 3631 bus
652 3576 909 3645 rejieitur,
935 3571 1024 3643 qui
1054 3570 1217 3624 voluit
1245 3570 1404 3624 etiam
1454 3568 1587 3622 verti
1643 3582 1909 3636 antequam
1939 3568 2102 3620 Abra-

526 3670 645 3720 ltam
677 3667 838 3733 ﬁeret,
860 3676 1159 3733 quanquam
1190 3659 1295 3713 alio
1320 3659 1475 3727 plane
1503 3671 1680 3712 sensu.

594 3756 638 3809 Τ
646 3764 849 3809 ractatu
877 3754 966 3815 4⁸7,
999 3750 1026 3818 §
1066 3748 1120 3802 4.
1148 3747 1267 3816 Ipse
1294 3746 1542 3799 Dominus
1566 3746 1635 3797 ibi
1657 3747 1775 3812 fuit,
1804 3748 1872 3798 ibi
1895 3755 2102 3800 matrem

528 3844 698 3914 elegit,
743 3843 810 3894 ibi
854 3839 1075 3904 concipi,
1115 3838 1184 3889 ibi
1234 3837 1397 3898 nasci,
1437 3836 1504 3887 ibi
1543 3835 1837 3901 sanguinem
1890 3837 2105 3903 fundere

528 3936 706 3996 voluit,
732 3933 800 3985 ibi
827 3940 942 3983 sunt
972 3928 1175 3996 vestigia
1205 3930 1337 3997 ejus,
1367 3925 1517 3978 modo
1554 3924 1854 3988 adorantur,
1889 3926 1972 3977 ubi
2011 3942 2105 3979 no-

529 4022 729 4075 vissime
769 4020 924 4085 stetit,
982 4018 1116 4070 unde
1161 4015 1422 4069 adscendit
1478 4018 1531 4067 in
1584 4015 1781 4067 ctelum.
1811 4014 1828 4085 ]
1863 4016 2103 4071 Editores

530 4110 859 4165 l’arisienses
883 4110 1167 4163 observant
1210 4107 1277 4160 de
1304 4104 1540 4174 vestigiis
1580 4105 1632 4158 in
1682 4106 1873 4158 Ulivcti
1922 4116 2103 4159 monte

529 4204 695 4255 homo
747 4199 1019 4269 impressis
1068 4198 1392 4253 mentionem
1442 4198 1557 4251 ﬁeri
1612 4197 1846 4249 etiamin
1877 4196 2013 4250 libro
2035 4198 2102 4251 de

531 4292 663 4346 locis
692 4290 984 4356 Hebraicis,
1013 4290 1149 4343 inter
1181 4287 1486 4357 Hieronymi
1508 4301 1693 4356 opera.
1730 4288 1892 4342 liecre
1918 4287 2103 4342 dicunt

529 4386 580 4439 id
609 4401 743 4455 opus
767 4398 886 4437 esse
922 4383 1051 4435 inter
1110 4380 1411 4449 Hieronymi
1464 4395 1638 4447 opera,
1689 4395 1810 4433 nam
1862 4395 1965 4433 non
2019 4390 2101 4434 est

512 4444 697 4545 ipsius
727 4474 1054 4543 Hieronymi,
1086 4471 1177 4541 qui
1227 4469 1279 4523 in
1308 4444 1389 4524 ven
1417 4444 1577 4523 etiam
1610 4471 1873 4523 laudatur.
1917 4470 2101 4523 Exstat
2128 4444 2177 4505 D

530 4579 660 4624 tum.
723 4566 788 4621 Ill
830 4579 1050 4633 operum
1115 4562 1419 4631 Hieronymi
1479 4562 1530 4613 in
1581 4561 1814 4615 editione
1862 4561 2100 4625 Erasmi,

527 4659 686 4728 subii.
707 4659 918 4726 iturque
947 4655 1083 4708 libro
1109 4653 1174 4707 de
1205 4652 1336 4705 locis
1380 4650 1667 4715 Hebraicis,
1700 4660 1754 4703 et
1775 4650 2100 4715 inscribitur,

531 4753 598 4806 de
632 4753 779 4805 Actis
807 4747 1191 4818 apostolorum.
1236 4744 1303 4798 Ut
1355 4744 1525 4796 dicam
1552 4743 1691 4810 quod
1731 4741 1957 4808 videtur,
1987 4756 2105 4796 cre-

531 4846 757 4899 diderim
776 4844 936 4910 paulo
961 4851 1082 4895 ante
1108 4839 1221 4892 hmc
1247 4849 1507 4904 tempora,
1538 4850 1640 4888 non
1668 4835 1719 4888 in
1752 4833 1932 4888 Judiea
1964 4836 2096 4902 ipsa,

532 4951 630 4989 nec
662 4936 712 4988 in
744 4935 926 4987 vicinis
974 4931 1280 5003 provinciis,
1330 4928 1423 4984 sed
1464 4928 1668 4997 procul,
1700 4926 1927 4995 cmpisse
1978 4924 2101 4992 ﬁngi

534 5026 672 5095 quod
697 5024 951 5092 jactatum
994 5033 1183 5090 postea
1212 5029 1314 5081 est.
1367 5029 1509 5073 tanta
1550 5019 1831 5073 verborum
1888 5029 2098 5086 pompa,

533 5122 602 5173 de
632 5115 936 5170 inventione
977 5114 1150 5166 erucis
1197 5111 1395 5165 Christi
1444 5112 1511 5165 ab
1541 5111 1734 5165 Helena
1764 5107 2101 5162 Constantini

531 5216 722 5273 matre,
752 5204 922 5274 deque
946 5202 1093 5255 hisce
1119 5201 1353 5269 vestigiis
1379 5203 1624 5257 abeuntis
1639 5201 1859 5256 Christi.
1885 5199 2098 5267 Alioqui

531 5316 640 5355 non
671 5295 830 5353 modo
876 5292 1134 5348 Eusebius
1176 5291 1289 5345 haec
1318 5292 1369 5345 in
1398 5292 1504 5344 vita
1534 5289 1885 5354 Constantini,
1916 5290 1967 5343 in
1995 5304 2097 5358 qua

533 5404 700 5461 usque
745 5386 877 5442 adeo
927 5398 1051 5439 eum
1098 5382 1459 5450 Helenamque
1510 5381 1743 5447 extollit,
1792 5380 2002 5449 agitque
2033 5380 2100 5434 de

534 5481 786 5535 Ecclesiis
814 5478 865 5532 in
896 5475 1170 5531 Palaestina
1197 5474 1266 5527 ab
1291 5474 1391 5526 hac
1414 5470 1710 5537 aediﬁcetis,
1736 5486 1843 5524 non
1887 5471 2097 5525 omisis-

533 5580 647 5634 set;
674 5570 766 5625 sed
810 5583 906 5624 nec
951 5567 1111 5623 etiam
1143 5564 1511 5632 Hieronymus,
1544 5578 1647 5619 non
1677 5564 1916 5618 modicus
1947 5564 2094 5617 loco-

534 5676 652 5716 rum
683 5660 963 5729 insignium
989 5660 1185 5715 Judtes
1233 5654 1569 5725 pradicator.
1625 5655 1749 5711 Haec
1798 5666 1975 5711 autem
2030 5654 2095 5708 li-

2203 3209 2360 3265 Joan.
2392 3208 2785 3280 Chrysostomi,
2811 3222 3059 3262 sermone
3088 3209 3141 3261 in
3170 3207 3396 3260 natalem
3427 3206 3645 3261 Joannis
3676 3208 3767 3259 Ba-

2205 3301 2416 3369 ptista‘:
2448 3298 2560 3367 Qua
2604 3300 2736 3351 enim
2777 3299 2859 3350 die
2902 3308 3169 3366 concepnts
3194 3305 3266 3349 est
3298 3294 3570 3357 Dominus,
3600 3297 3766 3347 eadem

2202 3392 2285 3445 die
2310 3400 2357 3445 ct
2386 3407 2564 3460 passus
2592 3399 2683 3443 est.
2717 3387 2910 3441 Eadem
2933 3390 3043 3457 ipsa
3072 3388 3178 3441 dics
3211 3400 3362 3441 caena
3396 3400 3524 3454 pura
3566 3388 3685 3452 fuit,
3717 3387 3764 3437 iu

2202 3500 2302 3551 qua
2331 3492 2375 3534 et
2402 3483 2523 3534 luna
2549 3491 2728 3551 quarta
2764 3480 2961 3533 decima
2992 3479 3235 3532 occurrit.
3285 3477 3443 3532 Vides
3482 3492 3767 3545 μανίαι-ευριπ

2205 3573 2416 3642 proprie
2441 3572 2546 3625 dici
2585 3582 2793 3638 tempus
2836 3570 2977 3639 quod
3031 3568 3528 3638 adveSperatiunt-m
3563 3568 3701 3620 inter
3722 3576 3769 3619 et

2202 3665 2369 3719 solem
2408 3678 2653 3719 occasum
2686 3661 3019 3731 interjectum
3055 3668 3207 3715 est...
3266 3658 3472 3727 Alioqui
3510 3678 3768 3729 καταχρη-

2202 3764 2391 3815 arma»;
2416 3754 2495 3807 vel
2523 3753 2807 3816 ἰδιωτικῶς,
2836 3762 2946 3805 tota
2974 3753 3132 3805 etiam
3183 3751 3297 3804 dies
3329 3748 3547 3803 Veneris
3582 3747 3767 3799 dicitur

2202 3850 2522 3920 παρασκευὴ,
2553 3844 2739 3897 saltem
2771 3845 2837 3895 ah
2867 3843 2995 3896 hora
3031 3852 3203 3907 sexta,
3232 3850 3287 3894 ut
3312 3849 3395 3895 est
3424 3840 3562 3908 apud
3613 3838 3767 3892 Joan-

2205 3952 2347 3989 nem.
2384 3936 2562 4003 Itaque
2608 3950 2669 3987 ea
2696 3934 2890 3987 dicitur
2916 3939 3215 4008 παρασκευὴ
3242 3941 3522 3999 antequam
3553 3930 3765 3984 venerit.

2202 4040 2321 4082 cum
2352 4025 2563 4095 proprie
2594 4027 2808 4078 inivcrit
2844 4028 2943 4080 ἀπὸ
2972 4026 3146 4083 ἐνάτης
3170 4026 3324 4096 ὥρας.
3351 4038 3470 4090 qua:
3509 4021 3767 4077 dicebatur

2206 4128 2364 4177 mn:
2387 4159 2400 4179 .
2432 4117 2481 4170 id
2511 4128 2592 4171 est
2614 4117 2831 4169 ohlatio.
2854 4116 2987 4168 Hinc
3007 4114 3258 4178 deinceps
3279 4127 3308 4164 a
3330 4126 3464 4164 nona
3489 4112 3616 4163 hora
3640 4124 3764 4177 opus

2204 4212 2377 4264 facere
2411 4222 2515 4261 non
2541 4208 2731 4271 licebat
2761 4207 2811 4259 in
2840 4207 3176 4277 προεορτίοις,
3210 4211 3267 4255 υι
3295 4201 3495 4253 diserte
3522 4209 3695 4253 exstat
3719 4200 3763 4252 in

2202 4300 2496 4357 canuttibus
2529 4299 2908 4358 Hebratorum:
2943 4296 3242 4363 Quicunque
3292 4291 3413 4362 facit
3440 4307 3563 4360 opus
3603 4292 3655 4343 in
3694 4306 3765 4342 rc-

2203 4394 2361 4463 speris
2398 4392 2739 4449 sabbatorum.
2789 4401 2836 4442 et
2885 4389 3082 4441 dierum
3129 4388 3371 4454 festorum
3417 4384 3480 4435 ab
3525 4382 3764 4435 oblatione

2203 4487 2564 4555 oespertina,et
2589 4486 2746 4547 ultra,
2771 4499 2869 4534 non
2900 4479 3083 4533 videbit
3112 4493 3333 4545 unquam
3364 4477 3545 4529 bonum
3575 4476 3760 4543 signum

2201 4576 2581 4629 benedictionis.
2617 4574 2690 4626 Ex
2714 4572 2903 4641 quibus
2926 4581 3075 4637 potes
3106 4567 3378 4637 percipere
3406 4580 3571 4635 quare
3593 4565 3759 4632 Augu-

2203 4671 2374 4721 stinus
2402 4665 2611 4718 ditcbat
2654 4665 3005 4717 aceeleratum
3062 4670 3272 4725 tempus
3318 4656 3635 4721 sepulturae;
3678 4668 3755 4712 ne,

2203 4756 2427 4818 scilicet,
2450 4768 2543 4807 eus
2574 4754 2660 4820 qui
2684 4752 2949 4805 Christum
2982 4749 3047 4802 de
3076 4762 3235 4800 cruce
3262 4746 3638 4814 deposuerant,
3668 4754 3754 4807 op-

2209 4850 2457 4918 primeret
2490 4849 2520 4905 ἠ
2548 4845 2717 4907 inim,
2771 4843 2887 4895 sive
2915 4850 3109 4899 mann
3136 4850 3214 4901 rm
3241 4849 3448 4904 tempus
3494 4831 3758 4887 oblationis

2208 4939 2547 5003 vespeutina-,
2579 4953 2606 4988 a
2638 4950 2742 5004 quo
2774 4927 3011 4998 tempore
3049 4945 3185 4994 Opus
3232 4931 3405 4982 facere
3449 4929 3596 4981 nelas
3635 4934 3753 4978 erat.

2208 5032 2331 5085 llaec
2362 5028 2441 5083 vir
2463 5043 2697 5082 summus
2738 5040 2802 5079 ex
2829 5025 3069 5077 doctrina
3089 5021 3415 5083 Judaaornm,
3444 5034 3563 5087 qua:
3604 5016 3759 5070 falsis-

2208 5123 2338 5173 sima
2364 5129 2469 5182 est,
2498 5129 2553 5169 nt
2577 5117 2743 5183 liqm-t
2762 5129 2826 5167 ex
2850 5112 3034 5165 Matth.
3078 5125 3243 5184 situt,
3272 5108 3361 5172 46,
3394 5117 3448 5160 et
3489 5106 3643 5160 Marc.
3674 5115 3752 5159 sv.

2208 5211 2298 5275 54,
2329 5210 2470 5263 unde
2500 5210 2663 5277 quttct
2689 5214 2809 5275 post
2836 5219 3027 5258 nonam
3058 5203 3273 5255 domum
3307 5200 3468 5253 luisse
3506 5198 3749 5265 sepultum

2207 5298 2493 5354 Christum.
2527 5296 2725 5351 Merum
2747 5294 2907 5348 etiam
2941 5307 3006 5346 co
3029 5298 3298 5344 "mentum
3328 5296 3431 5353 est,
3456 5286 3594 5357 quod
3638 5282 3753 5334 dicit

2208 5391 2419 5458 υτοιιτῑθ
2446 5389 2637 5441 dictum
2663 5384 3084 5455 properationem
3114 5381 3275 5434 luisse
3299 5388 3527 5447 quatuor
3561 5374 3752 5427 ultimas

2209 5480 2367 5534 horas
2387 5478 2490 5531 diei
2520 5475 2744 5531 Veneris
2769 5491 2783 5539 ;
2814 5489 2936 5528 cum
2967 5487 3069 5526 non
3098 5477 3365 5531 occurrat,
3399 5467 3501 5545 nisi
3538 5478 3625 5533 pro
3657 5465 3753 5511 tota

2204 5569 2291 5623 die
2320 5566 2559 5621 Veneris.
2588 5563 2856 5619 Caeterum
2890 5560 3184 5631 Augustino
3213 5571 3425 5628 quoque
3467 5557 3605 5625 prius
3642 5560 3755 5611 per-

2207 5654 2693 5711 suaseruutJud.ei.
2733 5654 2796 5707 lli
2840 5662 3015 5706 autem
3064 5665 3257 5703 coruom
3306 5663 3489 5717 puram
3518 5638 3755 5698 vocabam
