3908 6380
210 353 287 408 565
842 345 1194 404 νΑῐιιοιιωιι
1238 338 1785 399 EXERCITATIONE

1894 337 1935 394 Ν
1974 337 2030 393 S.
2076 333 2440 396 ΑυουδτῐΝι
2475 333 2724 390 OPERA.
3309 333 3410 391 566

209 479 486 538 parastatica,
516 461 656 532 quod
699 463 894 517 ethnici
925 477 1114 514 canam
1146 473 1328 528 puram
1357 457 1599 510 dicerent
1623 469 1742 524 qua:
1769 457 1815 516 A
1846 453 1944 507 bus
1973 453 2060 521 qui
2085 466 2183 519 pro
2202 447 2414 518 scriptis
2445 456 2648 517 postea,
2674 456 2920 516 tanquam
2949 461 3042 515 pro
3073 447 3177 500 aris
3199 459 3249 502 ct
3279 448 3414 502 focis

207 557 535 628 apponebatur
558 555 624 608 iis
643 555 731 624 qui
757 553 876 607 festi
899 552 1121 620 alicujus
1145 563 1300 603 causa
1326 548 1377 601 in
1401 557 1546 600 casto
1570 554 1743 608 erant,
1848 556 2097 612 pugnam.

207 651 319 721 quod
347 647 513 704 Graeci
567 646 816 700 dicebant
847 645 1068 716 ἁγνεύειν
1107 651 1161 695 et
1203 642 1550 713 προαγνεύειν,
1580 644 1640 690 ut
1683 636 1745 687 ad

1921 632 2177 698 PrOposit.
2212 631 2297 686 Η.
2351 631 2427 683 Ad
2482 631 2630 682 Rom.
2665 646 2756 693 vn,
2808 635 2892 692 19,
2933 631 3022 683 ‘20.
3084 628 3237 681 Nunc
3289 631 3420 682 enim

205 719 598 797 celebrationem
629 736 751 790 festi
796 748 856 788 se
897 741 1176 802 pararent;
1226 731 1367 785 unde
1413 730 1606 782 factum
1637 736 1751 779 erat
1848 722 1998 773 homo
2029 721 2325 772 describitur
2353 719 2446 771 sub
2475 719 2585 784 lege
2620 722 2810 789 positus
2839 729 2958 771 ante
2985 721 3226 790 gratiam.
3277 720 3425 772 Tunc

206 844 248 888 ut
270 829 422 885 Juda-i
457 827 596 882 idem
621 840 740 880 esse
765 831 1046 878 censerent
1069 836 1263 877 caenam
1294 835 1472 888 puram
1502 828 1555 871 et
1589 831 1750 884 appa-
1849 814 1982 865 enim
2004 813 2220 879 peccatis
2269 811 2506 875 vincitur,
2549 813 2672 863 dum
2723 811 2912 865 viribus
2958 813 3065 864 suis
3095 814 3237 881 juste
3267 812 3425 865 vivere

206 935 351 976 ratum
379 917 521 981 festi,
547 930 719 985 eoque
752 915 967 968 nomine
1014 913 1153 967 diem
1187 909 1411 966 Veneris
1436 908 1747 962 vocitarent.
1852 913 2086 968 conatur,
2109 902 2216 954 sine
2237 902 2498 972 adjutorio
2527 899 2790 954 liberanti;
2818 902 3000 971 gratia:
3027 901 3141 955 Dei.
3171 902 3236 954 In
3266 901 3425 954 libero

206 1016 251 1070 In
292 1013 401 1068 aliis
456 1009 587 1064 nihil
645 1008 817 1063 simile
873 1017 1026 1072 eral,
1079 1015 1136 1059 ut
1186 1013 1330 1059 recte
1377 1003 1755 1056 animadvertit
1852 1002 2018 1045 autem
2045 991 2255 1043 arbitrio
2276 990 2424 1042 habet
2468 1001 2526 1042 ut
2575 991 2748 1044 credat
2776 991 3054 1057 liberatori,
3102 1000 3150 1043 et
3205 991 3427 1058 accipiat

207 1106 262 1159 ls.
288 1101 650 1166 Casaubonus,
690 1099 971 1153 Exercitat.
1029 1104 1212 1150 contra
1262 1094 1578 1157 Baroniutn,
1628 1105 1711 1144 xvt
1738 1129 1752 1155 ,
1854 1083 2092 1152 gratiam.
2125 1084 2335 1150 αῑνίαηι
2374 1078 2466 1132 ίίίο
2500 1081 2586 1148 ητιί
2613 1095 2722 1132 eam
2751 1082 2907 1133 dO'W
2933 1080 3176 1134 ίίθεταηίε
3200 1090 3247 1134 ει
3272 1081 3429 1146 αισα-

207 1207 331 1246 num.
354 1191 434 1256 16,
454 1204 611 1257 quem
643 1189 782 1242 vide.
807 1186 908 1242 Adi
933 1196 985 1238 ct
1014 1184 1228 1239 Festum
1250 1184 1300 1236 in
1331 1196 1460 1236 voce
1484 1196 1681 1250 penem,
1704 1187 1757 1232 et
1855 1184 2017 1237 vante,
2052 1189 2150 1225 non
2177 1182 2361 1242 peccet,
2392 1180 2497 1225 etc.
2527 1170 2545 1242 ]
2575 1173 2696 1226 llaec
2715 1181 2837 1226 sunt
2867 1173 3142 1226 minimum
3187 1173 3428 1241 Semipe-

206 1284 418 1338 Fulvium
444 1280 695 1335 Uisinum
725 1279 773 1330 in
799 1275 1092 1345 appendicc
1123 1272 1244 1329 libri
1266 1273 1378 1327 Pet.
1409 1269 1670 1325 Ciacconii
1693 1270 1757 1322 de

206 1374 455 1428 Triclinia.

650 1454 1293 1513 ANNADVERSIONES

328 1590 374 1629 LV
402 1586 713 1628 TRACTATUS
751 1585 800 1624 IN
831 1583 1027 1622 PRIMA“
1062 1581 1350 1622 Εῐιιςτοιλιι
1383 1579 1614 1618 JOANMS.

266 1687 505 1741 Tractatu
530 1683 584 1748 5,
609 1683 636 1753 §
667 1684 714 1737 l.
745 1680 984 1749 Proﬁteri
1012 1680 1056 1733 si
1084 1695 1190 1733 esse
1214 1681 1320 1732 sine
1340 1688 1541 1748 peccato
1565 1679 1761 1745 pericu-

209 1779 352 1832 losum
372 1787 439 1830 est
463 1792 481 1839 ;
526 1786 574 1829 et
603 1791 702 1828 non
730 1782 893 1828 solunt
942 1770 1304 1842 periculosum,
1337 1773 1425 1825 sed
1444 1774 1594 1823 etiam
1624 1786 1761 1822 men-

212 1866 432 1937 dosum.]
465 1867 576 1920 Hoc
612 1876 695 1920 est
725 1863 1003 1918 mendacio
1054 1863 1287 1931 plenum,
1343 1871 1401 1916 ut
1443 1863 1571 1916 satis
1599 1861 1763 1928 liquet

215 1974 317 2013 cum
338 1974 397 2012 ex
424 1957 790 2026 sequentibus,
820 1965 928 2008 tum
958 1970 1025 2009 ex
1069 1955 1391 2024 proprietate
1420 1953 1565 2008 vocis
1591 1968 1605 2014 ;
1641 1967 1761 2004 nam

215 2048 499 2104 deducenda
531 2061 559 2100 a
587 2047 845 2112 mendum,
871 2045 1010 2115 quod
1052 2044 1314 2098 interdum
1351 2042 1538 2095 falsum
1567 2039 1766 2108 signifi-

217 2150 306 2192 cat.
333 2138 455 2191 Vide
478 2147 653 2189 notata
696 2151 724 2190 a
759 2135 910 2189 Joan.
939 2135 1150 2188 Clerico
1193 2134 1247 2186 in
1294 2132 1452 2200 epist.
1513 2131 1768 2184 Barnahce

221 2245 321 2298 cap.
344 2229 396 2282 2.
427 2228 603 2280 Multis
634 2226 685 2279 in
720 2226 819 2278 hoc
850 2225 966 2277 loco
997 2225 1105 2292 agit
1137 2221 1463 2290 Augustinus
1485 2231 1538 2272 ut
1567 2219 1769 2286 redigat

225 2322 269 2374 in
293 2307 614 2375 concordiam
647 2318 903 2372 Joannem
929 2317 1195 2371 dicentem
1225 2315 1241 2367 l
1269 2311 1439 2381 Epist.
1480 2327 1597 2381 cap.
1633 2327 1665 2376 t,
1697 2312 1728 2365 8
1753 2326 1766 2363 :

227 2413 277 2465 Si
297 2414 558 2466 dixerimus
596 2412 714 2479 quia
758 2417 1014 2477 peccatum
1064 2423 1164 2460 non
1211 2406 1471 2470 habemus,
1505 2420 1594 2457 nos
1637 2405 1772 2472 ipss

226 2506 483 2557 seducimus
512 2513 558 2557 et
581 2502 762 2555 veritas
787 2503 836 2553 in
864 2499 1006 2554 nobis
1034 2515 1135 2552 non
1159 2506 1252 2561 est,
1277 2507 1329 2551 et
1355 2511 1473 2564 cap.
1502 2510 1579 2557 ιιι,
1603 2494 1656 2558 9,
1682 2508 1772 2548 ιιθο

225 2605 409 2662 gantem
450 2604 628 2646 natum
664 2609 726 2645 ex
756 2592 862 2645 Deo
901 2605 1127 2660 peccare,
1175 2588 1496 2656 tandemque
1543 2587 1656 2639 haec
1679 2600 1774 2653 po-

226 2697 398 2738 strema
422 2683 579 2736 verba
627 2681 968 2750 intelligenda
1000 2687 1184 2732 censet
1227 2677 1292 2730 de
1325 2685 1539 2742 peccato
1589 2686 1774 2728 contra

223 2781 472 2831 caritatem
529 2775 781 2846 proximi.
833 2773 995 2828 Multo
1039 2770 1234 2825 melius
1281 2767 1613 2835 interpretati
1653 2775 1778 2819 sunt

224 2868 456 2922 Joannem
489 2867 580 2935 qui
618 2879 797 2918 natum
829 2879 893 2918 ex
925 2864 1034 2917 Deo
1066 2861 1252 2914 habitu
1303 2858 1556 2928 peccandi
1606 2856 1780 2910 delin-

225 2974 369 3026 quere
392 2965 605 3026 negant,
635 2955 728 3009 sed
754 2964 954 3007 tantum
978 2952 1151 3007 subita
1175 2950 1487 3016 tentatione,
1512 2955 1600 3003 aut
1628 2949 1780 3001 inlir-

224 3052 411 3102 mitate.
441 3049 531 3102 Sic
560 3048 614 3100 in
644 3046 911 3116 plerisque
933 3045 1207 3107 omnibus,
1231 3041 1420 3110 siquid
1453 3039 1608 3108 paulo
1637 3038 1781 3092 difﬁ-

222 3142 365 3194 cilius
389 3150 648 3202 occurrat,
687 3140 918 3206 cespitat
969 3138 1137 3191 bonus
1188 3133 1538 3203 Augustinus,
1565 3130 1611 3184 si
1644 3145 1777 3199 prae~
1809 3153 1854 3216 ρ

222 3233 391 3284 sertim
422 3232 566 3285 dicta
612 3229 726 3298 ejus
755 3242 875 3283 cum
916 3226 1275 3281 recentiorum
1325 3220 1784 3279 lucubrationibus

223 3320 570 3376 c-anferantur.

683 3404 1325 3463 ANIMADVERSIONES

421 3536 472 3574 IN
506 3535 891 3573 EXPOSITIONEI
921 3534 1186 3573 EPISTOLE
1224 3535 1288 3572 ΑΒ
1319 3531 1577 3573 ῙὶΟδΙΛΝΟϐ.

283 3630 392 3685 Hoc
421 3646 556 3700 opus
586 3630 898 3698 conscripsit
950 3629 1227 3698 presbyter
1275 3627 1599 3696 Augustinus
1648 3627 1790 3681 circa

213 3732 404 3774 annum
448 3719 574 3783 591,
627 3734 746 3772 cum
779 3734 842 3772 ex
872 3716 1242 3771 communibus
1289 3715 1590 3770 nationibus
1644 3715 1792 3770 Scri-

214 3818 422 3875 pluram
448 3812 904 3877 interpretaretur.
931 3807 1106 3874 Quare
1134 3806 1185 3860 in
1215 3820 1282 3861 eo
1306 3806 1468 3860 multa
1494 3805 1652 3861 habet
1672 3818 1794 3874 quae

211 3915 360 3954 mere
386 3901 666 3968 Pelagiana
698 3909 840 3962 sunt,
871 3908 928 3952 ut
956 3898 1040 3952 vel
1059 3912 1126 3951 ex
1171 3896 1624 3950 Retractationum
1675 3895 1795 3950 loco

211 3989 436 4054 praefixo
467 3988 764 4056 intelligere
795 3996 894 4040 est.
922 3986 1110 4040 Mirum
1142 3994 1225 4040 est
1245 3984 1513 4039 hominem
1536 3984 1624 4054 qui
1657 3999 1793 4037 nun-

207 4093 427 4146 quama
458 4095 725 4148 quoquam
780 4087 1059 4146 propterea
1113 4077 1395 4130 damnatus
1452 4075 1622 4130 fuerat
1646 4076 1796 4145 quasi

207 4169 524 4235 hasretieus,
571 4171 678 4222 imo
705 4184 833 4222 vero
863 4169 931 4222 ab
954 4167 1200 4222 omnibus
1231 4167 1497 4233 laudatus,
1529 4175 1712 4235 postea
1741 4167 1793 4220 in

201 4265 400 4316 eadem
431 4261 676 4330 dogmata
701 4261 964 4314 invectum
996 4273 1135 4323 esse,
1181 4258 1328 4326 quasi
1376 4272 1496 4312 cum
1543 4257 1798 4326 religione

201 4351 518 4405 Christiana
548 4335 845 4404 consistere
895 4365 998 4403 non
1045 4357 1280 4419 possent.
1309 4348 1365 4404 Si
1399 4362 1665 4418 nunquam
1716 4357 1798 4402 ta-

201 4455 334 4494 men
364 4453 577 4496 exortaa
608 4441 829 4494 fuissent
877 4441 1004 4494 rixae
1034 4440 1350 4509 Pelagianae,
1381 4441 1434 4493 in
1479 4441 1546 4494 iis
1585 4447 1797 4493 senten-

1859 1266 2219 1332 lagianismus,
2254 1263 2340 1332 qui
2382 1263 2426 1316 si
2459 1271 2582 1316 tunc
2629 1265 2880 1331 temporis
2911 1280 3014 1317 non
3043 1263 3336 1318 docebatur
3375 1263 3428 1318 in

1860 1357 2119 1420 Ecclesia,
2157 1370 2494 1424 summopere
2543 1355 2856 1410 temerarius
2901 1364 3015 1409 erat
3062 1357 3428 1424 Augustinus,

1859 1449 1946 1516 qni
1971 1447 2285 1516 loquebatur
2324 1445 2390 1499 de
2417 1461 2473 1499 re
2503 1454 2608 1498 tam
2638 1447 2802 1514 gravi,
2833 1455 3015 1499 contra
3043 1445 3278 1499 omnium
3310 1460 3432 1499 sen-

1862 1537 2118 1601 tentiam;
2164 1545 2257 1590 aut
2308 1535 2352 1589 si
2395 1533 2706 1601 docebatur,
2739 1551 2841 1590 non
2869 1536 3022 1604 capio
3051 1535 3140 1604 qui
3191 1535 3436 1591 damnari

1861 1630 2129 1696 potuerint
2154 1627 2303 1696 quasi
2334 1636 2618 1679 novatores
2640 1635 2696 1680 et
2716 1627 2960 1680 exitiales
2995 1626 3232 1681 haeretici
3263 1627 3353 1695 qui
3381 1626 3437 1682 id

1861 1718 2146 1784 docebant,
2172 1718 2311 1788 quod
2343 1728 2498 1774 antea
2529 1718 2723 1786 ubique
2753 1718 3041 1773 docebatur
3070 1728 3124 1773 et
3152 1719 3289 1787 quod
3312 1735 3435 1774 cum

1791 1801 1840 1860 Β
1867 1809 2018 1862 laude
2052 1811 2339 1878 scripserat
2379 1809 2726 1878 Augustinus.
2781 1808 3044 1863 Caeterum
3095 1811 3234 1864 hunc
3263 1809 3436 1864 locum

1865 1902 2166 1954 retractavit
2200 1901 2546 1970 Augustinus,
2576 1908 2634 1952 ut
2657 1908 2711 1953 et
2740 1899 2838 1952 alia
2861 1898 3100 1968 quaedam
3133 1913 3249 1968 quae
3281 1898 3439 1953 Pela-

1865 1992 1952 2060 gio
1986 1990 2256 2045 favebant.
2291 1989 2396 2044 Sed
2425 1989 2490 2042 ad
2525 1989 2667 2042 hunc
2696 1989 2867 2043 locum
2889 1989 3030 2058 quod
3060 1990 3270 2054 attinet,
3298 1989 3441 2058 opti-

1868 2079 1937 2131 ini
1960 2078 2153 2148 quique
2172 2078 2492 2145 interpretes
2527 2076 2610 2130 hic
2631 2090 2750 2130 esse
2796 2091 2920 2131 vere
2945 2080 3444 2150 μιτασχηματισμόο

1868 2177 2179 2236 agnoscunt,
2230 2181 2335 2236 quo
2390 2167 2582 2221 Paulus
2637 2166 2800 2222 veluti
2847 2168 2899 2222 in
2953 2183 3104 2223 suam
3161 2183 3441 2239 personam

1874 2258 2142 2319 transfert,
2178 2272 2295 2326 qua:
2332 2257 2398 2311 ad
2432 2257 2700 2313 hominem
2741 2273 2847 2313 non
2879 2270 3253 2329 regeneratum
3284 2261 3445 2331 perti«

1873 2359 1996 2404 nent
2020 2366 2034 2412 ;
2066 2351 2204 2417 quod
2229 2358 2383 2405 extra
2408 2365 2566 2404 omne
2595 2349 2815 2404 dubiutn
2846 2363 3159 2419 posuerunt.

2347 2438 2986 2496 ANIMADVERSIONES

2085 2546 2133 2584 IN
2176 2546 2554 2586 EIPOSITIONEI
2595 2547 2855 2587 ειηετοωε
2885 2550 2950 2587 ΔΙ)
2985 2548 3235 2588 οΑιΛτΑς.

1949 2622 2096 2691 §24.
2143 2623 2418 2676 Profertur
2461 2623 2538 2676 sic
2577 2638 2721 2678 vers.
2775 2625 2840 2678 19
2878 2639 2997 2693 cap.
3044 2641 3121 2678 Ill.
3171 2625 3338 2693 Epist.
3383 2626 3448 2681 ad

1878 2716 2091 2770 Galatas
2131 2732 2144 2767 :
2201 2717 2339 2779 Quid
2381 2719 2542 2785 ergo?
2592 2717 2729 2782 Lex,
2783 2722 3198 2789 transgressionis
3251 2725 3451 2792 gratia,

1881 2806 2144 2872 preposita
2175 2815 2270 2870 est,
2301 2805 2461 2859 donec
2490 2806 2677 2859 veniret
2705 2822 2890 2872 semen,
2923 2809 3005 2860 cui
3025 2811 3330 2879 promissum
3356 2824 3452 2874 est,

1881 2894 2181 2964 dispositum
2210 2911 2301 2963 per
2325 2895 2530 2964 angelos
2562 2897 2611 2949 in
2641 2913 2794 2950 manu
2822 2898 3160 2970 mediator?s.]
3187 2901 3280 2955 Est
3308 2917 3453 2958 mera

1881 2986 2219 3054 dep-avatio,
2267 3001 2387 3041 cum
2434 2988 2485 3041 in
2530 2987 2998 3057 interpunctione,
3058 2999 3167 3044 tum
3225 2992 3277 3046 in
3324 3008 3456 3047 voce

1883 3076 2206 3146 dispositum.
2270 3078 2454 3133 Graeca
2511 3079 2706 3134 habent
2757 3097 2770 3133 :
2821 3085 2880 3136 Ti
2925 3078 3008 3136 οὖν
3052 3083 3077 3138 ὁ
3132 3086 3303 3155 νόμςςς
3358 3095 3457 3142 τῶι

1886 3169 2224 3242 παραϐάσεων
2250 3172 2406 3242 χάριν
2425 3173 2730 3244 προσετέθη,
2763 3169 2923 3248 ἄχρις
2948 3167 3004 3226 οὗ
3026 3172 3144 3247 ἔλθῃ
3173 3178 3230 3231 τὸ
3252 3181 3461 3251 σπέρμα

1887 3258 1926 3331 ᾧ
1954 3261 2276 3332 ἐπήγγελται.
2309 3259 2564 3334 διαταγεὶς
2610 3260 2674 3316 δὲ’
2709 3265 2926 3336 ἀγγέλων
2964 3267 3013 3320 ἐν
3042 3271 3178 3337 χειρὶ
3223 3273 3459 3339 μεσίτου.

1889 3348 2109 3418 Vulgata
2142 3348 2433 3404 hodierna:
2465 3350 2601 3414 Quid
2621 3350 2778 3421 igitur
2799 3352 2920 3406 (ex?
2946 3364 3154 3424 promer
3181 3367 3464 3428 transgres-

1887 3441 2055 3493 siones
2084 3442 2252 3509 posita
2280 3449 2374 3505 est,
2413 3440 2575 3494 donec
2611 3443 2798 3496 veniret
2835 3460 3004 3497 semen
3035 3447 3117 3498 cui
3145 3452 3462 3517 promiserat,

1892 3531 2129 3583 ordinata
2164 3546 2253 3598 per
2280 3531 2488 3599 angefos
2532 3531 2588 3582 in
2631 3547 2784 3582 manu
2821 3534 3129 3587 mediatoris.
3185 3538 3358 3604 Atque
3395 3542 3464 3592 ita

1896 3618 1999 3688 legi
2030 3627 2280 3688 oportere
2305 3633 2394 3673 res
2424 3619 2538 3686 ipsa
2564 3619 2818 3684 ostendit,
2850 3622 3256 3689 agnovissetque
3288 3629 3465 3694 Angu-

1894 3712 2088 3777 stinus,
2113 3711 2156 3765 si
2182 3710 2430 3765 meliores
2455 3710 2668 3764 codices
2690 3711 3020 3766 contulisset.
3051 3711 3141 3767 Sic
3170 3715 3310 3768 enim
3341 3716 3354 3768 l
3391 3733 3420 3784 g
3449 3728 3467 3772 t

1897 3801 2141 3870 Pelagius
2160 3801 2212 3856 in
2235 3800 2631 3856 Commentario
2653 3801 2717 3855 ad
2739 3801 2875 3856 hanc
2895 3802 3210 3871 Epistolam,
3243 3807 3285 3858 si
3309 3809 3467 3861 modo

1899 3895 2006 3950 illic
2034 3903 2234 3949 mutata
2270 3893 2384 3963 ejus
2416 3895 2577 3948 verba
2608 3909 2711 3948 nou
2743 3893 2957 3949 fuerint.
2991 3895 3081 3951 Sic
3107 3913 3319 3964 quoque
3349 3901 3468 3950 Ani-

1898 3986 2168 4038 brosiaster
2215 3984 2306 4038 ille
2345 3985 2496 4053 cujus
2526 3985 2909 4040 Commentarii
2949 3987 2998 4040 in
3035 3988 3296 4057 Epistolas
3325 3988 3470 4046 Pauli

1901 4074 2186 4128 Ambmsio
2233 4083 2359 4128 sunt
2403 4075 2696 4141 conjuncti.
2737 4074 2842 4130 Sed
2891 4077 3110 4144 perinde
3146 4088 3261 4132 erat
3296 4083 3474 4148 Augu-

1902 4165 2043 4219 stino
2072 4164 2549 4233 quomodocunque
2595 4165 2880 4233 legeretur,
2914 4181 2978 4220 ex
3026 4167 3300 4234 quibusvis
3348 4185 3473 4225 scn-

1902 4272 2020 4310 sum
2067 4256 2308 4324 quemvis
2348 4255 2544 4309 elicere
2595 4265 2800 4324 parato,
2847 4271 2946 4311 nec
2986 4258 3244 4312 orationis
3274 4261 3469 4315 seriem

1905 4347 2150 4401 evolvere
2177 4347 2407 4402 curanti.
2443 4348 2597 4412 Saepe
2626 4363 2732 4402 non
2773 4349 2982 4405 felicius
3010 4365 3226 4404 sensum
3257 4354 3469 4419 expedi-

1909 4438 2005 4499 vit,
2033 4438 2118 4490 ubi
2153 4449 2349 4491 rectam
2383 4437 2662 4492 lectionem
2695 4452 2909 4495 secutus
2935 4450 3036 4504 est,
3063 4456 3220 4508 quam
3262 4440 3349 4493 ubi
3379 4443 3474 4493 fal-

202 4531 299 4583 tiis
332 4542 582 4585 mortuus
603 4541 763 4585 esset.
790 4530 899 4583 lino
928 4545 1054 4584 vero
1083 4530 1308 4585 fortasse
1331 4545 1596 4598 nunquam
1618 4530 1688 4582 ita
1716 4530 1795 4583 in-
1823 4503 1878 4565 D
1907 4541 2041 4580 sam.
2067 4531 2134 4579 At
2154 4527 2354 4581 laudari
2385 4543 2487 4581 non
2516 4529 2705 4596 potuit,
2730 4530 2869 4600 quod
2898 4545 3016 4584 cum
3039 4540 3182 4584 esset
3204 4531 3324 4591 tiro,
3353 4546 3472 4586 nam

202 4633 408 4675 vectus
441 4622 493 4675 in
525 4636 615 4675 eas
642 4619 849 4684 fuisset,
900 4620 999 4674 nisi
1043 4620 1283 4689 Pelagius
1327 4620 1527 4690 aliquid
1581 4621 1632 4674 in
1679 4619 1796 4688 ejus

203 4711 437 4778 scriptis
456 4711 762 4778 carpsisset.
801 4710 854 4763 In
891 4709 1026 4764 libro
1070 4710 1137 4764 de
1172 4709 1322 4764 Dono
1369 4709 1794 4779 perseverantiae,

204 4813 336 4867 cap.
374 4801 468 4869 20,
505 4817 649 4854 num.
681 4802 770 4866 5'5,
823 4811 1002 4854 narrat
1034 4802 1114 4854 Itis
1160 4802 1334 4855 verbis
1387 4803 1608 4870 primam
1662 4800 1798 4854 indi-

207 4893 419 4957 gnaudi
453 4893 504 4945 in
529 4890 796 4957 Pelagium
838 4890 1170 4944 occasionem
1199 4905 1212 4941 :
1252 4891 1388 4955 Quid
1418 4905 1641 4941 meorum
1671 4906 1800 4957 opu-

208 4982 483 5032 sculorum
507 4981 817 5050 frequentius
843 4988 888 5032 et
909 4980 1253 5031 delectabilins
1279 4979 1587 5030 innotescere
1614 4980 1799 5046 potuit,

210 5081 373 5133 quam
406 5068 526 5121 libri
544 5065 931 5136 Confessionum
958 5083 1181 5120 mearum
1203 5068 1227 5121 ἔ)
1249 5065 1375 5120 Cum
1397 5075 1444 5118 et
1474 5067 1608 5133 ipsos
1629 5067 1801 5120 edide-

217 5159 319 5208 rim
360 5170 634 5225 antequam
692 5157 969 5228 Pelagiana
1017 5157 1222 5210 luet-esis
1279 5158 1579 5222 exstitisset;
1626 5157 1678 5207 in
1729 5157 1802 5209 eis

223 5258 354 5302 certe
385 5249 494 5301 dixi
519 5265 538 5302 :
570 5249 646 5301 Da
672 5262 809 5308 quon
833 5261 986 5301 JUBES
1018 5263 1083 5301 ετ
1107 5263 1230 5301 Just:
1256 5261 1391 5308 quon
1415 5261 1512 5300 vrs.
1543 5247 1671 5310 Qua:
1696 5264 1804 5301 mea

223 5338 370 5391 verba
429 5337 674 5409 Pelagius
709 5335 902 5401 Romaz,
937 5353 1045 5389 cum
1068 5354 1097 5388 a
1125 5337 1345 5404 quodam
1389 5337 1545 5404 fratre
1569 5346 1612 5389 et
1635 5337 1805 5405 coepi-

227 5441 381 5496 scopo
429 5444 541 5482 meo
591 5427 805 5497 fuissent
843 5442 900 5480 eo
945 5440 1186 5494 prazsente
1225 5437 1636 5491 commemorata,
1668 5430 1802 5496 ferre

228 5533 324 5571 non
352 5521 542 5586 potuit,
580 5527 627 5570 et
657 5518 1004 5570 eontradiceus
1047 5516 1305 5584 aliquanto
1327 5518 1642 5576 commotius,
1675 5531 1800 5586 pene

231 5626 341 5662 eum
371 5626 432 5663 eo
459 5611 547 5678 qui
571 5610 663 5662 illa
690 5618 1163 5660 commemoraverat
1205 5606 1438 5677 litigavit.
1474 5608 1607 5661 Hinc
1637 5610 1802 5676 prima

231 5703 376 5772 origo
418 5702 567 5768 mali,
615 5715 734 5755 nam
765 5700 892 5754 nihil
924 5700 1089 5769 magis
1119 5700 1375 5754 irritabile
1406 5709 1485 5755 est
1534 5701 1807 5770 scriptori-

1908 4619 2294 4687 cxpositionem
2337 4619 2469 4673 lianc
2511 4622 2801 4675 etiamnum
2833 4623 3110 4692 presbyter
3133 4622 3473 4689 conscripsit,

1906 4718 1959 4760 ct
2009 4717 2266 4776 przeterea
2295 4707 2494 4763 Graecia
2547 4710 2737 4779 lingua:
2785 4711 3082 4779 imperitus,
3130 4709 3476 4764 dil’ficillimos

1911 4798 2039 4852 Noii
2068 4799 2390 4855 Tcstamenti
2421 4800 2605 4866 libros,
2638 4801 2898 4869 Epistolas
2931 4799 2998 4853 ad
3031 4799 3298 4853 Romanos
3324 4812 3378 4855 et
3408 4804 3473 4855 ad

1907 4887 2141 4954 Galatas,
2169 4891 2508 4957 interpretari
2537 4902 2819 4956 aggressus
2845 4889 2932 4949 sit,
2960 4903 3025 4943 ne
3047 4890 3339 4945 emendatis
3363 4895 3481 4958 qni-

1906 4979 2026 5033 d~in
2059 4980 2334 5032 codicibus
2363 4978 2462 5032 sibi
2491 4977 2832 5046 comparatis.
2866 4978 2990 5032 liasc
3020 4979 3134 5047 ejus
3164 4981 3280 5034 zelo
3312 4981 3481 5036 bono~

1905 5085 2011 5140 que
2053 5072 2232 5123 animo
2274 5068 2629 5122 condonanda
2655 5068 2915 5137 quispiam
2957 5070 3092 5125 forte
3123 5074 3477 5137 existimabit;

1913 5174 2010 5214 nec
2056 5157 2356 5221 intercedo,
2402 5156 2561 5210 modo
2599 5171 2665 5211 ne
2703 5156 2986 5214 laudentur
3014 5176 3132 5230 qua:
3164 5161 3313 5214 venia
3347 5162 3482 5214 iudi-

1910 5259 2069 5320 gent,
2113 5259 2204 5302 aut
2252 5262 2319 5302 ne
2363 5247 2728 5316 vituperentnr
2774 5251 3025 5316 meliora,
3075 5252 3139 5305 iis
3187 5253 3478 5318 praesertim

1911 5341 2125 5400 collata,
2156 5338 2296 5405 quod
2343 5355 2369 5391 a
2409 5338 2587 5392 multis
2620 5348 2819 5407 tamen,
2869 5341 3147 5396 inscitiane
3178 5341 3372 5403 dicam,
3414 5352 3482 5392 an

1913 5431 2139 5498 partium
2171 5428 2382 5482 smdio?
2419 5429 2528 5483 fieri
2559 5429 2716 5484 solet.

1981 5519 2123 5588 gto.
2159 5518 2306 5572 Unde
2359 5529 2404 5572 et
2441 5517 2670 5573 Joannes
2710 5519 2775 5572 ad
2826 5518 3048 5572 Parthos
3087 5518 3208 5571 dicit
3239 5535 3256 5570 :
3295 5518 3482 5572 Scriba

1912 5611 2083 5673 vobis,
2116 5620 2313 5678 patres,
2343 5610 2466 5680 etc.]
2512 5610 2685 5664 Verba
2717 5609 2967 5663 exstanti
2997 5607 3151 5663 Joan.
3185 5623 3240 5674 ιι,
3275 5609 3360 5663 l3.
3396 5610 3485 5664 Sic

1916 5709 2060 5757 recte
2089 5701 2289 5756 editum
2313 5714 2341 5753 a
2383 5699 2759 5764 Benedictinis,
2784 5711 2889 5753 non
2918 5699 2984 5751 ad
3015 5696 3214 5753 Patres.
3245 5696 3376 5752 Vide
3407 5699 3488 5753 in-
