3900 6306
531 306 632 363 567
1407 293 1961 351 SUPPLEMENTUM
2002 292 2090 345 AD
2129 286 2359 344 OPERA
2397 287 2453 341 S.
2500 280 2896 340 AUGUSTINL
3088 306 3093 315 ι
3670 269 3763 325 363'

531 413 871 478 scriptionem
915 416 1229 463 tractatuum
1257 408 1307 459 in
1342 406 1478 460 hanc
1509 407 1677 473 ipsam
1708 404 1987 470 epistolam
2008 446 2021 467 ,
2049 411 2099 453 et
2134 405 2177 460 Α
2209 409 2302 460 est,
2336 409 2540 466 propter
2563 396 2790 464 culpam,
2827 392 2901 445 tet
2939 387 3237 460 ltujusmodi
3262 384 3457 455 aliquid
3488 397 3659 452 passus
3678 382 3764 449 fuc-

533 503 618 556 adi
651 502 919 568 llugonem
953 497 1219 557 Grotium.
1251 471 1593 562 interpretum
1634 495 1921 562 Scriptura:
1952 491 2101 544 facile
2210 488 2275 539 rit
2295 527 2308 547 ,
2336 487 2574 554 stigmata
2611 484 2795 535 habere
2820 480 3054 541 dicatur;
3079 484 3125 529 et
3152 477 3266 529 ideo
3291 480 3342 526 in
3360 476 3485 544 jure
3514 471 3764 523 manantis.

534 594 852 664 principcm,
877 591 940 643 ad
972 590 989 642 Ι
1020 589 1185 655 Epist.
1216 587 1456 641 Joannis.
2211 579 2387 642 sionis,
2422 575 2677 645 inferioris
2707 582 2781 626 est
2813 570 3028 624 ordinis.
3060 568 3190 635 Qua:
3220 574 3278 620 ut
3308 579 3436 618 vera
3469 561 3764 627 habeantur,

604 685 631 754 §
662 684 747 737 64.
782 682 890 751 Ego
912 680 1044 732 enim
1068 678 1302 745 stigmata
1334 675 1537 728 Domini
1560 673 1683 726 Jesu
1706 671 1894 725 Christi
1922 672 1973 722 in
1996 686 2109 722 cor-
2215 668 2342 721 nihil
2368 678 2539 718 tamen
2567 663 2631 717 ad
2666 661 3152 724 interpretationem
3181 656 3298 725 ejus
3330 654 3550 707 faciunt.
3576 652 3643 705 At
3664 652 3769 704 hinc

536 746 657 847 pore
684 789 791 825 meo
814 746 1002 841 porto]
1030 769 1195 821 Verba
1222 775 1345 820 sunt
1367 765 1602 833 Apostoli
1629 763 1749 818 Gal.
1772 779 1819 815 VI
1838 802 1854 826 ,
1880 762 1965 827 l7,
1988 775 2107 827 qua:
2218 756 2472 822 colligere
2518 754 2719 822 potuit,
2765 750 2983 802 Paulum
3015 746 3116 801 hoe
3147 746 3306 809 velle,
3343 758 3555 797 servum
3585 754 3641 794 se
3665 755 3769 794 CSPe

538 833 607 917 ita
642 833 1016 928 interpretatur
1044 856 1408 925 Augustinus:
1440 853 1504 907 Id
1528 862 1619 920 est,
1644 851 1806 905 habeo
1832 850 1960 902 alios
1986 866 2109 902 con-
2210 844 2437 906 Christi,
2468 838 2604 911 quod
2638 844 2877 907 stigmata
2912 838 3070 892 veluti
3113 851 3143 890 a
3188 833 3399 889 Christo
3444 833 3494 886 ei
3526 833 3765 900 impressa

538 956 704 1022 ﬂictus
735 962 780 1005 et
810 949 1085 1003 certamina
1113 962 1225 999 cum
1250 961 1399 997 carne
1426 960 1553 1009 mea,
1584 957 1696 1010 quis
1716 942 1770 993 in
1804 940 2108 1007 persecutio-
2215 932 2601 1001 significabant.
2627 930 2885 982 Prn'terea
2912 928 2997 980 hic
3016 927 3256 994 stigmata
3278 923 3652 986 intellexerim,
3675 922 3771 976 κατ’

541 1044 683 1096 nibus
711 1057 837 1110 quas
877 1040 1044 1109 patior
1079 1052 1273 1089 mecum
1301 1035 1564 1086 dimicant.
1599 1032 1690 1084 llis
1730 1030 1911 1093 lectis,
1955 1040 2112 1080 nemo
2218 1024 2463 1077 ἀντίθεσιν
2494 1020 2560 1071 ad
2590 1020 2836 1085 stigmata
2870 1016 3239 1081 superstitiosa
3267 1011 3661 1065 idololatrarum
3681 1050 3693 1070 ,
3718 1012 3773 1061 de

543 1148 646 1186 non
679 1101 951 1197 exspectet
984 1125 1330 1193 Augustinum
1360 1123 1657 1175 locuturum
1686 1118 1752 1172 de
1773 1115 2109 1185 stigmatibus
2216 1114 2407 1182 quibus
2453 1110 2517 1163 ll.
2558 1107 2772 1162 Grotius
2813 1119 2866 1161 et
2911 1108 3071 1161 llenr.
3119 1103 3484 1159 llammondus
3521 1102 3585 1153 ad
3625 1101 3769 1169 Apoc.

544 1222 797 1281 militum,
830 1218 897 1271 de
938 1216 1128 1284 quibus
1170 1215 1309 1266 hunc
1354 1212 1526 1265 locum
1560 1206 1797 1262 nonnulli
1846 1206 2108 1271 interprc-
2220 1218 2341 1265 xui,
2374 1201 2456 1254 l5.
2481 1201 2748 1253 Czeterum
2785 1186 3024 1268 stigmata
3050 1210 3155 1248 non
3190 1194 3401 1262 proprie
3431 1192 3627 1243 vibices
3648 1190 3773 1240 dicc-

545 1321 738 1365 tautur.
775 1310 879 1365 Sed
910 1308 1028 1361 audi
1067 1305 1339 1373 sequentia
1371 1322 1382 1354 :
1415 1303 1669 1373 Stigmata
1710 1299 1843 1353 enim
1872 1298 2113 1349 dicuntur
2227 1294 2437 1353 bantur,
2470 1290 2561 1342 sed
2593 1290 2839 1356 inscripta
2872 1297 3062 1355 puncta
3086 1286 3276 1351 quibus
3305 1282 3570 1336 interdum
3594 1282 3641 1331 lit
3678 1281 3770 1331 itiri

549 1412 680 1454 nota:
724 1402 954 1467 quwdam
1002 1410 1259 1461 ruinarum
1306 1394 1597 1452 servilium;
1630 1399 1682 1442 ut
1728 1390 1773 1443 si
1819 1388 1952 1455 quis,
1980 1384 2113 1438 uerbi
2222 1382 2361 1432 scrvi
2395 1380 2743 1437 rimabantur;
2772 1379 2912 1428 unde
2941 1376 3239 1446 στιγματίαι
3260 1371 3407 1434 dieti,
3443 1380 3500 1422 ιιι
3526 1370 3773 1420 docebunt

550 1492 739 1562 gratia,
768 1503 938 1539 servus
964 1486 1013 1536 in
1052 1482 1372 1549 compedibus
1398 1481 1547 1550 fuerit
1588 1486 1796 1548 prapter
1824 1490 2036 1538 noxam,
2063 1472 2115 1523 id
2226 1470 2395 1524 Gra'ci
2426 1466 2803 1536 lexicograpbi.

2342 1600 2642 1611 —____

573 1600 2332 1636 __________..______.____-————

1560 1716 1685 1810 .IN
1738 1712 2137 1783 TOMUM
2197 1712 2748 1795 QUARTUM.

693 2006 1093 2066 DESIDERIUS
1132 2001 1450 2059 ERASMUS
1480 2000 1569 2055 AD
1599 1996 1980 2054 LECTORESI.
2161 1998 2201 2057 Β
2236 1994 2366 2049 llinc
2409 2005 2585 2049 autem
2635 1994 2828 2047 factum
2861 2001 2975 2055 est,
3009 2006 3112 2045 non
3158 1998 3358 2042 tantum
3389 1995 3446 2041 ut
3488 1986 3779 2041 sententiam

626 2101 1002 2157 Enarrationes
1038 2111 1309 2151 sacrorqu
1340 2092 1665 2145 voluminum
1693 2088 1829 2157 apud
1874 2084 2122 2155 populum

557 2198 799 2259 habitas,
827 2208 959 2263 quas
988 2188 1161 2244 Graeci
1202 2192 1395 2240 vocant
1440 2182 1720 2247 bomilias,
1749 2180 1905 2232 divus
1946 2175 2121 2244 Augu-

558 2290 729 2340 stinus
774 2283 1007 2352 appellat
1051 2285 1339 2332 trtctatus:
1376 2286 1475 2326 nos
1517 2271 1806 2324 conciones
1843 2279 2127 2336 possumus

559 2378 845 2446 appellare.
873 2374 926 2426 lu
961 2372 1040 2424 bis
1068 2370 1176 2423 fere
1204 2365 1445 2420 solebant
1470 2362 1659 2415 notarii
1688 2358 1825 2428 quod
1852 2357 2127 2411 dicebatur

563 2470 844 2537 excipere;
886 2473 1256 2528 nonnunquam
1288 2457 1375 2525 qui
1416 2452 1653 2507 dicturus
1677 2457 1824 2512 erat,
1856 2448 1941 2502 vel
1980 2455 2129 2499 antc-

563 2574 718 2627 quam
747 2555 975 2617 diceret,
1002 2549 1273 2620 digerebat
1304 2546 1355 2599 in
1400 2542 1708 2598 schedulam
1736 2540 1874 2607 quod
1907 2538 2129 2607 parabat

563 2651 851 2711 disse'ere,
876 2643 959 2695 vel
983 2640 1120 2708 quod
1153 2638 1359 2692 dixerat
1387 2633 1579 2688 litteris
1610 2630 1916 2685 mandabat.
1947 2630 2000 2681 ln
2030 2631 2130 2680 hoc

563 2736 809 2792 dictionis
832 2746 1048 2802 gcncre,
1076 2728 1238 2782 multa
1254 2725 1454 2779 dantur
1482 2722 1701 2775 auribus
1729 2717 1987 2787 imperim!
2011 2730 2129 2783 pro-

564 2827 882 2891 miscumque
928 2817 1297 2873 multitudinis.
1348 2814 1403 2868 In
1447 2811 1631 2881 primis
1671 2809 1870 2876 aliquot
1914 2806 2131 2874 psalmis

565 2915 827 2968 astrictior
844 2921 926 2965 cst
948 2934 957 2960 ι
980 2920 1000 2963 ι
1020 2908 1334 2963 accuratior.
1360 2904 1413 2955 In
1439 2899 1820 2971 posterioribus
1843 2897 2127 2951 identidem

563 3008 885 3075 («spatiatur
913 3003 964 3055 in
992 3002 1176 3068 longas
1198 2994 1577 3063 digressioncs,
1612 2999 1813 3044 mutata
1834 3028 1849 3052 ,
1881 2998 1937 3042 ut
1968 3002 2127 3056 appa-

563 3108 672 3159 ret,
704 3094 993 3147 volnntate.
1023 3090 1161 3156 Lege
1197 3085 1494 3153 diligenter,
1523 3080 1758 3147 reperies
1787 3070 1996 3131 arcana:
2025 3080 2126 3131 do-

563 3185 749 3240 erinae
780 3183 1082 3235 thesaurum
1126 3172 1570 3229 inzesutnabilcm.
1602 3168 1752 3224 Vale.

1022 3259 1661 3319 ANIMADVERSIONES

930 3372 979 3410 IN
1015 3366 1405 3409 ENARBATIONES
1433 3365 1482 3402 IN
1508 3360 1761 3402 PSALIIOS.

631 3441 766 3505 Puto
809 3450 875 3504 ab
903 3448 1142 3508 Erastno,
1173 3443 1385 3496 nomine
1422 3454 1624 3493 arcana:
1666 3438 1929 3503 doctrinae,
1975 3432 2129 3489 intel-

564 3545 652 3614 ligi
690 3557 877 3599 sensus
920 3542 1239 3609 psdtnorum
1287 3533 1637 3601 allegoricos;
1674 3543 1795 3582 nam
1826 3526 1951 3595 quid
1987 3525 2127 3579 aliud

562 3639 647 3691 hic
675 3649 924 3689 arcanum
973 3630 1074 3683 dici
1109 3625 1276 3697 po~sit
1318 3640 1421 3676 non
1454 3622 1727 3690 intelligo:
1769 3633 1939 3688 neque
1982 3619 2127 3672 enim

561 3728 626 3780 ad
675 3724 957 3779 litteralem
1004 3731 1218 3771 sensum
1273 3713 1562 3767 eruendum
1611 3709 1897 3778 quidquam
1944 3716 2028 3761 est
2076 3707 2128 3761 in

564 3820 881 3888 psalmorum
915 3807 1346 3865 Euarrationibus
1388 3799 1528 3871 qitod
1574 3815 1677 3852 non
1717 3799 1885 3853 cuivis
1927 3804 1983 3852 et
2012 3798 2132 3851 ubi-

563 3920 665 3972 que
710 3908 969 3956 occurrat.
1018 3897 1094 3949 Ad
1141 3893 1461 3960 theologiam
1509 3902 1635 3943 vero
1686 3898 1846 3957 atque
1900 3889 2128 3942 ethicam

563 3995 915 4046 Christianam
945 3988 1083 4056 quod
1117 3986 1333 4047 attinet,
1369 3982 1496 4035 nihl
1525 3991 1605 4035 est
1652 3980 1736 4034 hic
1784 3982 2047 4035 reconditi
2077 3990 2130 4035 et

566 4081 785 4137 minime
833 4078 1079 4144 vulgaris.
1129 4076 1292 4137 Sunt,
1325 4073 1605 4134 nimirum,
1640 4071 2018 4124 Enarrationes
2065 4070 2128 4122 ad

565 4169 751 4225 rudem
786 4167 1140 4235 plebeculam,
1173 4164 1446 4231 suspensis
1483 4160 1701 4215 auribus
1741 4161 1915 4214 omnia
1949 4161 2131 4214 bibere

567 4270 833 4323 paratam,
865 4255 1266 4316 instituendam;
1292 4268 1395 4305 non
1426 4251 1597 4305 doctis
1625 4267 1687 4304 ac
1717 4264 1962 4304 verorum
1987 4248 2125 4304 Scri-

567 4363 732 4420 ptura:
763 4362 1014 4404 sensuum
1043 4344 1295 4397 studiosis
1323 4342 1553 4410 scriptae.
1586 4342 1699 4395 Duo
1728 4340 1853 4394 mihi
1884 4340 2132 4393 videntur

563 4458 593 4495 a
637 4442 956 4508 psalmorum
1004 4436 1289 4499 interprete
1330 4446 1484 4499 po-se
1525 4431 1800 4497 postulari.
1850 4429 2001 4483 Prius
2048 4436 2133 4481 est

565 4544 649 4592 ut,
682 4543 806 4584 ante
834 4525 1038 4587 omnia,
1072 4523 1311 4575 ostendat
1338 4522 1452 4589 quis
1483 4522 1552 4573 sit
1579 4536 1767 4574 sensus
1796 4519 2042 4587 proprius
2065 4530 2127 4571 ac

564 4620 965 4693 grammaticus,
1011 4614 1101 4684 qui
1152 4613 1383 4665 litteratis
1428 4611 1607 4664 vocari
1656 4609 1810 4662 solet.
1866 4609 1913 4661 Is
1956 4617 2131 4660 autem

564 4729 754 4771 sensus
792 4709 1013 4766 inveniri
1042 4723 1145 4762 non
1189 4716 1392 4774 potest,
1425 4704 1521 4757 nisi
1551 4702 1832 4770 diligenter
1871 4700 2130 4753 llebraica
2163 4685 2208 4744 Π

565 4805 935 4865 consolantur;
968 4809 1129 4867 utque
1161 4798 1361 4849 facilius
1391 4794 1771 4861 intelligantur,
1806 4784 2131 4858 interpretes

566 4895 801 4947 studiose
826 4894 961 4944 inter
984 4904 1043 4944 se
1083 4886 1444 4942 conterantur.
1483 4882 1611 4935 Nam
1646 4896 1863 4950 prorsus
1894 4880 2129 4949 pendere

566 4998 629 5035 ex
671 4981 857 5031 vitiosa
899 4977 1036 5030 forte
1084 4978 1358 5036 versione,
1390 4982 1510 5036 aut,
1542 4970 1681 5039 quod
1732 4971 1879 5038 pejus
1919 4979 2032 5031 est,
2064 4984 2128 5021 cx

570 5070 734 5137 ipsius
768 5066 1024 5119 versionis
1048 5079 1152 5117 non
1184 5065 1402 5117 meliore
1429 5066 1481 5114 in
1510 5062 1666 5114 aliam
1701 5061 1927 5127 linguam
1963 5068 2135 5111 trans-

570 5164 798 5220 latione,
842 5166 898 5211 et
946 5156 1085 5209 velle
1129 5164 1303 5208 tamen
1368 5155 1696 5221 Scripturam
1764 5150 2131 5217 interpretari,

570 5258 672 5309 boc
710 5250 946 5319 profecto
990 5256 1072 5301 est
1117 5244 1170 5298 in
1212 5246 1444 5298 tenebris
1476 5244 1691 5296 micare.
1737 5240 1915 5308 Itaque
1942 5241 2006 5292 ad
2042 5256 2134 5293 au-

570 5347 801 5399 thentica
844 5350 897 5395 et
946 5335 1267 5405 autographa
1311 5335 1516 5401 Scripta
1546 5330 1976 5399 confugiendum.
2011 5330 2133 5384 llsec

570 5448 743 5488 autem
777 5436 929 5503 plane
973 5430 1212 5499 neglecta
1268 5436 1390 5481 sunt
1432 5424 1499 5477 ab
1548 5424 1859 5491 Allgllslilln,
1893 5435 1945 5478 et
1993 5425 2131 5491 quod

572 5540 675 5577 non
717 5535 890 5592 posset
933 5522 1245 5578 llebrairtun
1294 5526 1497 5571 textum
1540 5529 1603 5568 ac
1650 5515 1966 5582 interpretes
2014 5516 2133 5567 illos

575 5615 869 5675 consulere,
901 5621 954 5667 et
983 5612 1121 5681 quod
1160 5608 1324 5662 nollet
1368 5608 1420 5659 in
1452 5617 1610 5658 sensu
1654 5603 1868 5658 litterali
1901 5605 2125 5657 literne.

2231 2087 2396 2152 ipsius
2446 2086 2629 2152 psalte
2679 2093 2953 2138 assecutus
2999 2082 3194 2146 pinsim
3239 2094 3343 2132 non
3375 2078 3479 2142 sit,
3522 2078 3613 2130 sed
3642 2077 3780 2129 etiam

2230 2184 2289 2228 ut
2337 2190 2401 2229 ne
2450 2176 2593 2238 istis
2632 2174 2845 2243 quidem
2892 2170 3032 2226 LXX
3079 2172 3398 2236 interpretes
3444 2165 3781 2228 intellexerit,

2231 2281 2451 2335 quorum
2483 2280 2626 2334 smpe
2672 2264 2896 2318 barbara
2929 2277 2992 2316 ac
3017 2261 3244 2315 obscura
3290 2256 3569 2313 translatio
3614 2257 3782 2309 melius

2232 2360 2399 2411 multo
2434 2372 2499 2411 ex
2537 2357 2795 2411 llebraico
2844 2363 2995 2409 testu
3040 2352 3374 2418 intelligitur,
3408 2364 3567 2416 quam
3607 2348 3649 2399 si
3688 2346 3781 2399 sola

2231 2446 2459 2515 legatur.
2491 2447 2752 2501 Prteterea
2784 2445 2871 2499 ubi
2902 2442 3141 2498 litteralis
3171 2456 3360 2495 sensus
3389 2438 3615 2507 simplex
3642 2446 3782 2505 atque

2229 2546 2449 2606 apertus
2480 2546 2594 2604 est,
2625 2536 2842 2591 minime
2873 2550 3009 2604 Opus
3039 2534 3138 2587 fuit
3178 2533 3269 2587 illo
3296 2532 3512 2586 deserto
3551 2529 3615 2582 ad
3649 2529 3782 2594 spiri-

2231 2628 2401 2681 tuales
2446 2627 2715 2697 divulgari;
2755 2627 2897 2696 quod
2950 2636 3123 2679 tamen
3173 2634 3435 2693 perpetuo
3477 2622 3644 2675 ferme
3682 2620 3783 2671 facit

2230 2719 2556 2786 Augustinus
2577 2760 2591 2781 ,
2618 2728 2674 2772 et
2714 2718 2927 2787 quidem
2961 2718 3031 2770 ita
3075 2726 3130 2770 ut
3158 2716 3258 2770 sibi
3292 2724 3573 2783 propterea
3616 2712 3781 2764 mirum

2234 2806 2288 2859 in
2317 2807 2528 2860 modum
2553 2806 2784 2875 plaudat.
2815 2805 2905 2860 Sic
2931 2805 3022 2861 ille
3047 2821 3163 2875 qua:
3189 2806 3413 2859 obscura
3436 2811 3561 2855 sunt
3588 2799 3782 2853 minime

2234 2899 2407 2952 reddit
2454 2898 2635 2952 labore
2663 2912 2760 2951 suo
2804 2898 3059 2961 clariora,
3107 2905 3162 2951 et
3200 2910 3318 2964 quae
3363 2902 3488 2949 sunt
3522 2892 3779 2962 perspicua

2233 3003 2389 3056 quam
2414 2987 2643 3040 maxime
2664 2987 2933 3041 obscurat.
2959 2986 3196 3054 Exemp‘i
3224 3000 3320 3040 catt
3351 2999 3380 3038 a
3406 2984 3620 3038 litterali
3645 2995 3782 3035 sensu

2236 3076 2419 3146 psalmi
2449 3091 2570 3130 CXIX
2610 3076 2772 3130 ferme
2812 3076 2940 3129 nihil
2983 3084 3061 3129 est
3102 3075 3370 3143 apertius;
3419 3081 3563 3127 totus
3607 3072 3781 3140 quippe

2233 3169 2300 3222 de
2332 3168 2630 3235 praestantia
2666 3166 2836 3236 deque
2867 3160 3242 3219 observatione
3279 3163 3473 3218 divina:
3506 3162 3634 3231 legis
3661 3166 3779 3230 agt;

2235 3272 2333 3312 nec
2364 3259 2527 3325 potuit
2553 3256 2835 3326 quidquam
2868 3255 3079 3310 tractari
3109 3255 3282 3323 aptius
3307 3268 3337 3307 a
3370 3252 3646 3321 pr0pheta,
3676 3266 3778 3305 cum

2159 3333 2203 3393 C
2237 3358 2291 3403 ιιι
2319 3351 2546 3417 seipsum
2573 3349 2639 3402 ad
2669 3347 3051 3403 observandam
3083 3347 3254 3416 legem
3281 3346 3653 3410 continuaret,
3681 3353 3774 3394 tum

2235 3441 2392 3493 etiam
2416 3448 2470 3492 ut
2498 3439 2778 3508 papulares
2801 3453 2927 3492 suos
2951 3437 3018 3491 ad
3041 3453 3247 3491 morum
3278 3435 3614 3488 sanctitatem
3640 3433 3781 3486 addu-

2234 3543 2398 3586 ceret.
2430 3531 2583 3585 llisce
2621 3540 2797 3585 tamen
2834 3530 3049 3598 spretis,
3077 3529 3229 3598 quasi
3272 3527 3462 3595 spiritu
3496 3523 3781 3595 prophetico

2237 3636 2417 3689 parum
2448 3622 2640 3689 dignis,
2669 3622 2910 3691 qumsivit
2949 3619 3274 3689 Augustinus
3301 3632 3491 3670 sensus
3517 3615 3583 3669 de
3611 3615 3781 3687 quibus

2236 3711 2430 3765 nemini
2464 3725 2693 3780 unquam
2738 3712 2789 3763 in
2822 3717 3052 3763 mentem
3099 3708 3337 3761 venisset
3382 3705 3473 3775 qui
3520 3684 3781 3758 litteralent

2244 3801 2557 3855 sententiam
2587 3801 2753 3869 probe
2783 3801 3139 3869 perspexisset
3160 3842 3173 3864 ,
3203 3797 3661 3868 pulcherrimaqne
3686 3794 3780 3862 ejus

2236 3891 2560 3946 consectaria
2590 3890 2969 3959 perspexisset.
2997 3889 3221 3953 Quanto,
3254 3888 3423 3956 inquit
3450 3886 3517 3940 de
3548 3885 3637 3938 illo
3664 3884 3780 3952 psal-

2237 3999 2344 4047 tuo,
2377 3983 2571 4035 videtur
2600 3983 2848 4048 apertior,
2880 3991 3018 4034 tanto
3050 3980 3172 4032 mihi
3212 3978 3518 4049 profundior
3544 3976 3692 4030 videri
3715 3989 3781 4026 so.

2237 4075 2333 4139 (et,
2367 4076 2436 4125 ita
2474 4083 2525 4125 ut
2554 4073 2702 4126 etiam
2728 4087 2880 4141 quam
2906 4072 2968 4124 sit
3010 4072 3294 4140 piofundus
3323 4070 3671 4123 demonstrare
3695 4083 3779 4118 non

2235 4163 2440 4232 posss'm.
2491 4162 2718 4214 Aliorum
2769 4160 2985 4230 quippe,
3036 4163 3123 4228 qui
3169 4159 3369 4228 difﬁcile
3417 4159 3777 4225 intelliguntur,

2235 4252 2430 4305 etiamsi
2455 4252 2507 4303 in
2538 4251 2838 4304 obscuritate
2865 4266 3042 4303 sensus
3069 4250 3219 4314 latet,
3253 4249 3367 4318 ipsa
3398 4258 3561 4301 tamen
3590 4251 3777 4314 apparet

2238 4342 2547 4403 obscuritas;
2575 4340 2729 4409 hujus
2752 4348 2917 4393 autem
2944 4355 3033 4393 nec
3064 4340 3198 4407 ipsa,
3231 4340 3466 4408 quoniam
3494 4337 3642 4389 talem
3669 4348 3778 4402 prir-

2238 4432 2315 4484 bet
2340 4431 2657 4499 superﬁciem
2676 4470 2691 4489 .
2714 4439 2770 4482 ut
2800 4429 3030 4483 lectorem
3060 4440 3206 4495 atque
3235 4429 3550 4491 auditorem,
3581 4443 3677 4479 non
3703 4439 3777 4476 ero

2236 4524 2505 4593 positorem
2548 4521 2884 4574 necessarium
2930 4521 3111 4573 habere
3134 4520 3388 4573 credatur.
3417 4518 3545 4585 Quis
3575 4531 3673 4570 non
3710 4512 3776 4564 vi-

2238 4615 2327 4668 det
2371 4614 2763 4681 llipponeusem
2802 4612 3110 4679 episcoiium
3163 4610 3247 4664 hic
3291 4610 3485 4662 nodum
3536 4608 3587 4661 in
3627 4606 3777 4667 scirpo

2238 4702 2576 4772 quiesivisse;
2605 4703 2759 4769 quia,
2804 4702 2857 4755 in
2902 4701 3129 4768 simplici
3178 4699 3648 4765 interpretatione,
3690 4708 3773 4745 non

2240 4795 2502 4862 potuisset
2529 4808 2679 4845 suam
2723 4793 2899 4854 illaut,
2931 4807 3087 4859 quam
3127 4789 3177 4844 ei
3220 4789 3508 4857 esprobrat
3553 4788 3777 4841 Erasmus

2238 4885 2394 4950 epist.
2427 4884 2515 4949 67,
2544 4883 2637 4937 lib.
2670 4897 2764 4948 xx,
2793 4882 3213 4958 ἀπεραντολογίαν
3238 4889 3526 4943 ostentare,
3560 4888 3615 4931 ut
3645 4873 3776 4930 fecit?

2242 4976 2497 5044 Ingeniosi
2522 4984 2569 5029 et
2603 4975 2742 5028 docti
2769 4973 2865 5027 viri
2896 4973 3148 5040 putabant
3175 4987 3292 5027 esse
3314 4972 3401 5025 illa
3433 4970 3651 5033 szecula,
3672 4963 3775 5020 mul-

2240 5076 2348 5123 tum
2378 5066 2515 5136 loqui
2546 5065 2615 5119 de
2639 5081 2696 5119 re
2718 5080 2836 5135 quat
2862 5062 3179 5134 eloquentia:
3204 5063 3403 5117 nullum
3434 5071 3773 5132 argumentum

2242 5157 2479 5225 prmbere
2514 5155 2819 5208 videbatur.

2311 5246 2550 5299 Alterum
2569 5286 2583 5308 ,
2618 5243 2759 5313 quod
2791 5244 2859 5297 ab
2881 5245 3171 5313 interprete
3201 5244 3522 5311 psalmorum
3552 5233 3772 5310 postulari

2239 5345 2426 5405 queat,
2457 5335 2616 5388 situm
2648 5344 2731 5389 est
2760 5335 2810 5387 in
2840 5348 2997 5388 sensu
3042 5333 3299 5403 spirituali
3330 5332 3594 5397 eruenda;
3619 5342 3707 5397 qua
3734 5326 3771 5376 itt

2241 5440 2297 5478 re
2335 5423 2605 5492 sequenda
2649 5431 2731 5476 est
2774 5424 3132 5491 apostolorum
3171 5434 3467 5493 cynosura,
3501 5430 3556 5474 ut
3603 5419 3666 5472 ita
3710 5414 3773 5465 lo-

2239 5531 2390 5583 quar.
2437 5514 2729 5579 Nimirum,
2783 5517 2897 5569 loca
2951 5514 3282 5567 Psalmorum
3331 5511 3388 5566 in
3430 5511 3573 5566 Novo
3612 5507 3771 5561 Testa.

2243 5615 2417 5658 mento
2465 5607 2663 5672 prolata
2694 5616 2749 5657 ut
2788 5605 3126 5671 prophetica,
3173 5604 3347 5670 explic
3384 5604 3485 5655 nda
3536 5607 3649 5653 sunt
3686 5596 3765 5649 ita,
