3900 6376
134 457 206 507 an
764 453 1114 509 VAtthRUM
1162 452 1749 508 EXEItClTATItmlCS
1794 454 1855 506 IN
1898 454 1953 507 s.
1998 455 2362 511 AUGUSTINI
2401 456 2647 510 OPERA.
3223 468 3326 521 πῃ)

142 583 179 621 ιιι
207 569 381 637 liqueat
426 582 531 621 non
586 567 774 620 frustra
818 568 981 621 fuisse
1031 572 1096 620 at.
1123 570 1376 637 apostolis
1429 567 1655 618 laudata.
1692 569 1734 624 Α
1763 568 1984 619 cundum
2027 569 2276 620 hominem
2307 567 2535 622 Christus
2564 567 2824 622 sit.‘Bona
2853 569 3053 637 quidem
3083 573 3335 638 voluntas,

143 663 266 725 Quam
294 659 339 710 in
380 672 491 710 rem
533 657 832 710 adhibenda
877 667 998 710 sunt
1034 660 1211 710 omnia
1259 657 1457 711 critica:
1495 671 1662 708 sacra:
1766 659 1852 711 sed
1883 661 2139 726 imperitia
2163 670 2257 713 est.
2286 660 2443 725 Vere,
2472 661 2715 729 quamvis
2744 661 2854 728 ipse
2881 660 2950 714 sit
2977 661 3151 731 exigui
3184 662 3338 730 pretii

137 753 322 807 subsidia
343 791 359 816 ,
393 751 586 818 quibus
617 749 727 803 fere
756 750 1041 804 destitutus
1072 750 1167 803 fuit
1196 749 1540 816 Augustinus,
1573 747 1662 816 qui
1765 750 2049 815 interpres.

133 852 371 910 prapterea
402 856 513 893 rem
558 848 813 906 praestare
855 855 958 892 non
991 840 1177 907 potuit.
1217 839 1321 892 Sed
1363 838 1482 908 quia
1529 854 1660 905 apo-
1835 835 2066 900 Ibidem,
2093 835 2157 888 ad
2189 834 2302 889 tunc
2326 837 2487 890 verba
2513 855 2526 889 :
2555 834 2620 891 In
2649 837 2890 890 cathedra
2915 839 3213 907 pestilentia:
3236 855 3336 892 non

128 932 220 985 stoli
258 931 365 984 loca
411 931 664 983 nonnulla
707 931 1030 997 psalmorum
1070 930 1328 998 Spiritnali
1372 944 1532 983 sensu
1582 929 1661 981 in-
1763 925 1919 988 sedit,
1956 924 2070 978 lucc
2115 925 2272 978 habet
2299 926 2662 996 Augustinus:
2700 927 2883 980 Noluit
2923 945 3132 997 regnum
3173 937 3337 981 terre-

127 1022 414 1076 tt-lleserunt
452 1030 505 1074 et
543 1021 877 1085 interpretati
923 1031 1077 1085 sunt,
1121 1030 1399 1088 propterea
1437 1034 1542 1072 non
1573 1033 1662 1072 se-
1766 1029 1882 1065 num
1905 1028 2017 1064 cum
2037 1014 2270 1076 superbia
2283 1029 2434 1082 ;qutc
2459 1016 2570 1068 ideo
2599 1015 2849 1080 cathedra
2873 1016 3186 1084 pestilentia:
3207 1028 3343 1071 recte

127 1112 278 1178 quitur
305 1125 332 1160 a
371 1108 581 1176 quovis,
615 1108 850 1178 qualibet
877 1109 942 1162 de
973 1125 1164 1174 causa,
1194 1110 1370 1162 omnia
1402 1123 1498 1176 pro
1522 1107 1664 1161 arbi-
1767 1102 2097 1172 intelligitur,
2141 1105 2261 1171 quia
2308 1122 2407 1158 non
2457 1110 2562 1175 fere
2610 1109 2880 1177 quisquam
2924 1118 2997 1161 est
3045 1110 3130 1176 qui
3175 1102 3343 1161 careat

127 1204 204 1253 trlo
230 1202 277 1252 in
303 1199 602 1267 spirituales
631 1212 820 1252 sensus
843 1213 998 1267 posse
1025 1199 1288 1268 torqueri;
1317 1198 1456 1267 quod
1482 1210 1661 1252 tamen
1768 1210 1941 1246 amore
1967 1193 2294 1257 dominandi.
2326 1205 2372 1248 σε
2402 1196 2675 1250 humanam
2713 1215 2813 1250 non
2856 1207 3059 1267 appetat
3099 1200 3341 1266 gloriam.

128 1301 390 1357 perpetuo,
424 1299 476 1343 et
517 1289 727 1357 quidem
760 1303 879 1344 cum
919 1304 1106 1357 magna
1150 1288 1304 1342 laude
1332 1287 1538 1342 rudium
1566 1302 1666 1341 sua.
1769 1281 2068 1335 Pestilentia
2097 1291 2167 1334 rs!
2199 1285 2332 1336 enim
2376 1286 2577 1338 morbus
2616 1287 2717 1338 late
2746 1299 3065 1356 pervagatus,
3099 1299 3142 1340 et
3175 1306 3346 1341 omnes

127 1380 337 1432 culorum
359 1419 374 1442 ,
407 1392 700 1446 eorumque
725 1378 815 1446 qui
862 1377 950 1431 illa
993 1378 1178 1430 imitati
1220 1386 1367 1444 sunt,
1410 1377 1671 1430 factitavit
1770 1382 1855 1425 aut
1887 1389 2010 1437 pene
2039 1389 2208 1428 omnes
2239 1375 2515 1429 involvens.
2541 1377 2645 1431 Sed
2671 1380 2920 1446 quamvis
2947 1380 3167 1433 sedeant
3196 1397 3348 1447 reges

129 1467 441 1534 Augustinus.
490 1468 546 1520 ln
595 1467 700 1521 illis
746 1466 1086 1520 citationihus
1128 1466 1355 1534 τινος)ιοιί
1394 1481 1573 1534 saepe,
1615 1475 1671 1518 ut
1775 1464 1825 1517 in
1866 1465 2146 1530 cathedra,
2178 1475 2269 1520 aut
2316 1468 2369 1521 in
2415 1469 2578 1529 solio,
2621 1470 2923 1538 ubicunque
2967 1474 3198 1524 occurrit
3249 1489 3350 1524 vox

129 1561 306 1627 quidem
349 1560 579 1624 videtur,
612 1558 677 1612 ad
711 1558 1025 1612 traditiones
1068 1558 1451 1626 opinionesque
1489 1555 1668 1610 Judai-
1771 1555 2048 1618 cathedrae,
2076 1570 2181 1609 nun
2211 1557 2384 1624 agitur
2411 1557 2532 1611 ideo
2555 1559 2620 1612 de
2643 1574 2837 1628 regno;
2874 1561 2974 1613 nisi
3003 1562 3350 1614 circumstan-

129 1665 194 1704 ωε
224 1657 601 1718 reSpexcrunt,
633 1663 697 1702 ex
735 1647 924 1717 quibus
963 1655 1149 1700 contra
1196 1647 1277 1700 sui
1314 1646 1414 1699 aevi
1457 1645 1670 1700 Judzeos
1774 1647 1862 1699 tiae
1907 1646 2009 1699 loci
2061 1661 2126 1700 eo
2165 1647 2418 1701 lectorem
2469 1648 2769 1714 deducant,
2827 1651 3007 1716 quales
3058 1651 3142 1704 hic
3192 1652 3350 1704 nulla:

129 1741 289 1793 merito
319 1737 802 1800 ratiocinabantur;
835 1737 906 1790 ita
939 1746 996 1789 ut
1040 1739 1148 1790 sint
1194 1745 1504 1805 argumenta
1551 1749 1670 1803 qua:
1774 1725 1917 1789 sunt.
1963 1736 2219 1800 Quamvis
2261 1737 2600 1806 pestilentium
2641 1740 2811 1807 potius
2853 1754 3008 1807 quam
3055 1739 3349 1804 pestilentia:

129 1847 148 1882 a
172 1830 341 1898 logicis
367 1838 625 1883 vocantur
665 1829 734 1881 ad
778 1827 1063 1894 hominem,
1093 1827 1285 1895 quibus
1334 1827 1470 1896 apud
1515 1826 1669 1890 alios,
1778 1827 2087 1880 vertendum
2122 1827 2310 1894 fuerit,
2341 1838 2397 1882 ut
2421 1844 2542 1882 mox
2569 1831 2738 1882 dicam
2758 1870 2772 1893 ,
2800 1839 3034 1883 attamen
3065 1831 3162 1883 hac
3187 1831 3347 1892 etiam

129 1922 249 1986 quasi
279 1920 462 1985 tirmis,
494 1919 574 1972 usi
615 1933 721 1972 non
764 1919 1008 1973 fuissent.
1051 1919 1204 1987 Saepe
1246 1918 1407 1972 etiam
1451 1917 1670 1984 spiritus
1704 1916 1746 1973 Β
1777 1920 1942 1986 posita
1991 1920 2240 1984 lectione,
2289 1920 2442 1975 facile
2490 1923 2660 1989 potuit
2699 1922 2998 1989 intelligere
3025 1920 3350 1990 Augustinus

130 2011 439 2078 propheticus
463 2023 571 2078 quo
600 2008 764 2062 afﬂati
801 2020 952 2062 erant
980 2008 1240 2077 apostoli,
1271 2022 1376 2061 non
1411 2008 1586 2060 minus
1614 2021 1676 2060 ac
1781 2010 1864 2086 hic
1894 2025 2194 2065 sermonem
2235 2025 2354 2066 esse
2387 2012 2456 2067 tle
2485 2027 2740 2067 consessu
2786 2014 3059 2068 hominum
3093 2015 3350 2082 pestilen-

133 2101 424 2169 antiquiores
445 2110 614 2165 vates,
637 2098 880 2168 quaedam
905 2099 969 2153 iis
990 2100 1200 2168 aperuit
1224 2114 1339 2167 qua:
1363 2113 1459 2154 nos
1483 2096 1677 2166 alioqui
1779 2099 1946 2165 tium,
1986 2100 2030 2152 si
2077 2102 2235 2168 paulo
2280 2103 2502 2170 peritior
2539 2102 2725 2157 fuisset
2754 2105 2886 2158 artis
2933 2105 3153 2158 ει-ίιῑςεω.
3189 2106 3354 2158 Docet

134 2189 374 2259 fugissent.
403 2191 591 2259 itaque
616 2204 774 2244 nemo
801 2205 906 2244 non
930 2189 1142 2244 illorum
1167 2189 1471 2244 auctoritati
1497 2202 1682 2242 assen-
1780 2187 1882 2241 hoc
1911 2189 2244 2256 apertissime
2275 2191 2508 2259 psalmus
2538 2205 2666 2256 xxv,
2698 2193 2755 2258 4,
2786 2194 2820 2247 5
2845 2193 3062 2261 (sequor
3090 2194 3176 2248 hic
3206 2194 3354 2248 Grae-

135 2295 222 2333 sum
263 2282 491 2350 prebet,
523 2294 680 2334 nemo
701 2280 908 2334 dubitat
941 2282 1068 2350 quin
1093 2291 1238 2336 recte
1271 2280 1429 2334 citata
1469 2280 1576 2334 sint
1613 2279 1679 2333 ab
1779 2292 1895 2330 eam
1926 2278 2286 2348 divisionem),
2316 2280 2404 2333 ubi
2427 2281 2495 2334 ita
2519 2281 2717 2349 psaltes
2739 2296 2803 2336 ex
2831 2283 3045 2351 antiqua
3067 2285 3350 2339 versione:

137 2373 350 2438 apostolis
381 2372 470 2426 illa
500 2372 644 2437 loca;
670 2386 786 2425 cum
821 2381 994 2425 tamen
1015 2386 1166 2439 :equo
1196 2372 1373 2424 animo
1403 2383 1558 2423 nemo
1586 2384 1680 2438 pa-
1781 2367 1902 2420 Non
1931 2371 2040 2422 sedi
2072 2387 2185 2422 cum
2210 2372 2424 2424 concilio
2468 2373 2723 2435 vanitatis,
2756 2382 2801 2426 et
2824 2389 2950 2448 cum
2973 2375 3146 2440 iniqua
3173 2391 3355 2446 geren-

140 2462 265 2514 tiatur
293 2477 428 2516 nunc
455 2476 488 2514 a
515 2461 704 2530 quovis
741 2461 812 2515 ita
847 2460 1050 2515 Veteris
1079 2459 1406 2514 Testamenti
1440 2459 1674 2526 Scriptu-
1783 2459 1913 2510 tibus
1956 2476 2058 2511 non
2086 2461 2326 2514 introibo.
2378 2461 2526 2514 Odit'i
2555 2463 2814 2516 ecclesiam
2859 2465 3278 2534 malignantium,
3309 2473 3357 2520 et

142 2566 225 2604 tam
255 2551 526 2621 explicari.
560 2555 633 2605 Ac
661 2565 787 2605 sane
818 2565 912 2605 cur
940 2551 1174 2605 sinamus
1204 2565 1265 2605 ea
1299 2550 1451 2604 nobis
1489 2565 1677 2618 magna
1783 2566 1896 2601 cum
1927 2551 2095 2620 impiis
2122 2569 2223 2605 non
2248 2553 2460 2617 sedebo;
2489 2561 2546 2607 ut
2567 2563 2619 2608 ct
2648 2554 2836 2622 psalm.
2872 2571 2990 2608 thx
3009 2596 3024 2620 ,
3050 2556 3149 2622 21;
3173 2571 3356 2621 cxvttt,

140 2643 384 2696 verborum
431 2657 623 2711 pompa
653 2641 894 2711 obtrudi,
919 2642 988 2696 ab
1019 2641 1321 2696 hominibus
1360 2641 1577 2695 minime
1604 2640 1679 2692 af-
1781 2641 1872 2694 25.
1906 2639 2198 2705 Nimirum,
2245 2641 2486 2711 homines
2517 2644 2673 2697 otiosi
2719 2645 2891 2698 solent
2942 2660 3043 2698 una
3084 2646 3274 2700 sedere
3304 2647 3356 2700 in

139 2732 263 2796 llatis,
294 2734 398 2786 imo
438 2730 601 2785 etiam
649 2732 928 2799 imperitis,
971 2746 1092 2800 qua:
1133 2731 1176 2784 si
1229 2737 1488 2796 negentur
1535 2728 1682 2781 nullo
1785 2729 1916 2781 locis
1944 2729 2188 2796 publicis,
2218 2739 2312 2782 aut
2361 2732 2411 2783 in
2458 2746 2577 2799 quae
2624 2733 2912 2785 convenire
2957 2733 3160 2801 solent,
3203 2742 3360 2802 atque

140 2826 268 2878 modo
299 2823 514 2891 probari
547 2823 918 2891 pos~int?t1ur
958 2819 1111 2890 quasi
1142 2826 1540 2873 sacrosanctum
1584 2818 1678 2870 ha-
1784 2820 2007 2873 aliorum
2040 2819 2195 2874 famae
2226 2821 2498 2877 maledicis
2521 2809 2860 2876 sermonibus
2889 2821 3191 2877 detrahere.
3224 2824 3360 2878 Hinc

141 2911 314 2966 bcbitur
336 2911 594 2982 quidquid
623 2911 1068 2967 declamatoribus
1089 2910 1141 2964 in
1163 2902 1388 2964 buccam
1417 2911 1594 2963 veniet
1617 2908 1682 2963 de
1786 2911 2183 2979 Theophrastus
2213 2911 2514 2981 Character.
2547 2912 2649 2978 29,
2680 2913 2768 2980 qui
2817 2921 2896 2967 est
2939 2912 3357 2982 maledicentia,

142 3006 295 3068 quovis
343 3005 636 3072 Scriptura:
683 3003 838 3057 loco?
886 3003 1017 3069 Quis
1072 3001 1285 3056 tandem
1341 3003 1445 3055 erit
1496 3001 1684 3056 modus

1818 3000 1864 3055 ie
1904 3003 1970 3055 de
2018 3001 2280 3056 maledico
2323 3002 2591 3072 loquitur:
2625 3005 2998 3076 Συγκαθήμενος
3041 3003 3198 3065 δεινὸς
3241 3007 3359 3079 περί

140 3092 432 3145 sonuiiorum
455 3134 469 3157 ,
498 3093 548 3165 in
578 3107 636 3145 re
667 3106 833 3160 usque
855 3092 990 3146 adeo
1020 3090 1181 3158 seria,
1212 3091 1256 3144 si
1285 3099 1580 3145 statuamus
1606 3099 1683 3144 ta-

1821 3098 1876 3147 οῦ
1909 3095 2246 3156 ἀναστάντος,
2279 3095 2460 3159 εἰπεῖν,
2489 3094 2666 3147 sedens
2709 3095 2841 3146 inter
2874 3095 3025 3158 alios,
3057 3105 3261 3162 paratus
3293 3096 3362 3150 ad

143 3178 188 3233 In
214 3182 411 3236 admitti
440 3180 725 3250 Oportcrc?
1791 3183 2095 3252 loquendum
2123 3184 2184 3236 de
2211 3200 2268 3236 eo
2293 3184 2646 3256 qui_surrea:it.
2683 3184 2997 3254 Exemplum
3028 3188 3186 3241 etiam
3215 3190 3362 3244 καθι-

190 3272 342 3341 lgitur
381 3273 608 3340 exiguus
651 3272 866 3340 quidem
898 3281 981 3327 est
1022 3286 1148 3327 usus
1179 3271 1365 3326 harum
1404 3271 1685 3342 Augustini

1815 3274 2003 3342 ῗομέιιων
2025 3275 2074 3326 ἐν
2107 3268 2308 3347 Enipei?
2333 3273 2582 3345 ψογερῶν,
2614 3273 2890 3327 sedentium
2919 3276 3280 3330 maledicorum
3309 3279 3363 3332 in

143 3359 552 3416 declamationum
591 3361 654 3414 ad
703 3363 1072 3431 intelligendos
1119 3363 1389 3427 Psalmos;
1430 3363 1526 3417 sed
1575 3378 1682 3416 non
1787 3364 1972 3416 medici
1999 3364 2195 3431 oﬂicina
2220 3365 2474 3418 habemus
2496 3365 2634 3431 apud
2663 3363 2932 3418 Elianum
2963 3366 3082 3420 Var.
3111 3367 3242 3421 Ilist.
3267 3368 3358 3426 lib.

143 3448 323 3507 inutiles
353 3452 565 3507 fuerunt
599 3451 725 3505 olim
767 3452 829 3505 al
868 3451 1159 3506 docendam
1191 3453 1398 3521 plebem
1419 3491 1434 3516 ,
1465 3467 1687 3520 eamque
1791 3471 1849 3508 ιιι
1869 3496 1883 3512 .
1913 3470 2030 3519 cap.
2061 3455 2113 3506 7.

142 3546 188 3598 ad
225 3548 470 3600 virtutem
516 3545 884 3609 excitandam,
915 3545 1035 3614 quia
1063 3545 1224 3599 etiam
1253 3559 1318 3598 ea
1347 3559 1464 3612 quae
1492 3553 1688 3611 praeter
1858 3547 2031 3612 Atque
2061 3545 2162 3598 hoc
2187 3545 2400 3613 quidem
2425 3546 2630 3598 facilius
2654 3545 3007 3599 intellexisset
3034 3547 3361 3615 Augustinus

145 3647 231 3689 rem
258 3647 311 3690 et
335 3637 509 3690 alieno
554 3636 669 3690 loco
696 3634 966 3702 dicuntur,
1005 3634 1156 3689 utilia
1195 3647 1316 3688 esse
1361 3643 1609 3702 possunt,
1643 3635 1686 3687 si
1789 3630 1832 3686 si
1884 3633 2066 3686 oculos
2115 3633 2432 3700 conjecisset
2477 3633 2528 3686 in
2579 3633 2878 3686 versionem
2927 3631 3197 3698 Gmcam,
3244 3650 3365 3700 quae

142 3730 274 3784 modo
301 3731 408 3784 sint
433 3743 581 3782 vera.
615 3728 795 3797 Itaque
836 3728 1080 3797 legantur
1110 3726 1227 3780 htcc
1275 3725 1424 3794 quasi
1467 3726 1688 3779 concio-
1792 3724 1949 3776 habet
1981 3723 2182 3794 λοιμῶν,
2209 3736 2326 3790 qua:
2352 3737 2454 3776 vox
2488 3723 2791 3790 frequenter
2825 3722 3087 3790 significat
3135 3723 3368 3779 homines

144 3828 218 3871 nes
259 3833 321 3874 ac
365 3819 622 3872 miscellze
664 3818 904 3888 qua-dim
949 3816 1326 3872 meditationes
1377 3816 1688 3884 theologica:
1793 3817 2072 3883 pestiferos.
2125 3814 2277 3878 Quod
2325 3813 2370 3867 si
2425 3825 2678 3881 prmterea
2731 3811 3044 3865 contulisset
3094 3825 3214 3864 cum
3269 3812 3367 3867 hac

146 3916 276 3977 atque
303 3909 555 3975 moratos,
582 3923 685 3962 non
708 3909 858 3977 quasi
880 3907 1345 3975 interpretationes
1369 3906 1686 3973 Scripturuc;
1793 3909 2091 3961 versionem
2139 3906 2362 3974 Aquilia,
2406 3905 2699 3973 intelligere
2731 3903 2985 3972 potuisset
3025 3916 3143 3955 e~se
3182 3917 3368 3958 vocem

148 4011 472 4070 cxcerpantur
502 4017 566 4056 ex
604 4001 667 4054 iis
699 4011 864 4064 recte,
894 4010 1067 4064 acute,
1113 3999 1388 4067 ingeniose
1415 3998 1574 4062 dicta,
1603 4013 1692 4051 ea-
1797 3997 1882 4050 hic
1911 3997 2262 4059 Hebraicam,
2307 4010 2426 4063 quae
2454 3995 2655 4072 soleret
2691 4009 2721 4046 a
2766 3992 2964 4047 ludaeis
3001 3993 3135 4046 verti
3179 3994 3370 4062 χλευα-

149 4105 228 4157 σιιιε
247 4093 540 4148 commodis
562 4092 932 4146 occasionibus
957 4089 1335 4151 adhibeantur,
1366 4087 1576 4140 laudato
1600 4101 1694 4138 διι-
1802 4093 1946 4152 σταί.
1970 4091 2224 4142 irrisores.
2245 4088 2396 4144 Unde
2424 4088 2583 4142 etiam
2604 4086 2908 4140 rescivisset
2924 4085 3012 4139 hic
3032 4101 3152 4141 esse
3179 4101 3370 4142 nomen

151 4193 307 4250 ctare;
338 4185 602 4239 tribuetur
626 4183 919 4251 Augustino
957 4180 1214 4250 quidquid
1254 4179 1473 4233 honoris
1507 4178 1556 4231 ei
1597 4178 1690 4230 de-

151 4272 296 4341 lictur,
326 4291 424 4330 nec
454 4277 572 4343 ejus
601 4290 760 4344 opera
790 4290 888 4328 suo
929 4274 1101 4327 fructu
1132 4272 1413 4326 carebunt.
1446 4269 1694 4337 Quisquis

153 4367 365 4422 volumen
406 4369 640 4437 aperiet,
669 4376 722 4421 et
747 4366 949 4435 aliquot
987 4367 1038 4418 in
1066 4379 1133 4419 eo
1162 4365 1380 4432 paginas
1407 4363 1577 4431 leget,
1605 4377 1697 4414 ve-

155 4457 389 4511 rissimum
419 4472 542 4512 esse
568 4465 622 4512 et
649 4457 1006 4524 mquissimum
1039 4455 1182 4524 quod
1222 4454 1456 4507 diximus
1480 4465 1691 4519 compe-

157 4548 250 4601 tiet.
277 4553 519 4604 Attamen
572 4550 771 4618 aliquot
810 4548 1070 4615 exemplis
1117 4561 1229 4600 rem
1274 4543 1690 4606 illustrabimus,

1802 4179 2023 4249 pluralis
2055 4179 2295 4241 numeri,
2334 4192 2400 4231 ex
2431 4191 2537 4244 quo
2567 4176 2801 4242 liquebat
2843 4176 3191 4245 interpretem
3229 4177 3373 4232 Lati-

1800 4290 1926 4327 nttm
1970 4274 2106 4326 male
2132 4273 2357 4326 vertisse
2385 4271 2714 4338 pestilentias;
2747 4279 2800 4324 et
2833 4286 2952 4324 cum
2983 4271 3069 4324 vis
3101 4271 3204 4324 dici
3255 4287 3376 4338 pos.

1799 4372 1882 4416 set
1929 4361 2171 4414 cathedra
2219 4360 2658 4428 pestilentiarum,
2705 4374 2837 4414 voce
2884 4362 3044 4429 λοιμοὶ
3089 4360 3374 4428 signiﬁcari

1803 4453 2065 4524 pestiferos
2103 4451 2349 4503 homines.
2379 4449 2473 4503 Vel
2520 4465 2584 4502 ex
2636 4452 2974 4504 enarratione
3019 4450 3371 4503 Ambrosiana

1803 4543 1959 4609 hujus
1992 4540 2176 4609 psalmi
2209 4540 2323 4593 hanc
2354 4539 2543 4606 partim
2569 4539 2778 4594 discere
2811 4542 3009 4607 potuit,
3039 4539 3082 4592 si
3110 4553 3226 4591 eam
3248 4552 3374 4591 con-

161 4653 302 4709 neque
324 4644 462 4696 enim
486 4643 538 4697 in
566 4641 667 4696 hoc
697 4642 882 4710 ingens
907 4641 1153 4693 volumen
1180 4647 1332 4692 notas
1353 4634 1695 4690 conscribere
1727 4607 1778 4666 D
1806 4632 2074 4686 suluisset.
2433 4672 2438 4676 .

164 4732 491 4798 aggredimur;
521 4747 620 4785 nec
648 4746 776 4784 vero
799 4731 957 4784 ullius
988 4730 1037 4783 id
1068 4738 1209 4783 esset
1234 4727 1459 4796 fructus,
1479 4727 1565 4795 qui
1588 4726 1699 4795 qui-

166 4817 258 4874 dem
283 4824 510 4879 laborem
538 4822 942 4891 expendendum
973 4836 1182 4890 aequare
1213 4829 1414 4888 posset.

218 4911 407 4970 Pstuto
436 4932 468 4968 ι.
507 4914 728 4967 Versum
756 4915 779 4967 1
814 4912 890 4966 sic
920 4914 1296 4977 interpretatur
1325 4927 1337 4960 :
1372 4909 1447 4961 De
1476 4907 1697 4960 Domino

170 5012 305 5056 nostra
329 5004 447 5058 Jesu
494 5003 713 5066 Christo,
746 5004 840 5055 hoc
876 5010 978 5068 est,
1007 5002 1208 5053 homine
1251 4997 1515 5051 Dominico
1562 4999 1698 5049 acci-

171 5091 368 5153 piendum
391 5105 482 5148 est.
509 5094 644 5160 Quid
677 5093 782 5146 ita?
812 5094 1006 5146 Beatus
1048 5089 1284 5158 profecto
1324 5097 1440 5142 erat
1470 5094 1523 5140 et
1551 5101 1609 5140 re
1649 5096 1703 5139 et

170 5197 239 5249 ipe
258 5189 484 5256 quisquis
512 5185 744 5240 divinam
772 5185 938 5253 legem
969 5181 1320 5244 observabat;
1352 5179 1578 5246 ideoque
1607 5177 1701 5230 ab-

170 5275 351 5331 surdum
384 5279 500 5331 tunc
543 5275 756 5330 Christo
786 5274 1045 5328 violenter
1091 5278 1306 5339 aptare,
1347 5284 1467 5336 qua:
1505 5266 1704 5335 optime

167 5369 384 5422 omnibus
404 5367 748 5423 conveniunt.
781 5365 893 5419 lluc
923 5364 1159 5430 respexit
1189 5369 1372 5414 auctor
1403 5358 1705 5426 Expositio-

165 5461 232 5510 nis
268 5461 619 5528 psalmorum,
653 5470 930 5525 perperam
961 5454 1286 5523 Hieronymo
1325 5451 1555 5515 tribune,
1589 5464 1708 5517 qua:

147 5550 276 5605 edita
302 5560 381 5608 est
427 5552 481 5605 in
511 5550 659 5604 calce
699 5549 826 5601 tomi
861 5547 901 5600 ll
934 5560 1154 5614 operum
1207 5541 1543 5608 Hieronymi,
1599 5541 1707 5593 Lu-

151 5643 280 5696 tetia:
307 5658 447 5697 anno
478 5640 636 5696 1699.
680 5638 931 5703 Quidam,
961 5635 1131 5703 inquit
1161 5631 1387 5699 scriptor
1419 5631 1560 5684 illius
1609 5629 1714 5682 Ex-

151 5732 440 5796 positionis,
468 5731 618 5782 istius
653 5727 840 5798 psalmi
879 5727 1066 5778 clavem
1100 5736 1250 5792 super
1281 5720 1468 5774 Christi
1512 5717 1715 5770 Domini

153 5836 296 5878 σιοιιη
324 5837 598 5894 personam
621 5836 730 5874 esse
754 5815 1068 5885 re{crendam
1089 5857 1102 5882 ,
1135 5822 1189 5868 ut
1225 5814 1396 5867 beatus
1420 5812 1510 5865 ista
1538 5813 1612 5861 vir
1637 5824 1715 5862 se-

1881 4723 2013 4777 lbid.
2043 4721 2108 4776 ad
2143 4736 2282 4776 vers.
2311 4720 2366 4774 2.
2401 4721 2506 4776 Sed
2548 4721 2601 4773 in
2648 4721 2753 4790 lege
2791 4717 2994 4771 Domini
3025 4717 3119 4784 fuit
3151 4716 3378 4771 voluntas

1813 4819 1947 4885 ejus,
1974 4827 2021 4867 et
2049 4814 2099 4866 in
2131 4819 2238 4881 tege
2265 4814 2374 4882 ejus
2411 4811 2737 4865 meditabitur
2772 4810 2854 4860 die
2895 4823 2954 4858 ac
2983 4814 3158 4868 nocte;
3189 4807 3266 4860 sic
3295 4823 3381 4860 ra-

1815 4903 2132 4956 tiocinatur:
2168 4901 2318 4954 Justo
2360 4917 2460 4952 non
2506 4908 2578 4950 est
2617 4900 2699 4949 lea:
2739 4894 2936 4961 posita,
2972 4902 3027 4945 ut
3080 4895 3202 4948 dicit
3239 4895 3380 4964 Apo-

1810 4994 2003 5056 stolus;
2034 4994 2122 5046 sed
2159 4993 2305 5044 aliud
2336 5001 2406 5042 est
2430 5005 2536 5042 esse
2567 4989 2620 5039 in
2647 4986 2776 5057 lege,
2812 4985 2953 5037 aliud
2986 4987 3075 5038 sub
3110 4986 3236 5058 lege.
3283 4988 3384 5055 Qui

1809 5096 1882 5139 est
1910 5087 1963 5137 in
1989 5084 2116 5152 lege,
2147 5081 2424 5134 secundum
2457 5080 2615 5147 legem
2643 5079 2784 5147 agit;
2817 5077 2902 5143 qui
2926 5088 2996 5131 est
3026 5078 3116 5131 sub
3146 5081 3271 5149 lege,
3303 5097 3383 5132 ιε-

1812 5177 2033 5228 cundum
2065 5176 2223 5244 legem
2252 5172 2441 5240 agitur.
2475 5168 2572 5222 Ille
2607 5185 2725 5239 ergo
2760 5168 2879 5221 liber
2910 5180 2982 5222 est
3002 5211 3016 5232 ,
3052 5171 3142 5223 iste
3167 5169 3384 5238 servus.]

1813 5269 1944 5334 Quia
1973 5269 2098 5323 olim
2130 5266 2366 5320 Numidis
2394 5275 2448 5320 et
2489 5265 2606 5319 aliis
2636 5265 2800 5328 Afris,
2835 5264 2924 5332 qui
2973 5265 3243 5317 doctiores
3273 5277 3379 5314 non

1815 5368 1997 5421 erant,
2033 5363 2145 5410 haec
2177 5357 2400 5422 pulchra
2442 5357 2554 5410 visa
2582 5367 2734 5423 sunt,
2768 5363 2993 5409 eruntne
3031 5355 3190 5406 etiam
3235 5351 3388 5404 nobis

1818 5449 2015 5503 eximia
2052 5448 2328 5502 habenda?
2358 5448 2488 5514 Quae
2517 5448 2561 5502 si
2603 5462 2631 5499 a
2671 5446 2823 5499 nobis
2856 5444 3162 5510 prodirent,
3189 5439 3387 5497 exsilii.

1818 5538 2077 5603 larentur,
2113 5553 2176 5589 an
2215 5538 2484 5606 plausibus
2522 5533 2888 5604 excipientur?
2927 5533 3038 5583 Non
3087 5537 3234 5597 puto.
3282 5527 3384 5584 Ita.

1819 5644 1922 5697 que
1955 5628 2226 5692 dicemus,
2262 5643 2381 5681 cum
2416 5642 2544 5695 pace
2583 5635 2639 5681 et
2683 5622 3022 5677 Numidarum
3066 5631 3119 5673 et
3165 5621 3386 5674 aliorum

1826 5719 2062 5773 omnium
2089 5718 2280 5785 quibus
2306 5717 2424 5771 talia
2450 5716 2576 5769 olim
2604 5715 2942 5783 placuerunt,
2973 5711 3024 5762 1⁸
3048 5711 3218 5766 locum
3245 5710 3388 5765 Pauli

1823 5808 1976 5878 plano
2021 5818 2169 5863 extra
2216 5823 2328 5865 rem
2367 5821 2516 5869 esse;
2551 5804 2606 5858 Ξ⁶
2647 5819 2750 5859 non
2794 5801 2896 5855 dici
2946 5799 3029 5855 hic
3072 5789 3387 5870 qut-mmam
