3900 6306
555 365 651 418 571

1441 358 1994 415 SUPI'LEMENTUM
2038 358 2126 413 AD
2164 358 2388 413 ΟΙῚΞΙΚᾹ
2429 360 2484 414 S.
2530 359 2917 416 AUGUSTINI.
3687 361 3789 412 37?.

554 489 674 531 esse
697 477 748 530 in
778 477 905 547 lege,
934 475 1026 530 sed
1054 475 1166 540 ejus
1195 475 1499 526 voluntatem
1525 487 1629 526 esse
1652 473 1703 525 in
1731 473 1858 542 lege,
1887 471 1989 525 hoc
2018 479 2121 536 est,
2153 469 2200 528 Α
2231 473 2509 529 absnrtlior
2534 491 2546 527 :
2579 475 2678 528 Aut
2705 475 2982 528 secundum
3012 477 3312 542 papulorum
3344 481 3566 544 peccata.
3600 475 3711 543 quia
3741 489 3789 527 et

555 582 621 620 ex
647 567 1075 622 constantissimo
1107 565 1297 633 linguas
1333 563 1606 618 llebraicte
1637 578 1735 616 usu
1755 602 1769 627 ,
1802 563 1916 630 lege
1944 561 2121 615 divina

556 657 837 723 delectari,
863 657 1018 724 eique
1049 657 1272 709 libenter
1303 669 1519 722 parere;
1551 654 1606 706 5"
1635 650 2123 707 distinctiunculam

555 749 648 802 sub
673 750 780 817 lege
799 757 850 800 et
875 748 926 798 in
953 748 1059 815 lege
1085 745 1297 800 inanem
1329 760 1466 810 esse,
1490 760 1608 799 cum
1638 758 1794 798 nemo
1819 743 1989 808 dicat,
2027 741 2124 796 Vo-

557 839 728 890 luntas
753 837 862 904 ejus
889 845 960 888 est
988 836 1081 888 sub
1119 838 1243 906 lege.
1280 835 1455 904 Pergit
1491 846 1665 889 tamen
1688 838 1920 904 argutari
1946 837 2126 889 bonus

554 925 879 994 Augustinus
906 926 986 980 bis
1013 924 1189 979 verbis
1216 942 1227 977 :
1261 925 1454 978 Deinde
1478 926 1622 978 aliud
1652 937 1724 979 est
1755 927 1834 978 lea:
1863 941 1974 994 quia
2002 927 2126 978 scri-

555 1017 689 1068 bitur
717 1025 764 1067 et
792 1016 1069 1082 imponitur
1105 1014 1367 1077 servienti;
1397 1016 1539 1068 aliud
1568 1017 1650 1067 lea:
1679 1032 1787 1082 quer
1815 1027 1979 1068 mente
2009 1032 2124 1069 con—

553 1108 765 1175 spicitur
792 1107 855 1157 ab
883 1121 940 1158 eo
969 1107 1054 1174 qui
1083 1121 1183 1158 non
1214 1106 1402 1177 indiget
1428 1107 1628 1160 litteris.
1665 1107 1732 1160 At
1761 1108 1828 1161 de
1855 1107 1995 1159 nulla
2023 1106 2123 1160 alia

557 1197 671 1263 lege
702 1195 789 1248 hic
828 1195 1002 1263 agitur
1028 1209 1186 1264 quam
1218 1195 1285 1248 de
1315 1195 1539 1249 Mosaica
1560 1236 1573 1258 ,
1603 1210 1720 1264 qum
1749 1196 1962 1263 scriptis
1999 1211 2128 1249 con-

555 1287 758 1356 signata
785 1296 898 1341 erat
918 1297 972 1341 et
992 1288 1237 1341 omnibus
1262 1287 1458 1341 Judzeis
1485 1287 1726 1356 imposita
1746 1331 1760 1352 ,
1793 1288 2005 1341 nemine
2026 1302 2126 1342 ex-

555 1389 734 1449 cepto.
767 1380 1020 1450 Loquitur
1047 1382 1188 1435 enim
1221 1381 1304 1434 hic
1342 1380 1541 1444 David,
1575 1381 1735 1433 homo
1765 1379 2040 1447 Hebrazus,
2072 1389 2127 1433 et

555 1473 770 1541 quidem
815 1473 882 1526 de
915 1471 1217 1526 hominibus
1245 1487 1354 1526 suae
1396 1474 1596 1540 gentis,
1641 1471 1728 1538 qui
1780 1470 1947 1538 legem
1992 1473 2128 1525 scri-

555 1575 700 1634 ptam
729 1563 1022 1631 habebant,
1048 1579 1275 1633 eamque
1303 1564 1678 1618 observabant.

626 1660 759 1716 ibid.
795 1659 1126 1714 Meditabitur
1165 1661 1247 1713 die
1289 1671 1347 1712 ac
1386 1669 1559 1723 nocte,
1593 1669 1682 1711 aut
1720 1660 1826 1710 sine
1869 1659 2125 1712 intermis-

554 1751 694 1804 sione
724 1749 1107 1820 intelligendum
1136 1757 1225 1803 est.
1253 1749 1495 1818 Optime,
1529 1750 1574 1803 si
1618 1748 1799 1803 deleas
1843 1746 1967 1802 illud
2011 1757 2122 1801 aut.

556 1838 661 1894 Sed
686 1839 932 1894 ﬂuctibus
961 1838 1280 1894 academicis
1310 1839 1580 1908 abreptus,
1604 1838 1763 1892 etiam
1797 1837 1848 1891 in
1873 1853 1932 1892 re
1960 1836 2124 1906 clara,
2159 1822 2207 1882 Β

554 1928 736 1984 addit:
769 1939 857 1984 aut
903 1929 1016 1994 die,
1056 1930 1110 1983 in
1153 1931 1361 1995 lcetitia,
1393 1938 1548 1984 nocte
1597 1929 1649 1981 in
1697 1929 2127 1982 tribulationibus.

555 2018 753 2074 Fateor
779 2019 1065 2090 aliquando
1095 2021 1205 2074 luce
1239 2033 1327 2074 res
1365 2019 1630 2075 secundas
1649 2061 1663 2082 ,
1693 2018 1905 2072 tenebris
1941 2017 2133 2072 adver-

554 2123 645 2165 sas
671 2109 992 2180 significari;
1025 2111 1118 2164 sed
1150 2109 1314 2176 facere
1339 2111 1603 2178 Quidpiam
1632 2111 1714 2162 die
1743 2119 1789 2162 et
1816 2119 1958 2161 nocte
1997 2123 2132 2161 nun-

556 2211 715 2266 quam
755 2198 1080 2267 signillcavit
1125 2199 1177 2253 in
1222 2199 1472 2252 secundis
1510 2208 1563 2252 et
1606 2199 1658 2250 in
1700 2200 1957 2252 adversis.
1999 2198 2130 2263 Quia

555 2301 690 2342 voce
719 2289 967 2356 quapiam
995 2287 1194 2357 aliquid
1219 2287 1272 2342 in
1305 2296 1453 2342 certo
1492 2291 1595 2343 situ
1627 2288 1974 2357 significatur,
2011 2289 2132 2342 ideo

556 2390 664 2430 non
721 2377 996 2444 sequitur,
1048 2377 1350 2445 ubicunque
1405 2387 1685 2443 occurrat,
1737 2377 1926 2430 eodem
1975 2377 2134 2431 modo

557 2477 718 2533 posse
742 2477 859 2518 eam
885 2464 1125 2534 intelligi.
1144 2465 1247 2521 Sed
1270 2467 1512 2536 exempla
1541 2468 1656 2537 ejus
1681 2468 1977 2534 audiamus,
2009 2483 2130 2521 nam

558 2554 666 2609 duo
695 2551 935 2624 profert:
972 2552 1173 2608 Dicitur
1196 2557 1328 2609 enim
1359 2555 1536 2628 (Joan.
1567 2571 1685 2620 vm,
1716 2554 1808 2624 56)
1835 2574 1846 2608 :
1878 2557 2134 2610 Abraham

557 2645 694 2700 diem
722 2661 888 2699 meum
917 2646 1042 2699 vidit
1065 2655 1111 2699 et
1148 2650 1350 2717 gavisus
1384 2657 1475 2701 est.
1511 2646 1574 2700 Et
1604 2648 1668 2702 de
1697 2649 2018 2702 tribulatione
2055 2649 2132 2701 di-

558 2739 732 2791 citur:
763 2734 984 2803 Insuper
1011 2745 1059 2792 et
1089 2754 1247 2808 usque
1289 2739 1356 2792 ad
1395 2749 1590 2793 noctem
1630 2741 2020 2795 emendat-erunt
2058 2757 2134 2795 nte

557 2839 704 2880 renes
733 2827 862 2892 mei,-
898 2826 1036 2896 psal.
1068 2841 1162 2893 xv,
1194 2828 1247 2882 7.
1278 2827 1383 2882 Sed
1426 2830 1476 2881 in
1527 2828 1703 2883 verbis
1753 2827 1983 2894 Christi,
2026 2830 2134 2883 dies

556 2915 798 2971 laetitiam
827 2930 932 2970 non
967 2924 1155 2981 sonat,
1181 2931 1366 2970 verum
1399 2925 1609 2985 tempus
1637 2932 1744 2987 quo
1781 2918 1990 2972 iuturus
2018 2929 2134 2974 erat

556 3005 616 3061 in
662 3007 850 3072 terris;
887 3006 1035 3062 locus
1064 3020 1192 3060 vero
1229 3005 1412 3075 psaltze
1457 3007 1608 3060 etiam
1651 3009 1883 3061 noctibus
1929 3009 2133 3062 erudie-

559 3103 677 3147 runt
704 3111 784 3147 me
812 3110 959 3148 renes
983 3096 1112 3158 mei,
1141 3094 1299 3148 nimis
1324 3095 1583 3150 obscurus
1610 3105 1693 3150 est
1718 3112 1874 3165 quam
1906 3107 1964 3151 ut
1991 3097 2133 3166 quid-

559 3199 718 3253 quam
751 3186 980 3254 probare
1020 3193 1213 3254 queat,
1246 3194 1302 3242 et
1339 3186 1492 3241 aliter
1531 3187 1865 3243 commodius
1907 3187 2130 3258 intelligi
2158 3171 2204 3234 (ἶ

558 3285 766 3344 potest,
798 3285 855 3330 ut
879 3274 1050 3346 quivis
1092 3275 1358 3331 docebunt
1399 3276 1718 3347 interpretes
1757 3292 1822 3333 ex
1866 3279 2132 3335 recentio-

559 3367 727 3424 ribus.

536 3477 542 3487 ·
631 3457 788 3526 lbid.,
816 3458 842 3530 §
867 3461 918 3514 5.
947 3459 1070 3515 llaec
1099 3469 1223 3516 sunt
1243 3460 1404 3518 verba
1430 3475 1570 3516 vers.
1600 3463 1664 3516 δε
1692 3460 1756 3515 Ει
1779 3463 1872 3515 erit
1896 3471 2135 3530 tanquam

561 3553 755 3622 lignum
767 3551 904 3624 quod
923 3551 1208 3622 plantatum
1227 3562 1298 3607 est
1319 3553 1590 3607 secundum
1608 3552 1851 3607 decursus
1864 3569 2133 3623 aquarum.

559 3642 659 3699 Vel
705 3640 856 3713 pueri
900 3642 1198 3713 intelligant
1245 3642 1331 3697 hic
1369 3657 1490 3698 esse
1530 3642 1970 3708 similitudinem,
2016 3657 2136 3711 quae

559 3735 771 3789 nonnisi
819 3732 1023 3802 integra
1063 3733 1318 3801 explicari
1359 3741 1565 3800 potest,
1606 3741 1661 3786 et
1703 3733 1919 3800 quidem
1967 3735 2036 3787 ita
2078 3744 2135 3788 ut

559 3822 871 3879 ostendatur
913 3837 1072 3891 quam
1120 3822 1192 3875 sit
1227 3830 1350 3889 apta
1393 3829 1501 3873 tota
1547 3821 1873 3888 similitudo,
1925 3838 2032 3876 non
2076 3832 2136 3878 ut

557 3911 917 3981 particulatim
945 3911 1295 3979 discerpatur.
1322 3909 1569 3964 Attamen
1599 3950 1614 3974 ,
1648 3912 1864 3980 prolatis
1901 3913 1983 3968 bis
2013 3930 2136 3969 ver-

560 4003 676 4068 bis,
715 4002 794 4057 sic
834 4016 898 4057 ea
942 3999 1279 4071 interpretari
1317 4001 1622 4070 aggreditur
1667 4005 2033 4073 Augustinus:
2068 4003 2134 4058 Id

564 4102 668 4159 est,
708 4100 798 4145 aut
826 4091 1100 4146 secundum
1125 4093 1290 4160 ipsam
1331 4091 1635 4160 sapientiam
1673 4109 1788 4162 qua:
1815 4095 2027 4164 dignata
2063 4106 2136 4150 est

565 4183 816 4236 hominem
839 4182 1089 4252 suscipere
1112 4182 1177 4236 ad
1214 4183 1428 4237 salutem
1466 4193 1726 4248 nostram;
1757 4193 1811 4237 ut
1851 4187 1956 4254 ipse
1984 4186 2134 4240 homo

495 4292 500 4296 ·
565 4275 627 4330 sit
664 4273 860 4345 lignum
901 4273 1187 4343 plantatunt
1230 4275 1508 4327 secundum
1555 4275 1794 4329 decursus
1836 4291 2087 4345 aquarum
2115 4293 2134 4332 .'

564 4375 726 4436 potest
754 4367 886 4419 enim
907 4373 953 4418 et
978 4364 1072 4418 hoc
1096 4366 1350 4418 intellectu
1380 4368 1545 4433 accipi
1565 4368 1700 4437 quod
1730 4368 1781 4420 in
1809 4370 1912 4421 alio
1937 4368 2134 4437 psalmo

564 4457 734 4525 (Lstv,
760 4454 848 4525 10)
883 4455 1110 4508 dicitur:
1138 4455 1322 4523 ﬂuvius
1357 4453 1447 4506 Dei
1475 4459 1694 4523 repletus
1723 4467 1797 4510 est
1831 4474 1984 4525 aqua.
2029 4457 2132 4512 Sed

564 4546 792 4614 primum
817 4545 936 4610 quis
964 4544 1132 4599 nescit
1169 4545 1218 4597 in
1250 4545 1597 4599 similitudine
1624 4561 1734 4601 rem
1767 4547 1906 4600 unde
1945 4548 2132 4602 simili-

564 4640 692 4694 tudo
715 4638 945 4702 ducitur,
979 4650 1097 4692 esse
1123 4637 1191 4691 ad
1233 4637 1482 4701 litteram,
1511 4645 1567 4694 ut
1593 4637 1907 4707 loquuntur,
1935 4640 2135 4696 intelli.

565 4729 828 4799 gentiam?
856 4729 934 4784 Ne
963 4729 1075 4798 ipse
1111 4726 1323 4799 quidem
1355 4726 1677 4794 Augustinus
1709 4728 1809 4782 hoc
1839 4730 2131 4795 ignoravit,

567 4819 659 4872 sed
687 4818 962 4887 argutandi
994 4817 1276 4873 immodica
1304 4826 1360 4871 et
1389 4816 1756 4884 intempestiva
1781 4817 2046 4887 cupiditas
2075 4829 2133 4875 et

568 4907 818 4962 Africana
831 4910 1224 4985 ἀπεραντολογίας
1239 4906 1444 4961 obstitit
1461 4921 1526 4961 ne
1543 4906 1746 4974 judicio
1760 4923 1856 4960 suo
1873 4917 2132 4964 uteretur.

568 4995 836 5050 Praeterea
867 5012 964 5051 nec
989 5000 1135 5052 locus
1161 4999 1351 5067 psalmi
1382 5013 1523 5061 utv,
1557 4997 1640 5060 l0,
1675 4998 1865 5051 similis
1891 5008 1973 5053 est
1993 5038 2008 5061 ,
2039 5012 2137 5054 nec

569 5087 624 5143 id
651 5086 911 5155 signiﬁcat
929 5091 1065 5156 quod
1095 5091 1221 5142 vult.
1249 5089 1464 5144 Flauius
1490 5091 1631 5145 enim
1663 5089 1757 5143 Dei
1787 5091 1892 5144 illic
1913 5100 1994 5144 est
2019 5089 2137 5143 ιον.

570 5178 754 5236 danes.
776 5186 831 5230 ut
852 5185 995 5230 recte
1015 5193 1079 5229 ex
1097 5177 1401 5244 Theodoro,
1419 5181 1602 5246 credo,
1629 5180 2022 5246 Mepsncslenu,
2050 5195 2140 5232 no-

557 5269 700 5326 tavit
721 5268 848 5322 Lud.
881 5264 1206 5322 Ferrandus.
1237 5268 1411 5338 Pergit
1434 5280 1613 5324 noster
1639 5271 1828 5325 eodem
1853 5272 2096 5325 acumine
2119 5288 2134 5323 z

569 5366 667 5414 Ant
697 5361 968 5412 secundum
994 5358 1246 5428 Spiritum
1266 5369 1513 5424 sanctum,
1542 5361 1819 5414 secundum
1840 5379 1982 5432 quem
2007 5363 2138 5415 dici-

571 5467 652 5506 tur
674 5470 693 5506 :
723 5455 830 5522 ipse
872 5468 957 5506 vos
985 5451 1254 5522 baptizabit
1293 5452 1346 5504 in
1379 5450 1581 5517 Spiritu
1622 5463 1813 5518 sancto,
1845 5463 1948 5508 etc.
1975 5453 2141 5507 Nemo

573 5553 726 5608 neget
752 5544 1001 5611 Spiritum
1030 5551 1271 5596 sanctum
1292 5540 1520 5596 conferri
1546 5557 1689 5609 smpe
1714 5559 1831 5597 cum
1856 5559 2017 5612 aqua;
2046 5544 2139 5598 sed

573 5633 625 5683 in
659 5632 754 5683 hac
787 5634 1132 5688 similitudine
1168 5649 1272 5687 non
1313 5642 1487 5702 potest
1523 5635 1807 5703 signiﬁcari
1851 5634 2140 5687 decursibus

574 5742 839 5796 αᾳιιοτυηι.
867 5727 1041 5781 Tertia
1073 5738 1190 5799 post
1235 5729 1453 5789 allertur
1489 5730 1852 5800 lnterpretatio
1874 5731 2136 5802 prioribus

2225 581 2372 632 aqum
2404 565 2578 633 populi
2605 565 2996 632 interpretantur
3025 565 3074 616 in
3106 563 3446 632 Apocalypsi,
3481 573 3526 616 et
3553 566 3788 617 decursus

2229 671 2326 707 non
2369 655 2586 707 absurde
2622 653 2925 722 intelligitur
2957 655 3152 722 lapsus,
3183 656 3320 720 quod
3353 654 3566 720 pertinet
3605 654 3671 705 ad
3701 655 3791 706 de-

2228 747 2420 798 Iictum.
2460 745 2504 799 υ
2534 746 2788 798 acumen!
2820 744 2864 798 Ο
2893 744 3143 798 Numidas
3193 742 3514 811 patientibus
3555 745 3787 810 auribus,

2227 843 2318 889 aut
2360 835 2527 888 oculis
2572 835 2854 903 praeditos!
2888 834 3031 887 Talia
3065 834 3222 888 hodie
3251 848 3277 885 a
3311 832 3636 886 nostratibus
3678 835 3790 887 sine

2229 925 2336 978 risu
2377 939 2479 977 non
2515 923 2845 976 audirentur.
2879 923 2981 979 Sed
3019 923 3141 976 audi
3167 930 3400 977 crrtera:
3433 921 3647 991 Lignum
3676 939 3791 989 ergo

2227 1018 2356 1071 illud
2378 1060 2391 1081 ,
2421 1019 2473 1070 id
2497 1025 2566 1070 est
2599 1017 2843 1070 Dominus
2867 1025 3036 1069 noster
3065 1016 3128 1069 de
3148 1015 3292 1086 aquis
3317 1015 3708 1076 decurrentibus,
3740 1017 3792 1067 id

2227 1117 2299 1162 est
2328 1107 2529 1176 populis
2559 1107 2924 1175 peccatoribus,
2952 1109 3159 1158 trahens
3186 1121 3270 1158 eos
3300 1106 3354 1157 in
3378 1105 3459 1156 via
3501 1105 3554 1157 in
3596 1106 3793 1158 radices

2229 1199 2518 1268 disciplima
2541 1213 2663 1252 suae.
2690 1199 2857 1264 Quam
2891 1198 3004 1251 haec
3029 1205 3272 1251 contorta
3298 1197 3405 1250 sint
3428 1211 3532 1249 non
3557 1209 3690 1262 Opus
3715 1205 3794 1250 est

2228 1305 2470 1354 monere,
2512 1291 2685 1344 dicam
2726 1299 2928 1344 tantum
2975 1289 3200 1343 oblitum
3248 1301 3368 1342 esse
3413 1289 3792 1356 Augustinum,

2230 1383 2401 1435 virum
2435 1382 2581 1435 illum
2610 1381 2809 1434 beatum
2833 1381 2902 1434 de
2921 1394 3025 1449 quo
3051 1394 3194 1434 vers.
3223 1380 3278 1442 l,
3301 1379 3532 1432 conferri
3567 1392 3686 1432 cum
3716 1393 3798 1429 ar-

2231 1473 2360 1527 bore
2391 1473 2622 1541 plantata
2651 1473 2799 1540 juxta
2828 1484 3051 1539 aquam,
3081 1483 3198 1538 qua:
3229 1468 3453 1534 proinde
3481 1483 3586 1521 non
3629 1475 3797 1534 potest

2228 1577 2348 1617 esse
2376 1561 2643 1626 Christus,
2675 1563 2718 1615 si
2750 1561 2889 1615 idem
2921 1560 3010 1613 ille
3036 1560 3110 1612 vir
3144 1558 3313 1610 beatus
3336 1555 3587 1611 Christus
3617 1558 3718 1621 sit,
3743 1567 3797 1610 ut

2229 1653 2384 1707 dixit.
2415 1652 2596 1721 Neque
2621 1653 2764 1705 enim
2796 1650 2846 1704 in
2881 1648 3232 1703 similitudine
3267 1648 3414 1717 prior
3451 1658 3504 1701 et
3535 1649 3797 1716 posterior

2231 1760 2353 1813 pars
2392 1744 2531 1799 idem
2576 1757 2695 1797 esse
2741 1749 2979 1811 possunt.
3027 1739 3275 1794 Fructum
3319 1739 3506 1803 dabit,
3557 1738 3656 1790 hoc
3699 1748 3796 1802 est,

2232 1837 2497 1891 constituet
2542 1834 2830 1899 Ecclesias;
2860 1834 2911 1886 in
2942 1843 3181 1899 tempore
3208 1845 3325 1896 suo,
3359 1831 3452 1882 hoc
3483 1840 3586 1893 est,
3618 1829 3674 1882 id
3699 1841 3796 1892 est,

2234 1936 2500 1998 postquam
2533 1925 2840 1993 clariﬁcatus
2865 1932 2938 1976 est
2975 1922 3337 1976 resurrectione
3360 1931 3407 1975 et
3435 1925 3726 1975 ascensione
3755 1923 3799 1975 iu

2233 2020 2442 2083 cretum,
2473 2025 2579 2072 etc.
2603 2015 2704 2082 Qui
2736 2013 3048 2069 felicissime
3077 2013 3269 2067 versati
3303 2021 3427 2065 sunt
3460 2013 3511 2065 in
3545 2012 3798 2079 interpre~

2234 2112 2435 2165 talione
2481 2106 2850 2177 parabolarum
2901 2104 3034 2158 Novi
3083 2103 3451 2167 Testamenti,
3512 2103 3798 2156 observant

2234 2201 2471 2271 singulas
2503 2208 2682 2269 partes
2705 2195 3117 2252 similitudinum
3160 2210 3264 2248 non
3309 2209 3427 2248 esse
3467 2195 3692 2248 nimium
3725 2209 3798 2245 ur-

2233 2291 2455 2361 gendas,
2481 2289 2574 2345 sed
2614 2289 2867 2344 duntaxat
2892 2287 3072 2357 Itotam
3113 2287 3518 2342 similitudinem
3559 2301 3680 2340 esse
3713 2301 3798 2351 ap.

2236 2384 2451 2438 tandam
2479 2383 2575 2437 toti
2613 2383 2692 2436 rei
2721 2381 2787 2436 de
2828 2395 2932 2450 qua
2961 2394 3138 2435 sermo
3169 2387 3280 2446 est;
3312 2378 3433 2446 quia
3476 2378 3619 2431 nulla
3662 2394 3799 2443 para.

2237 2476 2355 2530 bola
2399 2475 2592 2530 nititur
2632 2472 2865 2542 perfecta
2912 2471 3269 2528 similitudine
3313 2472 3643 2538 singularum
3689 2485 3797 2534 par-

2236 2567 2400 2629 tium,
2422 2574 2475 2620 et
2502 2565 2626 2633 quia
2655 2578 2760 2620 non
2789 2572 2994 2620 constat
3029 2578 3095 2616 an
3130 2562 3360 2616 minutas
3399 2563 3515 2616 illas
3557 2562 3796 2614 similitu-

2238 2657 2390 2710 dines
2415 2652 2704 2709 attenderit
2743 2651 3017 2708 Christus.
3051 2652 3174 2706 Haec
3215 2651 3258 2705 si
3304 2652 3483 2704 animo
3514 2660 3796 2718 reputasset

2239 2746 2587 2817 Augustinus,
2615 2743 2729 2799 hinc
2755 2753 2809 2799 ct
2837 2743 2937 2798 alia
2969 2745 3131 2798 multa
3171 2744 3225 2797 in
3257 2742 3404 2797 hisce
3434 2741 3793 2797 Enarrationi-

2238 2838 2336 2893 bus
2361 2835 2700 2891 resecuisset.

2310 2927 2465 2995 Ibid.,
2501 2927 2527 2998 ᾗ
2559 2927 2592 2982 4
2621 2927 2686 2980 ad
2716 2940 2857 2981 vers.
2884 2928 2938 2981 4.
2980 2925 3100 2979 Non
3141 2926 3214 2979 sic
3243 2926 3414 2994 impii,
3450 2941 3550 2978 non
3582 2925 3690 2989 sic;
3723 2931 3794 2976 sed

2240 3030 2480 3089 tanquam
2515 3018 2675 3086 pulvis
2706 3034 2852 3088 quem
2887 3018 3088 3088 projicit
3120 3027 3343 3070 oentusa
3368 3017 3494 3086 facie
3523 3025 3694 3079 terra’,
3733 3017 3794 3069 sic

2239 3109 2398 3163 habet
2434 3126 2445 3161 :
2493 3117 2626 3162 terra
2664 3109 2745 3162 hic
2769 3108 3065 3176 accipienda
3092 3117 3165 3161 est
3196 3109 3444 3161 stabilitas
3471 3109 3521 3160 in
3566 3107 3704 3171 Deo;
3743 3106 3795 3160 ad

2236 3203 2375 3272 quod
2407 3201 2826 3257 c0nlirmandum
2853 3201 3054 3271 profert
3079 3201 3192 3256 loca
3214 3202 3514 3271 Scripturze,
3543 3201 3593 3256 in
3619 3203 3795 3270 quibus

2238 3301 2373 3347 terra
2403 3291 2685 3361 allegorice
2707 3331 2723 3358 ,
2775 3299 2833 3345 ut
2861 3291 3118 3360 putabat,
3150 3290 3200 3345 id
3231 3291 3528 3360 signiﬁcat;
3572 3292 3664 3344 sed
3688 3307 3795 3344 cum

2237 3383 2413 3436 omnia
2445 3382 2532 3437 illa
2558 3391 2857 3437 commenta
2883 3381 3163 3451 allegorica
3203 3381 3315 3435 sola
3361 3381 3640 3450 negatione
3680 3396 3795 3434 con-

2237 3475 2394 3529 lutari
2433 3483 2661 3543 queant,
2707 3472 2793 3527 hic
2819 3486 3030 3542 quoque
3060 3472 3210 3527 locus
3239 3475 3441 3542 reSpuit
3478 3473 3617 3527 illam
3648 3473 3796 3527 inter-

2236 3564 2621 3634 pretationem;
2659 3565 2781 3634 quia
2812 3564 2863 3617 in
2893 3562 2992 3617 hac
3023 3563 3386 3617 similitudinis
3417 3574 3565 3632 parte
3594 3565 3795 3632 proprie

2237 3653 2494 3708 sumenda
2525 3661 2609 3708 est
2638 3668 2741 3707 vox
2771 3663 2928 3717 terra,
2960 3662 3014 3708 ut
3043 3651 3108 3707 ad
3139 3655 3463 3722 superiorem
3502 3655 3795 3708 similitudio

2237 3760 2358 3800 nem
2383 3743 2734 3799 ostendimus.

2309 3833 2522 3898 Postea,
2554 3851 2585 3887 a
2610 3838 2756 3904 cujus
2801 3842 2946 3888 terra?
2968 3874 2982 3897 ,
3030 3835 3221 3905 inquit,
3249 3836 3377 3902 facie
3404 3838 3607 3906 projicit
3635 3848 3793 3890 uentus

2235 3925 2467 3990 impium,
2502 3923 2556 3976 id
2583 3932 2655 3976 est
2682 3923 2938 3992 superbia,
2961 3925 3077 3991 quia
3104 3926 3268 3992 inﬂat.
3303 3925 3550 3980 Feliciter
3575 3942 3700 3981 vero
3727 3928 3792 3980 in-

2236 4016 2484 4070 ventum!
2527 4015 2721 4084 Impius
2749 4029 2852 4069 non
2881 4015 3072 4070 dicitur
3098 4015 3184 4070 hic
3215 4018 3396 4086 proﬁci
3425 4035 3457 4070 a
3486 4018 3614 4083 {acie
3639 4026 3790 4079 terrm,

2236 4108 2329 4164 sed
2360 4122 2480 4163 esse
2508 4116 2748 4178 tanquam
2790 4109 2953 4177 pulvis
2981 4124 3128 4179 quem
3161 4109 3360 4179 projicit
3389 4120 3562 4163 ventus
3604 4128 3634 4163 α
3681 4111 3793 4180 facit

2236 4208 2413 4265 terrae,-
2444 4201 2542 4253 boc
2571 4208 2672 4263 est,
2693 4199 3098 4254 incertissimam
3125 4214 3244 4255 esse
3267 4210 3318 4255 et
3341 4201 3646 4256 vilissimum
3669 4201 3792 4270 apud

2237 4290 2403 4344 Deum
2432 4290 2545 4358 ejus
2572 4290 2928 4345 conditionem
2960 4307 2973 4343 :
3005 4299 3061 4344 ut
3085 4300 3188 4356 est,
3216 4291 3352 4360 apud
3388 4292 3648 4357 homines,
3691 4291 3792 4361 μυι-

2238 4380 2379 4436 veris
2429 4389 2589 4436 vento
2633 4380 2836 4448 agitati.
2894 4380 3024 4434 Vide
3070 4380 3297 4436 similem
3358 4383 3789 4451 comparationem

2239 4470 2375 4540 psal.
2408 4485 2536 4534 xvn,
2567 4469 2656 4533 52,
2688 4481 2741 4523 et
2769 4471 2902 4537 psal.
2937 4486 3117 4534 xxxxv,
3147 4470 3204 4536 5,
3233 4479 3288 4524 et
3312 4472 3457 4526 alibi.

2312 4560 2468 4625 lbid.,
2498 4559 2525 4630 ᾗ
2557 4561 2611 4624 5,
2646 4559 2708 4613 ad
2733 4574 2872 4614 vers.
2906 4560 2959 4614 5.
2994 4558 3117 4614 Ideo
3146 4577 3243 4614 non
3271 4571 3540 4632 resurgunt
3585 4562 3722 4631 impii
3748 4563 3789 4612 in

2235 4650 2478 4723 judicio.]
2503 4652 2626 4705 Ideo
2651 4693 2666 4718 ,
2706 4653 2926 4717 scilicet,
2977 4652 3146 4720 inquit
3169 4691 3183 4714 ,
3220 4653 3339 4721 quia
3368 4663 3607 4720 tanquam
3647 4651 3789 4719 puli-is

2242 4740 2583 4809 projiciuntur
2607 4757 2636 4791 a
2663 4741 2792 4807 [acie
2815 4751 2977 4793 terrm.
3009 4738 3073 4792 Et
3099 4739 3221 4793 bene
3251 4740 3344 4793 hoc
3370 4739 3439 4793 eis
3468 4741 3596 4794 dixit
3624 4738 3788 4809 auferri

2241 4830 2378 4897 quod
2398 4828 2599 4898 superbi
2623 4830 2869 4894 ambiunt,
2895 4828 2947 4880 id
2967 4838 3063 4894 est,
3098 4840 3152 4883 ut
3165 4829 3423 4899 judicent,
3447 4840 3500 4882 ut
3527 4829 3622 4883 hoc
3647 4831 3786 4898 ipsum

2243 4917 2448 4986 planius
2477 4921 2666 4972 dictum
2713 4919 3026 4988 intelligatur
3050 4921 3276 4987 sequenti
3302 4920 3547 4974 sententia
3584 4937 3604 4973 :
3642 4931 3786 4985 neque

2243 5017 2550 5076 peccatores
2573 5009 2623 5061 in
2651 5008 2876 5062 concilio
2900 5008 3182 5076 iustorum.
3203 5009 3401 5063 Verum
3423 5010 3508 5063 ubi
3533 5021 3782 5076 resurgere.

2243 5108 2332 5152 aut
2381 5114 2583 5168 surgere
2626 5099 2678 5150 in
2713 5098 2915 5173 judicio
2960 5098 3221 5167 signiﬁcat
3263 5099 3495 5168 judicem
3538 5097 3717 5168 agerc?
3748 5095 3783 5148 si

2242 5188 2597 5242 consuluisset
2639 5196 2732 5242 aut
2762 5189 3078 5243 Hebraicum
3131 5199 3333 5245 textum
3363 5231 3377 5254 ,
3429 5200 3518 5245 aut
3548 5191 3782 5246 Judzeum.

2241 5278 2536 5344 accepisset
2561 5278 2777 5332 verbum
2805 5294 2911 5348 quo
2937 5275 3026 5333 hic
3064 5279 3228 5332 utitur
3259 5279 3419 5333 David
3470 5296 3574 5334 non
3601 5289 3693 5332 tam
3720 5275 3780 5328 si-

2245 5370 2500 5441 gniﬁcare
2539 5386 2796 5440 resurgere
2825 5386 2981 5439 quam
3009 5381 3174 5436 stare;
3216 5370 3353 5426 unde
3383 5371 3675 5441 collegisset
3702 5372 3780 5418 hoc

2244 5461 2380 5516 velle
2412 5462 2708 5530 psalten,in
2734 5462 2935 5530 judicio
2967 5477 3069 5516 non
3099 5477 3254 5530 posse
3278 5463 3573 5518 consistere
3598 5461 3764 5528 impios

2246 5555 2344 5609 hoc
2373 5563 2455 5609 cst
2478 5598 2494 5622 ,
2539 5555 2652 5611 fore
2691 5566 2747 5610 ut
2776 5570 2932 5610 causa
2963 5555 3174 5609 cadant.
3219 5554 3350 5609 Vide
3385 5553 3536 5609 Isaia:
3573 5568 3670 5615 vn,
3711 5549 3762 5602 l2

2244 5645 2467 5699 Malacb.
2502 5662 2578 5715 Ill,
2605 5646 2660 5715 Ξ,
2692 5646 3037 5716 Romam“,
3064 5654 3116 5702 et
3145 5645 3279 5717 llug.
3311 5647 3546 5703 Grotium
3572 5643 3631 5698 ad
3663 5642 3780 5697 hunc

2238 5735 2432 5795 locum.
