3900 6310
124 371 206 420 :75
766 368 1117 422 vamonen
1161 354 1753 425 exéﬁcnartouss
1792 369 1856 423 IN
1898 369 1954 424 s.
1997 369 2364 426 AUGUSTINI
2399 368 2644 424 OPERA.

3236 367 3344 422 574·

181 485 374 533 l'sstno
403 495 457 541 ιι,
495 478 520 546 §
547 477 599 540 6,
628 477 693 529 ad
723 479 879 532 verba
911 495 1050 538 vers.
1083 481 1137 534 6.
1175 480 1283 550 Ego
1326 481 1476 532 hodie
1519 481 1668 550 genui
1701 485 1744 541 Α
1778 496 1934 551 quem
1965 481 2166 550 protert
2196 480 2342 534 nullo
2374 479 2532 532 modo
2556 477 2780 546 quadrat
2807 477 2859 530 in
2889 476 3164 531 historiam
3196 493 3338 530 more

138 589 172 620 ε.
203 572 496 636 Quanquam
544 569 694 620 etiam
718 608 732 628 ,
781 569 990 637 inquit,
1023 571 1178 636 possit
1207 571 1296 622 ille
1333 571 1440 622 dies
1469 570 1519 622 in
1551 585 1669 636 pro-

126 664 264 714 phetia
286 659 444 710 dictus
467 658 629 710 videri
661 674 758 725 quo
788 655 937 711 Jesus
960 660 1187 712 Christus
1210 661 1485 712 secundum
1508 659 1670 712 homi-

125 770 144 800 ἰ
170 766 208 798 ιιι
231 757 370 799 natus
391 755 487 809 est,
510 757 673 799 tamen
704 747 1016 815 hodie,quia
1045 752 1362 817 praesentiam
1389 749 1666 817 signiﬁcat,

134 852 242 905 tque
271 840 318 888 in
343 839 628 889 mternitate
664 853 752 890 nec
779 840 1093 903 praeteritum
1113 841 1385 909 quidquam
1414 849 1508 902 est,
1528 841 1669 906 quasi

139 944 204 979 sse
225 927 459 988 desierit;
487 942 579 977 nec
601 928 848 994 futurum,
869 929 1014 996 quasi
1043 930 1266 981 nondum
1291 931 1352 980 sit
1378 945 1394 992 ;
1425 929 1512 981 sed
1539 944 1671 998 pra!-

131 1033 209 1067 tus
238 1025 429 1067 tantum
457 1057 472 1078 ,
514 1016 634 1083 quia
664 1017 910 1082 quidquid
946 1027 1190 1070 aeternum
1220 1027 1291 1071 est
1334 1034 1531 1087 semper
1556 1029 1668 1078 est:

128 1105 331 1155 divinitus
377 1106 630 1170 accipitur
676 1105 954 1157 secundum
1003 1107 1058 1158 id
1101 1107 1335 1170 dictum,
1374 1108 1482 1175 Ego
1516 1107 1672 1162 hodie

128 1194 254 1258 genui
287 1203 354 1250 te.
381 1209 483 1256 quo
512 1195 866 1261 sempiternam
897 1199 1266 1262 generationem
1287 1198 1485 1249 virtutis
1514 1206 1560 1250 et
1591 1214 1673 1250 sa—

129 1285 296 1348 piratae
318 1283 432 1343 Dei,
451 1284 539 1350 qui
569 1294 640 1335 est
664 1285 949 1351 unigenitus
968 1286 1158 1348 Filius,
1182 1288 1308 1352 ﬁdes
1335 1289 1672 1340 sincerissima

127 1383 161 1423 cl
182 1374 420 1425 catholica
444 1375 732 1442 prwdicaM
753 1376 1008 1439 Quamvis
1034 1376 1146 1430 haec
1171 1378 1537 1446 interpretatio
1566 1394 1668 1432 non

125 1463 178 1514 sit
205 1463 489 1531 Augustino
521 1464 800 1530 peculiaris
826 1503 841 1527 ,
890 1465 1282 1518 observandum
1330 1476 1504 1519 tamen
1547 1479 1670 1520 ante

127 1552 276 1603 omnia
307 1551 568 1618 psalmum
598 1552 738 1606 hunc
766 1554 1137 1621 explicandum
1169 1555 1330 1608 fuisse
1361 1556 1426 1610 de
1450 1555 1667 1620 Davide,

127 1642 198 1708 qui
224 1643 285 1695 de
312 1657 369 1697 se
399 1643 665 1712 loquitur;
704 1645 898 1699 deinde
923 1646 1214 1700 sublimiori
1246 1662 1404 1702 sensu
1431 1650 1497 1702 de
1518 1649 1669 1703 Chri-

124 1745 210 1796 διο,
250 1735 494 1801 quoniam
529 1736 596 1787 ita
645 1735 784 1788 hunc
824 1737 1084 1804 psalmum
1117 1738 1493 1793 intellexerunt
1521 1740 1666 1808 Apo-

124 1823 244 1876 smli.
282 1823 361 1878 Ad
395 1823 652 1879 Davidem
702 1826 842 1893 quod
874 1827 1093 1893 attinet,
1125 1830 1319 1898 genitus
1350 1839 1473 1883 tunc
1502 1845 1531 1882 a
1561 1832 1668 1885 Deo

125 1914 312 1979 dicitur,
341 1929 460 1966 cum
490 1922 572 1968 est
601 1930 691 1968 rex
721 1917 1061 1982 constitutus,
1087 1933 1208 1971 nam
1237 1933 1391 1988 reges
1420 1921 1669 1973 dicuntur

125 2002 204 2064 ﬁlii
237 2002 475 2055 Altissimi
497 2043 511 2066 ,
561 2003 694 2071 psal.
735 2020 900 2058 um
924 2044 938 2069 ,
996 2006 1048 2059 6.
1076 2006 1153 2060 Ac
1178 2021 1308 2061 sane
1349 2008 1415 2061 ad
1445 2023 1668 2075 regnum

123 2093 221 2157 ejus
259 2094 444 2160 respici
499 2094 662 2163 liquet
705 2097 989 2150 manifesto
1035 2112 1100 2152 ex
1129 2099 1568 2153 antecedentibus
1613 2109 1669 2155 et

124 2184 568 2249 rottsequentibus.
586 2184 665 2237 Ad
691 2185 1016 2253 spiritualem
1040 2201 1254 2241 sensum
1276 2188 1415 2257 qttod
1440 2199 1664 2258 spectat,

123 2273 159 2321 si
185 2286 429 2339 negavero
455 2274 606 2326 hodie
633 2289 852 2342 usquam
882 2275 931 2327 itt
959 2276 1226 2345 Scriptura
1247 2278 1382 2330 sumi
1414 2279 1480 2332 de
1509 2288 1664 2334 teter-

125 2361 268 2414 nitatc
291 2404 306 2428 ,
345 2377 449 2416 non
482 2364 585 2416 erit
616 2379 711 2417 cur
755 2366 968 2419 timeam
997 2381 1065 2420 ne
1092 2367 1211 2434 quis
1240 2368 1440 2422 erroris
1465 2384 1550 2422 me
1574 2385 1664 2423 ar-

124 2460 254 2516 gnat;
293 2467 385 2506 nec
411 2461 492 2505 est
521 2452 792 2522 Scriptura
831 2470 895 2508 ex
927 2456 1254 2523 pliilosOphis
1296 2457 1663 2527 dogmatibus-

126 2559 210 2608 que
238 2544 535 2610 Platouit-is,
577 2547 693 2599 sine
720 2548 948 2611 ratione,
981 2548 1311 2617 explicanda,
1340 2559 1399 2604 ut
1427 2551 1665 2605 fecerunt

125 2635 194 2686 hic
223 2637 409 2688 etalihi
441 2637 589 2689 multi
622 2637 827 2693 Patres.
859 2638 1058 2692 Deinde
1085 2640 1511 2708 quandoquidem
1539 2657 1666 2710 apo-

122 2725 224 2776 stoli
257 2740 345 2778 nos
381 2728 676 2780 docuerunt
721 2727 807 2781 hic
859 2740 1164 2782 sermonem
1195 2743 1315 2781 esse
1343 2729 1409 2782 de
1432 2730 1664 2795 Christo,

121 2816 241 2878 quod
286 2817 518 2885 alioquin
570 2818 994 2886 ignorassemus,
1039 2818 1106 2871 ab
1136 2819 1322 2872 iisdem
1354 2820 1512 2874 etiam
1542 2836 1669 2887 apo-

120 2906 257 2957 stolis
283 2909 537 2972 petendus
567 2907 663 2960 l'uit
699 2909 960 2976 genuinus
1000 2908 1156 2978 hujus
1189 2908 1289 2962 loci
1319 2913 1537 2972 sensus;
1575 2911 1664 2978 qui

120 2995 176 3047 ab
214 2994 294 3048 eis
337 2996 555 3050 minime
598 2995 825 3051 refertur
854 2998 917 3050 ad
965 3007 1218 3051 mternam
1246 3000 1663 3066 generationem,

119 3086 196 3138 sed
222 3087 291 3139 ad
319 3096 631 3154 potestatem
687 3096 805 3156 post
842 3091 1286 3144 resurrectionem
1315 3090 1366 3143 itt
1397 3089 1663 3143 Christum

1775 575 1843 625 tis
1869 579 1926 625 et
1955 569 2362 624 resurrectionis
2381 568 2798 630 Christi,contra
2824 567 3022 635 Optime
3047 567 3338 620 conditioni

1775 661 1987 715 Davidis
2015 658 2285 713 convenit.
2314 656 2447 712 Cum
2488 659 2635 711 multi
2666 660 2733 712 de
2763 658 2858 712 hoc
2888 666 3061 712 actum
3090 673 3211 712 esse
3239 673 3338 726 pu-

1772 762 1966 816 tarent,
1995 753 2116 820 quia
2146 753 2301 819 longe
2329 751 2552 805 maxima
2581 765 2702 818 pars
2728 750 3086 805 lsraelitarum
3116 749 3340 803 Ahsalo-

1773 858 1917 896 mtun
1962 842 2303 910 sequebatur.
2349 841 2422 894 ait
2471 841 2723 908 propheta
2772 855 2831 894 se
2863 840 2928 893 ad
2960 839 3052 893 Dei
3083 840 3338 892 auxilium

1770 933 2098 1000 confugisse,
2129 941 2290 999 atque
2319 931 2387 983 ab
2409 945 2475 985 eo
2505 930 2810 984 exauditam
2852 931 3033 997 fuisse,
3061 931 3339 983 continen-

1773 1030 1956 1089 terqne
2002 1020 2149 1073 addit
2196 1021 2356 1073 verba
2383 1009 2561 1072 'allata
2591 1061 2605 1083 ,
2635 1038 2724 1088 ego
2757 1021 2970 1073 dormivi
2996 1063 3011 1087 ,
3060 1029 3189 1085 etc.,
3220 1035 3339 1088 qua:

1773 1111 2046 1177 aptissime
2092 1109 2393 1178 signiﬁcant
2437 1109 2775 1164 securitatem
2815 1125 2878 1164 ac
2905 1109 3352 1176 tranquillitatem-

1773 1202 1935 1254 animi
1963 1200 2210 1265 Davidis,
2244 1209 2523 1269 postquam
2563 1200 2617 1253 in
2649 1201 2759 1255 Deo
2789 1201 3032 1256 ﬁduciam
3064 1215 3211 1254 suam
3243 1215 3336 1268 po-

1773 1301 1970 1346 suerat.
2009 1291 2266 1347 Similiter
2294 1292 2612 1346 describitur
2654 1293 2910 1346 securitas
2957 1292 3145 1359 psaltn.
3179 1306 3254 1354 tv,
3284 1292 3335 1344 9.

1771 1383 1877 1437 Cur
1912 1398 2038 1452 ergo
2063 1383 2198 1436 alius
2223 1392 2339 1436 erat
2366 1383 2687 1452 quzerendus
2717 1397 2925 1445 sensus,
2958 1397 3078 1435 cum
3111 1381 3196 1433 hic
3223 1381 3339 1449 pul-

1771 1473 2072 1527 cherrimus
2113 1482 2256 1526 esset
2279 1513 2294 1537 ,
2339 1481 2394 1526 et
2439 1473 2632 1526 eximia
2669 1472 2985 1526 documenta
3017 1484 3120 1523 non
3150 1469 3339 1535 despe—

1771 1562 2048 1623 randi,sed
2078 1563 2280 1615 ﬁducia:
2309 1563 2359 1615 in
2382 1563 2489 1615 Deo
2509 1560 3018 1627 collm'anda'mobis
3049 1559 3340 1625 praeberet?

1769 1650 1991 1720 Nempe,
2022 1660 2098 1714 ut,
2130 1652 2385 1717 neglectis
2408 1668 2526 1719 qua:
2557 1660 2679 1703 ante
2709 1651 2872 1716 pedes
2897 1658 3070 1710 erant,
3107 1662 3169 1698 ea
3194 1661 3338 1712 qua!-

1772 1749 2018 1794 rerentur
2048 1756 2270 1808 quorum
2302 1739 2536 1807 alioquin
2581 1740 2630 1792 in
2661 1748 2892 1792 mentem
2936 1737 3134 1790 nemini
3169 1737 3339 1789 venis-

1773 1838 1884 1891 set;
1926 1831 2064 1895 quod
2103 1830 2226 1884 ferri
2259 1840 2436 1897 posset
2460 1871 2475 1891 ,
2527 1829 2624 1882 nisi
2662 1829 2920 1881 sententia
2964 1841 3081 1894 qua}
3113 1826 3339 1892 primtnn

1772 1921 1950 1974 animo
1979 1935 2098 1974 sese
2127 1922 2307 1988 objicit
2332 1922 2528 1988 optima
2556 1928 2697 1974 esset
2717 1920 2992 1986 verbisque
3021 1917 3338 1969 convenien-

1777 2010 2010 2074 tissima;
2050 2025 2111 2063 ea
2142 2023 2270 2063 vero
2291 2049 2306 2072 ,
2352 2024 2472 2078 qua:
2513 2009 2693 2077 procul
2725 2007 2980 2062 accersita
3009 2016 3129 2069 est,
3157 2015 3339 2059 coacta

1770 2109 1915 2152 esset
1947 2108 1998 2153 et
2024 2114 2052 2151 a
2081 2099 2258 2152 verbis
2288 2100 2530 2166 serieque
2561 2098 2814 2151 orationis
2840 2098 3030 2150 aliena.

1841 2189 1946 2244 Sed
1978 2189 2257 2243 audiamus
2289 2191 2641 2257 Augustinum
2679 2188 2891 2255 ingenio
2920 2202 3020 2241 suo
3044 2186 3176 2240 mire
3206 2186 3339 2238 abu-

1771 2287 1992 2334 tetttem.
2025 2279 2248 2343 Quidam
2296 2280 2578 2348 signiﬁcari
2611 2279 2724 2331 vult
2751 2279 2964 2331 nomine
2990 2279 3252 2340 Absalom,
3285 2286 3339 2328 nt

1768 2368 2036 2422 Christum
2066 2368 2273 2422 Davidis
2299 2384 2546 2438 persona.
2581 2369 2714 2422 Tum
2754 2370 2901 2422 addit
2929 2388 2939 2422 :
2967 2371 3003 2420 A
3037 2371 3183 2437 cujus
3211 2369 3344 2436 {acie

1770 2459 1962 2526 fugisse
1988 2476 2276 2528 quanquam
2301 2459 2538 2512 historice
2574 2460 2732 2523 possit
2759 2459 2955 2524 accipi,
2984 2457 3189 2525 quando
3207 2498 3220 2520 ,
3248 2455 3346 2508 illo-

1769 2550 2088 2612 discedente,
2139 2552 2339 2603 secessit
2390 2567 2504 2602 cum
2551 2551 2744 2603 ca'teris
2790 2551 2841 2602 in
2880 2559 3138 2612 montem;
3174 2556 3338 2599 tamen

1768 2639 2065 2708 spiritaliter
2097 2640 2304 2708 quando
2341 2650 2554 2690 mentem
2592 2639 2747 2690 Iuda:
2792 2638 2960 2690 Filius
2994 2639 3113 2698 Dei,
3157 2639 3208 2688 id
3233 2647 3337 2698 est,

1768 2729 1927 2781 uirtus
1975 2737 2020 2780 et
2070 2727 2320 2793 sap’entia
2370 2726 2465 2777 Dei
2519 2727 2859 2778 deseruit.....
2918 2727 3037 2777 bene
3096 2726 3339 2792 accipitur

1769 2833 1800 2868 a
1842 2817 1974 2882 facie
2015 2819 2126 2884 ejus
2171 2815 2424 2868 Christum
2463 2814 2671 2883 fugisse.
2703 2813 2882 2882 Neque
2916 2813 3222 2876 historicus,
3248 2827 3340 2865 ne-

1767 2921 1872 2974 que
1914 2905 2201 2972 spiritualis
2248 2918 2433 2956 sensus
2486 2904 2608 2955 ferri
2661 2912 2861 2970 potest;
2908 2902 3006 2956 nisi
3039 2903 3104 2955 ab
3150 2903 3214 2955 iis
3245 2903 3335 2970 qui

1771 2995 1823 3050 in
1857 2995 2126 3062 Scriptura
2153 2995 2332 3048 vident
2358 2993 2613 3062 quidquid
2648 2993 2850 3059 volunt,
2887 3002 2943 3046 ut
2982 2994 3129 3062 pueri
3162 2994 3212 3046 in
3244 3008 3340 3046 nu.-

1770 3087 1942 3141 bibus.

120 3178 372 3242 collatam;
425 3193 546 3232 nam
599 3179 664 3232 de
709 3179 1103 3233 resurrectione
1145 3179 1261 3248 ejus
1307 3179 1444 3232 lumc
1492 3180 1663 3232 locum
1694 3159 1739 3220 ο
1844 3182 1905 3232 At
1939 3192 2042 3232 non
2076 3193 2260 3246 parum
2294 3178 2562 3233 hominem
2593 3179 2867 3248 impedivit
2901 3177 3217 3247 signiﬁcatio
3248 3192 3343 3231 no-

120 3267 319 3332 explicat
354 3269 550 3322 Paulus
580 3270 694 3323 Act.
727 3285 842 3331 xm,
873 3270 961 3323 55.
1003 3268 1244 3336 Scriptor
1279 3285 1406 3322 vero
1452 3270 1517 3323 ad
1560 3271 1667 3325 Ile-

121 3356 271 3411 hraros
318 3358 388 3412 de
436 3359 554 3428 ejus
604 3359 905 3414 sacerdotio
928 3401 943 3423 ,
978 3375 1084 3427 quo
1128 3363 1177 3411 in
1208 3361 1346 3414 caelo
1374 3363 1665 3426 prmscrtim

120 3448 311 3504 iunctus
340 3460 443 3516 est,
477 3465 596 3519 cap.
629 3467 682 3517 v,
715 3452 768 3504 5.
800 3451 974 3504 Malim
1006 3464 1124 3504 cum
1154 3451 1256 3504 illis
1286 3449 1481 3504 sentire
1510 3467 1665 3518 quam

119 3540 556 3594 romPlatonicis.
599 3540 748 3605 Quod
798 3540 966 3592 visum
1015 3540 1175 3592 etiam
1221 3539 1436 3600 llilario,
1485 3541 1572 3608 qui
1601 3540 1667 3592 ad

117 3631 228 3696 psal.
261 3646 321 3691 tt,
354 3628 488 3699 §5'J,
526 3629 653 3682 edit.
685 3629 1012 3682 Benedictio.
1039 3645 1051 3680 :
1081 3629 1198 3680 Non
1223 3630 1290 3680 ad
1335 3629 1561 3699 virginis,
1592 3629 1670 3681 itt-

119 3722 246 3784 quit,
273 3730 482 3786 parturn
510 3759 524 3782 ,
563 3736 720 3788 neque
749 3722 812 3770 ad
842 3719 1031 3771 lavacri
1054 3719 1462 3789 generationem,
1488 3721 1576 3772 sed
1603 3720 1670 3771 ad

117 3810 487 3880 priurogenitum
515 3825 579 3862 ex
615 3810 826 3862 mortuis
855 3809 1106 3878 pertinere
1133 3808 1413 3878 apostolica
1454 3810 1666 3863 auctori-

118 3907 176 3950 tas
199 3909 284 3951 est.

176 3989 328 4055 Ibid.,
360 3990 386 4058 ς
410 3991 494 4044 10.
536 3991 923 4057 Apprelteudere
948 3990 1269 4058 disciplinam
1296 3991 1674 4059 interpretatur

118 4077 427 4146 AttguSIinus
452 4079 748 4150 intelligere
777 4082 1012 4144 erudiri;
1041 4096 1137 4133 nec
1160 4095 1287 4132 sane
1308 4079 1462 4132 aliter
1480 4080 1669 4146 potuit.

117 4171 202 4221 Sed
229 4173 269 4225 si
305 4172 569 4225 llebraica
603 4171 996 4232 consuluisset,
1051 4170 1136 4222 hic
1177 4169 1496 4234 singularem
1525 4169 1674 4222 inve-

117 4261 256 4315 uisset
283 4261 626 4331 prephetiam
656 4262 724 4316 de
743 4261 983 4324 Christo;
1026 4277 1145 4314 nam
1177 4269 1255 4313 est
1274 4269 1334 4344 ’β
1361 4270 1500 4343 1pm
1530 4276 1675 4313 oscu-

116 4350 269 4403 lumini
297 4352 475 4418 [ilium
502 4392 516 4414 ,
544 4351 684 4419 quod
716 4351 782 4404 (le
811 4353 994 4404 osculo
1019 4391 1032 4412 ,
1066 4349 1282 4401 honoris
1310 4345 1492 4413 causa,
1523 4350 1674 4417 quasi

117 4438 209 4506 regi
245 4442 474 4495 terendo
504 4450 648 4496 recte
681 4442 977 4510 intelligunt
1013 4439 1360 4494 recentiores.
1381 4439 1511 4491 Vide
1537 4440 1669 4493 Gen.

119 4539 208 4589 su,
238 4529 334 4595 ltt;
380 4530 569 4584 tSam.
602 4547 656 4596 κ,
685 4531 734 4583 l.

179 4618 386 4674 Pstuto
416 4635 495 4684 nt,
518 4620 545 4690 ᾗ
577 4623 625 4675 Ι.
645 4620 896 4686 Quamvis
918 4619 1032 4674 hate
1059 4620 1127 4672 sit
1154 4618 1428 4686 inscriptio
1451 4617 1671 4684 psalmi:

125 4707 340 4766 l’salmus
361 4712 555 4778 David,
581 4729 692 4765 cum
716 4713 908 4783 fugeret
935 4728 966 4764 a
994 4712 1124 4780 {acie
1152 4711 1427 4764 Abessalon
1455 4709 1550 4777 [i'ii
1571 4710 1672 4774 sui,

123 4802 185 4852 sic
211 4804 610 4858 enarrationem
657 4818 803 4858 suam
850 4803 1058 4857 orditur
1100 4802 1426 4870 Augustinus
1464 4818 1478 4853 :
1523 4801 1678 4853 Ilunc

96 4893 352 4962 psalmum
402 4909 464 4945 ea:
506 4894 740 4962 passione
785 4892 973 4945 Christi
1014 4891 1362 4959 accipiendum
1409 4889 1679 4958 persuadet

126 4981 239 5039 quod
265 4981 460 5034 dictum
504 4990 575 5033 est
614 4997 632 5035 :
677 4980 785 5048 Ego
811 4979 1033 5033 dormivi
1062 4987 1117 5032 et
1154 4993 1399 5032 somnum
1430 4978 1542 5043 cepi
1566 5017 1582 5037 ,
1625 4986 1680 5030 et

127 5071 384 5124 exsurrexi
413 5071 658 5137 quoniam
674 5071 927 5123 Dominus
946 5069 1198 5135 suscipiet
1223 5083 1325 5121 me.
1354 5067 1519 5136 Magis
1547 5068 1680 5119 enim

127 5155 207 5207 hoc
230 5162 294 5210 ad
317 5162 605 5228 passionem
627 5171 672 5214 et
695 5161 1101 5214 resurrectionem
1118 5159 1318 5211 Domini
1345 5167 1681 5227 cvngrueuter

128 5261 273 5314 sonat,
300 5269 456 5320 quam
485 5253 551 5304 ad
579 5253 723 5305 illaut
749 5253 1014 5304 historiam
1040 5251 1091 5302 in
1120 5267 1220 5316 qua
1254 5248 1418 5301 David
1446 5249 1684 5301 scribitur

133 5337 302 5407 fugisse
324 5361 357 5394 a
385 5345 518 5412 facie
561 5345 793 5396 bellantis
833 5344 1096 5394 adversum
1127 5358 1180 5394 se
1220 5341 1317 5410 ﬁlii
1363 5342 1460 5393 sui.
1494 5341 1682 5393 Nescio

134 5442 220 5491 qua
255 5435 460 5488 ratione
495 5434 785 5504 praecaveri
819 5437 1115 5504 potuissent
1150 5442 1406 5486 contortae
1436 5433 1684 5499 allegori-

136 5529 318 5575 slarum
347 5527 828 5595 interpretationes,
864 5539 982 5578 cum
1015 5539 1080 5576 ne
1108 5523 1441 5592 apertissima
1473 5522 1682 5589 quidem

141 5608 396 5678 inscriptio
425 5619 606 5685 psalmi
638 5617 858 5684 hujusce
889 5623 1128 5668 nostrum
1158 5627 1412 5669 coercere
1459 5615 1687 5680 potuerit

146 5716 202 5756 ne
222 5706 509 5776 allegoricis
537 5709 755 5764 somniis
783 5705 1101 5773 indulgeret.
1133 5705 1260 5760 Nam
1295 5705 1442 5760 l.cus
1474 5703 1684 5772 quidem

1771 3268 1928 3321 minis
1964 3268 2249 3333 Absalom;
2292 3268 2369 3322 sic
2407 3270 2549 3323 enim
2599 3269 3103 3337 loquiturzdbsalon
3145 3276 3338 3329 autem,

1770 3358 1898 3410 sicut
1937 3357 2144 3423 quidam
2175 3359 2596 3424 interpretantur,
2636 3360 2686 3410 in
2722 3358 2902 3409 Latina
2946 3361 3118 3426 lingua
3157 3360 3341 3410 dicitur

1773 3444 1935 3514 petris
1961 3459 2097 3513 pax;
2137 3446 2272 3512 quod
2301 3447 2482 3498 mirum
2508 3447 2665 3498 videri
2692 3455 2872 3513 potest,
2915 3449 3017 3498 sive
3052 3448 3101 3497 in
3131 3447 3342 3498 historia

1774 3534 2086 3600 Regnorum,
2115 3550 2226 3584 cum
2249 3533 2433 3585 bellum
2461 3534 2696 3585 adversus
2723 3545 2914 3601 patrem
2936 3533 3208 3595 Abessalon
3238 3550 3340 3601 ges-

1772 3622 1925 3687 serit;
1975 3622 2077 3674 sive
2110 3622 2161 3673 in
2200 3621 2413 3672 historia
2443 3620 2576 3673 Novi
2603 3620 2932 3680 Testamenti,
2969 3636 3085 3672 cum
3124 3622 3341 3673 traditor

1777 3714 1979 3766 Domini
2007 3711 2173 3766 ludas
2197 3713 2372 3781 fuerit,
2401 3707 2824 3778 quemadmodum
2854 3712 3018 3778 patris
3049 3727 3144 3779 pax
3177 3724 3340 3780 posset

1774 3805 2014 3876 intelligi.
2046 3805 2100 3860 Si
2127 3804 2416 3858 Absalomo
2447 3819 2660 3870 nomen,
2707 3813 2824 3872 post
2854 3812 3075 3856 mortem
3104 3803 3340 3866 demum,

1776 3894 1964 3948 fuisset
2009 3893 2342 3960 impositum,
2375 3892 2516 3945 aliud
2549 3893 2664 3946 sine
2706 3891 2865 3945 dtthin
2895 3900 3079 3945 nactus
3123 3892 3338 3955 fuisset;

1774 3982 1868 4036 sed
1917 3983 2004 4050 qui
2064 3981 2246 4036 infanti
2295 3983 2668 4050 imposuerant
2695 3998 2797 4034 non
2829 3982 3182 4051 praeviderant
3221 3996 3342 4034 eum

1773 4073 1904 4125 olim
1934 4073 2132 4127 bellum
2163 4087 2282 4125 cum
2331 4082 2478 4138 patre
2525 4081 2815 4137 gesturum.
2851 4070 3012 4124 Multo
3044 4070 3217 4123 minus
3257 4070 3344 4123 in-

1779 4163 2016 4231 te'ligere
2049 4170 2293 4231 putetant
2331 4161 2444 4215 iure
2475 4161 2602 4214 olim
2651 4161 2919 4214 rhetorem
2951 4160 3224 4214 Numidam
3254 4164 3342 4229 qui

1779 4255 1942 4309 vellet
1969 4254 2238 4309 Absalomi
2270 4253 2484 4306 nomine
2512 4252 2792 4320 signiﬁcari
2824 4253 3029 4305 Domini
3056 4254 3134 4306 sui
3167 4253 3344 4317 prodi-

1779 4354 1969 4397 torem.
2003 4343 2106 4398 Sed
2136 4343 2257 4411 quis
2303 4358 2407 4396 non
2454 4343 2693 4405 miretur,
2725 4349 2844 4409 post
2872 4342 3043 4395 ﬁctam
3074 4357 3100 4392 a
3133 4356 3190 4394 se
3216 4341 3344 4395 alle-

1779 4436 2006 4500 goriam.
2036 4434 2331 4502 Augustino
2356 4433 2547 4488 mirum
2580 4435 2742 4489 videri
2775 4443 3077 4487 commento
3116 4448 3210 4485 suo
3241 4448 3347 4484 non

1704 4503 1751 4559 Π
1779 4527 1915 4580 bene
1941 4527 2229 4580 convenire
2261 4541 2380 4579 cum
2409 4529 2622 4580 nomine
2651 4526 2952 4580 Ahsalomi?
2989 4524 3093 4578 Cur
3123 4537 3225 4575 non
3255 4538 3345 4590 po-

1781 4617 1886 4668 tius
1915 4625 2274 4669 commentum
2320 4615 2444 4668 illud
2477 4615 2702 4684 abjecit?
2743 4615 2846 4670 Sed
2894 4624 3076 4682 postea
3109 4626 3227 4665 sese
3255 4628 3347 4665 ex-

1781 4705 1962 4772 pedit,
1993 4721 2058 4759 eo
2087 4706 2226 4773 quod
2263 4705 2422 4760 David
2466 4708 2516 4761 in
2553 4722 2618 4761 eo
2648 4706 2790 4760 bello
2820 4713 3036 4772 pacatus
3064 4703 3351 4756 Absalomo

1782 4795 1941 4848 fuerit
1962 4835 1976 4860 ,
2009 4796 2133 4862 quia
2163 4796 2236 4849 illi
2278 4795 2422 4863 parci
2457 4797 2697 4860 volebat,
2736 4801 2789 4847 et
2824 4791 2963 4859 quod
2990 4791 3230 4845 Christus
3259 4792 3350 4846 lu-

1782 4885 1903 4937 dam
1949 4900 2102 4953 aequo
2148 4885 2328 4938 animo
2373 4886 2511 4939 inter
2557 4898 2682 4937 suos
2734 4881 2929 4933 tulerit.
2964 4881 3053 4935 Sic
3091 4881 3142 4935 id
3186 4898 3355 4952 genus.

1781 4974 2176 5041 conjectoribus
2204 4987 2471 5040 nunquam
2503 4973 2654 5025 deest
2687 4970 2942 5038 posticum
2971 4987 3076 5037 quo
3105 4973 3349 5035 evadant,

1783 5066 1827 5118 si
1855 5064 1954 5116 alia
1984 5065 2069 5117 via
2107 5079 2210 5118 non
2245 5063 2468 5129 possint.
2500 5062 2556 5116 Si
2599 5062 2734 5115 forte
2771 5075 2963 5114 nomen
3001 5061 3093 5116 ﬁlii
3141 5063 3352 5116 Davidis

1786 5156 2036 5209 lzellicum
2076 5154 2326 5222 quiddam
2371 5153 2754 5222 signiﬁcasset,
2785 5161 2983 5221 quanto
3018 5169 3138 5208 cum
3168 5155 3352 5221 plausu

1786 5244 1900 5297 haec
1937 5244 2184 5311 ﬁgmenta
2221 5254 2437 5311 accepta
2473 5244 2724 5308 fuissent;
2768 5257 2888 5312 qua:
2917 5258 2984 5296 ne
3014 5246 3196 5311 plausu
3233 5244 3353 5309 qui-

1787 5337 1907 5388 dem
1937 5344 2249 5399 caruerunt,
2280 5335 2528 5400 quamvis
2553 5335 2826 5401 paciﬁeum
2856 5333 3102 5401 quiddam
3131 5332 3320 5386 sonet?

1860 5424 2016 5489 lbid.,
2050 5424 2153 5495 §3,
2186 5425 2251 5478 ad
2284 5425 2398 5479 haec
2428 5424 2587 5479 verba
2615 5439 2757 5478 vers.
2796 5423 2849 5476 4.
2895 5422 2969 5474 Tu
2998 5431 3161 5472 autem
3188 5463 3202 5484 ,
3249 5421 3351 5472 Do-

1791 5520 1941 5584 mine,
1971 5528 2226 5588 susceptor
2249 5535 2387 5571 meus
2415 5535 2486 5582 es,
2525 5517 2600 5570 sic
2629 5515 2847 5570 scribit:
2875 5513 3162 5565 Secundum
3191 5513 3356 5565 homi-

1794 5627 1906 5665 nem
1949 5611 2134 5662 dicitur
2175 5610 2312 5675 Deo,
2336 5611 2458 5678 quia
2505 5608 2719 5659 hominis
2757 5603 3003 5667 susceptio
3038 5611 3112 5656 est
3139 5603 3358 5658 Verbum

1793 5699 2152 5771 rarefactum.
2177 5698 2306 5753 Tota
2338 5698 2416 5750 vis
2440 5696 2596 5764 hujus
2617 5692 3062 5763 interpretationis
3093 5694 3249 5761 petita
3281 5703 3372 5749 est-
