3900 6332
502 351 609 416 375

1299 380 1305 387 ν
1358 378 1365 381 -
1388 337 1939 399 δυρριεδιεωτωι
1978 336 2069 391 AD

2206 338 2332 393 ΕΒΑ
2372 339 2432 396 S.
2473 340 2863 398 AUGUSTINI.
3649 344 3733 399 576

500 480 564 520 ex
594 474 725 518 voce
759 470 1037 531 susceptor,
1078 457 1199 528 quia
1228 456 1463 512 Verbum
1494 454 1770 510 dicebatur
1798 453 2073 522 suscepisse
2099 457 2149 514 A
2178 456 2299 509 tiam
2342 457 2474 512 Dei?
2506 460 2634 525 Quis
2661 472 2891 528 unquam
2922 465 3184 526 praeterea
3214 456 3418 510 audivit
3446 456 3576 512 hanc
3612 460 3732 513 locu-

502 568 717 609 carnem
765 553 1071 607 humanam.
1121 547 1227 605 Sed
1287 547 1545 616 propheta
1596 559 1700 599 non
1760 542 2077 612 loquebatur

503 645 711 705 Latine.
739 643 911 697 Habet
935 641 1022 695 hic
1052 638 1312 694 Hebraice
1332 653 1346 689 :
1368 653 1417 691 es
1440 638 1645 706 clypeos
1674 650 1766 705 pro
1804 649 1902 697 me,
1932 631 2088 701 cujus

507 732 795 790 locutionis
837 744 1053 787 sensum
1073 769 1088 793 ,
1122 730 1297 796 potius
1327 742 1485 795 quam
1513 726 1894 795 proprietatem
1927 737 2087 777 voca-

504 824 772 889 bulorum,
788 818 1118 889 interpretati
1139 817 1310 872 Graeci
1339 816 1556 880 habent,
1576 815 1891 889 ἀντιλήπτωρ
1906 834 2005 886 μου
2022 807 2087 877 εἴ,

507 915 611 966 hoc
632 919 736 981 est,
758 912 963 977 adiutor
986 924 1125 962 meus
1153 923 1240 972 es;
1268 922 1387 960 nam
1414 906 1553 960 male
1579 918 1789 961 versum
1808 913 2088 972 susceptor.

506 1001 594 1061 Sic
617 1017 684 1057 ex
714 1000 851 1055 mala
878 999 1126 1055 versione
1159 998 1346 1066 ingens
1370 997 1596 1051 deduxit
1626 994 1932 1065 mysterium
1979 994 2093 1050 Au—

513 1093 779 1161 gustinus.
821 1091 877 1147 Si
922 1105 1106 1147 verum
1152 1103 1389 1143 amamus
1415 1128 1429 1151 ,
1476 1096 1566 1141 aut
1596 1087 1749 1156 plura
1776 1085 1959 1141 debuit
1988 1085 2091 1139 sibi

512 1196 829 1250 comparare
871 1179 1111 1243 subsidia
1136 1223 1152 1248 ,
1202 1187 1294 1233 aut
1339 1191 1560 1231 munere
1591 1175 1896 1244 interpretis
1924 1174 2092 1229 absti-

510 1286 662 1337 nere,
695 1272 819 1325 dum
848 1271 1097 1325 omnibus
1126 1277 1269 1324 esset
1304 1268 1619 1334 destitutus,
1639 1275 1869 1335 excepta
1896 1264 2092 1319 Punica

512 1363 928 1435 ἀπιραντολογίᾳ.

582 1452 717 1508 Ibid.
750 1451 998 1505 Exaltans
1048 1457 1196 1519 caput
1223 1457 1405 1504 meum.
1433 1447 1677 1513 Mentem,
1710 1447 1901 1516 inquit,
1930 1446 2094 1514 ipsam

514 1542 789 1595 humanam
836 1542 917 1593 hic
960 1541 1309 1608 accipiendam
1352 1548 1496 1608 puto,
1526 1539 1664 1605 quod
1703 1546 1864 1605 caput.
1903 1538 2095 1590 anima:

515 1647 618 1686 non
645 1630 866 1685 absurde
892 1630 1202 1697 appellatur.
1236 1629 1346 1683 lmo
1374 1629 1602 1683 absurde
1630 1628 1845 1698 fingitur
1874 1627 2089 1691 locutio,

2192 548 2387 603 tionem
2418 558 2697 618 antequam
2747 563 2809 604 ea
2856 554 3093 601 uteretur
3124 546 3484 615 Augustinus,
3525 550 3732 603 exaudire

2190 642 2252 693 de
2285 642 2525 711 justitia?
2567 640 2701 696 Sunt
2746 640 2883 694 inter
2912 638 3246 693 recentiores
3287 637 3629 693 beterodoxos
3659 642 3731 706 qui

2192 730 2567 783 insimulantur
2606 738 2912 784 coactarum
2955 728 3486 796 interpretationum;
3524 727 3608 780 sed
3644 743 3731 796 pre

2192 819 2292 874 hac
2319 829 2371 875 et
2391 820 2653 875 similibus
2672 835 2789 889 quae
2817 819 2870 873 in
2892 819 3078 874 decem
3102 817 3387 887 Augustini
3417 817 3733 872 voluminibus

2190 926 2308 980 qua:
2356 910 2509 965 nobis
2552 918 2875 979 supersunt,
2918 919 3198 977 utramque
3248 908 3488 976 paginam
3536 908 3730 975 faciunt,

2192 1000 2368 1054 omnia
2396 1000 2448 1054 in
2477 1000 2584 1055 illis
2613 1010 2737 1055 sunt
2763 1000 2916 1069 plana
2958 1010 3010 1053 et
3045 1000 3243 1053 facilia.
3274 999 3521 1053 Attamen
3562 1002 3734 1053 hetero.

2199 1093 2331 1148 doxi
2359 1093 2617 1147 conviciis
2646 1092 2766 1147 ideo
2795 1092 3145 1162 exagitantur,
3181 1092 3503 1159 Augustinus
3542 1089 3603 1143 ad
3639 1104 3731 1146 em-

2194 1183 2305 1237 lum
2334 1182 2579 1237 laudibus
2608 1182 2832 1236 tollitur.

2266 1272 2398 1326 Ibid.
2433 1271 2460 1342 ς
2485 1273 2538 1326 5.
2584 1271 2694 1341 Ego
2714 1271 2930 1324 dormivi
2956 1278 3004 1324 et
3028 1285 3264 1323 somnum
3294 1269 3424 1339 cepi.
3454 1267 3566 1322 Non
3586 1268 3735 1322 incon-

2193 1366 2463 1426 venienter,
2495 1364 2685 1431 inquit,
2717 1362 3053 1415 animadverti
3086 1371 3251 1431 potest
3278 1361 3415 1430 quod
3445 1361 3645 1426 positum
3674 1369 3732 1415 est

2197 1454 2306 1519 Ego
2331 1453 2398 1505 ad
2418 1453 2811 1521 signiﬁcandum
2851 1451 2985 1514 quod
3005 1467 3099 1503 sua
3135 1452 3398 1504 voluntate
3423 1460 3621 1503 mortem
3643 1467 3734 1504 sus-

2197 1544 2345 1595 tinuit
2370 1583 2385 1607 ,
2426 1542 2698 1595 secundum
2748 1540 2879 1593 illud
2920 1555 2939 1594 :
2983 1540 3278 1608 Propterea
3311 1555 3397 1593 me
3424 1540 3572 1594 Pater
3592 1540 3731 1609 diligit

2196 1632 2443 1698 quoniam
2471 1644 2571 1698 ego
2599 1631 2809 1698 depono
2828 1631 3059 1684 animam
3090 1646 3290 1694 meum,
3313 1641 3407 1684 etc.
3430 1631 3575 1685 JOan.
3601 1633 3735 1695 1,18.

516 1720 670 1788 cujus
717 1721 768 1775 in
822 1719 965 1774 nulla
1017 1720 1196 1789 lingua
1244 1720 1544 1788 exemplum
1592 1734 1825 1788 unquam
1856 1718 2092 1773 auditum
2198 1721 2325 1787 Quis
2351 1734 2579 1789 unquam
2613 1721 2749 1774 hanc
2773 1734 2895 1774 esse
2920 1720 3202 1787 emphasin
3237 1720 3290 1772 iu
3336 1734 3462 1773 voce
3490 1720 3589 1788 Ego
3618 1720 3736 1787 cogi-

517 1819 629 1864 est:
671 1809 968 1878 pra'sertim
1016 1824 1135 1863 cum
1171 1809 1224 1862 in
1274 1817 1521 1878 promptu
1566 1808 1637 1864 sit
1665 1809 2093 1863 commodissima
2127 1796 2174 1856 Β
2202 1821 2403 1876 lasset,
2427 1811 2537 1865 nisi
2571 1811 2801 1864 monitus
2826 1811 2894 1862 ab
2921 1811 3256 1879 Augustino?
3296 1811 3400 1866 Sed
3428 1810 3472 1862 si
3511 1811 3619 1876 quis
3655 1812 3734 1863 hoc

518 1897 911 1967 interpretatio,
944 1912 1103 1967 quam
1134 1896 1255 1952 vide
1293 1897 1432 1967 apud
1462 1898 1743 1953 Martinam
1777 1895 2020 1953 Geierum
2045 1907 2099 1953 et

519 1986 655 2041 alios
685 1987 1025 2054 interpretes.

590 2075 748 2138 Ibid.,
781 2073 808 2143 §
835 2073 890 2139 4,
917 2075 985 2129 ad
1009 2075 1166 2129 verba
1198 2090 1341 2130 vers.
1358 2076 1412 2130 5.
1438 2074 1572 2129 Voce
1593 2091 1705 2128 mea
1732 2076 1799 2129 ad
1826 2075 2099 2130 Dorninum

518 2165 766 2231 clamavi;
795 2166 850 2219 id
874 2176 966 2231 est,
996 2165 1187 2235 inquit,
1227 2182 1329 2218 non
1367 2166 1594 2236 corporis
1632 2181 1749 2219 voce
1774 2205 1789 2229 ,
1834 2182 1947 2235 qua:
1987 2183 2099 2221 cum

520 2257 736 2328 strepitu
768 2257 1018 2309 verberati
1051 2256 1182 2309 aeris
1218 2255 1489 2324 promitur,
1517 2265 1622 2309 etc.
1654 2255 1884 2322 Quidni?
1924 2271 1990 2311 an
2017 2258 2099 2311 in-

521 2347 775 2402 decorum
812 2347 913 2400 fuit
938 2346 1124 2400 Davidi
1161 2346 1307 2399 clara
1347 2355 1403 2400 et
1441 2360 1630 2416 magna
1661 2362 1792 2401 voce
1822 2348 1985 2403 Deum
2018 2351 2099 2404 in-

522 2452 739 2503 vocare,
764 2451 884 2490 cum
909 2438 960 2490 in
995 2437 1155 2491 tantis
1179 2437 1435 2505 angustiis
1468 2437 1804 2493 versaretur?
1843 2439 1957 2510 Ego
1985 2442 2100 2509 qui-

524 2529 644 2583 dem
687 2543 793 2584 non
835 2528 1085 2598 putarim.
1123 2530 1375 2583 Attamen
1417 2536 1575 2598 negat
1610 2529 1939 2599 Augustinus
1968 2545 2099 2588 voce

523 2616 589 2672 ad
615 2617 899 2672 Dominum
927 2618 1153 2672 clamavi
1181 2626 1315 2672 recte
1342 2619 1443 2672 diei
1465 2658 1480 2683 ,
1513 2618 1613 2672 nisi
1640 2634 1754 2671 cum
1779 2622 1889 2675 sola
1929 2623 2097 2675 anima

524 2705 655 2760 nihil
682 2706 873 2771 carnis,
906 2708 1131 2775 nihilque
1152 2707 1437 2760 carnalium
1465 2707 1802 2761 intentionum
1830 2710 1884 2762 in
1914 2712 2097 2764 oratio-

524 2813 637 2851 nem
663 2797 921 2851 attrtthens
943 2797 1169 2867 loquitur
1192 2796 1429 2863 Domino,
1446 2797 1531 2850 ubi
1552 2799 1694 2852 solus
1712 2801 1874 2853 audit.
1896 2799 2100 2855 Clamor

525 2896 686 2943 autem
714 2888 864 2942 etiam
890 2889 985 2943 iste
1007 2888 1216 2953 dicitur,
1242 2898 1449 2959 propter
1476 2888 1575 2941 vim
1595 2889 1756 2960 ipsius
1784 2891 2094 2943 intentionis.

524 2976 695 3035 Nolim
735 2978 991 3048 equidem
1026 2993 1226 3050 negare
1264 2978 1586 3032 translatitio
1615 2979 1911 3048 signiﬁcatu
1940 2995 2098 3049 posse

525 3069 629 3125 dici
675 3070 899 3124 clamare
928 3071 995 3122 ad
1040 3069 1317 3123 Dominum
1349 3083 1446 3124 eos
1470 3069 1559 3138 qui
1587 3070 1705 3124 sine
1732 3070 1909 3125 verbis
1937 3080 2096 3141 atque

2199 1912 2486 1969 negasset,
2540 1916 2645 1969 quo
2692 1901 2935 1967 exemplo
2981 1902 3250 1969 potuisset
3302 1899 3556 1967 probare?
3589 1898 3733 1952 Nullo.

2198 1994 2330 2048 Nam
2359 1993 2424 2047 ad
2455 1993 2631 2049 locum
2660 1992 2881 2046 Joannis
2905 1991 3046 2060 quod
3076 1993 3293 2055 attinet,
3324 1990 3506 2043 vocula
3535 2004 3619 2058 ego
3652 2002 3736 2039 non

2199 2085 2451 2153 probaret
2476 2083 2742 2136 Christum
2790 2091 2981 2148 Sponte
3030 2094 3154 2134 esse
3196 2088 3462 2133 mortuum
3484 2115 3499 2139 ,
3531 2075 3622 2130 nisi
3654 2075 3737 2129 alia

2199 2176 2377 2230 addita
2408 2186 2585 2231 essent
2612 2190 2729 2244 qua:
2760 2173 2862 2228 hoc
2892 2172 3176 2241 perspicue
3203 2171 3516 2240 signiﬁcant.

2273 2267 2508 2322 Vidimus
2548 2274 2701 2319 antea
2749 2280 2924 2318 somno
2966 2263 3051 2317 hic
3098 2262 3394 2330 signiﬁcari
3440 2257 3735 2314 securitatem

2202 2357 2414 2412 Davidis
2443 2357 2495 2411 in
2524 2357 2713 2411 mediis
2742 2356 3026 2424 periculis,
3059 2355 3156 2408 Dei
3187 2355 3388 2408 auxilio
3430 2351 3562 2406 freti.
3586 2351 3737 2416 Itaque

2200 2445 2394 2501 frustra
2424 2445 2748 2513 Augustinus
2775 2444 3077 2499 observavit
3103 2459 3349 2497 somnum
3386 2456 3476 2508 pro
3500 2446 3641 2491 morte
3658 2452 3734 2502 po-

2197 2536 2351 2587 situm
2380 2532 2814 2587 innumerabiliter
2848 2532 3148 2601 Scripturas
3185 2533 3459 2595 continere.
3492 2529 3592 2583 Hoc
3614 2526 3727 2580 enim

2198 2626 2264 2678 ad
2286 2636 2350 2678 ca
2377 2623 2491 2677 loca
2516 2623 2744 2692 pertinet
2766 2622 2817 2676 in
2840 2622 3032 2691 quibus
3053 2631 3149 2675 aut
3168 2632 3377 2676 constat
3404 2621 3484 2688 agi
3511 2620 3571 2672 de
3589 2622 3733 2669 morte

2198 2716 2488 2784 cuiuspiam
2515 2759 2530 2781 ,
2574 2723 2666 2770 aut
2708 2722 2855 2768 certe
2902 2713 3036 2767 nihil
3085 2722 3174 2767 est
3222 2712 3363 2782 quod
3392 2725 3507 2789 eum
3547 2720 3727 2763 sensum

2199 2812 2435 2874 respuat.
2467 2803 2633 2858 Nemo
2663 2802 2831 2857 nescit
2861 2802 2996 2856 hanc
3020 2816 3143 2856 esse
3177 2809 3481 2870 perpetuam
3509 2797 3730 2864 interpres

2199 2894 2343 2948 taudi
2372 2894 2538 2962 legem
2565 2935 2580 2959 ,
2631 2900 2689 2946 ut
2728 2907 2795 2945 ne
2835 2892 2955 2960 quis
2995 2891 3062 2945 ad
3091 2890 3510 2960 metaphoricum
3548 2897 3725 2939 sensum

2196 2982 2486 3051 confugiat,
2513 2980 2637 3036 dum
2667 2980 2880 3049 proprio
2921 2979 3070 3033 locus
3097 2994 3224 3034 esse
3255 2985 3443 3048 potest.
3474 2974 3560 3028 llic
3584 2981 3729 3024 autem

2200 3082 2307 3129 tota
2338 3074 2508 3128 series
2535 3073 2797 3128 or’ationis
2820 3071 3055 3126 ostendit
3082 3072 3169 3139 agi
3202 3080 3293 3125 aut
3320 3069 3386 3123 de
3409 3081 3528 3121 vero
3552 3074 3726 3125 somno.

524 3157 661 3216 lutra
708 3161 945 3216 animum
973 3176 1093 3215 eum
1125 3169 1309 3227 orant;
1351 3160 1445 3216 sed
1474 3176 1705 3230 pernego
1726 3175 1852 3217 vere
1891 3172 1944 3216 et
1974 3177 2095 3231 pro-
2122 3143 2167 3205 Ο
2198 3176 2290 3221 aut
2315 3166 2383 3221 de
2412 3164 2703 3220 securitate
2730 3180 2850 3235 qua:
2877 3173 2958 3217 est
2986 3178 3106 3218 cum
3147 3177 3339 3217 somno
3366 3158 3642 3227 conjuncta.

525 3252 640 3321 prie
666 3266 772 3306 non
802 3252 905 3306 dici
943 3252 1173 3305 clamare
1202 3264 1295 3305 eos
1323 3252 1413 3320 qui
1439 3265 1623 3307 revera
1652 3252 1902 3308 clamant.

593 3342 727 3398 Ibid.
756 3341 824 3394 Et
848 3342 1101 3395 exaudivit
1129 3357 1206 3394 me
1242 3342 1306 3395 de
1335 3351 1501 3394 monte
1525 3349 1707 3395 sancto
1724 3357 1837 3395 suo.
1875 3340 2099 3397 Mon'em

527 3430 743 3497 quidem,
774 3431 1145 3500 ittquit,ipsum
1174 3429 1448 3484 Dominum
1471 3446 1561 3499 per
1590 3431 1886 3499 prapltetam
1909 3432 2099 3485 dictum

528 3520 789 3584 habemus,
817 3528 872 3573 ut
902 3520 1151 3589 scriptum
1175 3529 1270 3587 est,
1305 3520 1435 3575 Dan.
1469 3535 1529 3586 ιι,
1554 3520 1642 3575 55.
1671 3521 1865 3575 Verum
1896 3530 1950 3574 ttt
1976 3535 2102 3575 con-

528 3611 781 3667 cedamus
817 3611 953 3682 apud
1013 3611 1285 3667 Danielem
1328 3610 1596 3667 Christum
1640 3612 1835 3666 montis
1874 3612 2104 3680 imagine

530 3702 780 3765 describi,
814 3717 880 3755 an
912 3712 1196 3771 propterea
1226 3702 1645 3772 quotiescunque
1670 3704 1864 3756 montis
1892 3703 2100 3757 Domini

531 3794 739 3849 ruentia
756 3804 1021 3856 occurret,
1035 3793 1315 3847 credemus
1335 3793 1418 3861 agi
1442 3806 1598 3861 posse
1618 3791 1682 3845 de
1695 3793 1927 3860 Christo,
1945 3795 2101 3848 etiam

533 3884 625 3939 ubi
654 3882 1069 3937 circumstantia:
1113 3882 1485 3945 adversantur,
1528 3891 1584 3935 ut
1614 3881 1733 3935 hic?
1768 3881 1936 3937 Nemo
1962 3882 2108 3938 Sci-i-

533 3985 707 4043 ptura
739 3974 941 4041 peritus
967 3974 1189 4039 dixerit,
1221 3981 1277 4027 et
1307 3973 1473 4042 liquet
1503 3973 1588 4027 hic
1618 3974 1684 4027 de
1712 3982 1895 4030 monte
1927 3975 2105 4030 Sionis

537 4062 644 4131 agi.
661 4061 856 4115 Verum
885 4061 1022 4115 banc
1051 4061 1541 4131 interpretationem
1573 4062 1749 4129 rejicit
1786 4063 1901 4131 ipse
1926 4065 2107 4133 Augu-

536 4156 729 4219 stinus,
755 4152 860 4207 nisi
888 4163 1133 4209 contorto
1159 4156 1385 4226 quodam
1415 4171 1574 4212 sensu
1602 4176 1615 4212 :
1642 4157 1748 4213 Sed
1775 4158 1887 4222 hoc,
1914 4157 2105 4226 inquit,

540 4244 602 4298 ab
628 4245 788 4312 ipsius
828 4259 1045 4314 persona
1089 4261 1189 4300 non
1216 4256 1380 4316 potest
1405 4249 1600 4318 accipi,
1641 4248 1739 4301 nisi
1765 4252 1897 4317 forte
1925 4249 1995 4300 ita
2022 4248 2103 4300 di-

540 4351 652 4391 cere
672 4336 828 4389 voluit
869 4351 888 4388 :
925 4335 989 4389 de
1032 4339 1322 4406 memetipso
1343 4379 1358 4403 ,
1390 4347 1632 4403 tanquam
1657 4338 1719 4390 de
1743 4348 1909 4391 monte
1933 4346 2107 4391 sancto

539 4442 654 4491 suo,
678 4442 757 4480 me
775 4426 1055 4494 exaudivit,
1081 4442 1195 4479 cum
1224 4426 1471 4480 habitaret
1509 4428 1563 4479 in
1602 4443 1699 4493 me,
1737 4428 1791 4479 id
1811 4437 1881 4481 est
1920 4429 1972 4480 in
1999 4428 2108 4494 ipso

540 4527 729 4572 monte.
757 4517 886 4584 Quis
926 4532 1154 4586 unquam
1183 4518 1469 4588 quidquam
1512 4518 1687 4572 minus
1727 4518 2015 4573 verisimile
2057 4528 2113 4572 et
2144 4497 2188 4554 Ῑ)

542 4610 613 4664 ab
660 4608 808 4665 omni
854 4624 954 4663 usu
999 4607 1290 4677 Scriptura:
1334 4620 1534 4663 sancta:
1579 4609 1833 4663 remotius
1877 4608 2111 4661 audivit?

538 4699 651 4756 Nec
687 4702 811 4755 talia
838 4700 1139 4771 Augustino
1181 4699 1320 4753 aliud
1368 4700 1543 4768 agenti
1592 4709 1794 4753 temere
1847 4699 2109 4753 interdum

540 4788 707 4843 ell‘usa
757 4798 921 4853 sunt;
984 4798 1150 4843 totum
1195 4788 1297 4841 hoc
1323 4802 1495 4857 Opus,
1551 4788 1658 4840 imo
1701 4786 1948 4840 universa
1997 4786 2112 4855 ejus

541 4891 703 4943 opera
745 4886 953 4931 scatent
1005 4877 1262 4947 ejusmodi
1314 4876 1820 4945 interpretamentis.
1870 4874 2007 4929 Audi
2059 4886 2114 4930 et

456 4985 465 4993 -
542 4978 773 5031 sequens
793 4968 929 5032 quod
962 4969 1056 5035 ipsi
1085 4970 1251 5038 magis
1279 4967 1583 5023 arridebat:
1615 4967 1828 5020 Planius
1860 4978 2029 5023 autent
2068 4976 2114 5020 et

543 5052 855 5122 expeditius,
889 5054 931 5105 si
968 5058 1271 5124 accipiamus
1310 5059 1578 5113 exaudisse
1618 5056 1781 5110 Deum
1826 5057 1889 5111 de
1914 5056 2112 5125 iustitia

543 5158 657 5209 sua,
679 5140 710 5195 .I
720 5152 886 5196 ustum
912 5144 1046 5197 enim
1071 5155 1124 5198 ut
1155 5147 1471 5203 innocentem
1500 5151 1742 5213 occisum,
1765 5157 1813 5200 et
1857 5148 1939 5201 cui
1959 5148 2109 5201 retri-

541 5238 663 5290 buta
708 5241 826 5287 sunt
868 5232 1009 5285 mala
1041 5249 1133 5303 pro
1181 5235 1350 5299 bonis,
1399 5239 1723 5293 resuscitaret
1752 5253 1784 5289 a
1812 5236 2023 5290 mortuis
2064 5244 2110 5289 et

541 5328 699 5398 digna
720 5324 1131 5395 persequentibus.
1152 5324 1412 5381 tribueret.
1436 5328 1542 5383 Res
1571 5328 1684 5396 ipsa
1707 5328 1980 5382 verissima
2004 5334 2109 5392 est,

539 5417 661 5484 quis
707 5415 899 5484 neget?
935 5413 1040 5469 Sed
1082 5416 1346 5481 quomodo
1391 5432 1460 5472 ex
1507 5416 1609 5471 hoc
1656 5418 1842 5485 psallat
1869 5418 1986 5471 loco
2016 5432 2111 5472 ex-

543 5508 714 5577 sculpi
757 5517 954 5578 queat,
1005 5509 1250 5578 perpauci
1292 5509 1530 5563 divinare
1588 5510 1812 5578 possint.
1875 5510 2113 5580 Legimus

547 5597 902 5665 enim,iuquit,
920 5600 1127 5668 justitia
1150 5610 1239 5653 tua
1265 5600 1391 5653 sicut
1415 5609 1606 5653 montes
1639 5598 1754 5663 Dei,
1781 5600 1914 5665 psal.
1949 5614 2107 5662 xxxv,

548 5687 599 5742 7.
632 5688 842 5763 Ergone
871 5690 993 5769 hinc
1018 5693 1255 5771 sequitur
1280 5703 1493 5752 montem
1523 5692 1617 5748 Dei
1645 5693 1931 5763 signiﬁcare
1948 5693 2106 5760 justi-

2273 3254 2384 3310 Nec
2412 3256 2740 3324 qumrendum
2762 3263 2856 3322 est,
2873 3253 3054 3309 subdit
3070 3253 3417 3323 Augustinus,
3433 3264 3519 3302 cur
3533 3244 3727 3299 additum

2198 3345 2282 3410 ait,
2305 3359 2549 3400 somnum
2577 3345 2717 3413 cepi,
2739 3360 2851 3397 cum
2867 3346 2980 3415 jam
3002 3343 3200 3396 dictum
3225 3351 3369 3403 esset,
3392 3333 3616 3393 dormivi.
3634 3328 3728 3385 Usi.

2202 3444 2333 3491 tatas
2372 3437 2505 3491 enim
2542 3436 2728 3489 habent
2774 3435 3053 3505 Scriptura:
3079 3433 3392 3505 .hujusmodi
3428 3426 3725 3497 repetitionm

2203 3526 2332 3580 sicut
2362 3527 2414 3579 in
2436 3526 2655 3580 secundo
2690 3526 2887 3593 psalmo
2914 3524 3098 3577 multas
3129 3524 3457 3578 ostendimus.
3487 3511 3618 3583 Quod
3653 3509 3727 3561 Μ·

2205 3620 2295 3673 bet
2336 3619 2402 3674 de
2432 3618 2831 3685 repetitionibus
2870 3632 3051 3670 verum
3095 3627 3176 3669 est
3205 3654 3220 3679 ,
3266 3612 3359 3669 sed
3403 3613 3466 3663 ab
3507 3607 3596 3660 hoc
3634 3601 3728 3653 loco

2206 3708 2457 3771 alienum,
2489 3708 2538 3760 in
2568 3721 2673 3775 quo
2701 3707 2859 3760 verba
2886 3704 3141 3758 llebraica
3170 3713 3316 3769 sunt,
3338 3704 3531 3771 natam
3555 3694 3725 3749 ’πων

2208 3798 2309 3851 hoc
2338 3805 2439 3862 est,
2471 3796 2692 3849 cubitum
2731 3796 2799 3848 ivi
2840 3804 2885 3847 et
2930 3794 3169 3862 dormivi,
3211 3806 3330 3862 qua:
3355 3797 3472 3843 sunt
3497 3778 3725 3837 diStincta.

2208 3888 2369 3957 Igitur
2394 3886 2567 3941 inania
2597 3894 2719 3938 sunt
2741 3900 2858 3953 qua:
2890 3884 2988 3938 hac
3013 3884 3080 3938 de
3100 3899 3159 3938 re
3184 3885 3238 3938 in
3267 3874 3607 3945 superioribus
3630 3878 3725 3920 ver-

2207 3976 2291 4031 bis
2316 3984 2370 4030 et
2397 3975 2453 4029 in
2480 3974 2822 4042 sequentibus
2853 3972 3010 4026 habet
3040 3972 3386 4040 Augustinus.

2279 4064 2413 4121 Ibid.
2462 4064 2578 4118 Hoc
2622 4065 2820 4130 magis,
2869 4062 3076 4132 inq'uit,
3128 4053 3606 4117 animadvertendum
3643 4051 3726 4141 eti.

2209 4159 2627 4229 quemadmodum
2670 4157 2724 4209 in
2765 4171 2867 4208 una
2907 4155 3152 4208 sententia
3190 4164 3236 4208 et
3265 4148 3494 4221 prseteriti
3530 4147 3725 4229 temP0"‘_

2210 4218 2412 4304 verbum
2441 4250 2609 4317 posuit
2636 4260 2683 4301 et
2714 4246 2890 4317 futuri.
2920 4245 2982 4297 Et
3008 4242 3288 4299 exsurrexi
3316 4241 3441 4295 enim
3460 4232 3597 4294 dixit,
3618 4218 3727 4295 φιοά

2211 4352 2284 4395 est
2312 4342 2375 4394 de
2400 4340 2683 4409 praeterito;
2721 4348 2767 4393 et
2790 4337 3063 4405 suscipiet,
3089 4337 3227 4406 quod
3261 4342 3334 4387 est
3362 4330 3423 4382 de
3447 4323 3725 4412 [alarm-iud:

2212 4396 2475 4500 resurgere
2512 4429 2682 4499 utique
2716 4430 2823 4483 sine
2847 4396 2949 4481 illa'
2967 4396 3286 4493 susceptione
3306 4435 3404 4475 non
3427 4419 3589 4485 posset.
3614 4396 3723 4498 Nihil

2214 4532 2297 4579 est
2341 4499 2529 4576 mirum
2562 4520 2812 4575 Davidem
2861 4519 2947 4572 hic
2989 4519 3062 4570 uti
3112 4515 3277 4570 verbo
3321 4506 3471 4564 futuri
3519 4499 3723 4562 lentim"

2214 4621 2402 4672 liam?
2429 4607 2602 4681 {ulciet
2640 4626 2751 4676 me,
2802 4620 2893 4663 aut
2920 4606 3216 4661 sustentabit
3243 4619 3349 4665 me,
3390 4594 3501 4665 quia
3535 4580 3724 4681 nondqu

2212 4712 2327 4756 erat
2351 4678 2602 4754 liberatus
2622 4714 2651 4752 a
2678 4699 2915 4767 periculo
2939 4696 3039 4751 sibi
3061 4696 3129 4750 ab
3150 4692 3433 4749 Absalomo
3449 4684 3609 4736 creato
3626 4678 3719 4765 cut"

2216 4793 2355 4847 hunc
2400 4791 2663 4861 psalmum
2711 4789 2953 4855 scripsit;
2992 4785 3293 4856 Composuit
3338 4778 3471 4835 enim
3519 4767 3716 4861 illuml‘i

2215 4885 2329 4951 ipsa
2357 4847 2499 4951 fuga,
2526 4892 2581 4934 ut
2612 4847 2886 4949 inscriptio
2911 4881 3087 4931 docet.
3108 4847 3270 4946 igitur
3298 4875 3479 4940 pra’ter
3502 4868 3599 4954 rem
3624 4847 3721 4954 silli
3758 4917 3763 4923 ,

2214 4948 2333 5042 quae
2375 4948 2641 5025 adduntur
2688 4948 3079 5038 deprophetia
3128 4968 3299 5020 futura
3349 4948 3604 5029 przcteritis
3641 4948 3718 4988 ηιι·

2212 5069 2417 5117 scente.
3707 5107 3716 5120 .

2284 5152 2439 5215 lbid.,
2476 5150 2502 5221 §
2527 5150 2578 5203 7.
2609 5140 2733 5202 Non
2756 5158 2827 5202 est
2848 5148 2921 5202 ita
2941 5144 3347 5217 distinguendum
3368 5137 3519 5207 (νενε-
3540 5123 3717 5221 3’41“?

2213 5258 2316 5296 una
2352 5206 2598 5296 sententia
2621 5240 2727 5292 sit:
2749 5239 3009 5308 Exsurge,
3038 5238 3289 5297 Domine;
3329 5226 3616 5308 salvnmrme
3635 5206 3723 5308 ίαῇ

2215 5333 2355 5386 Deus
2383 5343 2563 5394 meus,
2587 5329 2835 5397 quoniam
2869 5306 3250 5397 tuvpercussisti
3280 5328 3456 5375 omnes
3479 5306 3730 5397 adversati“:

2216 5430 2293 5476 tes
2322 5420 2449 5474 mihi
2480 5419 2597 5473 sine
2625 5433 2802 5473 causa.
2837 5418 2959 5473 Non
2979 5420 3113 5472 enim
3133 5422 3389 5488 propterea
3412 5402 3585 5459 salvum

2216 5509 2334 5577 quia
2376 5510 2619 5577 percussit
2659 5508 2885 5560 inimicos
2932 5510 3079 5577 ejus;
3128 5472 3435 5572 sed'polt'm,
3475 5490 3572 5551 δΡ⁸⁰
3604 5472 3712 5577 {alia

2216 5565 2505 5670 factopillos
2532 5600 2792 5666 percussit.
2814 5565 3043 5667 Ergo'ad
3060 5565 3121 5649 id
3141 5565 3272 5666 quod
3294 5586 3502 5657 συσκίων

2217 5645 2502 5670 ¹’“”⁷”’”“
2532 5645 2944 5667 """"'"'—'7'
2976 5645 3039 5651 ν-ν-
3070 5645 3249 5666 --τ-ι---ν
3356 5645 3369 5657 υ

2217 5700 2269 5751 ttt
2302 5690 2395 5747 iste
2428 5691 2492 5745 sit
2521 5706 2699 5746 sensus
2723 5704 2741 5744 :
2761 5689 3010 5759 quoniam
3052 5696 3105 5743 tu
3134 5674 3426 5755 percussisti
3457 5645 3709 5723 omacsﬂ‘
