3900 6316
202 355 274 411 317
393 385 399 391 -
844 353 1197 412 \LARIORUM
1243 353 1835 410 EXERCITATIONES
1873 355 1937 410 IN
1978 356 2034 410 S.
2078 355 2444 412 AlJGUSTINl
2483 357 2734 412 OPERA.

3315 361 3418 417 578

200 473 430 521 vocantes
476 465 606 518 mihi
636 465 754 520 sine
783 480 939 520 causa
965 508 980 531 ,
1013 470 1199 522 dentes
1229 478 1569 536 peccatorqu
1601 484 1728 522 cou-
1760 475 1807 531 Α
1840 472 2164 540 congregatio
2214 471 2374 538 magis
2425 485 2697 539 pecorum,
2752 472 3043 523 convocatio
3095 487 3207 523 vero
3253 475 3415 541 magis

198 559 384 623 triristi;
425 561 481 611 id
525 568 596 612 est
623 599 638 625 ,
689 560 808 612 inde
850 562 1128 613 contrivisti
1157 563 1329 613 dentes
1370 572 1691 630 peccatorum
1717 603 1731 626 ,

193 653 392 718 quoniam
423 651 716 717 percussisti
743 666 915 703 omnes
945 653 1266 704 adversantes
1297 653 1440 703 milti.
1475 652 1582 704 lmo
1609 667 1734 707 vero

196 744 324 796 David
353 743 518 795 Deum
571 752 690 795 orat
739 751 794 795 ut
843 741 1015 811 ipsum
1049 752 1256 796 tueatur
1282 758 1342 795 ac
1372 753 1568 808 servet,
1604 759 1735 807 quo-

191 836 301 886 niam
352 843 510 884 antea
565 845 777 899 semper
825 832 892 885 de
937 831 1184 885 omnibus
1241 832 1358 900 ejus
1411 832 1733 886 adtersariis

191 936 342 990 pugnas
372 932 695 988 sumpserat.
729 921 864 974 Petit
893 928 949 974 ut
974 922 1150 990 priora
1181 921 1432 975 beneficia
1463 923 1613 976 novis
1641 937 1735 975 cu-

191 1014 342 1064 tttulel.

244 1102 308 1154 De
351 1100 585 1154 dentibus
613 1114 733 1168 qua:
761 1109 1035 1168 argutatur
1065 1099 1392 1166 Augustinus
1430 1114 1532 1152 non
1573 1113 1734 1152 excu-

190 1192 310 1252 tiam,
341 1189 414 1242 uti
446 1204 546 1243 nec
575 1189 842 1256 duplicem
872 1190 1128 1242 rationem
1167 1205 1268 1257 qua
1301 1188 1439 1242 hunc
1471 1189 1731 1257 psalmum

187 1291 338 1347 postea
400 1281 787 1347 interpretatur
829 1279 897 1333 de
947 1279 1183 1333 Ecclesia
1238 1280 1562 1348 conjunctim
1611 1294 1730 1334 cum

186 1373 370 1426 Christo
399 1373 574 1438 capite
605 1379 838 1440 spectata
861 1411 874 1433 ,
903 1379 994 1424 aut
1023 1371 1374 1439 tropologiam
1402 1386 1520 1440 quae
1549 1381 1730 1439 postea

183 1462 414 1531 seqtntur.
462 1463 777 1528 Superiores
825 1461 1319 1530 animadversiones
1362 1462 1414 1515 in
1455 1461 1730 1516 manifeSIa

185 1552 284 1606 luce
330 1553 570 1606 lotarunt
614 1552 870 1619 judicium
921 1561 1162 1604 nostrum
1193 1551 1259 1606 de
1289 1552 1390 1606 hoc
1419 1567 1614 1618 opere;
1657 1569 1725 1605 ex

182 1657 271 1710 quo
294 1650 542 1709 praetcrea
575 1657 603 1693 a
637 1642 855 1707 lectore,
895 1643 1034 1695 tredii
1069 1641 1303 1708 patiente
1332 1652 1384 1695 et
1424 1643 1533 1695 ctio
1563 1643 1731 1696 abun-

181 1731 355 1795 dante,
404 1733 608 1798 possint
655 1732 832 1800 colligi
882 1733 1134 1785 nonnulla
1165 1747 1283 1799 qum
1315 1733 1581 1798 pertinent
1608 1747 1728 1786 cum

1839 561 2100 612 hominum
2132 559 2349 627 intelligi
2387 561 2530 622 so'et,
2575 569 2742 612 tamen
2773 568 2817 610 et
2848 559 2989 611 illam
3013 561 3197 612 dictum
3226 563 3413 614 iuvem-

1839 666 1951 702 ntus
1971 649 2293 718 Ecclesia-11.]
2315 651 2477 704 [tecte
2498 649 2794 703 observavit
2823 650 3030 703 Isaacus
3047 649 3410 716 C-tsaubouus,

1842 743 2078 795 Exercit.
2117 741 2180 794 16
2203 753 2386 795 contra
2421 743 2727 803 Baronium,
2759 759 2904 794 unm.
2934 741 3022 805 49.,
3051 743 3170 795 huic
3197 745 3416 809 argutia:

1837 833 2174 886 occasionem
2217 848 2338 887 esse
2376 833 2516 902 quod
2549 850 2858 905 congregare
2885 834 3180 886 deducatur
3210 849 3238 886 a
3269 850 3412 903 grex,

1836 922 1928 976 sed
1962 923 2012 976 in
2046 921 2229 976 Graeca
2264 938 2394 976 voce
2425 931 2698 995 συναγωγή
2745 924 2874 978 nihil
2909 924 3082 978 simile
3118 927 3282 992 qureri
3317 939 3411 991 po-

1839 1022 1960 1067 test.
2006 1013 2110 1068 Sed
2152 1023 2200 1067 et
2234 1015 2346 1068 Jac.
2383 1029 2439 1080 11,
2482 1015 2536 1077 5,
2585 1015 2819 1068 Ecclesia
2862 1026 3081 1068 vocatur
3111 1016 3408 1084 Sgaagoga.

1839 1105 2209 1158 Casaubonum
2245 1107 2412 1172 ipsum
2441 1106 2549 1159 adi.
2599 1105 2702 1160 Sed
2735 1106 2853 1174 quis
2895 1106 3029 1160 ferat
3076 1106 3188 1159 hate
3227 1106 3413 1159 obser-

1838 1196 1946 1248 vari
1977 1209 2038 1248 ex
2070 1196 2348 1249 occasione
2379 1195 2522 1248 vocis
2544 1193 2735 1264 Asaplt,
2762 1196 2990 1261 ascripta
3017 1195 3170 1247 titulo
3199 1194 3408 1261 psalmi,

1837 1292 1890 1338 et
1913 1299 2031 1353 qua:
2054 1286 2490 1355 congregationem
2515 1284 2810 1352 significat?
2842 1284 3098 1351 Amplius,
3124 1294 3177 1335 ut
3206 1289 3410 1348 notum,

1835 1382 2021 1427 auctor
2057 1383 2139 1428 est
2180 1375 2458 1428 duodecim
2506 1375 2849 1442 psalmorum,
2894 1375 3091 1441 fuitque
3122 1373 3299 1426 Levita
3346 1387 3410 1425 ex

1836 1465 2034 1519 familia
2064 1465 2492 1529 Gersonitarum,
2543 1479 2710 1518 sacrae
2742 1466 2954 1520 musica:
2984 1480 3013 1516 a
3051 1464 3247 1518 Davide
3277 1479 3412 1531 prte-

1836 1556 2027 1610 fectus.
2059 1555 2189 1609 Vide
2220 1555 2238 1608 l
2271 1557 2443 1609 Paral.
2477 1571 2549 1617 vi,
2582 1559 2672 1620 5|,
2704 1557 2793 1610 '59.

1906 1646 2116 1701 Psawo
2145 1661 2291 1711 cvm,
2320 1647 2346 1715 §
2381 1647 2425 1698 1.
2460 1647 2704 1710 ρηανᾱιιηι
2733 1647 2969 1697 dicuntur
2989 1660 3099 1712 qua!
3123 1644 3189 1695 ad
3213 1652 3412 1713 aposto-

1835 1739 1939 1791 lum
1973 1738 2181 1790 Pelrum
2208 1739 2412 1804 proprie
2438 1741 2686 1804 pertinere
2713 1737 2994 1797 videantur,
3027 1751 3115 1786 nec
3137 1747 3302 1787 tamen
3321 1736 3412 1786 Ita-

184 1822 234 1875 ad
259 1837 423 1876 mores
449 1831 503 1876 et
532 1823 784 1891 dogmata
817 1821 1066 1876 Ecclesia!
1094 1823 1208 1890 ejus
1235 1823 1355 1888 :evi,
1390 1829 1496 1874 tum
1527 1823 1591 1875 ad
1621 1826 1725 1876 Au.
1764 1845 1806 1902 Β
1835 1828 1948 1881 bent
1974 1827 2217 1879 illustrem
2242 1827 2568 1887 intellectura,
2590 1827 2686 1878 nisi
2707 1843 2818 1878 cum
2844 1827 3134 1894 referuntur
3157 1825 3225 1875 ad
3249 1824 3413 1875 Eccle-

182 1913 350 1980 gu~tini
377 1912 541 1978 ipsius
571 1913 862 1980 peculiares
889 1914 1197 1965 sententias.
1231 1911 1336 1966 Sed
1368 1915 1480 1965 tunc
1510 1922 1631 1964 sunt
1660 1928 1725 1966 ex

181 2003 354 2072 ingenti
401 2002 712 2072 frigidarum
741 2002 1116 2071 allegoriarum
1149 2011 1205 2056 et
1249 2011 1614 2056 contortarum
1646 2002 1726 2056 iu-

181 2094 595 2159 terpretatiouum
624 2094 839 2148 cumulo
867 2093 1134 2162 eligenda.

234 2184 436 2238 Psauo
466 2198 669 2250 uxvu,
707 2183 810 2252 εὖ.
856 2181 1097 2246 Quamvis
1131 2181 1262 2234 enim
1297 2182 1502 2250 proprie
1527 2183 1730 2235 dicatur

176 2272 428 2344 Synagoga
442 2274 766 2335 Judworum,
786 2271 1010 2326 Ecclesia
1031 2263 1146 2326 vero
1164 2271 1590 2340 Christianorum,
1607 2273 1724 2341 quia

1829 1921 1982 1982 siam,
2001 1923 2148 1986 cuius
2174 1920 2260 1971 ille
2289 1920 2578 1985 agnoscitur
2604 1919 2656 1970 in
2686 1918 2850 1984 ﬁgura
2878 1925 3096 1987 gestasse
3117 1929 3406 1982 personam,

1829 2015 2036 2075 propter
2065 2006 2342 2059 Pntunuu
2371 2021 2515 2072 quem
2543 2005 2593 2057 in
2636 2003 2912 2071 Discipuli:
2943 2001 3138 2064 habuit,
3162 1999 3289 2068 etc.]
3340 1999 3412 2052 lto

1834 2094 2065 2164 primatu
2093 2094 2234 2148 Petri
2267 2109 2330 2148 ex
2360 2094 2658 2160 Augustino
2694 2093 2918 2160 aliisque
2956 2091 3200 2143 Patribus
3230 2088 3411 2156 copio-

1830 2185 2042 2239 sissime
2080 2184 2189 2252 egit
2220 2185 2387 2238 Isaac.
2439 2182 2786 2236 Casaubonus
2834 2183 2884 2233 in
2928 2179 3312 2234 exercitatione
3345 2175 3410 2230 15

1830 2273 1896 2326 ad
1918 2273 2156 2327 Annales
2179 2270 2318 2326 Caes.
2353 2271 2588 2325 Baronii.

1687 2403 3399 2426 Μ

1195 2529 1307 2601 ΙΝ
1369 2529 1765 2600 TOMUM
1821 2532 2354 2615 QUINTUM.

329 2789 735 2846 DESIDERIUS
774 2789 1106 2846 ERASMUS
1130 2788 1420 2844 LECTORI
1453 2791 1554 2862 (a).

222 2883 504 2949 Quze'siue
535 2883 898 2935 controversia
935 2893 1058 2934 sunt
1087 2882 1388 2948 Augustini,
1425 2885 1597 2952 primo
1630 2899 1727 2953 po-

155 2972 350 3027 suimus
374 2974 512 3030 loco.
535 2971 1054 3042 lmpudentissimum
1082 2973 1390 3039 figmentum
1410 2974 1727 3028 Sermonum

156 3063 218 3115 ad
245 3064 435 3118 fratres
459 3065 508 3116 in
532 3078 713 3118 eremo
739 3073 978 3132 agentes,
1008 3061 1057 3114 iu
1083 3077 1233 3114 suum
1260 3063 1508 3131 angulum
1539 3063 1726 3130 tejcei-

155 3155 400 3209 mus:de
439 3170 546 3223 quo
573 3169 670 3207 suo
701 3154 819 3208 loco
864 3152 1102 3207 nonnihil
1144 3151 1400 3206 dicemus.
1447 3152 1626 3205 Insunt
1674 3164 1726 3206 et

151 3249 360 3300 caeteris
393 3246 556 3300 multa
588 3262 772 3312 parum
807 3245 1093 3301 referentia
1119 3245 1348 3312 phrasim
1379 3256 1432 3299 et
1468 3248 1723 3301 eruditio-

148 3353 268 3393 nem
303 3341 607 3409 Augustini,
641 3355 865 3408 quorum
897 3339 1092 3407 aliquot
1121 3339 1442 3392 notavimus.

607 3473 884 3528 JOANNIS
923 3473 1276 3529 ULIMMERII

144 3581 388 3619 CAKONICI
422 3581 711 3619 REGULARIS
737 3581 1050 3618 NONASTFRII
1075 3580 1119 3616 S.
1152 3583 1365 3619 HARTIN’I
1394 3583 1727 3620 ιονλκιεκηδ

213 3653 494 3690 Ρηεητιο
525 3652 869 3689 οευιελτοιιιλ
907 3652 974 3688 Αἰ)
1021 3651 1286 3689 SEIHIONES
1331 3655 1375 3689 S.
1425 3653 1724 3697 Al'Gl'STINI,

217 3723 449 3768 ALIAQIZE
477 3721 738 3758 OPUSCULA
776 3724 800 3757 Δ
827 3721 888 3757 5F.
919 3722 1069 3758 EDITA
1107 3721 1335 3771 LOVANII,
1369 3724 1500 3760 APL’D
1545 3723 1730 3760 "Hillo-

217 3793 400 3829 .‘H'IIUII
433 3791 713 3828 \\'El.L.£l'5l
746 3791 879 3828 ANNO
908 3791 1084 3828 DOSHNI
1119 3792 1168 3828 Ni
1193 3793 1334 3830 LXIV.

224 3884 692 3939 Reverendissimo
716 3885 765 3937 in
784 3883 994 3938 Christo
1018 3886 1149 3952 patri
1181 3902 1240 3940 ac
1269 3887 1485 3941 domino
1508 3889 1569 3941 D.
1597 3887 1728 3941 Mar-

161 3975 265 4026 tino
307 3975 592 4038 Rithmio,
638 3975 888 4028 Ecclesia:
938 3976 1193 4036 Yirensis
1252 3977 1424 4044 primo
1479 3979 1728 4045 episcopo

163 4067 488 4131 diunissimo,
542 4067 771 4122 Joannes
822 4063 1160 4122 Uliu’nnerius
1207 4079 1514 4136 perpetuam
1565 4070 1730 4124 felici-

167 4164 340 4210 tatem.

234 4249 360 4304 Cum
390 4251 516 4304 nihil
551 4249 600 4303 in
631 4251 773 4304 omni
807 4265 981 4302 rerum
1007 4260 1192 4304 natura
1217 4260 1322 4304 tam
1351 4251 1579 4316 firmum,
1616 4262 1728 4306 sta-

173 4339 271 4395 bile
298 4357 359 4397 ac
387 4351 698 4411 perpetuum
732 4344 820 4404 sit,
852 4342 1176 4409 amplissime
1217 4344 1429 4410 przesul,
1462 4345 1598 4412 quod
1627 4360 1729 4396 nou

175 4434 436 4487 vetustatis
470 4443 631 4500 (qum,
666 4445 719 4485 tit
747 4434 934 4486 scribit
966 4433 1156 4496 Varro,
1190 4447 1354 4500 pauca
1403 4450 1505 4486 non
1540 4435 1731 4501 depra-

176 4533 272 4586 vat,
304 4525 461 4577 multa
488 4524 648 4589 tollit)
678 4524 934 4591 insignem
963 4524 1194 4592 aliquam
1228 4524 1470 4592 iniuriam
1496 4525 1689 4579 sentiat
1717 4542 1730 4575 :

178 4618 464 4681 prmclaram
512 4618 639 4669 mihi
685 4617 889 4684 reipub.
951 4617 1223 4669 Itt-rarizn
1269 4632 1482 4684 operam
1535 4633 1730 4670 navare

180 4703 405 4756 videntur
432 4704 520 4769 qui
549 4719 614 4756 eo
640 4719 797 4756 omne
826 4704 1080 4766 studium,
1134 4718 1344 4757 omnem
1393 4704 1728 4768 industriam,

182 4807 321 4846 omne
350 4794 574 4858 denique
603 4804 810 4858 tempus
840 4793 1140 4854 conferunt,
1168 4802 1222 4844 ut
1249 4803 1458 4847 veteres
1486 4803 1731 4848 auctores

183 4897 387 4946 quorum
420 4898 583 4951 opera
614 4892 706 4933 aut
735 4882 891 4947 plane
917 4893 1164 4950 corrupta
1195 4892 1338 4948 sunt,
1383 4893 1474 4935 aut
1515 4897 1731 4950 prorsus

182 4972 560 5037 desiderantur,
609 4987 766 5041 quam
811 4973 1307 5033 emendatissimos,
1362 4973 1533 5039 quoad
1585 4973 1728 5036 licet,

184 5060 224 5109 iu
255 5063 414 5118 lucem
456 5065 718 5115 emittunt.
766 5062 916 5126 Quod
965 5063 1008 5114 si
1055 5062 1334 5129 quisquam
1375 5061 1530 5123 alius,
1579 5062 1628 5114 in
1669 5064 1728 5116 Β.

185 5149 457 5218 Augustino
521 5167 732 5204 summo
799 5151 1076 5205 catholica:
1143 5152 1394 5205 Ecclesia:
1468 5152 1733 5206 columine

188 5253 366 5293 summa
394 5242 654 5295 industria
687 5242 952 5310 prmStitit.
982 5251 1128 5295 certe
1164 5242 1506 5296 doctissimus
1530 5253 1584 5297 et
1613 5243 1733 5296 dili-

187 5332 502 5397 gentissimus
532 5333 610 5386 vir
642 5332 702 5385 D.
747 5331 1001 5386 Martinus
1029 5331 1252 5401 Lypsius
1297 5332 1560 5403 imprimis
1587 5349 1729 5402 prte-

239 5511 308 5579 (a)
329 5510 580 5579 Erathmc
595 5507 986 5579 praefaliuncula
1012 5505 1225 5579 prtefua
1251 5514 1393 5579 toruo
1412 5503 1480 5569 Χ,
1497 5504 1550 5556 in
1567 5517 1725 5579 quem

177 5574 345 5634 omnes
371 5574 649 5647 Augustini
691 5591 964 5631 sermones
1005 5574 1308 5647 eonjecerat
1348 5576 1638 5633 Erasmus;
1674 5574 1725 5626 in

177 5652 388 5706 editioae
413 5645 539 5703 vero
571 5647 802 5699 Parisina
831 5647 962 5700 ordo
982 5654 1036 5698 et
1067 5645 1394 5697 voluminum
1427 5652 1480 5696 et
1518 5658 1726 5695 Sermo-

176 5737 288 5778 111111
311 5723 470 5788 plane
501 5727 733 5774 mutatus
763 5728 862 5772 est.
903 5717 1092 5770 Verum
1136 5731 1201 5769 ue
1233 5714 1366 5768 hanc
1391 5714 1600 5783 quidem
1635 5713 1727 5766 ad-

1838 2794 2036 2849 stitisse
2057 2793 2285 2848 videtur.
2311 2793 2492 2863 Neque
2515 2794 2655 2850 enim
2687 2794 2784 2857 illi,
2805 2793 2892 2863 qui
2918 2807 2976 2846 se
2997 2802 3165 2845 totum
3188 2793 3234 2848 ei
3259 2794 3406 2858 operi

1834 2885 2069 2952 illigasse
2099 2885 2242 2938 visus
2291 2893 2394 2948 est,
2448 2885 2576 2938 satis
2618 2885 2713 2938 fuit
2758 2885 2824 2937 ab
2865 2883 3155 2936 initumvris
3201 2884 3408 2938 mendis

1835 2975 2026 3043 quibus
2049 2975 2278 3042 undique
2303 2975 2697 3028 contaminatus
2723 2969 2866 3038 érat,
2911 2973 3256 3041 Augusziuum
3297 2975 3408 3028 viu-

1833 3069 2015 3122 dicare
2040 3087 2051 3120 z
2073 3068 2169 3122 nisi
2192 3069 2351 3122 etiam
2383 3067 2543 3121 variis
2574 3066 2908 3120 bibliothecis
2935 3082 3050 3134 quae
3073 3066 3141 3117 ob
3163 3065 3407 3133 antiquo-

1834 3175 1948 3212 rum
1975 3159 2298 3211 voluminum
2324 3157 2530 3226 copiam
2560 3157 2887 3210 celehriores
2919 3156 3267 3220 habebantur,
3297 3156 3407 3222 pari

1835 3249 2019 3302 labore
2047 3259 2205 3316 atque
2234 3249 2507 3316 diligentia
2533 3249 2928 3316 pervestigatis,
2955 3248 2994 3300 si
3029 3247 3150 3314 quid
3184 3262 3403 3314 usquam

1832 3343 2085 3394 hactenus
2129 3356 2231 3393 non
2275 3356 2533 3394 excusum
2582 3342 2839 3407 reperiret
2881 3340 3018 3410 quod
3065 3339 3402 3407 Augustinia-

1829 3447 1953 3485 num
1987 3440 2188 3498 peetus,
2235 3432 2562 3498 maiestatem
2591 3446 2653 3482 ac
2687 3430 2916 3498 phrasim
2962 3429 3160 3481 refe're
3199 3430 3408 3481 videre-

1832 3533 1936 3586 tur,
1985 3522 2035 3574 id
2079 3522 2296 3586 reliquis
2348 3522 2464 3586 eius
2505 3522 2716 3588 scriptis
2767 3520 3124 3586 adjiciendum
3171 3530 3405 3572 euraret.

1832 3613 2010 3680 Neque
2038 3625 2169 3663 sane
2197 3611 2338 3676 pium
2372 3609 2600 3660 hominis
2632 3619 2876 3661 conatum
2904 3622 3184 3659 successus
3214 3623 3406 3674 usque-

1830 3716 2040 3771 quaque
2087 3699 2350 3753 destituit.
2402 3698 2531 3751 Nam
2566 3706 2760 3766 praeter
2793 3698 3003 3749 tertium
3049 3705 3234 3748 contra
3269 3697 3408 3748 Gau-

1831 3794 2066 3847 dentium
2099 3792 2312 3856 librum,
2361 3805 2516 3859 quem
2544 3789 2883 3843 Parceusium
2915 3787 3288 3841 canonie-orum
3323 3787 3402 3840 bi-

1834 3884 2093 3937 bliotheca
2138 3883 2290 3935 nobis
2331 3881 2708 3948 suppeditavit,
2753 3890 2947 3948 prmler
2976 3879 3246 3946 epistolas,
3286 3896 3402 3942 qum

1832 3975 1948 4026 dua:
1986 3983 2105 4027 sunt
2133 3987 2290 4039 supra
2338 3972 2544 4039 viginti,
2589 3971 2776 4023 horum
2819 3985 2923 4038 quo
2947 3985 3028 4033 ,ue
3067 3970 3153 4035 qui
3182 3969 3290 4036 jam
3326 3969 3411 4022 hic

1835 4064 2061 4130 primum
2090 4065 2424 4124 emittuntur,
2447 4076 2721 4114 sermones
2744 4063 2964 4128 aliquot,
2989 4061 3181 4127 quibus
3203 4073 3409 4115 veteres

1835 4153 1911 4206 De
1940 4154 2147 4207 diversis
2182 4154 2390 4205 titulum
2423 4151 2749 4212 indiderunt,
2784 4150 2947 4203 variis
2975 4150 3024 4202 iu
3061 4151 3188 4203 locis
3215 4151 3402 4204 inven-

1836 4253 1915 4295 tos
1939 4243 2171 4309 collegit.
2196 4244 2365 4309 Atque
2395 4240 2527 4292 adeo
2551 4256 2668 4292 cum
2696 4242 2902 4293 caeteris
2928 4240 3166 4307 ejusdem
3199 4255 3405 4292 sermo-

1836 4336 1990 4387 nibus
2019 4333 2362 4387 excudeudos
2383 4332 2511 4386 dare
2538 4333 2909 4392 constituerat,
2963 4330 3060 4383 nisi
3101 4331 3289 4382 bellico
3319 4331 3412 4381 illo

1836 4425 2060 4477 tumultu
2087 4423 2175 4490 qui
2204 4437 2298 4489 per
2323 4423 2602 4475 Martinum
2639 4423 2952 4476 liossemum
2979 4437 3039 4474 ea
3071 4429 3409 4483 tempestate,

1835 4516 1885 4567 in
1913 4515 2009 4567 hac
2041 4527 2219 4567 nostra
2243 4514 2470 4581 Belgica,
2495 4513 2760 4566 excitatus
2790 4522 2904 4565 erat
2925 4510 3269 4564 circumcirca
3294 4522 3410 4560 om-

1762 4587 1808 4644 υ
1837 4605 1919 4658 uia
1953 4605 2157 4658 turbata
2190 4603 2430 4658 fuissent.
2464 4603 2593 4670 Quae
2620 4618 2705 4657 res
2744 4601 3140 4670 certe.multum
3174 4598 3326 4649 nobis
3356 4611 3409 4651 et

1834 4699 2149 4754 calamitatis
2169 4708 2223 4752 et
2252 4696 2557 4752 detrimenti
2588 4696 2820 4749 advexit.
2851 4694 2978 4746 Nam
3013 4702 3069 4743 ut
3099 4702 3298 4742 taceam
3317 4689 3402 4742 de

1838 4790 2114 4859 populatos
2144 4804 2321 4858 agros,
2352 4787 2593 4840 incendia
2620 4786 2922 4846 domorum,
2970 4781 3152 4833 abacta
3189 4793 3402 4848 pecora,

1834 4880 2117 4946 omnisque
2144 4877 2320 4931 astatis
2351 4877 2626 4929 hominum
2669 4872 3048 4940 captivitatem,
3098 4881 3147 4922 et
3180 4871 3408 4924 incredi-

1833 4970 1991 5024 bilem
2020 4972 2300 5036 jacturam,
2327 4981 2483 5033 quam
2517 4963 2666 5016 multi
2695 4978 2765 5015 ex
2801 4972 2906 5015 tam
2939 4960 3140 5014 nefario
3174 4976 3302 5014 ausu
3330 4961 3410 5012 fe-

1835 5068 2055 5124 cerunt;
2121 5059 2170 5110 id
2231 5058 2389 5110 etiam
2441 5057 2719 5122 Augustini
2775 5053 3026 5106 studiosis
3090 5053 3416 5105 incommodi-

1835 5151 2096 5210 aecessit,
2150 5147 2289 5216 quod
2336 5155 2440 5198 tam
2487 5145 2742 5213 praeclaro
2789 5147 3039 5198 thesauro
3089 5154 3335 5212 tauquam
3380 5156 3412 5194 c

1834 5236 2194 5293 subterraneis
2235 5250 2298 5289 ac
2351 5235 2601 5289 divitibus
2647 5235 2982 5288 metaliorum
3031 5235 3178 5286 venis
3217 5232 3412 5284 effosse

1836 5330 2092 5384 hactenus
2112 5342 2297 5382 carere
2311 5326 2614 5382 debuerint.
2632 5326 2707 5380 Ita
2729 5341 2859 5380 sane
2886 5337 2940 5379 ut
2961 5319 3412 5393 quemadmodum

1837 5497 2271 5555 monitiunculam
2297 5501 2543 5572 omittere
2566 5499 2851 5572 voluimus.
2884 5498 3168 5551 Sermones
3192 5495 3256 5547 ad
3283 5491 3382 5572 Fra

1837 5579 1948 5624 tres
1985 5571 2034 5624 in
2067 5583 2250 5623 eremo
2288 5570 2353 5623 de
2391 5571 2582 5635 quibus
2633 5570 2716 5622 hic
2757 5571 2838 5619 vir
2882 5580 3149 5627 summus,
3191 5573 3310 5617 sunt
3359 5570 3416 5617 in

1835 5650 2036 5694 tomutn
2062 5639 2127 5692 γι
2159 5640 2362 5706 rejecti,
2395 5642 2480 5693 tibi
2511 5641 2702 5694 breves
2734 5636 2943 5692 Eratmi
2965 5650 3207 5692 censura:
3239 5635 3392 5706 prole

1836 5721 2035 5767 rentur.
2071 5710 2443 5767 Pusuuoxcs.
