3900 6316
525 356 631 411 379

1409 358 1954 414 SUPPLEMENTUM
2000 356 2087 408 AD
2126 356 2349 411 ()l‘liliA
2390 359 2445 412 S.
2489 356 2870 413 AUGUSTINL
3650 362 3737 415 38η

527 468 801 521 Ausonius
832 469 1106 538 eleganter
1143 468 1328 521 scribit
1368 475 1642 522 catenatos
1687 483 1808 522 esse
1856 468 2090 530 labores,
2124 470 2170 526 Α
2199 466 2446 533 eruditio,
2497 468 2686 535 pietas,
2732 475 2786 521 et
2829 467 3003 521 omnis
3032 466 3256 534 denique
3301 466 3425 519 vita:
3471 467 3600 521 ratio
3636 485 3735 522 ιιιιιι

529 560 904 629 negotiumque
930 577 992 616 ex
1019 561 1231 628 negotio
1246 560 1348 612 seri
1377 576 1388 610 :
1415 560 1492 612 sic
1513 559 1838 610 vinculorum
1865 558 2093 627 quadam

528 650 747 715 periodo
768 651 1038 719 colligutas
1070 648 1168 702 sibi
1198 663 1318 702 esse
1348 648 1680 702 calamitates
1702 650 2003 716 malumque
2029 664 2093 701 ex

529 741 669 792 ntalo
698 741 863 805 nasci,
896 740 1074 792 dicere
1109 739 1283 791 liceat.
1327 738 1455 790 llum
1484 737 1649 800 enim,
1684 747 1741 790 ut
1763 738 1896 802 dixi,
1931 737 2098 790 bello-

529 846 646 883 rum
684 828 938 898 strepitu,
984 830 1163 882 omnia
1208 832 1622 897 circumquaque
1668 838 2096 897 perstreperent,

530 937 701 989 neque
732 922 915 974 itinera
948 921 1075 973 satis
1116 928 1225 972 tuta
1254 935 1283 972 a
1310 921 1536 973 militum
1568 920 1767 987 impetu
1806 933 1926 972 esse
1950 919 2098 971 vide-

531 1024 732 1076 rentur,
778 1022 833 1065 et
862 1011 1104 1065 decimus
1130 1010 1577 1079 Augustinianoru
1602 1026 1633 1062 n
1676 1025 1895 1078 operum
1925 1020 2101 1063 tomus

530 1102 631 1154 sub
659 1102 806 1169 prelo
850 1102 1085 1162 sudaret,
1123 1102 1400 1168 lucemque
1428 1100 1645 1169 jautjaat
1672 1100 1948 1169 cogitaret,
1992 1099 2101 1152 fru-

529 1202 637 1245 stra
668 1193 1095 1260 exspectavimus
1139 1195 1228 1260 qni
1262 1192 1398 1246 hanc
1450 1193 1767 1245 sarcinulam
1801 1193 1852 1245 in
1880 1192 2101 1245 Germa-

532 1284 672 1336 niam
697 1283 1022 1351 deportaret.
1050 1282 1201 1337 Unde
1233 1298 1337 1335 non
1362 1283 1510 1351 prius
1530 1297 1596 1337 eo
1613 1282 1786 1335 delata
1820 1283 1917 1334 fuit
1942 1297 2101 1351 quam

532 1374 577 1427 is
604 1375 667 1427 ad
706 1373 1014 1427 umbilicum
1053 1388 1240 1442 usque,
1287 1383 1343 1425 ιιι
1368 1373 1535 1439 aiunt,
1581 1372 1931 1440 pervenisset.
1967 1370 2101 1425 Cum

532 1480 660 1518 vero
691 1464 922 1518 secunda
959 1465 1126 1518 editio
1168 1463 1217 1515 iu
1247 1463 1460 1517 oflicina
1495 1464 1825 1517 Frobeniana
1855 1461 2102 1515 adornari

532 1556 819 1620 diceretur,
849 1571 945 1609 nos
970 1570 1036 1608 ne
1061 1554 1186 1623 quid
1219 1556 1323 1607 ulla
1344 1570 1409 1608 ex
1440 1564 1588 1621 parte
1612 1563 1795 1606 nostro
1810 1553 2106 1620 Augustino

532 1645 719 1699 deesse
752 1655 951 1714 posset,
1005 1655 1115 1698 tum
1170 1661 1236 1699 ne
1276 1645 1453 1713 Lypsii
1494 1660 1654 1713 opera
1697 1660 1910 1713 quoquo
1949 1645 2107 1697 modo

533 1736 756 1803 periisse
801 1734 1092 1800 videretur,
1116 1749 1232 1788 eam
1264 1734 1520 1802 temporis
1561 1733 1889 1803 iniquitatem
1925 1744 2108 1787 nostro

2200 558 2474 625 Augustini
2500 558 2780 611 virtutibus
2810 572 3106 623 eongruere
3134 557 3436 610 videantur.
3464 559 3657 625 Quanta
3677 561 3737 613 illi

2199 664 2412 704 θηται-ηας
2437 651 2612 703 ovium
2638 662 2764 703 cura
2795 648 2921 702 fuit!
2950 663 3053 714 quo
3080 648 3269 701 ardore
3290 649 3531 702 subditos
3552 664 3669 703 suos
3684 652 3737 705 ad

2201 744 2487 811 perfectam
2511 752 2562 795 et
2590 743 2797 795 beatam
2815 740 3023 793 vivendi
3049 741 3307 793 rationem
3326 739 3577 793 instituit!
3602 756 3735 809 quam

2199 834 2433 887 suaviter
2461 848 2522 886 ac
2553 832 2779 902 tempori
2817 831 3201 887 convenienter
3235 830 3398 883 variis
3424 832 3741 884 concionibts

2199 923 2265 975 ad
2293 923 2542 990 pietatem
2568 922 2795 989 vitchue
2836 919 3240 974 sanctimoniam
3282 920 3531 987 populum
3557 921 3744 973 excita-

2200 1013 2310 1066 vit!
2340 1011 2408 1065 At
2430 1012 2549 1081 quis
2567 1019 2651 1066 est
2674 1010 2764 1079 qui
2796 1024 2901 1064 non
2932 1011 3045 1063 ha~c
3073 1007 3125 1062 in
3170 1008 3232 1061 Τ.
3257 1009 3320 1063 C.
3349 1019 3404 1061 nt
3434 1010 3654 1063 maxima
3674 1026 3748 1063 su-

2201 1104 2425 1169 spiciat?
2453 1101 2654 1156 Omitto
2681 1100 2821 1170 quod
2852 1101 2999 1155 solus
3047 1099 3160 1155 fere
3198 1101 3570 1169 episcoporum
3597 1111 3747 1156 tecum

2203 1192 2585 1247 monasterium
2614 1192 2928 1244 clericorum
2958 1190 3179 1254 habeas,
3211 1190 3349 1258 quod
3378 1201 3430 1244 et
3456 1199 3631 1243 noster
3648 1206 3749 1245 san-

2203 1283 2475 1339 etissimus
2503 1281 2831 1349 Augustinus
2859 1280 2925 1333 de
2950 1294 3008 1333 se
3043 1279 3321 1347 profitetur
3350 1280 3403 1334 itt
3435 1282 3750 1348 praaelarissi-

2206 1379 2307 1431 mis
2338 1376 2441 1430 illis
2479 1374 2689 1429 duobus
2720 1371 3059 1426 sermonibus
3096 1387 3229 1438 quos
3267 1372 3335 1427 de
3368 1374 3635 1427 communi
3662 1376 3750 1427 vita

2206 1482 2420 1522 suorum
2444 1466 2764 1521 clericorum
2790 1463 2855 1518 ad
2888 1464 3137 1534 populum
3162 1464 3554 1533 llipponensem
3575 1467 3750 1521 habuit.

2206 1558 2353 1625 Quos
2381 1555 2447 1609 ab
2470 1556 2694 1610 Erasmo
2726 1553 2977 1623 denique,
3022 1553 3203 1607 nescio
3245 1554 3495 1609 studione
3532 1572 3597 1609 an
3634 1558 3752 1610 obii-

2206 1647 2366 1701 vione
2404 1644 2576 1712 aliqua
2622 1643 2884 1709 omissos,
2936 1653 3116 1712 postea
3164 1658 3296 1697 vero
3340 1646 3682 1713 supposititiis
3703 1664 3753 1701 ac

2209 1737 2547 1792 sermonibus
2582 1734 2877 1792 eremiticis
2896 1734 3238 1800 commixtos,
3254 1735 3323 1790 ab
3342 1736 3529 1789 iisdem
3553 1739 3755 1804 resecni,

532 1824 884 1894 qualicunque
917 1825 1097 1878 labore
1128 1824 1392 1878 resarcire
1418 1823 1616 1887 conati,
1649 1823 1899 1891 pleraque
1927 1824 2101 1893 Augu-
2134 1824 2179 1883 Β
2209 1837 2263 1883 et
2286 1826 2431 1893 vitae,
2480 1826 2601 1895 quia
2631 1825 2997 1895 plenissimam
3027 1824 3267 1892 ejusdem
3311 1824 3422 1878 divi
3456 1827 3755 1880 mentionem
3822 1818 3823 1823 “

533 1916 656 1968 stini
697 1931 857 1983 opera
889 1916 1058 1969 multo
1088 1930 1245 1984 quam
1280 1915 1423 1982 prius
1452 1914 1813 1982 eastigatiora,
1847 1914 2105 1967 Basileam

536 2003 796 2057 misimus.
831 2003 972 2058 Inter
997 2020 1116 2073 qure
1146 2012 1201 2057 et
1226 2003 1463 2057 decimus
1498 2012 1694 2067 tomus,
1725 2003 1816 2070 qui
1848 2002 2108 2058 hactenus

534 2098 743 2148 caeteris
781 2096 1191 2149 contaminatior
1236 2095 1427 2158 fuerat,
1474 2096 1539 2149 ad
1581 2093 1766 2163 viginti
1798 2102 1852 2147 et
1893 2109 1960 2148 eo
1990 2109 2107 2148 am-

536 2183 676 2251 plius
700 2194 906 2239 vetusta
938 2185 1260 2254 exemplaria
1288 2200 1316 2237 a
1347 2184 1500 2240 nobis
1525 2186 1773 2250 collatus,
1831 2194 1885 2238 et
1915 2186 1949 2239 ii
1976 2199 2110 2255 quos

534 2274 643 2342 jam
666 2276 962 2331 emittimus
992 2290 1268 2330 sermones
1308 2276 1547 2328 maxima
1576 2290 1641 2328 ex
1682 2283 1829 2343 parte
1873 2276 2109 2328 fuerunt.

537 2364 810 2419 Librarius
831 2382 959 2421 vero
990 2366 1080 2421 ille
1102 2366 1349 2420 omnibus
1375 2366 1622 2431 retentis,
1639 2373 1694 2418 et
1720 2366 1952 2434 quinque
1975 2365 2112 2420 dun.

538 2464 685 2509 taxat
717 2456 1053 2510 sermonibus
1086 2455 1331 2521 delectis,
1376 2455 1631 2523 reliquos,
1679 2456 1860 2509 nescio
1888 2470 1991 2525 qua
2022 2471 2110 2510 ra-

535 2544 681 2600 tione
708 2553 903 2611 motus,
945 2547 1261 2616 suppressit,
1308 2560 1406 2600 nec
1440 2544 1723 2614 quidquam
1765 2553 2020 2614 pratterea
2045 2546 2111 2601 ad

538 2647 637 2688 nos
662 2634 885 2687 remisit.
914 2635 1088 2704 Atque
1116 2649 1178 2689 ea
1210 2636 1414 2689 ratione
1440 2634 1693 2703 quidquid
1721 2646 1875 2689 antea
1916 2636 2114 2691 laboris

536 2735 719 2782 noster
747 2726 973 2797 Lypsius
1005 2726 1309 2792 devorarat,
1357 2726 1407 2780 id
1444 2742 1650 2781 summa
1685 2741 1804 2780 eum
1834 2741 2031 2782 nausea
2058 2738 2115 2782 et

536 2820 693 2874 tzedio
724 2835 907 2875 rursus
932 2820 1085 2875 nobis
1114 2818 1498 2874 exantlattdum
1528 2818 1644 2884 fuit,
1678 2828 1783 2873 tam
1818 2819 1870 2873 in
1900 2820 2117 2889 perqui-

536 2910 717 2964 rendis
742 2910 805 2965 iis
834 2926 953 2980 qua:
981 2911 1405 2975 trausmiseram,
1437 2924 1595 2977 quam
1628 2909 1680 2963 in
1720 2908 2110 2966 describendis.

536 2999 689 3065 Quod
721 3009 917 3069 quanta
946 3014 1030 3054 me
1060 2999 1296 3055 aliecerit
1325 3000 1569 3054 molestia
1606 3000 1689 3070 (ut
1718 3015 1785 3054 ne
1814 2998 1937 3068 quid
1980 3000 2116 3055 intc-

538 3089 638 3142 rim
681 3089 747 3143 de
774 3090 1074 3158 sumptibus
1103 3090 1319 3161 addam)
1354 3090 1492 3145 haud
1538 3090 1691 3145 facile
1728 3091 1953 3145 dixerim
1981 3109 1992 3143 :
2018 3091 2111 3146 sed

2211 1919 2427 1979 faciunt.
2443 1918 2668 1972 adnexui
2679 1955 2692 1969 .
2707 1917 2948 1986 Accipias
2961 1917 3136 1985 itaque
3155 1914 3434 1984 θρίωοριιε
3449 1916 3757 1983 οιιίςρομυιυ,

2210 2008 2563 2077 Augustinum
2592 2006 2988 2077 Augustinianze
3019 2006 3143 2060 vitm
3184 2006 3298 2075 ipse
3336 2021 3442 2060 non
3487 2006 3656 2061 minus
3680 2009 3757 2060 ad-

2212 2098 2435 2154 mirator
2470 2112 2629 2168 quam
2676 2097 2934 2162 imitator,
2974 2104 3029 2151 et
3070 2095 3168 2151 hos
3196 2111 3472 2151 sermones
3503 2100 3607 2152 tuis
3631 2113 3755 2152 eom-

2212 2189 2469 2244 mendare
2494 2203 2563 2243 ne
2602 2188 2872 2257 graveris,
2900 2196 2959 2241 ut
3005 2186 3226 2256 posthac
3261 2202 3290 2241 a
3320 2187 3668 2257 frigidioribus
3694 2191 3755 2244 le-

2210 2290 2405 2349 ctuque
2456 2279 2846 2349 indignioribus
2888 2279 3048 2334 rebus
3088 2279 3447 2344 abstinentes,
3499 2283 3674 2337 malint
3714 2285 3756 2335 in

2211 2368 2405 2423 studiis
2430 2369 2788 2424 sanctioribus
2816 2370 3222 2439 utilioribusque
3256 2370 3433 2426 oleum
3463 2386 3757 2440 cperamque

2211 2458 2498 2514 collocare.
2528 2459 2697 2513 Porro
2720 2474 2900 2529 aperte
2925 2461 3152 2531 p'retium
3184 2476 3290 2514 non
3313 2464 3511 2531 putavi,
3538 2464 3686 2517 multa
3714 2464 3755 2515 iu

2214 2550 2447 2605 medium
2466 2549 2751 2615 adducere,
2764 2550 2959 2619 quibus
2982 2550 3096 2605 haec
3112 2566 3235 2605 vera
3258 2566 3320 2605 ac
3342 2567 3589 2620 germana
3603 2557 3751 2620 Augu-

2212 2638 2339 2694 stini
2365 2654 2508 2703 esse,
2533 2640 2576 2693 si
2605 2639 2692 2709 qui
2717 2639 2853 2695 forte
2878 2642 3266 2696 slnttemerarii
3283 2645 3751 2707 censores,demon-

2212 2739 2442 2784 strarem
2464 2746 2477 2780 :
2495 2738 2605 2783 tum
2626 2728 2767 2798 quod
2797 2730 2890 2785 tibi
2916 2730 2965 2784 id
2990 2731 3312 2800 persuadere
3332 2730 3549 2787 difficile
3571 2749 3664 2787 non
3682 2733 3749 2795 sit,

2212 2820 2303 2890 qui
2326 2819 2462 2875 adeo
2480 2819 2598 2888 ejus
2616 2828 2852 2873 attentus
2879 2820 3046 2875 lector
3064 2835 3279 2889 semper
3298 2822 3566 2885 exstitisti,
3592 2831 3643 2875 ιιι
3664 2823 3751 2875 ubi-

2213 2926 2316 2982 que
2339 2912 2691 2978 Angustinum
2718 2909 3057 2978 quantumvis
3082 2910 3200 2963 aliis
3225 2910 3530 2982 immersum
3554 2927 3664 2965 sese
3681 2925 3752 2963 au-

2212 3011 2363 3070 gusta
2386 3000 2611 3069 quadam
2641 3000 2835 3068 pietate
2860 2998 3171 3068 prodentem
3207 3014 3485 3068 agnoscas,
3516 3009 3621 3054 tum
3640 2999 3751 3067 quod

2214 3080 2509 3158 Possidius,
2543 3089 2657 3144 haec
2681 3090 2733 3143 in
2764 3102 2987 3143 numero
3010 3104 3228 3157 operum
3256 3089 3372 3157 ejus
3418 3100 3692 3152 recenseat,
3711 3100 3751 3141 ct

539 3178 642 3232 hoc
671 3194 831 3233 unum
864 3180 989 3233 boui
1028 3180 1241 3249 accidit,
1272 3184 1438 3253 quod,
1463 3185 1528 3237 de
1552 3199 1657 3251 quo
1685 3193 1840 3236 antea
1868 3198 1964 3237 nos
1990 3192 2114 3253 post
2137 3168 2183 3231 C
2218 3181 2285 3251 (si
2306 3178 2432 3249 quid
2459 3188 2697 3235 veterum
2712 3180 2955 3235 codicum
2972 3180 3258 3234 consensio
3284 3180 3443 3248 valet)
3470 3181 3522 3233 in
3544 3180 3751 3233 νειιιειίςσ

538 3261 791 3337 Lypsium
818 3277 870 3323 et
899 3270 1197 3324 Costerium
1228 3271 1661 3340 deSperabamus,
1703 3271 1753 3324 id
1782 3271 1925 3325 aliud
1958 3272 2111 3328 nobis

539 3357 839 3427 agentibus,
870 3374 933 3412 ac
965 3358 1097 3412 forte
1131 3360 1335 3414 fortuna
1368 3360 1606 3430 ejusdem
1634 3362 1694 3415 Β.
1720 3361 1996 3430 Augustini
2035 3363 2112 3417 vi-

540 3459 647 3502 tam
672 3448 753 3503 his
782 3450 1082 3519 adjunctam
1114 3452 1430 3521 legentibus,
1463 3462 1730 3521 repertum
1762 3452 1942 3507 fuerit.
1974 3451 2115 3506 indi-

539 3539 720 3594 eulum
742 3540 861 3595 dico
888 3556 917 3595 a
948 3540 1187 3596 Possidio
1213 3543 1465 3612 episcopo
1493 3545 1637 3611 prius
1665 3542 1716 3595 itt
1753 3542 1866 3595 Vita
1895 3544 2118 3611 promis-

539 3645 679 3694 sum,
713 3633 976 3701 posterius
1002 3649 1132 3687 vero
1152 3635 1528 3702 compositunt,
1558 3649 1717 3702 quem
1748 3634 1961 3700 quidem
1992 3633 2114 3702 quia

540 3723 770 3776 eximius
815 3722 1093 3790 theologus
1123 3724 1183 3775 Ι).
1220 3723 1451 3777 Iacobus
1482 3723 1764 3784 Pamelius,
1799 3724 1983 3791 Bttzgis
2021 3738 2114 3777 ca-

540 3818 785 3883 ttonicus,
819 3816 945 3868 mihi
977 3814 1042 3867 ad
1074 3814 1172 3868 ltus
1210 3814 1420 3869 labores
1463 3815 1829 3882 petferendos,
1877 3834 1983 3871 non
2013 3818 2114 3871 ob-

543 3914 723 3957 tusum
750 3904 927 3957 calcar
951 3917 1319 3969 saepenumero
1361 3904 1586 3970 addidit,
1631 3905 1680 3959 ei
1726 3908 2023 3961 dedit-alunt
2054 3923 2118 3963 ac

542 4004 909 4046 eunsecratum
935 3993 1097 4046 volui.
1140 3992 1190 4048 Is
1236 3995 1377 4048 enim
1418 4003 1568 4050 tanto
1615 3996 1820 4052 fervore
1851 4000 2118 4068 tantisque

546 4080 830 4149 impendiis
856 4092 1093 4136 veterum
1125 4082 1442 4152 scriptorum
1474 4100 1536 4139 ac
1569 4088 1862 4154 praesertim
1912 4089 2117 4142 theolo-

543 4190 732 4244 gorum
760 4190 923 4245 opera
954 4174 1242 4245 conquirit,
1288 4186 1346 4231 ut
1373 4177 1633 4233 confidam
1672 4194 1792 4232 eum
1832 4178 2117 4249 aliquando

544 4266 801 4337 quidquid
830 4267 1002 4322 ubivis
1034 4276 1295 4323 terrarum
1332 4268 1610 4339 Augustini
1640 4267 1924 4335 delitescit,
1964 4269 2014 4322 id
2040 4279 2120 4323 to-

545 4366 655 4412 tum
684 4358 734 4413 in
772 4358 1132 4414 studiosorum
1160 4358 1441 4414 utilitatem
1471 4374 1501 4413 a
1531 4358 1766 4414 tenebris
1786 4369 2117 4414 asserturnnt

543 4465 606 4505 ac
634 4451 776 4520 quod
819 4451 1013 4507 nostris
1049 4450 1478 4506 adnotationibus
1516 4451 1892 4521 marginalibus
1941 4451 2113 4515 deest,

2214 3274 2365 3329 simis
2393 3273 2689 3343 quibusque
2720 3272 2869 3327 libris
2887 3273 3165 3341 Augustini
3192 3273 3410 3325 nomine
3438 3273 3682 3340 legantur.
3704 3274 3752 3324 At

2215 3378 2283 3419 ne
2318 3365 2437 3433 quis
2465 3362 2682 3432 obiiciat
2712 3362 2967 3431 phraseos
2994 3362 3172 3432 jugem
3199 3378 3263 3416 ac
3298 3374 3601 3430 perpetuam
3625 3363 3754 3415 ratio-

2216 3470 2336 3511 nem
2363 3454 2659 3509 habendam
2687 3468 2831 3519 esse,
2865 3454 3003 3508 sciat
3032 3455 3076 3506 is
3101 3453 3166 3508 iis
3212 3454 3263 3507 id
3294 3455 3580 3508 convenire
3606 3454 3684 3521 qui
3711 3452 3755 3503 li-

2216 3547 2343 3604 bros
2381 3557 2587 3602 tantum
2626 3558 2718 3600 aut
2746 3546 3080 3614 scripserunt
3104 3556 3195 3601 aut
3222 3547 3490 3601 dictarunt
3525 3564 3537 3597 :
3576 3547 3755 3599 concio-

2218 3641 2360 3694 nanti
2383 3651 2558 3694 autem
2580 3639 2718 3709 apud
2742 3640 2930 3710 vulgus
2951 3640 3332 3707 promiscuum,
3356 3641 3442 3709 qui
3473 3640 3652 3708 possit,
3673 3651 3757 3691 non

2216 3728 2371 3784 video
2413 3746 2424 3781 :
2466 3744 2585 3783 cum
2638 3744 2817 3783 sermo
2872 3731 3009 3799 vulgi
3070 3729 3307 3784 moribus
3356 3727 3759 3797 attetnperandus

2218 3827 2377 3889 atque
2392 3818 2875 3871 accommodandus
2899 3820 3099 3872 veniat.
3124 3818 3252 3872 Nam
3277 3829 3333 3874 et
3356 3820 3418 3872 Ι).
3444 3820 3760 3889 Augustinus,

2219 3924 2324 3977 quo
2339 3908 2538 3961 diutius
2571 3906 2774 3975 plebeis
2798 3908 3017 3962 auribus
3043 3910 3411 3963 condionando
3432 3912 3666 3973 servivit,
3683 3909 3764 3961 hoc

2221 4000 2388 4067 magis
2411 3999 2613 4053 remisit
2648 3998 2917 4053 sermonis
2945 3999 3289 4067 elegantiam,
3320 4000 3419 4055 hoc
3448 4002 3607 4055 etiam
3635 4000 3764 4053 rusti-

2221 4088 2388 4155 ciore,
2425 4105 2493 4144 ne
2518 4090 2690 4143 dicam
2719 4090 3115 4165 contemptiore
3142 4106 3271 4145 usus
3301 4100 3383 4145 est
3418 4094 3666 4145 orationis
3689 4106 3764 4157 ge-

2222 4195 2372 4234 nere.
2406 4180 2535 4233 Natn
2559 4190 2613 4235 et
2638 4182 2861 4250 mystica
2889 4196 3045 4235 suum
3076 4182 3323 4236 dictionis
3368 4198 3538 4251 genus
3578 4183 3766 4241 habent,

2223 4286 2321 4326 nec
2344 4271 2407 4325 iis
2435 4287 2555 4341 quae
2575 4272 2642 4325 ad
2681 4272 2983 4327 docendum
3028 4280 3210 4341 parata
3256 4282 3402 4337 sunt,
3451 4272 3767 4327 Ciceroniana

2221 4362 2547 4432 myrotltecia
2578 4364 2924 4427 conveniunt,
2950 4362 3053 4417 huc
3082 4363 3287 4417 accedit
3327 4362 3472 4431 quod
3517 4377 3617 4415 non
3652 4374 3768 4414 sem-

2223 4467 2317 4521 per
2344 4452 2398 4507 in
2423 4453 2815 4510 cathedralibus
2836 4454 3101 4519 ecclesiis,
3149 4454 3237 4509 ubi
3266 4454 3553 4524 plerosque
3588 4452 3768 4506 doctio-

542 4542 912 4611 sulipleturum
949 4556 1089 4598 esse.
1117 4541 1380 4596 Caeterum
1420 4554 1519 4595 nec
1549 4540 1651 4596 hoc
1683 4557 1843 4594 unum
1876 4540 2117 4594 dolorem
2148 4529 2197 4589 Ι)
2228 4560 2317 4599 res
2347 4544 2509 4600 fuisse
2533 4555 2681 4601 extra
2703 4547 3127 4601 controversiam
3176 4556 3279 4611 est,
3323 4562 3512 4601 verum
3556 4547 3700 4601 etiam
3727 4544 3768 4596 in

545 4645 810 4701 nostrum,
838 4650 994 4706 quem
1019 4650 1083 4690 ex
1115 4634 1418 4704 suppressis
1449 4634 1510 4687 D.
1543 4632 1824 4702 Augustini
1853 4632 2120 4685 sermoni-

544 4726 647 4781 bus
682 4743 896 4797 gravem
929 4739 1381 4797 conceperatnus,
1425 4725 1704 4794 mitigavit.
1743 4723 1847 4778 Sed
1888 4733 1942 4777 et
1986 4724 2120 4779 alius

547 4816 804 4883 plurimos
830 4832 1109 4874 sermones
1132 4827 1286 4872 antea
1311 4831 1580 4886 nunquam
1610 4815 1751 4885 typis
1789 4829 2015 4869 excuses
2041 4817 2121 4869 in-

546 4905 808 4973 venimus,
835 4924 969 4978 quos
1001 4908 1279 4980 Lypsianis
1309 4906 1610 4976 adjunctos,
1655 4913 1711 4960 et
1736 4904 2011 4959 immensis
2044 4906 2123 4959 la-

549 4993 766 5048 boribus
793 4998 1080 5066 castigatos
1107 4999 1169 5053 Τ.
1209 4998 1268 5052 C.
1301 4998 1549 5054 dedicare
1576 4997 1748 5051 visum
1781 4995 1899 5052 fuit.
1942 4997 2122 5052 Multae

548 5096 677 5135 vero
703 5097 877 5138 causae
905 5096 1028 5138 sunt
1056 5102 1175 5155 qum
1204 5103 1288 5142 me
1319 5097 1604 5145 moverunt
1630 5096 1688 5142 ut
1718 5088 1780 5141 Ι).
1812 5088 1876 5143 Τ.
1909 5088 2121 5157 potissi-

547 5186 693 5227 tuum
727 5170 842 5226 h.ec
862 5173 1131 5227 olferenda
1161 5177 1518 5233 existimarem
1546 5196 1560 5232 :
1586 5193 1717 5248 quas
1748 5179 1906 5233 latius
1935 5195 2121 5234 recen-

546 5277 753 5329 serem,
780 5264 878 5317 nisi
902 5262 1226 5333 singularem
1256 5276 1396 5322 tuam
1432 5270 1747 5326 modestiam
1790 5270 1841 5325 id
1875 5286 2014 5341 :rgre
2039 5272 2119 5327 la-

548 5365 719 5408 turam
749 5354 1060 5419 arbitrarer,
1087 5363 1142 5408 et
1167 5369 1381 5411 vererer
1405 5373 1471 5412 ne
1496 5359 1761 5429 plerisque
1780 5361 1984 5415 adulari
2007 5376 2120 5416 ma-

546 5450 625 5516 gis
651 5466 809 5520 quam
841 5466 907 5505 ex
933 5449 1112 5503 animo
1140 5448 1281 5519 loqui
1304 5451 1511 5505 censeri
1538 5466 1771 5520 possem.
1811 5452 1923 5508 Hoc
1952 5468 2116 5509 unum

549 5549 722 5593 tamen
746 5542 959 5597 silentio
986 5542 1259 5611 prmterire
1303 5556 1528 5612 nequeo,
1580 5544 1709 5598 nihil
1746 5544 1876 5599 mihi
1907 5560 2122 5600 accom-

546 5629 808 5684 modatius
837 5634 1008 5686 visum
1050 5648 1169 5688 esse
1219 5648 1375 5703 quam
1426 5642 1484 5688 ut
1515 5632 1750 5703 episcOpi
1793 5635 2119 5690 monimenta

544 5720 793 5791 episcopo
816 5722 1184 5781 dedicarentur
1210 5741 1223 5781 :
1250 5740 1419 5795 coque
1446 5725 1613 5797 magis
1644 5724 1781 5796 quod
1812 5724 1886 5781 tui
1916 5740 2113 5792 mores,

2222 4634 2440 4703 reliquis
2466 4651 2578 4689 suae
2606 4635 2891 4692 dimcesios
2936 4638 3241 4692 civitatibus
3269 4645 3326 4692 et
3347 4638 3635 4707 Oppidulis,
3664 4650 3770 4689 con-

2222 4723 2463 4778 cionatus
2491 4725 2581 4779 sit.
2604 4725 2718 4779 Jam
2754 4741 2880 4781 vero
2905 4737 3227 4782 canescente
3257 4726 3590 4796 potissimum
3622 4728 3771 4791 Augu-

2220 4814 2384 4879 stino,
2418 4814 2652 4869 Africam
2681 4817 2751 4871 ob
2782 4816 3078 4872 Gothorum
3114 4817 3581 4887 Vandaiorumque
3618 4818 3771 4869 incur-

2222 4904 2403 4959 siones
2432 4904 2697 4970 assiduas,
2741 4920 2931 4974 magna
2958 4920 3027 4959 ex
3061 4915 3234 4975 parte,
3273 4905 3525 4959 infectam
3556 4905 3772 4958 barbarie

2221 4994 2389 5051 fuisse
2411 4997 2529 5066 quis
2566 4997 2816 5067 ignorat?
2841 4998 2947 5051 Aut
2973 4997 3093 5066 quis
3121 5012 3185 5050 ex
3216 5004 3401 5050 saneto
3432 4996 3643 5051 Victore
3682 4993 3770 5057 epi-

2218 5101 2383 5154 scopo
2405 5087 2603 5141 Vitensi
2626 5087 2839 5141 discere
2866 5103 2970 5140 non
3003 5087 3215 5155 potuit?
3242 5087 3329 5156 qui
3346 5085 3769 5155 elegantissimum

2218 5177 2288 5231 de
2341 5174 2459 5230 hoc
2492 5185 2679 5230 nostro
2726 5177 2965 5230 antistite
3006 5177 3238 5246 elogium
3284 5174 3770 5237 describenszoua.

2220 5269 2432 5337 inquit,
2494 5278 2808 5338 tempestate
2853 5269 3097 5337 llippone
3149 5268 3368 5337 Regium
3432 5270 3648 5323 obsessa
3696 5262 3771 5315 fuit

2222 5359 2430 5424 civitas,
2457 5374 2612 5429 quam
2642 5361 2788 5415 omni
2828 5359 2985 5415 laude
3012 5359 3203 5429 dignus
3233 5360 3418 5414 beatus
3448 5357 3767 5429 Augustinus.

2226 5450 2480 5505 librorum
2513 5451 2799 5505 multorum
2847 5452 3124 5507 confector
3164 5449 3404 5518 pontifex
3442 5446 3768 5520 gubernabat.

2227 5542 2362 5596 Tum
2393 5541 2521 5596 illud
2552 5542 2874 5612 eloquentia:
2903 5543 3042 5613 quod
3065 5542 3295 5597 ubertim
3319 5557 3413 5610 per
3436 5555 3619 5597 omnes
3643 5550 3793 5592 catur

2226 5648 2324 5700 pos
2369 5632 2622 5688 Ecclesia:
2665 5634 3003 5700 decurrebat,
3055 5634 3171 5702 ipso
3222 5642 3365 5688 metu
3414 5634 3659 5688 siccatum
3701 5632 3768 5679 est

2229 5725 2446 5794 ﬂumen,
2477 5732 2637 5796 atque
2677 5724 2902 5783 dulcedo
2946 5723 3220 5782 suavitatis
3257 5723 3465 5780 dulcius
3497 5720 3764 5791 propimta,
