3900 6310
529 335 639 394 383
1216 378 1221 383 .
1410 332 1967 389 SUN‘I.EMENTUM
2016 335 2102 387 AI)
2141 335 2367 390 (IPEIlA
2409 337 2467 393 S.
2508 339 2898 397 AUCUSTINI.
3650 343 3733 399 3M

535 445 864 515 respondero.
893 447 947 499 in
976 461 1074 512 quo
1107 443 1268 496 Deum
1291 443 1468 508 fecisse
1493 444 1672 495 caelum
1702 453 1748 497 et
1785 452 1971 497 terram
2016 442 2110 496 (ie—
2138 446 2187 501 Α
2216 450 2447 501 custodes
2470 448 2718 504 librorum
2740 450 3068 521 nostrorum]
3101 450 3394 519 Capsarios
3418 452 3531 507 alibi
3563 454 3732 511 .ludzeos

534 536 669 589 nesis
699 535 957 602 loquitur?
980 531 1109 601 etc.]
1137 532 1313 586 Utitur
1341 541 1523 597 postea
1550 532 1615 585 ad
1647 533 1747 586 hoc
1773 533 2104 601 probandum
2213 546 2365 590 vocat
2399 547 2452 591 et
2480 538 2726 593 librarios
2754 540 3209 593 Christianorum.
3246 541 3482 595 'l'ractatu
3513 544 3557 596 in
3580 546 3730 611 psalm.

480 620 485 625 ’
534 626 690 679 Joan.
716 641 827 686 VIII,
854 624 943 685 25,
978 622 1117 690 quod
1156 621 1546 675 confutavimus
1578 622 1630 676 in
1677 622 2108 678 Animadversio-
2211 644 2315 682 xc:
2353 628 2527 700 Major
2547 634 2729 683 serviet
2764 632 2946 683 minori
2968 632 3117 684 modo
3161 633 3419 701 impletum
3447 644 3553 700 est;
3577 639 3727 704 modo,

534 717 690 770 uibus
707 714 769 768 ad
804 726 931 768 tom.
966 715 1055 778 III,
1086 713 1152 766 de
1182 714 1626 780 esplicationibus
1652 717 1963 786 Scriptura},
1987 734 2106 787 quas
2209 719 2419 785 fratres,
2452 721 2676 773 serviunt
2699 719 2889 775 Judwi.
2920 720 3185 789 Tanquam
3214 724 3428 790 capsarii
3451 726 3594 778 nostri
3608 737 3719 782 sunt.

533 818 659 860 sunt
690 808 744 860 in
789 807 935 859 hisce
965 804 1321 866 sermonibus.
1373 805 1510 859 idem
1553 808 1888 861 sentiendum
1928 823 1991 863 ac
2039 810 2106 864 de
2211 808 2544 863 Studentibus
2575 809 2739 874 nobis,
2768 811 2965 863 lodices
3003 823 3225 879 portant.
3254 811 3321 866 Et
3349 813 3399 866 in
3432 814 3719 881 psalmum:

532 900 861 952 Psalmorum
916 897 1462 963 interpretatiouilnts.
1507 898 1803 967 Cmteroqui
1844 909 1967 954 sunt
2021 902 2106 956 hic
2209 898 2445 953 Codicem
2474 911 2642 969 portat
2667 900 2916 967 Iudaeus,
2944 902 3074 955 unde
3111 903 3283 955 credat
3317 903 3626 957 Christianus.
3655 906 3719 959 Li-

531 1002 742 1053 quoque
788 988 928 1040 varia
976 984 1296 1054 dogmatica,
1331 988 1551 1040 moralia
1580 997 1633 1042 et
1674 989 1957 1054 historica;
1989 1007 2106 1061 qua:
2210 986 2365 1043 brarii
2395 991 2552 1044 nostri
2578 990 2699 1059 facti
2729 1001 2869 1044 sunt.
2898 992 3162 1056 Quomodo
3189 992 3352 1046 solent
3388 996 3508 1046 serui
3526 1007 3622 1065 post
3645 999 3720 1050 do-

533 1093 637 1129 non
664 1078 780 1130 sine
810 1076 981 1130 fructu
1009 1076 1226 1144 excerpi
1282 1086 1501 1145 possunt
1544 1079 1613 1133 ab
1651 1080 1954 1137 hominibus
1995 1084 2106 1138 otio
2208 1082 2371 1133 minos
2399 1080 2608 1137 codices
2626 1082 2775 1151 ferre,
2819 1092 2873 1135 ut
2902 1083 2982 1136 illi
3011 1083 3266 1151 portando
3305 1083 3550 1154 deﬁciant,
3572 1087 3637 1140 illi
3668 1090 3723 1141 le-

532 1166 942 1232 abundantibus,
990 1178 1148 1236 atque
1178 1166 1231 1220 iu
1255 1182 1404 1220 usum
1436 1183 1586 1222 suum
1611 1174 1869 1228 converti.
2196 1172 2372 1240 ,geudo
2406 1173 2697 1241 proﬁciant.
2726 1173 3044 1227 Suusoxuus.

608 1256 870 1310 Sermone
891 1256 945 1308 Ξ.
974 1257 1047 1310 De
1071 1256 1361 1310 tentatione
1382 1252 1696 1325 Abraltami,
1719 1259 1746 1330 §
1768 1262 1821 1316 5.
1848 1262 1985 1333 Ergo
2011 1265 2109 1317 im-
2196 1296 2197 1299 η
2282 1260 2309 1329 §
2341 1262 2393 1316 7.
2418 1260 2651 1315 Tractari
2674 1263 2791 1315 inde
2809 1261 3134 1333 aliquando.]
3165 1259 3474 1318 Sermonem
3502 1264 3722 1319 iunuitex

536 1347 671 1414 pleta
722 1346 1001 1399 Abraltami
1051 1347 1325 1401 devotionis
1368 1348 1652 1402 obedientia
1678 1392 1691 1416 ,
1719 1355 1862 1406 audit
1893 1370 1925 1406 a
1959 1354 2064 1409 Deo
2087 1374 2106 1412 :
2200 1349 2293 1404 illis
2323 1352 2522 1406 "Osiris
2563 1353 2623 1406 l7
2654 1352 2927 1420 (editionis
2958 1352 3216 1407 Ρπὶείηω
3262 1353 3421 1423 944),
3460 1356 3542 1423 qui
3576 1366 3645 1411 εει
3673 1356 3723 1411 d0

534 1437 684 1491 Nunc
705 1438 927 1506 cognovi
972 1437 1220 1505 quoniam
1253 1448 1307 1492 tu
1350 1440 1504 1495 times
1542 1441 1728 1499 Deum.
1754 1446 1905 1511 Quod
1934 1447 2004 1500 ita
2028 1450 2107 1501 in-
2208 1440 2384 1494 verbis
2410 1440 2717 1510 Evangelii:
2751 1440 2880 1494 Noli
2902 1457 2980 1496 me
2999 1450 3227 1511 tangere.
3251 1441 3398 1497 locu.

531 1528 795 1597 telligitur,
820 1528 957 1596 quod
987 1527 1245 1581 Abraham
1269 1531 1440 1598 fecerit
1464 1530 1597 1585 Deus
1628 1543 1681 1586 ut
1702 1534 1797 1587 sibi
1825 1536 2106 1590 innotesce-
2278 1531 2609 1598 Sermoncl‘,
2645 1532 2672 1603 §
2702 1532 2755 1584 2.
2779 1533 3024 1588 Ostendit
3050 1534 3218 1587 Deum
3249 1550 3341 1602 per
3365 1535 3568 1605 angelos
3592 1550 3721 1606 appa-

534 1616 651 1686 rel.]
681 1617 857 1685 Itaque
889 1621 1009 1682 hoc,
1044 1633 1107 1672 ex
1130 1621 1393 1674 sententia
1417 1622 1717 1690 Augustini,
1747 1625 1905 1680 vellet
1930 1626 2101 1681 Deus:
2209 1622 2399 1685 ruisse.
2429 1637 2528 1691 qua
2560 1623 2613 1677 in
2640 1638 2699 1678 re
2728 1624 2898 1677 multo
2940 1624 3130 1678 melius
3162 1625 3501 1680 ratiocinator
3529 1643 3664 1695 quam
3685 1630 3724 1684 in

534 1728 675 1767 nutic
704 1714 802 1767 feci
833 1722 890 1767 ut
921 1715 1033 1782 ipse
1076 1708 1428 1784 cognosceres
1458 1726 1508 1770 te
1542 1718 1726 1774 timere
1771 1721 1955 1775 Deum.
2000 1723 2104 1777 Sed
2210 1713 2468 1775 superiori
2500 1714 2872 1782 eXP'iC—“iOHC-
2901 1715 3082 1785 “aque
3107 1730 3234 1770 eum
3266 1718 3439 1785 Ρειυοίε
3463 1718 3722 1775 ﬁndimus:

530 1813 771 1858 contorta
804 1803 956 1871 plane
986 1805 1099 1860 haec
1128 1816 1209 1859 est
1231 1805 1616 1874 interpretatio,
1648 1819 1701 1864 et
1722 1826 1821 1879 qua
1849 1812 2070 1868 admissa

2212 1804 2476 1867 Quomodo
2505 1820 2621 1873 ergo
2651 1804 2870 1859 Verbum
2901 1805 3014 1873 Dei,
3038 1806 3093 1859 id
3120 1816 3220 1870 est,
3250 1804 3419 1862 Filius
3450 1807 3558 1874 Dei,
3582 1819 3628 1863 ut
3655 1828 3724 1881 op-

532 1910 637 1948 non
673 1895 910 1965 intelligo
940 1911 1055 1965 quae
1087 1897 1208 1964 alia,
1236 1897 1375 1966 quod
1407 1898 1539 1952 dura
1581 1900 1648 1954 sit
1691 1911 1745 1956 et
1770 1913 1977 1970 coacta,
2004 1920 2072 1973 po

2207 1903 2407 1964 pareret
2450 1895 2611 1949 oculis
2642 1911 2843 1949 carnem
2866 1898 3146 1964 assumpsit
3165 1913 3185 1951 :
3223 1899 3297 1951 sic
3323 1914 3509 1967 semper
3529 1899 3663 1964 Deus,
3686 1910 3724 1953 ut

528 1983 652 2036 terit
674 1983 843 2051 rejici.
872 1984 1164 2039 Audiamus
1196 1994 1369 2041 tamen
1390 1987 1741 2055 Augustinum
1774 1994 2068 2063 exemplum

2206 1993 2477 2055 appareret
2522 1984 2683 2039 oculis
2732 1986 2995 2039 hominum
3024 1987 3077 2040 in
3119 1986 3301 2055 aliqua
3327 2000 3547 2042 creatura
3583 1990 3724 2043 risibili

516 2084 593 2128 ut
620 2074 719 2143 ipsi
742 2076 953 2144 quidem
983 2077 1209 2143 videtur,
1244 2078 1421 2133 simile
1442 2095 1504 2133 ex
1537 2080 1807 2149 Scriptura
1834 2084 2056 2152 proferet

2204 2091 2451 2142 apparere
2469 2075 2705 2145 dignatus
2725 2085 2814 2130 est.
2834 2075 2972 2130 Nam
2992 2078 3314 2145 apertissime
3329 2078 3475 2133 habes
3492 2080 3540 2133 in
3559 2080 3723 2134 Actibus

530 2177 655 2222 tem.
694 2169 857 2235 Sicut,
890 2170 1079 2241 inquit,
1103 2174 1305 2241 quando
1336 2175 1557 2240 loquitur
1577 2177 1845 2245 propheta,
1876 2182 1999 2246 quid
2024 2183 2070 2234 di

2204 2167 2553 2233 apostolorum
2572 2163 2724 2234 (Cap.
2742 2180 2834 2228 vlt,
2853 2164 2944 2235 30)
2964 2166 3085 2235 quia
3111 2169 3327 2238 angelus
3343 2171 3567 2238 apparuit
3594 2168 3724 2238 Moysi

530 2261 873 2315 cintus?dixit
898 2262 1058 2326 Deus,
1086 2261 1239 2332 plane
1265 2264 1499 2317 dicimus.
1530 2264 1759 2321 Dicimus
1775 2269 1954 2332 etiam,
1971 2271 2070 2324 dixi

2187 2254 2257 2307 .in
2287 2256 2431 2308 rubo.
2458 2256 2708 2323 Nunquid
2732 2259 2826 2309 ista
2844 2256 3113 2326 Scriptura
3141 2273 3282 2324 vero,
3304 2268 3349 2312 et
3375 2260 3459 2312 illa
3482 2260 3722 2330 (ESOdJII,

531 2349 787 2416 propheta
814 2390 829 2415 ,
873 2360 922 2403 et
970 2361 1237 2420 utrumque
1279 2363 1411 2406 recte
1457 2354 1714 2419 dicimus,
1761 2367 1864 2409 etc.
1908 2358 2071 2412 Vertm

2202 2345 2238 2397 2
2257 2354 2311 2398 et
2336 2346 2514 2413 seqq.)
2544 2346 2677 2414 falsa
2698 2355 2770 2400 est
2780 2363 2798 2411 ,'
2822 2356 2909 2400 aut
2936 2347 3027 2400 illa
3051 2363 3174 2402 vera
3201 2359 3247 2402 et
3264 2349 3359 2402 ista
3383 2350 3508 2419 falsa
3529 2350 3621 2402 est?
3641 2349 3722 2403 Sed

529 2436 742 2505 quando
762 2437 1017 2492 dicimus;
1042 2439 1171 2492 dixit
1204 2439 1359 2505 Deus,
1387 2441 1733 2512 intelligimus
1763 2460 1854 2511 ρει-
1877 2450 2104 2515 ρτοριιρ-
2202 2438 2323 2502 quid
2346 2437 2433 2489 ?si
2461 2436 2736 2490 Christiani
2756 2453 2951 2503 sumus,
2974 2439 3016 2491 si
3039 2438 3169 2493 bene
3187 2441 3453 2505 credimus,
3476 2439 3618 2492 amba:
3634 2449 3723 2493 sunt

529 2535 658 2593 tam,
689 2527 730 2580 si
758 2527 882 2595 quid
911 2542 973 2583 ex
999 2529 1376 2598 prophetarum
1394 2532 1545 2586 libris
1568 2547 1597 2586 a
1624 2535 1777 2589 nobis
1801 2535 2017 2602 prolcru
2044 2555 2069 2592 r

2201 2539 2347 2577 certe.
2371 2524 2433 2579 Si
2456 2542 2575 2597 ergo
2601 2526 2759 2580 amba:
2792 2536 2911 2580 sunt
2938 2543 3088 2593 certe,
3116 2530 3374 2597 quomodo
3402 2530 3479 2581 hic
3501 2529 3621 2583 Deus
3654 2546 3721 2599 ap-

506 2626 584 2669 ut
608 2617 766 2670 etiam
793 2631 913 2670 cum
932 2617 999 2673 de
1017 2618 1203 2673 iisdem
1224 2620 1399 2674 verbis
1414 2620 1660 2691 dicimus,
1686 2624 1813 2677 dixit
1830 2626 2046 2695 prop/tet

2201 2616 2405 2683 paruit;
2431 2617 2685 2684 quomodo
2726 2617 2797 2668 ibi
2839 2616 3048 2686 angelus
3079 2618 3280 2673 dicitur
3314 2621 3617 2689 apparuisse,
3652 2621 3724 2671 nisi

430 2754 433 2757 .
526 2705 653 2759 intel
677 2705 1037 2776 igimusjussu
1063 2717 1155 2761 aut
1176 2709 1389 2764 nomine
1413 2711 1525 2773 Dci,
1552 2726 1648 2779 per
1667 2728 1786 2767 eum
1812 2714 2096 2784 loquentis.
2198 2703 2320 2771 qui“
2345 2703 2435 2756 me
2475 2705 2683 2773 ερίνίιιη
2711 2705 2801 2774 qui
2827 2706 2878 2758 δη
2910 2705 3117 2771 limbi“
3152 2707 3495 2777 αροειοίυνιιηε
3520 2707 3631 2760 dixit
3652 2720 3720 2772 “P‘

506 2794 810 2861 'Nimirum,
845 2811 981 2851 unus
1012 2796 1259 2867 idemque
1298 2799 1519 2853 ell'ectus
1542 2816 1715 2855 causa:
1741 2805 2016 2874 principali
2045 2841 2046 2850 η

2197 2793 2427 2861 paruisse
2454 2795 2719 2861 angelum.
2751 2796 2982 2864 exposuit
3009 2797 3143 2848 hanc
3188 2798 3472 2858 lectionem,
3512 2795 3719 2867 quomodo

525 2900 701 2941 causa:
729 2888 1123 2955 instrumentali,
1145 2897 1204 2943 ut
1226 2891 1574 2961 metaphysici
1598 2892 1903 2961 loquuntur,
1935 2898 2065 2951 tribu

2195 2881 2435 2949 apparuit
2461 2879 2618 2934 Deus.
2638 2880 2743 2935 Illa
2769 2883 3046 2937 dcclaratio
3068 2887 3327 2953 expositio
3352 2897 3423 2940 cst
3447 2886 3718 2939 obscuritatis

502 2982 675 3046 atque
704 2991 830 3031 vere
860 2986 1054 3046 potest,
1091 2981 1333 3048 quamvis
1361 2994 1466 3034 non
1506 2981 1694 3036 eodem
1722 2998 1940 3052 prorsus
1969 3001 2042 3040 set

2195 2972 2385 3043 hujus;
2416 2988 2477 3026 ne
2513 2973 2817 3043 intelligeres
2866 2974 3028 3029 Deum
3061 2991 3159 3044 per
3199 2978 3419 3046 seipsum
3444 2977 3715 3045 apparuisse,

522 3083 616 3130 su;
642 3082 811 3137 eaque
839 3077 919 3123 est
944 3068 1181 3123 omnium
1213 3069 1507 3139 linguarum
1536 3074 1886 3128 consuetudo,
1914 3078 1979 3129 Αι
2007 3077 2092 3133 hic
2195 3061 2303 3115 illic
2328 3061 2416 3114 tibi
2445 3063 2726 3129 expositum
2751 3072 2822 3116 est
2842 3065 3277 3132 quemadmodum
3306 3068 3579 3136 apparuerit
3610 3063 3715 3118 Deui

502 3160 626 3211 non
657 3173 938 3227 possumus
968 3159 1146 3214 dicere
1169 3161 1390 3228 perinde
1421 3176 1539 3215 esse
1568 3176 1635 3215 an
1658 3162 1825 3227 dicas,
1858 3168 2089 3235 cognovit
2118 3144 2160 3204 θ
2194 3166 2283 3218 im
2303 3159 2609 3215 σνεαιυναηιν
2636 3153 2893 3221 αηθείαηίο
2913 3153 3001 3207 δίε
3026 3155 3156 3221 quid
3180 3157 3399 3219 υιίτατίεο
3418 3157 3527 3226 φαίη
3546 3157 3711 3215 dirimi

500 3247 840 3304 'Abraltamus
860 3267 913 3303 se
942 3252 1116 3303 timere
1148 3249 1346 3314 Deum;
1390 3261 1500 3317 aut,
1530 3256 1760 3323 cognorit
1783 3255 1919 3310 Deus
1947 3274 1999 3311 se
2025 3276 2040 3310 t

2192 3257 2305 3293 cum
2327 3251 2539 3311 apparet
2558 3245 2788 3312 angelus,
2808 3243 2954 3298 Dixit
2971 3244 3129 3309 Deus,
3150 3256 3208 3301 et
3223 3247 3429 3302 vocabit
3445 3247 3588 3311 Deus,
3605 3245 3713 3299 elc..’

516 3339 805 3394 Abrahamo
835 3342 1017 3395 “meri.
1048 3340 1384 3397 Abrahamus
1427 3343 1570 3397 enim
1613 3345 1697 3399 hic
1747 3360 1851 3400 ηοη
1890 3356 1971 3402 εει
2001 3348 2085 3403 in.
2193 3327 2325 3392 Quia
2368 3346 2470 3383 non
2504 3331 2782 3385 attenditur
2807 3334 3047 3401 templum
3077 3337 3318 3405 angelus,
3345 3338 3430 3391 sed
3455 3337 3714 3390 iubabitalor

515 3438 869 3485 strumentum
902 3446 1007 3501 quo
1033 3442 1215 3486 utatur
1244 3432 1384 3487 Deus
1413 3434 1477 3487 ad
1518 3434 1716 3505 aliquid
1765 3451 2055 3507 cognoscen

2187 3420 2377 3489 angeli.
2409 3418 2529 3490 Ipse
2555 3420 2690 3474 enim
2712 3424 2923 3491 angelus
2952 3423 3201 3495 templum
3231 3425 3325 3513 Dei
3350 3439 3469 3481 erat.
3497 3426 3617 3480 Nihil
3638 3442 3704 3478 ve-

520 3519 667 3573 dum.
702 3522 863 3589 Igitur
884 3523 1051 3576 multo
1072 3525 1239 3577 satius
1262 3532 1377 3578 erat
1403 3540 1692 3596 agnoscere
1724 3527 1806 3583 hic
1832 3530 2087 3604 ἀνθρωπο-
2188 3511 2318 3566 Υίυεο
2344 3512 2491 3566 "anc
2513 3513 2831 3567 εοηίθηιίθίη
2852 3515 2972 3573 aliis
2993 3515 3044 3568 ίη
3073 3515 3213 3573 Ιοοίε
3235 3511 3491 3587 οοβίοδῖιιε
3506 3515 3711 3585 οκροδυίι

514 3610 723 3665 «absim
749 3611 864 3676 Βιιί,
888 3622 976 3665 aut
1000 3613 1172 3682 angeli
1220 3627 1339 3669 sese
1378 3618 1614 3671 moribus
1639 3632 1700 3672 ac
1730 3600 2053 3673 l-cutidnibu

2186 3600 2528 3671 Augustinus,
2557 3614 2615 3657 ut
2637 3603 3193 3661 observavitloanncs
3211 3608 3445 3663 Clericus
3461 3608 3519 3662 ad
3548 3608 3706 3663 Cenes.

496 3698 759 3753 ‘lmmanis
784 3703 1207 3769 attomperantis,
1225 3720 1383 3771 quam
1410 3720 1627 3773 prorsus
1649 3707 1923 3763 dissimilia
1946 3709 2036 3764 intt

2184 3707 2333 3756 xvut,
2350 3694 2399 3756 l,
2414 3692 2547 3748 Vide
2560 3693 2805 3748 eumdem
2822 3710 2883 3748 ca
2898 3697 2963 3750 de
2979 3710 3035 3750 re
3047 3698 3270 3765 copiose
3285 3710 3515 3769 agentem
3528 3699 3584 3751 ad
3598 3698 3704 3753 Ges.

512 3802 594 3850 se,
623 3790 771 3856 quasi
798 3790 1009 3851 similia,
1045 3806 1322 3859 perperam
1354 3793 1621 3848 conferre,
1834 3822 1835 3825 η
2182 3785 2399 3848 “1,15,
2418 3794 2471 3838 et
2489 3785 2539 3838 in
2559 3786 2732 3840 indice
2752 3786 2816 3840 ad
2837 3786 3256 3844 Peutateucbum
3274 3791 3337 3845 ad
3355 3806 3526 3845 vocem
3541 3786 3705 3858 Angeli.

500 3888 507 3893 ‘
579 3877 838 3929 Sermone
860 3878 913 3930 5.
940 3877 1015 3930 De
1039 3880 1311 3931 luctatione
1338 3880 1547 3952 Jacob.]
1589 3884 1642 3936 In
1686 3885 1870 3942 codice
1900 3888 1958 3944 S.
1995 3889 2034 3942 ν

2252 3874 2511 3930 Sermone
2536 3875 2617 3930 l9.
2641 3875 2722 3933 Ad
2746 3876 2981 3930 titulum:
3005 3876 3070 3931 In
3091 3879 3307 3933 basilica
3333 3878 3706 3949 restituta.]Qum

511 3966 672 4018 ctoris
705 3966 886 4018 titulus
929 3976 1048 4022 est:
1080 3966 1154 4019 De
1178 3968 1311 4020 lucta
1333 3969 1525 4034 Jacob;
1568 3962 1705 4040 apud
1740 3975 2034 4032 Possidium
2062 3998 2074 4032 :
2183 3963 2399 4019 basmca
2431 3967 2598 4032 maior
2626 3965 2964 4036 Carlhagine,
2997 3968 3049 4021 in
3084 3984 3193 4037 qua
3223 3970 3375 4026 sedes
3404 3967 3637 4038 episcopi,
3660 3976 3704 4019 υι

494 4056 587 4106 'De
615 4055 893 4107 luctatione
913 4056 1071 4109 Iacob
1093 4073 1207 4109 cum
1228 4056 1442 4128 angelis.
1488 4062 1713 4117 Secutus
1743 4080 1859 4120 sum
1892 4067 2079 4121 inscri-
2183 4057 2344 4113 tradit
2364 4058 2542 4112 Victor
2562 4058 2791 4113 Vitensis
2808 4058 2896 4113 lib.
2923 4075 2961 4112 ι.
2982 4060 3184 4115 Eadem
3214 4063 3266 4116 in
3288 4062 3503 4116 concilio
3523 4058 3705 4114 Cartha-

494 4143 748 4212 ‘ptionem
800 4146 997 4199 veteris
1050 4150 1368 4217 exemplaris
1418 4154 1618 4217 n05tri,
1659 4171 1814 4221 quam
1861 4156 2078 4212 exhibet
2179 4151 2384 4217 ςῑηεηδῑ
2416 4149 2906 4218 ηάυριίείηοητῖηο
2933 4150 3233 4219 appellant?
3254 4153 3459 4213 ὂαδὶιὶεα
3488 4150 3704 4217 Ρενρθικα

511 4236 667 4288 etiam
695 4234 859 4289 codex
894 4238 1231 4295 bibliotheca:
1275 4241 1474 4311 Rogita,
1508 4246 1551 4298 is
1581 4247 1668 4314 qui
1699 4247 2051 4302 Collectoriun

2183 4239 2463 4307 Restituto,
2495 4240 2546 4291 in
2594 4240 2809 4293 caeteris
2845 4240 3098 4308 deinceps
3126 4243 3366 4297 conciliis
3395 4256 3503 4310 quae
3546 4237 3701 4292 ibidem

494 4325 807 4379 rancellarii
842 4327 1192 4398 Papinii-mis,
1238 4331 1305 4385 de
1344 4348 1450 4400 quo
1495 4337 1741 4401 pra-{aius
1788 4352 1935 4400 sum,
1979 4353 2074 4405 pro
2179 4330 2444 4384 celebrata
2498 4329 2764 4398 leguntur,
2813 4329 3064 4384 Ilcstituta
3094 4332 3429 4401 simpliciter,
3460 4340 3513 4385 ut
3554 4328 3639 4382 hoc
3661 4326 3701 4380 in

490 4427 657 4484 parte
678 4419 938 4484 continet,
964 4419 1343 4489 pra-ﬁxumque
1361 4422 1812 4483 halzetuumerum
1836 4444 2068 4489 ccxxut.
2179 4422 2320 4475 Ιοοοο
2353 4421 2673 4477 SIMIMDUS-
2822 4458 2825 4483 ;

507 4510 828 4564 Smnonuus.
2100 4503 2153 4562 D
2252 4511 2384 4565 lbitl.
2421 4509 2515 4563 Die
2558 4508 2869 4581 munerum]
2902 4508 3064 4563 Vetus
3091 4511 3365 4579 exemplar
3403 4512 3451 4564 in
3482 4510 3575 4563 line
3613 4519 3701 4559 ser-

578 4599 604 4669 §
638 4598 689 4653 5.
718 4599 876 4654 Jussit
912 4602 1190 4667 imperator
1222 4602 1483 4657 Romanus
1518 4607 1633 4675 jam
1654 4607 1996 4674 Christianus,
2022 4622 2076 4665 αι
2181 4602 2384 4655 monis:
2428 4598 2652 4669 Explicit
2698 4615 2861 4654 sermo
2890 4600 2971 4654 die
3007 4616 3276 4679 munerum
3323 4599 3698 4671 spectaculorum.

507 4691 570 4741 ad
596 4692 758 4759 ipsum
784 4691 1069 4744 Jerusalem
1091 4702 1191 4744 non
1211 4693 1502 4745 accederent
1526 4693 1744 4766 Judwi.]
1775 4697 2079 4752 Consmuti-
2178 4692 2256 4747 De
2285 4691 2634 4762 gladiatorum
2666 4691 2841 4760 itaque
2863 4694 3169 4759 spectaculo
3194 4694 3567 4759 accipiendum,
3587 4683 3699 4755 ίιυοά

490 4794 605 4831 ιιιυε
635 4781 869 4848 Magnus.
903 4781 951 4833 Is
971 4781 1112 4835 enim
1135 4790 1190 4835 ut
1211 4781 1369 4836 docet
1383 4781 1795 4852 Chrysostomus
1819 4785 2074 4841 adversus
2180 4782 2390 4849 ριόιπίε
2407 4796 2592 4833 mum“
2615 4780 2999 4848 θνρειιτιιιειιιτ.
3023 4781 3162 4835 ιιιιάθ
3178 4781 3531 4848 θίαίίίίιιυνίυηι
3553 4787 3700 4830 ¹¹¹²⁴¹²²⁴³

492 4870 717 4925 'Judacos
749 4872 934 4927 homil.
968 4875 1021 4939 5,
1054 4873 1289 4939 Judaeos,
1325 4874 1463 4943 quod
1497 4875 1682 4929 urbem
1710 4892 1858 4931 suam
1886 4889 2069 4933 contra
2182 4870 2305 4924 cod.
2335 4869 2540 4924 Thcod.
2565 4869 2632 4923 de
2659 4869 3048 4925 Gladiatoribus
3071 4871 3187 4940 lege
3206 4871 3262 4937 2,
3293 4878 3345 4923 tl
3371 4872 3423 4924 iu
3442 4862 3700 4923 calendario

492 4961 842 5016 interdictum
869 4963 1163 5021 instaurare
1186 4967 1421 5035 aggressi
1443 4978 1644 5031 essent,
1673 4970 1958 5037 amputatis
1980 4986 2076 5024 au-
2182 4958 2979 5015 RomanoConstantinianorum
3005 4971 3325 5031 temporum,
3341 4977 3515 5016 mense
3529 4961 3700 5012 Decem.

421 5100 426 5106 .
504 5050 704 5112 riculis,
733 5052 869 5104 male
906 5053 1183 5108 mulctatos
1214 5057 1264 5109 in
1296 5056 1539 5112 diversas
1581 5059 1826 5125 regiones
1855 5061 2069 5126 sparsit,
2182 5051 2284 5118 bris
2315 5052 2526 5119 ηυειηάο
2572 5051 2832 5106 οοηιηιίιιί
2878 5052 3199 5120 ειεάίθιονεδ
3248 5052 3507 5115 ⁸0³⁸)θηῦ
3546 5045 3698 5101 “rem

503 5152 558 5196 ut
589 5141 780 5196 terrori
809 5142 1020 5195 caeteris
1043 5153 1242 5207 essent,
1271 5162 1337 5201 ne
1361 5148 1498 5202 idem
1528 5149 1580 5202 in
1613 5158 1885 5216 posterum
1908 5165 2072 5203 cona-
2179 5143 2415 5198 muneris
2439 5152 2522 5197 εει
2536 5142 2735 5196 mentio
2752 5158 2816 5196 ει
2842 5144 2905 5197 Α·
2926 5143 2990 5196 Ι)-
3019 5159 3069 5197 IV
3092 5158 3279 5209 "0033.
3304 5158 3406 5211 ιιυο
3431 5138 3697 5194 diei"in

488 5243 706 5287 'rentur.
737 5232 1057 5287 Sinuonotis.
1080 5261 1148 5272 -—
1174 5234 1358 5299 Recte,
1379 5239 1633 5308 quidquid
1659 5249 1875 5295 censeat
1903 5241 2072 5295 Bene-
2177 5235 2417 5290 muneris
2439 5235 2724 5287 adnotatur
2752 5248 2919 5303 usque
2948 5235 2999 5287 in
3030 5238 3095 5289 A.
3125 5235 3183 5288 D.
3202 5250 3253 5287 Ix
3274 5233 3518 5289 calendas
3534 5229 3697 5283 lanna.

501 5324 751 5391 dictiuus,
775 5323 867 5394 qui
898 5324 1132 5378 notulam
1163 5323 1250 5379 hic
1279 5325 1516 5392 addidit;
1558 5344 1677 5383 nam
1700 5330 1874 5384 nullus
1905 5330 2071 5400 impe-
2172 5326 2302 5390 .rias,
2334 5338 2439 5393 quo
2463 5334 2686 5377 cruenta
2714 5327 2796 5377 καὶ
2824 5325 3107 5398 σκυθρωπά
3134 5323 3247 5377 hate
3273 5321 3559 5390 Spectacula
3584 5309 3695 5369 desi-

501 5427 645 5469 rator
664 5415 1003 5471 Christianus
1028 5422 1153 5468 ante
1202 5412 1636 5485 Constantinum.
1661 5417 1811 5482 Quod
1853 5418 1920 5472 de
1947 5418 2072 5474 Phi-
2168 5416 2409 5480 suebant,
2442 5421 2500 5468 ut
2524 5412 2765 5468 lulianus
2803 5428 3012 5482 quoque
3044 5413 3223 5469 Ctesar
3271 5412 3459 5483 docet,
3496 5410 3696 5463 extrema

501 5503 656 5572 lippis
680 5506 934 5575 jactatutn
962 5506 1030 5561 ab
1055 5504 1268 5570 Orosio,
1297 5513 1354 5560 et
1372 5505 1513 5572 aliis,
1542 5505 1642 5562 hoc
1666 5507 1777 5576 jam
1801 5508 1871 5562 ab
1899 5510 2069 5565 omni-
2176 5510 2418 5566 oratione
2446 5523 2539 5562 sua
2572 5508 2623 5561 in
2648 5507 2851 5563 Solem.
2887 5507 3037 5561 lout.

499 5596 599 5652 bus
625 5598 922 5663 explosum.
2245 5598 2391 5653 Voce
2418 5614 2601 5651 munus
2640 5598 2963 5667 signiﬁcatus
3007 5596 3096 5650 illo
3123 5608 3238 5649 mvo
3282 5594 3569 5659 frequenter
3610 5590 3694 5633 non

486 5714 495 5733 ι
568 5688 700 5746 Ibid.
733 5691 797 5745 Et
827 5694 990 5762 sparsi
1018 5712 1106 5764 per
1143 5694 1314 5750 orbem
1342 5701 1590 5749 terrarum
1631 5692 1756 5760 [αισλὶ
1779 5700 1895 5745 sunt
1920 5693 2066 5757 quasi
2176 5700 2378 5746 tantum
2398 5689 2742 5755 gladiatorios
2770 5687 2945 5758 ludos.
2969 5687 3062 5744 sed
3093 5696 3147 5742 ct
3173 5683 3401 5739 ferarum
3427 5674 3692 5734 venationei
