3900 6334
227 311 308 367 385
863 307 1216 362 VARIORUM
1259 302 1853 360 EXERCITATIONES
1891 301 1954 354 IN
1993 301 2048 355 ὃ.
2090 300 2457 356 AUGUSTINI
2496 291 2740 357 OPERA.

3334 309 3436 365 586

219 422 525 480 ostenderunt
563 421 875 474 Franciscus
898 419 1112 472 Juretus
1130 421 1192 472 ad
1211 417 1519 489 Symmachi
1547 416 1639 468 lib.
1659 430 1751 479 vn,
1787 421 1836 478 Α
1865 415 2059 467 habent
2083 414 2244 467 verba
2274 414 2588 480 Marcellini,
2615 424 2889 484 postquam
2916 416 3046 471 dixit
3074 420 3314 474 civitates
3337 423 3438 475 vil-

215 516 346 581 epist.
371 514 426 577 4,
471 521 525 566 et
555 513 784 565 Jacobus
816 508 1171 563 Gothofredus
1219 509 1284 561 ad
1315 509 1438 562 cod.
1487 505 1755 559 Theudos.

215 604 287 656 lib.
318 617 384 664 rt,
417 600 500 654 tit.
535 599 589 662 «I,
629 600 741 668 lege
772 599 826 651 4.

268 694 289 758 §
313 693 359 744 l.
389 691 640 757 Quoniam
669 690 983 755 iniquitatem
1020 703 1202 751 meum,
1225 687 1349 758 ctc.]
1377 686 1557 741 Codex
1592 686 1783 751 colle-,

213 783 268 852 gii
290 782 545 837 Navarrici
567 795 782 834 versum
817 779 1002 832 habet:
1031 787 1193 831 averte
1211 778 1394 846 {aciem
1417 785 1558 829 tuam
1582 793 1612 828 a
1644 792 1758 843 pec-

215 877 316 927 catis
336 875 472 926 meis.

272 964 294 1033 §
325 966 372 1017 4.
403 963 473 1015 De
501 961 704 1030 regione
739 959 992 1030 felicitatis
1018 959 1246 1013 Christus
1272 961 1433 1025 venit,
1469 969 1518 1012 et
1548 959 1628 1012 hic
1651 975 1759 1012 eam

216 1069 288 1105 nec
306 1055 403 1121 ipse
422 1050 628 1104 invenit.
663 1048 851 1101 Irrisus
874 1057 963 1112 est,
991 1049 1328 1118 exprobratus
1356 1059 1450 1114 est,
1476 1051 1761 1118 apprehen-

219 1160 286 1196 sus
307 1150 391 1207 est,
421 1139 711 1209 ﬂagellatus
738 1148 831 1203 est,
869 1140 1062 1190 vinctus
1107 1149 1208 1204 est,
1236 1138 1419 1207 palmis
1451 1153 1627 1191 cursus“
1650 1147 1718 1189 est
1746 1177 1760 1200 ,

217 1232 398 1297 affectus
426 1229 731 1282 contumelia
759 1236 1047 1294 sputorum,
1077 1229 1237 1293 spinis
1272 1238 1544 1280 coronatus
1575 1237 1668 1293 est,
1699 1226 1760 1277 li-

215 1341 296 1396 gno
333 1336 634 1390 suspensus;
664 1322 730 1371 ad
761 1328 1039 1370 extremum
1074 1318 1283 1370 Domini
1319 1320 1482 1371 exitus
1531 1315 1760 1387 mortis.)

213 1417 317 1467 Tria
347 1421 612 1480 postrema
641 1408 801 1462 verba
842 1418 964 1461 sunt
993 1422 1022 1462 e
1060 1408 1260 1476 psalmo
1294 1424 1495 1472 Lxxvn,
1525 1407 1589 1461 2i
1617 1425 1630 1470 ;
1663 1411 1756 1462 sed

216 1509 256 1556 iu
294 1505 510 1557 alienum
553 1514 766 1554 sensom
801 1500 953 1566 plane
978 1499 1206 1551 detorta.
1255 1499 1365 1553 Illic
1390 1499 1528 1552 enim
1562 1500 1756 1568 psaltes

210 1598 270 1648 ait
296 1598 446 1647 exitus
469 1593 645 1645 mortis
670 1591 764 1644 Dei
784 1606 910 1653 esse,
928 1590 1029 1644 hoc
1056 1599 1159 1654 est,
1179 1599 1400 1644 mortem
1427 1605 1545 1644 esse
1576 1591 1625 1644 itt
1655 1591 1756 1643 Do-

212 1687 321 1738 mini
353 1695 637 1754 potestate;
671 1683 756 1736 hic
787 1696 914 1736 vero
959 1682 1285 1750 Augustinus
1331 1682 1402 1735 ita
1433 1682 1533 1736 hoc
1557 1681 1748 1748 sumit,

1868 503 2048 572 Iusque
2094 511 2400 558 terratmotu
2450 505 2754 573 collapsas;
2798 507 3048 561 Dominus
3093 520 3260 562 noster
3288 512 3439 565 Jesus

1866 594 2095 647 (.‘hristus
2117 609 2312 660 semper
2332 593 2516 661 ubique
2537 612 2756 660 pra'sens
2773 606 2818 648 et
2844 613 2994 662 super
3017 608 3236 651 montem
3261 600 3439 652 Otii-eti

1869 684 2234 753 Hierosolymw
2257 686 2474 737 vicinum
2501 703 2606 739 sese
2629 687 2692 739 de
2720 688 2849 739 nube
2871 689 3229 756 ntanifestavtt.
3259 689 3440 743 Multa:

1848 782 1981 828 tunc
2006 775 2265 844 utriusque
2295 790 2465 844 sexus,
2508 783 2614 829 etc.
2645 777 2850 830 Talium
2887 780 3202 845 ineptiarum
3236 795 3328 849 per
3354 795 3439 832 sa-

1863 863 2106 917 cerdotes
2131 863 2293 918 didita
2321 864 2456 917 fama
2483 865 2731 920 facillime
2760 868 2898 920 inter
2917 869 3189 934 imperitos
3220 883 3438 938 sparge-

1864 953 2037 1016 batur,
2068 953 2309 1021 altasque
2335 955 2386 1007 in
2418 956 2609 1008 animis
2643 956 2851 1011 radices
2882 957 3090 1025 agebat.

1936 1045 2066 1099 Ibid.
2099 1045 2356 1113 Sitifensis
2400 1047 2551 1100 etiam
2599 1049 2774 1101 civitas
2807 1050 3102 1116 gravissimo
3144 1061 3433 1104 terrcemotu

1861 1149 2102 1187 concussa
2126 1133 2240 1204 est.]
2268 1134 2452 1199 Sitiﬁs,
2481 1151 2598 1204 qua:
2629 1139 2912 1205 provincia:
2944 1140 2994 1191 in
3023 1139 3201 1192 Africa
3238 1155 3430 1194 nomen

1864 1224 2032 1290 dedit,
2064 1223 2115 1278 id
2148 1232 2230 1279 est
2258 1225 2585 1279 Mauritaniae:
2625 1226 2884 1281 Sitifensi.
2934 1228 3007 1282 De
3035 1229 3134 1283 hoc
3163 1229 3277 1296 ejus
3308 1231 3434 1284 ciri-

1868 1316 1990 1369 tatis
2014 1324 2318 1370 terrremotu
2348 1331 2413 1370 an
2441 1318 2785 1372 meminerint
2807 1319 2895 1372 alii
2936 1335 3040 1374 non
3089 1321 3256 1375 habeo
3285 1338 3433 1376 com-

1864 1415 2093 1475 pertum.
2150 1408 2468 1476 Episc0pum
2521 1424 2649 1464 sane
2696 1411 2832 1465 Sitift
2865 1421 2972 1463 tum
3014 1411 3175 1466 fuisse
3227 1425 3433 1468 constat

1860 1497 2141 1560 Novatum,
2175 1499 2259 1565 qui
2289 1510 2340 1552 et
2374 1499 2475 1552 hoc
2505 1501 2616 1568 ipso
2646 1517 2786 1554 anno
2810 1503 3049 1557 interfuit
3092 1505 3317 1571 Subscri,
3338 1507 3432 1559 sit-

1858 1605 1964 1654 que
1993 1590 2222 1642 concilio
2241 1588 2665 1658 Carthaginiensi,
2709 1601 2828 1661 post
2855 1596 3182 1648 consulatum
3214 1597 3431 1650 Honorii

1860 1694 1952 1742 xu,
1975 1687 2031 1732 et
2061 1681 2239 1745 paucis
2271 1689 2394 1733 ante
2419 1683 2572 1735 annis
2594 1683 2864 1736 collationi
2889 1699 3100 1754 quoque
3131 1687 3432 1741 Donati~ta-

206 1778 338 1843 quasi
359 1776 679 1844 significaret
706 1773 990 1827 Dominum
1016 1782 1279 1826 mortuum
1299 1772 1480 1826 fuisse.
1505 1775 1750 1826 Attamen
1788 1784 1829 1842 ις
1859 1784 1973 1821 runt
1999 1767 2260 1821 adfuerat.
2289 1769 2606 1824 SIRMONDUS.

205 1873 292 1921 inc
315 1869 515 1928 inloco,
545 1865 694 1936 quasi
723 1879 817 1933 per
847 1863 1208 1933 parenthesin,
1240 1865 1560 1918 adnotaruut
1593 1864 1753 1918 libra-

201 1961 292 2010 r.i:
324 1959 402 2009 hic
431 1958 840 2010 acclamarerunt
890 1956 975 2022 qui
1016 1965 1370 2026 cognoverunt.
1419 1955 1551 2009 Cum
1598 1955 1755 2008 sibilo

197 2051 357 2118 dignis
376 2050 762 2104 acclamaretur
785 2090 799 2114 ,
835 2047 958 2117 quid
989 2056 1284 2116 Supererat,
1319 2047 1419 2100 nisi
1472 2057 1525 2099 ιιι
1555 2048 1753 2115 optima

196 2157 406 2209 qua-que
437 2139 707 2193 fastidiose
751 2136 1118 2206 rcjicercntur,
1159 2147 1246 2189 aut
1277 2136 1563 2189 oscitanter
1604 2136 1754 2189 audi—

199 2240 373 2284 rentur
397 2231 461 2280 ab
490 2227 673 2282 Afris?
703 2226 778 2280 De
805 2225 1274 2282 acclamationibus
1303 2225 1468 2290 hisac,
1502 2226 1620 2278 vide
1653 2242 1749 2276 no-

195 2332 290 2374 tata
321 2321 383 2373 ad
415 2335 547 2388 opus
580 2319 646 2373 de
681 2317 927 2373 Doctrina
958 2316 1254 2371 Christiana
1287 2318 1377 2370 lib.
1406 2332 1477 2383 tv,
1509 2332 1626 2385 cap.
1660 2317 1750 2383 ‘24,

195 2417 242 2465 in
270 2425 393 2465 tom.
419 2410 508 2465 Ill.

254 2502 280 2573 §
309 2503 360 2557 6.
396 2501 568 2556 Terror
593 2500 757 2555 motus
782 2500 953 2571 magni
983 2500 1045 2553 de
1070 2498 1408 2552 Orientalibus
1431 2499 1750 2560 nuntiantur,

189 2591 443 2646 nonnulla:
464 2607 663 2661 ntagme
692 2591 962 2659 repentinis
1006 2588 1163 2659 (adde
1192 2589 1422 2652 casibus,
1455 2599 1541 2640 aut
1567 2589 1748 2655 ruinis)

187 2684 424 2749 collapsa!
451 2691 567 2735 sunt
599 2679 865 2749 civitates]
901 2681 970 2732 De
1001 2679 1082 2731 his
1114 2678 1445 2731 Marcellinus
1473 2692 1674 2739 comes,
1701 2677 1751 2730 in

179 2774 464 2835 Chronico,
489 2771 732 2824 Monaxio
763 2779 818 2824 et
847 2769 1015 2822 Plinta
1041 2781 1207 2834 ccss.,
1232 2767 1295 2819 ad
1327 2781 1523 2818 annum
1555 2764 1750 2818 Christi

179 2865 207 2916 4
224 2864 310 2915 19;
338 2862 514 2914 Multae
526 2860 826 2914 'Palazstina:
847 2860 1074 2912 civitates
1097 2857 1326 2926 cillccque
1346 2865 1628 2909 terrtemotu
1650 2854 1756 2907 col-

177 2952 353 3020 lapsm.
393 2951 572 3004 Mulae
609 2950 1193 3016 tuneutriusquesexus
1223 2947 1502 3002 vicinarum
1532 2947 1752 3014 gentium

176 3046 429 3105 nationes,
460 3051 564 3095 tam
603 3042 709 3093 visu
741 3056 892 3110 quam
925 3040 1099 3091 auditu
1137 3038 1430 3105 pet-territat,
1469 3047 1615 3104 atque
1639 3053 1750 3090 cre-

1910 1856 1954 1926 -§
1983 1859 2035 1911 ϐ.
2071 1855 2237 1910 Pauci
2260 1860 2464 1926 quidem
2503 1861 2827 1925 convenistis,
2859 1862 2948 1914 sed
2970 1863 3013 1915 si
3049 1863 3170 1916 bene
3196 1865 3428 1925 audistis,

1855 1947 2176 2019 abundatis.]
2213 1948 2335 2004 Ideo
2361 1951 2515 2017 pauci
2543 1954 2607 2004 ad
2654 1952 2957 2018 ecclesiam,
2983 1955 3099 2021 quia
3133 1956 3342 2021 plurimi
3365 1959 3429 2011 ad

1858 2041 2221 2112 speetaculutn
2252 2043 2644 2098 conﬂuxerant.
2675 2042 3088 2113 ClnySOstomus
3114 2046 3179 2099 dc
3208 2058 3430 2115 specta—

1855 2133 1975 2186 culo
2005 2131 2253 2194 circensi,
2283 2132 2334 2185 in
2358 2133 2577 2186 exordio
2597 2135 2866 2187 sermonis
2891 2136 2954 2186 de
2973 2134 3429 2190 Consubstuntiali:

1854 2224 1999 2277 Πάλιν
2029 2222 2386 2295 ἱπποδρομίαι,
2442 2225 2522 2277 καὶ
2568 2223 2762 2277 πάλινὸ
2803 2225 3042 2295 σύλλογος
3070 2228 3184 2299 ἡμῖν
3214 2229 3428 2284 ἐλάττων

1853 2316 2046 2386 γέγδνεν
2076 2354 2086 2364 .
2113 2312 2309 2366 lterum
2341 2315 2612 2377 circensia,
2661 2321 2706 2365 et
2732 2315 2918 2367 iterum
2945 2316 3011 2367 ad
3039 2333 3128 2368 nos
3168 2318 3428 2386 pauciores

1854 2415 2206 2459 convenerunt.
2224 2407 2372 2460 Astet
2388 2409 2463 2459 ius
2486 2406 2766 2476 episc0pus
2789 2408 2857 2461 de
2890 2409 3025 2462 festo
3051 2409 3426 2464 colendarum:

1853 2499 2020 2552 Πολλοὶ
2043 2507 2387 2572 προτιμῶντες
2416 2505 2504 2557 τήν
2549 2498 2603 2552 ἐκ
2645 2508 2735 2558 τῆς
2766 2500 3098 2569 ματαιότῆτος
3126 2511 3314 2577 τρυφήν
3344 2511 3428 2558 καὶ

1852 2590 2127 2657 ἀσχολίαν,
2153 2592 2520 2660 ἀπελείφθησαν
2549 2595 2641 2644 τοῦ
2671 2593 2797 2644 κατὰ
2840 2595 2933 2647 τήν
2960 2591 3223 2650 ἐκκλησίαν
3252 2596 3428 2648 συλλὸ-

1851 2697 1944 2748 γου
1969 2694 1981 2729 :
2009 2677 2325 2746 Complures,
2379 2679 2498 2729 dum
2531 2680 2767 2731 vanitatis
2813 2681 3014 2732 inhiant
3051 2683 3384 2750 voluptatibus
3410 2725 3424 2746 ,

1854 2775 1900 2817 et
1930 2767 1982 2819 in
2005 2766 2106 2820 illis
2135 2778 2466 2836 occupantur,
2507 2769 2568 2821 ab
2599 2769 2822 2822 ecclesia:
2856 2781 3100 2824 conventu
3130 2775 3424 2841 obruerunt.

1859 2855 2180 2911 Smnormus.

1922 2951 2183 3007 SermOne
2213 2952 2302 3018 ΞΟ,
2335 2951 2361 3023 §
2387 2955 2432 3008 Ι.
2468 2953 2605 3008 Voce
2626 2972 2868 3021 consona,
2900 2973 3016 3011 voce
3054 2962 3308 3020 concordi,
3336 2978 3427 3030 pro

1853 3041 1962 3111 ipso
1993 3042 2145 3095 corde
2166 3052 2360 3107 nostra,
2386 3043 2661 3099 Dominum
2685 3047 3006 3115 deprecantes
3029 3050 3271 3114 diximus,
3297 3051 3427 3119 ctc.‘]

174 3133 336 3196 dulce,
368 3148 514 3185 sacro
537 3130 726 3184 Christi
748 3131 886 3198 {ante
914 3129 1100 3181 ablutce
1129 3138 1279 3192 sunt;
1307 3128 1631 3194 omniumque
1659 3131 1746 3177 ba-
1781 3127 1825 3188 C
1861 3129 1914 3183 ln
1944 3128 2264 3185 Collectorio
2295 3132 2612 3186 Sermonum
2646 3150 2764 3204 pag.
2793 3138 2846 3200 5,
2881 3147 2932 3189 et
2964 3137 3013 3190 in
3039 3139 3226 3193 codice
3247 3141 3304 3194 S.
3342 3140 3428 3194 Vi-

170 3222 486 3284 ptizatorum
516 3224 572 3274 in
596 3221 777 3276 tunicis
804 3236 929 3273 crux
951 3218 1137 3272 Christi
1168 3219 1471 3281 Saluatoris,
1503 3217 1751 3269 Divinita-

168 3313 233 3363 tis
265 3325 420 3378 nutu,
454 3312 706 3380 extemplo
755 3313 1003 3379 impressa
1049 3310 1269 3380 refulsit.
1303 3309 1498 3364 Idatius
1540 3324 1750 3378 quoque

165 3412 363 3458 noster
395 3406 445 3458 in
475 3405 782 3458 Chronico:
817 3401 1046 3455 Durante
1094 3403 1327 3470 episcopo
1353 3417 1452 3469 quo
1479 3417 1634 3468 supra
1674 3400 1750 3469 (id

161 3505 250 3548 est
282 3496 538 3564 Joanne),
568 3495 864 3564 gravissimo
895 3504 1182 3546 terrcemotu
1219 3501 1394 3544 sancta
1415 3492 1466 3542 in
1503 3490 1752 3543 Hierusa-

161 3585 266 3637 lem
294 3587 413 3639 loca
446 3595 789 3654 quassantur;
817 3592 870 3638 ct
903 3585 953 3637 in
989 3583 1160 3636 Fastis
1208 3581 1456 3636 Mouaxio
1487 3591 1538 3632 et
1581 3580 1749 3633 I’linta

156 3689 315 3729 οδες.
338 3694 351 3729 :
382 3677 432 3729 Il
439 3679 479 3731 is
499 3676 794 3730 consulibus
821 3674 881 3729 S.
927 3673 1155 3726 Joannes
1178 3671 1445 3738 epistolam
1471 3670 1642 3739 dirigit
1667 3685 1754 3737 per

153 3762 435 3819 Eeclesias
457 3767 592 3819 orbis
617 3776 888 3828 terrarum,
921 3776 1042 3832 qua:
1063 3761 1296 3825 habetur,
1328 3762 1389 3813 de
1413 3760 1570 3830 signis
1597 3770 1754 3814 terro-

150 3853 414 3922 ribusque
440 3855 679 3908 divinitus
711 3854 1029 3921 perpetratis.
1066 3850 1386 3904 SIMIONDUS.

229 3944 380 3996 Ibid.
415 3944 613 3997 Praeter
639 3957 703 3996 ea
735 3957 852 4010 qua:
902 3941 1062 3994 habet
1092 3940 1424 3993 Marcellinus
1451 3947 1503 3990 et
1535 3937 1753 4004 Idatius,

149 4032 630 4086 circumstantiam
674 4031 995 4099 singularem
1036 4030 1180 4083 addit
1210 4028 1554 4094 Augustinus,
1581 4028 1632 4079 in
1663 4041 1753 4080 se-

149 4125 467 4189 quentibus
496 4124 694 4177 verbis.
723 4123 937 4176 .ludteos
983 4122 1124 4175 enim
1167 4121 1324 4174 doci-t
1373 4119 1536 4172 fuisse
1562 4132 1656 4171 eos
1701 4119 1753 4171 in

149 4229 407 4277 quorum
450 4214 644 4268 tunicis
691 4227 897 4275 cruces,
935 4221 1212 4280 postquam
1247 4211 1496 4279 baptizati
1539 4209 1754 4264 fuerunt

151 4315 502 4373 enttspectte.
536 4306 746 4371 Territi,
775 4304 962 4373 inquit,
983 4303 1123 4372 apud
1145 4301 1538 4370 Jerosolymam,
1565 4303 1648 4369 qui
1678 4304 1754 4354 ins

151 4408 315 4446 erant
350 4396 560 4463 Judaei,
592 4396 796 4464 pagani,
824 4394 1194 4456 catcchunteni,
1223 4408 1394 4444 omnes
1435 4403 1548 4444 sunt
1589 4392 1754 4460 bapti-

1853 3223 2016 3276 ctoris
2045 3221 2130 3276 CC.
2163 3221 2246 3288 16,
2271 3223 2549 3292 subjicitur
2567 3227 2800 3279 sermoni
2831 3227 2902 3279 De
2916 3227 3200 3281 humilitate
3220 3232 3428 3300 agenda:

1857 3315 2162 3382 paenitentitc
2181 3327 2229 3369 et
2259 3316 2321 3369 de
2347 3321 2542 3386 psalmo
2570 3334 2618 3384 ι,
2649 3318 2885 3373 Miserere
2907 3323 3001 3373 mei
3029 3320 3329 3390 Deus.-qute
3352 3333 3430 3376 est

1854 3403 2073 3457 homilia
2101 3405 2173 3458 28
2196 3405 2261 3458 tIe
2287 3408 2693 3476 quinquaginta.
2718 3411 2891 3474 Quare
2932 3411 3074 3463 illius
3117 3411 3166 3463 in
3203 3421 3428 3476 utroque

1855 3493 2129 3562 inscriptio
2155 3505 2235 3548 est
2260 3511 2274 3546 :
2305 3495 2381 3547 De
2402 3512 2546 3549 versu
2569 3498 2792 3562 ejusdem
2817 3500 3020 3567 psalmi,
3053 3499 3151 3552 Cor
3182 3501 3426 3552 mundum

1854 3599 1968 3637 crea
2009 3585 2059 3636 in
2091 3600 2188 3648 me,
2220 3583 2383 3638 Deus.
2431 3583 2696 3638 thtcrutn
2733 3602 2850 3656 qua:
2905 3588 3343 3642 desiderabantur
3373 3591 3426 3643 in

1855 3674 2146 3742 exemplari
2178 3675 2375 3742 scripto
2428 3675 2479 3728 in
2520 3679 2759 3741 cortice,
2791 3676 2931 3746 quod
2970 3678 3211 3732 mutilum
3240 3687 3292 3734 et
3313 3683 3430 3734 ace-

1858 3765 2075 3834 phalum
2104 3774 2236 3831 erat,
2271 3765 2448 3818 omnia
2484 3767 2846 3835 supplevimus
2873 3783 2938 3823 ex
2971 3769 3258 3823 Victorino.
3309 3772 3428 3825 Col-

1857 3855 2062 3908 Iectorli
2114 3855 2254 3908 enim
2289 3855 2321 3908 5
2350 3855 2514 3922 partis
2544 3867 2597 3910 et
2621 3858 2952 3921 sequentium
2995 3858 3166 3912 solum
3200 3859 3425 3916 indicem

1858 3946 1994 3999 nacti
2028 3960 2229 3999 sumus.
2262 3945 2583 4000 Stmtoxuus.

1928 4033 2052 4086 Post
2080 4034 2404 4105 sermonem]
2437 4035 2633 4090 Similis
2657 4036 2778 4090 huic
2826 4037 3077 4092 allocutio
3111 4039 3279 4106 plebis
3310 4049 3427 4109 post

1859 4140 2162 4180 sermonem
2197 4127 2417 4192 legitur,
2458 4125 2512 4177 in
2548 4127 2652 4179 line
2699 4126 2767 4179 5‘2
2798 4126 2866 4180 de
2892 4128 3069 4182 verbis
3103 4129 3304 4183 Domini
3332 4149 3344 4183 :
3378 4147 3432 4186 et

1859 4223 1978 4282 post
2028 4228 2347 4279 sermonem,
2401 4213 2548 4279 Quod
2584 4216 2735 4268 novit'
2769 4219 2955 4271 caritas
2994 4227 3156 4271 vestra
3203 4225 3434 4288 sugger.'-

1859 4322 1994 4368 mus,
2028 4313 2133 4358 etc.
2169 4303 2315 4357 lunt.

1939 4396 1965 4464 §
2000 4393 2052 4446 5.
2084 4395 2434 4448 Eahortamur
2463 4398 2726 4450 caritatem
2772 4408 2986 4451 vestram
3022 4407 3078 4450 ut
3133 4398 3346 4468 impigre
3389 4405 3434 4452 et

154 4489 293 4540 sati.
316 4490 570 4542 Dicuntur
588 4490 802 4558 fortasse
824 4487 1062 4556 baptizuti
1080 4494 1268 4552 septem
1288 4483 1445 4536 millia
1470 4484 1752 4535 hominum.
1787 4488 1836 4548 Ι)
1863 4487 2129 4557 vigilanter
2157 4487 2304 4539 verba
2336 4487 2448 4551 Dei,
2478 4489 2877 4541 ministrantibus
2903 4489 3201 4558 presbyteris
3235 4506 3275 4541 vi
3293 4505 3318 4541 s
3343 4504 3435 4542 au-

159 4576 403 4644 Signum
447 4579 632 4631 Christi
678 4579 730 4630 in
781 4576 997 4629 vestibus
1038 4575 1336 4627 Judceorum
1389 4575 1758 4642 baptizatorum

161 4671 442 4733 apparuit.
481 4670 661 4722 lielatu
692 4668 907 4736 fratrum
954 4667 1182 4733 ﬁdelium
1211 4665 1621 4718 constantissimo
1663 4665 1757 4717 ista

166 4759 504 4811 nuntiantur.
539 4758 702 4811 Multo
729 4757 1036 4811 credibilius
1063 4757 1232 4820 foret,
1274 4757 1316 4809 si
1347 4756 1640 4809 inﬁdelium
1674 4770 1758 4809 re-

169 4843 285 4899 latu
314 4849 689 4903 conﬁrmatum
721 4846 939 4911 fuisset;
973 4846 1157 4899 tideles
1184 4845 1330 4899 enim
1364 4845 1518 4898 lacile
1567 4845 1755 4899 crede-

179 4933 310 4988 bant
341 4938 728 5000 sacerdotibus,
759 4937 951 5004 quibus
993 4935 1125 4988 lides
1172 4933 1380 4987 detrahi
1412 4949 1518 4986 non
1547 4947 1758 5002 semper

183 5031 296 5079 tuto
329 5030 498 5096 potuit
526 5041 577 5081 et
601 5029 712 5098 qui,
741 5028 850 5095 jam
887 5028 950 5080 iis
998 5025 1228 5089 saeculis,
1277 5024 1595 5078 Christiana:
1637 5025 1762 5077 reli-

189 5115 348 5183 gioni,
381 5118 649 5173 lraudibus
676 5119 803 5186 piis,
845 5116 1040 5170 famam
1072 5125 1217 5170 recte
1273 5114 1449 5183 parari
1483 5114 1758 5181 putabant.

192 5208 317 5263 Cum
346 5225 474 5265 vero
499 5210 675 5278 spargi
701 5210 768 5263 ab
796 5211 1050 5279 episcopo
1075 5207 1345 5276 quidpiam
1379 5215 1634 5274 eruperat,
1669 5205 1758 5259 alii

201 5303 347 5355 totius
369 5302 596 5366 ordinis,
619 5302 727 5354 imo
749 5301 1064 5354 Christiana:
1088 5299 1360 5366 religionis
1386 5299 1646 5354 interesse
1669 5315 1763 5367 pu-

206 5393 368 5446 tabant
389 5407 571 5446 verum
590 5393 639 5445 id
663 5392 851 5445 videri.
883 5391 1117 5444 Indidem
1145 5399 1266 5443 nata
1287 5390 1388 5443 alia
1411 5392 1762 5444 circumstan-

207 5489 455 5553 tia,quam
485 5484 643 5538 habet
677 5484 1030 5547 Marcellinus,
1065 5483 1184 5535 loco
1209 5497 1235 5533 a
1268 5482 1553 5537 Sirmondo
1575 5484 1757 5549 allato,

208 5589 250 5631 et
285 5593 395 5646 qua:
422 5588 519 5629 cur
548 5574 746 5628 omissa
784 5592 810 5626 τι
833 5575 1150 5628 doctissimo
1193 5574 1386 5642 jcsuita
1427 5574 1494 5627 sit
1535 5575 1759 5638 nescio;

212 5668 299 5723 nisi
325 5667 458 5720 forte
490 5665 735 5719 fabellam
779 5670 1079 5719 exscribere
1107 5678 1225 5718 eutn
1257 5662 1443 5731 piguit.
1470 5665 1558 5716 Sic
1605 5663 1748 5716 cnim

1862 4577 1972 4630 dire
2012 4593 2111 4629 non
2153 4576 2366 4646 pigeat.]
2399 4577 2630 4632 Verbum
2679 4577 2770 4632 Dei
2815 4579 2914 4630 soli
2969 4576 3094 4630 olim
3126 4578 3176 4630 in
3210 4578 3435 4631 ecclesia

1863 4667 2222 4735 prmdicabant
2239 4668 2499 4737 episcopi.
2520 4683 2745 4738 quorum
2771 4669 2820 4720 id
2854 4667 3068 4734 proprie
3088 4678 3278 4719 munus
3300 4675 3434 4722 mit.

1863 4758 1991 4811 Post
2040 4759 2199 4811 etiam
2249 4759 2610 4828 presbyteris,
2641 4758 2732 4810 sed
2768 4771 2870 4808 non
2928 4769 3031 4804 uno
3078 4754 3215 4820 apud
3247 4769 3435 4810 omnes

1869 4857 2142 4916 tempore,
2193 4850 2532 4915 permissum.
2593 4847 2752 4898 Primi
2794 4842 3091 4896 Orientales
3123 4855 3438 4912 cmpernnt,

1864 4939 2005 5007 quod
2029 4948 2082 4991 et
2107 4938 2265 4990 Pierii
2288 4937 2580 5006 presbyteri
2605 4933 2743 5000 apud
2760 4932 3177 4999 Alexandrinos,
3201 4944 3254 4989 et
3273 4936 3438 5006 Chry-

1865 5029 2088 5084 sostomi
2133 5027 2306 5080 adhuc
2348 5027 2473 5079 item
2529 5026 2823 5094 presbyteri
2868 5025 3006 5092 apud
3053 5027 3436 5092 Antiochenos,

1868 5121 2200 5186 aliorumque
2231 5117 2365 5186 apud
2399 5116 2530 5169 alios
2571 5116 2820 5185 exempla
2851 5116 3145 5170 declarant.
3179 5117 3234 5170 In
3263 5118 3439 5171 Africa

1870 5210 2175 5264 inusitatum
2205 5209 2299 5262 luit
2344 5218 2466 5262 ante
2491 5209 2872 5276 Augustinum,
2915 5208 3001 5261 cui
3054 5208 3278 5276 primum
3323 5219 3441 5260 om-

1872 5303 2040 5364 nium,
2065 5301 2203 5369 apud
2234 5299 2626 5367 l-Iipponcm,ea
2662 5309 2894 5366 potestas
2917 5301 3052 5353 iacta
3074 5308 3154 5352 est
3177 5314 3204 5350 a
3237 5297 3443 5350 Valerio

1874 5393 2146 5459 episcopo.
2179 5392 2443 5444 Possidius
2476 5391 2527 5444 in
2567 5389 2682 5456 ejus
2711 5390 2812 5443 vita
2838 5404 2955 5456 cap.
2987 5389 3058 5441 5:
3104 5387 3289 5439 Eidem
3331 5402 3444 5453 pre-

1873 5485 2072 5551 sbytero
2099 5492 2395 5550 potestatem
2426 5483 2560 5533 dedit
2583 5497 2752 5534 coram
2777 5496 2851 5541 se,
2874 5480 2926 5531 in
2953 5477 3183 5541 ecclesia,
3223 5476 3446 5546 Evangea

1872 5573 1999 5623 lium
2050 5572 2364 5637 prtedicandi
2405 5587 2464 5622 ac
2498 5569 2898 5638 frequentissime
2942 5566 3234 5630 tractandi,
3273 5578 3448 5620 contra

1872 5678 2016 5715 usum
2039 5664 2238 5729 quidem
2271 5671 2316 5713 et
2343 5660 2760 5714 consuetudinem
2793 5655 3156 5724 Africanarum
3187 5654 3447 5711 Ecclesiau
