3900 6310
511 304 615 359 587

1394 278 1941 340 SUPPIﬁMENTUM
1985 278 2072 332 AD
2112 275 2340 331 0PM“
2381 274 2438 330 S.
2485 271 2871 330 A‘UGUSTLn.

3647 269 3744 324 588

509 429 646 468 rum.
674 406 863 462 \‘alerii
891 403 1195 470 exemplum
1219 405 1402 470 postea
1432 395 1600 449 secuti
1624 401 1747 447 sunt
1774 391 1889 456 alii,
1911 401 1966 445 et
1980 390 2089 444 Au—
2117 391 2161 451 Ἀ
2190 389 2429 442 desiderii
2452 391 2523 441 tui
2551 386 2878 455 prosecutio.]
2901 381 3335 438 Manumissioncs
3366 389 3422 435 ut
3451 381 3501 432 in
3536 380 3743 436 ecclesia

513 505 674 556 relius
702 499 989 567 episcopus
1011 492 1368 558 Carthagine,
1401 486 1484 540 cui
1519 487 1618 539 hoc
1661 485 1874 537 nomine
1903 489 2086 550 gratu-

517 596 656 647 latus
680 604 760 643 ρει
787 587 1116 653 Augustinus
1140 581 1364 648 epistola
1393 577 1480 640 77,
1505 574 1645 646 quod
1680 587 1936 641 usurpare
1976 585 2088 624 ca:-

519 689 685 752 |iisset
713 691 766 734 ut
793 675 1108 747 presbyteri,
1142 680 1401 740 pra'sente
1421 669 1558 735 ipso,
1581 678 1884 719 sermonem
1900 662 2093 731 populo

516 776 826 828 inriderent.
862 768 1062 835 itaque,
1097 773 1346 829 tanquam
1378 773 1474 811 usu
1505 758 1614 825 jam
1649 755 1700 808 in
1737 753 1915 808 Africa
1947 765 2094 805 rece-

517 878 626 934 pto,
658 862 998 931 pre~byteros
1038 857 1087 907 in
1121 855 1221 906 hoc
1249 864 1472 919 genere,
1501 861 1624 900 cum
1666 842 1937 913 episcopis
1966 856 2093 895 con-

512 933 708 1025 jungit,
736 965 980 1005 sermone
1026 949 1094 1000 49
1135 945 1204 998 de
1227 942 1402 996 verbis
1436 937 1676 992 Domini:
1715 933 1964 1002 Nunquid
1995 947 2093 984 non

514 1048 741 1102 ascendit
789 1039 1067 1108 aliquando
1107 1047 1193 1089 aut
1245 1033 1527 1104 presbyter,
1572 1037 1660 1081 aut
1699 1027 1998 1094 episcopus,
2046 1033 2095 1075 et

518 1155 617 1190 non
649 1137 767 1188 dicit
799 1133 943 1185 aliud
970 1132 1033 1182 de
1059 1128 1317 1197 superiore
1345 1124 1478 1186 loco,
1511 1119 1611 1174 nisi
1635 1135 1696 1172 ne
1729 1118 2000 1185 rapiantur
2015 1130 2095 1167 res

515 1227 712 1278 alieme.
746 1222 895 1290 Apud
923 1218 1108 1273 Gallos
1138 1216 1312 1269 serius
1358 1220 1668 1278 usurpatum
1696 1205 1935 1268 videtur;
1970 1217 2095 1257 nam

521 1313 760 1384 synodus
787 1309 1033 1362 Vasensis
1065 1323 1124 1372 tt,
1145 1319 1264 1374 quae
1290 1313 1502 1358 centum
1533 1299 1686 1353 annis
1711 1295 1975 1365 posterior
1997 1293 2096 1347 luit

518 1405 838 1472 Augustino,
874 1399 1093 1452 verbum
1127 1393 1354 1449 faciendi
1387 1389 1714 1461 presbyteris
1740 1386 1833 1440 dat
1859 1393 2096 1455 potesta-

524 1506 650 1547 lelll.
687 1497 854 1545 Antea
884 1504 1011 1558 ergo
1039 1503 1144 1540 non
1175 1484 1427 1538 habuisse
1466 1485 1771 1548 conjectura
1798 1485 1903 1542 est,
1933 1488 2094 1545 quam

518 1582 813 1652 Cyprimus
855 1592 1066 1648 quoque
1115 1577 1373 1629 diaconus
1414 1572 1466 1626 in
1496 1568 1713 1624 Caesarii
1763 1565 2093 1622 Arelatensis

519 1673 761 1743 episcopi
796 1673 902 1724 vita
932 1670 1232 1723 conlirmat.
1266 1666 1593 1720 Sinuouous.

590 1765 719 1818 Ibid.
747 1763 798 1816 ln
821 1765 1055 1826 Oriente,
1083 1775 1185 1814 non
1230 1757 1526 1827 presbyteri
1566 1761 1772 1808 tantum
1807 1748 2092 1822 presenti-
2123 1745 2173 1806 B

519 1855 619 1910 bus
648 1855 933 1920 episcopis,
957 1852 1048 1907 sed
1071 1852 1229 1904 etiam
1254 1848 1370 1902 laici
1391 1847 1482 1900 diu
1499 1854 1622 1899 ante
1642 1843 1799 1898 Pierii
1833 1850 2098 1910 tempora,

523 1946 789 2000 interdum
817 1943 1290 1997 concinnabantur.
1323 1938 1514 2007 Liquet
1545 1937 1647 1989 hoc
1669 1949 1733 1989 ex
1757 1930 1951 2001 insigni
1983 1929 2102 1985 loco

525 2037 736 2090 Eusebii
772 2037 906 2088 llist.
941 2036 1142 2088 Ecclcs.
1175 2033 1268 2086 lib.
1299 2047 1372 2096 vt,
1399 2045 1517 2096 cap.
1550 2028 1633 2095 l9,
1659 2026 1746 2080 ubi
1775 2026 1845 2080 ita
1873 2023 1942 2077 de
1980 2021 2103 2075 Ori-

521 2144 655 2196 gcue
685 2145 696 2178 :
729 2127 902 2180 Ἐλθών
931 2127 1013 2178 ἐπὶ
1035 2125 1385 2186 υα).αιστίνης,
1413 2123 1462 2173 ἐν
1485 2119 1770 2191 Καισαρείᾳ
1791 2122 1883 2176 τὰς
1911 2112 2105 2184 διατριο

526 2221 619 2279 ϐας
659 2222 896 2280 ἐποιεῖτο,
929 2217 1042 2271 Ma
1071 2219 1152 2269 καί
1195 2213 1543 2282 διαλέγεσθαι,
1571 2212 1661 2268 τὰς
1689 2229 1743 2263 τι
1775 2210 1908 2265 θείας
1945 2205 2104 2278 ἑρμη-

522 2313 676 2362 νεύειν
697 2311 895 2381 γραγὰς
928 2310 1007 2360 ἐπὶ
1029 2312 1117 2361 τοῦ
1150 2309 1314 2356 κοινοῦ
1342 2311 1431 2361 τῆς
1455 2300 1748 2358 Ἐκκλησίας
1776 2297 1822 2350 oi
1849 2294 1965 2368 τῇδε
1993 2295 2105 2346 ini.-

523 2418 724 2460 σκοποι,
749 2399 832 2449 καί
851 2417 928 2450 τοι
948 2403 1036 2453 τῆς
1057 2399 1147 2446 τοῦ
1171 2391 1548 2465 πρεσϐυτερίου
1573 2389 1889 2461 χειροτονίας
1911 2382 2105 2438 οὐδέπω

523 2485 866 2555 τετυχηκότα,
895 2487 1043 2537 αὐτὸν
1071 2484 1258 2546 ἠξίουν.
1281 2478 1342 2534 ⁸0
1365 2481 1446 2532 καί
1466 2480 1588 2532 αὐτὸ
1607 2476 1781 2548 γένοιτ’
1804 2469 1863 2528 ἂν
1888 2470 2101 2534 ἔκδηλον,

523 2577 606 2646 ἀφ’
643 2575 707 2628 ὧν
745 2578 860 2648 περὶ
894 2576 1074 2628 τούτου
1115 2574 1380 2644 Δημητρίῳ
1413 2571 1686 2645 γράφοντες
1717 2563 2036 2638 Ἀλέξανδρος
2081 2563 2108 2618 ὁ

522 2664 889 2740 Ἰεροσολύμων
930 2667 1208 2722 ἐπίσκοπος
1249 2664 1332 2714 καί
1358 2661 1657 2717 Θεόκτιστος
1696 2656 1723 2711 ὁ
1768 2657 2105 2728 Καισαρείας,

523 2757 615 2814 ὧδέ
666 2779 775 2817 πως
819 2756 1205 2828 ὰπολογοῦνται⁶
1255 2752 1527 2826 Προσέθηκι
1568 2746 1621 2802 δὲ
1662 2753 1766 2806 τοῖς
1806 2744 2108 2819 γράμμασιν

527 2849 608 2905 ὅτι
635 2858 786 2905 τοῦτο
816 2846 1055 2901 οὐδέποτε
1080 2841 1317 2903 ἠκούσθη.
1348 2838 1456 2895 οὐδὲ
1485 2845 1571 2893 νῦν
1594 2838 1878 2908 γεγένηται,
1908 2835 1983 2897 τὸ,
2011 2855 2110 2887 πα-

526 2943 712 3016 ρόντων
748 2938 1066 2999 ἐπισκόπων,
1096 2935 1298 2991 λαῐκοὺς
1321 2931 1541 3011 ῥμιλιῐν,
1574 2931 1665 2982 οὐκ
1695 2925 1785 2982 οἶδ’
1817 2925 1954 2985 ὅπως
1983 2945 2111 2996 προ-

527 3015 687 3099 φανῶς
719 3028 807 3080 οὐκ
834 3026 987 3080 ἀληθῆ
1014 3024 1186 3091 λέγων·
1220 3018 1344 3072 ὅπου
1378 3023 1496 3090 ’γοῦν
1527 3017 1846 3087 εὑρίσκονται
1865 3015 1910 3065 oi
1933 3015 2108 3072 ἐπιτήο

527 3119 650 3170 δειοι
680 3117 808 3188 πρὸς
835 3116 892 3167 τὸ
920 3113 1121 3183 ὠφελεῖν
1160 3112 1281 3168 τοὺς
1306 3106 1564 3177 ἀδελφοὺς,
1595 3108 1679 3158 καὶ
1705 3104 2108 3180 παρακαλοῦνται
2132 3087 2182 3156 C

529 3217 599 3278 τῷ
625 3209 727 3278 λαῷ
756 3204 1080 3278 προσομιλεῖν
1107 3202 1209 3255 ὑπὸ
1251 3207 1350 3254 τῶν
1390 3198 1545 3269 ἁγίων
1579 3195 1896 3260 ἐπισκόπων,
1929 3197 2106 3270 ὥσπερ

529 3299 579 3350 ἓν
609 3294 882 3370 Λαρανδοις
923 3291 1132 3351 Busirin;
1162 3293 1261 3346 ὑπὸ
1299 3293 1486 3349 Νέωνος
1507 3328 1521 3353 ,
1554 3291 1640 3343 καί
1683 3289 1732 3342 ἐν
1751 3291 1928 3357 Ἰκονίῳ
1963 3293 2112 3340 Παυ-

529 3386 655 3447 λῖνος
683 3387 784 3440 ὑπὸ
815 3386 998 3438 Κέλσου
1029 3388 1107 3438 καί
1136 3385 1182 3436 ἐν
1204 3379 1466 3442 Συννάδοις
1487 3379 1743 3454 Θεόδωρος
1763 3380 1865 3435 ὑπὸ
1882 3385 2108 3434 ’Δττικοῦ

531 3489 628 3536 τῶν
655 3481 915 3551 μακαρίων
939 3475 1178 3548 ἀδελφῶν.
1211 3475 1265 3530 id
1290 3483 1393 3542 est,
1428 3474 1720 3542 interprete
1753 3470 1983 3526 Henrico
2011 3469 2113 3523 Va-

533 3570 694 3624 lesio:
727 3568 1059 3622 Palwstinam
1085 3568 1223 3638 petiit
1247 3575 1294 3619 et
1338 3563 1584 3619 Cazsarea:
1604 3563 1924 3616 domicilium
1953 3562 2109 3629 ﬁxit;

532 3663 616 3714 ubi
648 3663 794 3714 etiam
824 3661 885 3712 ab
910 3661 1047 3712 illius
1071 3658 1290 3729 regionis
1320 3656 1567 3724 episcOpis
1601 3662 1805 3722 rogatus
1834 3661 1906 3705 est
1935 3660 1990 3705 ut
2015 3667 2113 3720 pu-

536 3751 660 3803 blice
690 3753 740 3801 in
769 3749 980 3802 ecclesia
1028 3747 1316 3807 dissereret,
1340 3753 1386 3795 et
1425 3745 1622 3795 divinas
1679 3741 1994 3806 Scripturas,
2033 3748 2113 3792 ta-

536 3841 680 3892 metsi
707 3841 930 3890 nondum
959 3837 1216 3903 presbyter
1244 3834 1530 3896 ordinatus,
1557 3840 1849 3898 exponeret.
1875 3831 2035 3896 Atque
2057 3829 2112 3881 id

538 3931 861 3994 manifestum
894 3926 1046 3995 fuerit
1069 3925 1142 3977 vel
1172 3940 1233 3976 ea:
1259 3924 1320 3974 iis
1344 3939 1458 3991 qua:
1487 3921 1778 3975 Alexander
1806 3920 2112 3991 Hierosoly-

543 4033 742 4069 morum
771 4027 815 4068 et
850 4016 1163 4068 Theoctistus
1188 4013 1514 4067 Cazsariensis
1545 4014 1808 4083 episcopus
1841 4013 1909 4066 ad
1929 4013 2108 4066 Deme-

540 4107 714 4168 trium,
761 4120 853 4172 pro
899 4105 1058 4174 hujus
1101 4103 1228 4173 [acti
1270 4102 1587 4172 defensione,
1627 4102 1851 4154 scribunt
1895 4102 1948 4154 in
1976 4101 2113 4154 hunc

538 4197 745 4249 modum
773 4213 790 4250 :
816 4197 962 4261 Quod
985 4211 1100 4248 vero
1125 4198 1176 4249 in
1227 4196 1408 4249 litteris
1447 4195 1544 4248 tuis
1574 4193 1826 4261 adiecisti,
1855 4207 2112 4260 nunquam

538 4299 687 4342 antea
716 4291 898 4353 visum,
931 4305 1022 4342 nec
1043 4289 1210 4342 adhuc
1235 4289 1428 4358 factum
1457 4288 1636 4356 fuisse,
1666 4296 1740 4348 ut,
1785 4285 2113 4355 praesentibus

538 4385 807 4453 episwpis,
837 4384 957 4437 laici
985 4383 1426 4448 concionarentur,
1469 4382 1523 4434 in
1565 4397 1622 4434 eo
1663 4381 1830 4434 nescio
1859 4381 2110 4450 quomodo

538 4494 568 4529 a
598 4477 802 4529 veritate
823 4474 1116 4545 longissime
1141 4474 1408 4527 aberrasti.
1443 4471 1579 4526 Nam
1605 4473 1766 4526 sicubi
1794 4472 2111 4538 reperiantur

537 4568 623 4636 qui
654 4565 899 4636 fratribus
925 4564 1161 4633 prodesse
1189 4563 1402 4634 possint,
1431 4579 1514 4617 eos
1537 4564 1700 4616 sancti
1727 4562 1949 4631 episcopi
1976 4563 2111 4614 ultro

537 4659 873 4712 adhortantur
920 4666 975 4711 ut
1012 4658 1080 4710 ad
1131 4657 1378 4726 populum
1425 4656 1690 4708 conciones
1734 4653 1974 4706 habeant.
2021 4653 2111 4706 Sic

539 4752 750 4818 Euelpis
776 4751 1029 4804 Larnndis
1052 4758 1261 4820 rogatus
1284 4757 1358 4801 est
1389 4764 1420 4800 a
1451 4747 1645 4810 Neone,
1676 4743 1926 4797 Paulinus
1949 4741 2112 4797 Iconii

537 4858 565 4890 η
601 4842 746 4894 Celso
763 4881 780 4907 ,
803 4841 1104 4896 Theodorus
1124 4842 1261 4911 apud
1291 4838 1542 4910 Synnada
1569 4836 1632 4890 ab
1655 4835 1846 4902 Attico,
1872 4836 2111 4905 fratribus

539 4932 731 4982 nostris
767 4933 1016 4986 beatissin.
1027 4934 1089 4987 is.

613 5019 874 5074 Sermone
895 5021 983 5082 2!.
1018 5023 1044 5092 §
1075 5025 1124 5076 l.
1170 5023 1543 5087 Jocundabitur
1563 5023 1731 5086 iustus
1769 5019 1820 5071 in
1846 5016 2110 5090 Domino.]

542 5109 706 5176 Hujus
744 5111 1009 5164 sermonis
1042 5113 1243 5178 reliqua
1294 5122 1497 5165 tantum
1542 5119 1695 5165 erant
1740 5109 2031 5176 fragmenta
2059 5109 2111 5162 in

539 5201 722 5254 codice
747 5199 1001 5252 corticeo.
1055 5199 1318 5268 integrum
1350 5211 1532 5268 postea
1563 5200 1836 5267 exemplar
1880 5197 2110 5252 oll'endi-

541 5306 660 5344 nius
708 5290 758 5342 in
789 5287 974 5342 codice
1021 5288 1078 5342 S.
1114 5288 1343 5343 Victoris
1380 5291 1471 5343 CC
1503 5289 1588 5344 16.
1633 5289 1753 5342 Fuit
1783 5299 1836 5343 et
1867 5287 1918 5341 in
1946 5289 2110 5344 colle-

539 5381 714 5434 ctione
755 5377 1058 5432 cancellarii
1106 5378 1420 5434 Parisiensis
1474 5389 1622 5446 parte
1651 5380 1704 5441 3,
1738 5389 1792 5430 ut
1824 5393 1888 5432 ex
1934 5379 2108 5433 indice

540 5469 840 5523 ddicimus.
873 5467 1199 5524 Stuuouous.

608 5559 711 5624 §6.
768 5559 976 5613 Servum
1008 5570 1152 5612 tuum
1189 5557 1643 5610 manumittendunt
1684 5573 1838 5609 manu
1866 5559 2010 5610 ducis
2051 5561 2102 5610 in

540 5648 817 5702 ecclesiam.
844 5647 930 5702 Fit
952 5652 1230 5718 silentium,
1260 5649 1459 5704 libellus
1483 5659 1600 5702 tuus
1638 5648 1898 5716 recitatur,
1920 5661 2006 5703 aut
2043 5651 2103 5720 ﬁt

2195 499 2370 536 Curam
2399 482 2650 547 episcopo
2675 482 2850 531 facere
2874 477 3058 530 liceret
3077 516 3091 540 ,
3114 473 3448 527 Constantini
3479 472 3641 538 Magni
3664 474 3746 524 be-

2195 573 2384 624 neticio
2411 571 2667 622 indultum
2700 576 2801 632 est,
2835 578 2888 619 ut
2915 567 3044 618 alias
3070 563 3468 618 observavimus
3495 563 3558 615 ad
3591 561 3748 615 Enno-

2192 664 2366 724 dium;
2396 662 2533 728 apud
2566 675 2756 728 quem,
2807 657 2944 711 inter
2984 656 3268 724 opuscula,
3313 663 3486 707 exstat
3532 654 3750 713 libellus,

2193 766 2287 806 seu
2321 751 2626 818 petitoriuin
2659 749 2879 816 Agapeti
2924 747 3136 800 nomine
3163 744 3536 811 compositum,
3577 743 3626 797 in
3657 761 3753 812 qun

2193 841 2505 894 Cet-nntium
2552 841 2643 893 ille
2675 852 2886 891 servum
2917 853 3069 889 suum
3101 835 3347 888 libertate
3374 834 3560 887 donari
3586 847 3754 901 postu-

2196 933 2310 985 lans
2339 931 2405 984 ab
2434 931 2686 998 episcopo
2732 927 2983 982 desiderii
3030 928 3108 980 sui
3161 939 3352 980 causas
3397 926 3752 994 persequitur,

2195 1037 2312 1090 quae
2341 1037 2462 1076 cum
2488 1019 2768 1088 Augustini
2791 1018 2964 1072 verbis
2992 1014 3216 1071 miriﬁce
3239 1017 3595 1070 consentiunt.
3617 1014 3754 1068 lusu.

2195 1143 2264 1152 —
2302 1113 2487 1166 Exstat
2538 1110 2780 1164 columna
2815 1107 2948 1162 l7i9
2991 1107 3116 1159 tomi
3167 1103 3466 1160 [editionis
3513 1105 3756 1159 Parisina:

2195 1216 2414 1271 operum
2445 1201 2680 1253 omnium
2715 1197 2828 1252 Jac.
2865 1194 3155 1252 Sirmondi.

2269 1291 2400 1346 ibid.
2447 1289 2516 1344 Ut
2556 1290 2880 1342 manumittas
2917 1301 3116 1340 servum
3157 1295 3299 1338 tuum
3329 1284 3524 1354 frangis
3571 1284 3759 1337 tabulas

2197 1378 2354 1451 ejus.]
2384 1380 2794 1448 Frangehautur
2831 1378 2884 1431 in
2921 1374 3340 1430 manumissione
3381 1389 3660 1429 servorum
3691 1386 3760 1429 ta-

2199 1471 2338 1526 bulae
2359 1470 2554 1538 quibus
2575 1469 2774 1538 emptio
2797 1467 3008 1521 illorum
3030 1474 3084 1520 et
3111 1467 3348 1520 servitus
3376 1466 3759 1521 continebatur.

2199 1560 2527 1629 Augustinus
2543 1558 2702 1628 epist.
2734 1559 2796 1612 51
2817 1557 2884 1611 de
2910 1554 3225 1611 Donatistis:
3244 1555 3587 1610 Pessimorunt
3605 1573 3761 1610 servo-

2199 1666 2311 1704 rum
2329 1688 2343 1714 ,
2368 1659 2422 1702 ut
2451 1648 2593 1702 liberi
2619 1648 2968 1710 abscederent,
3005 1644 3188 1699 tabula:
3209 1645 3590 1716 frangebantur.
3621 1645 3762 1700 ineu.

2271 1739 2400 1794 ibid.
2425 1739 2499 1793 De
2519 1738 2618 1793 hac
2635 1737 3053 1792 manumissione
3074 1736 3166 1805 qui
3190 1736 3338 1804 plura
3364 1737 3593 1791 voluerit
3615 1738 3763 1793 adeat

2204 1832 2575 1888 doctissimum
2622 1831 3061 1901 jurisconsultum
3100 1831 3354 1886 Jacobum
3385 1832 3762 1888 Gothofredum

2204 1923 2271 1977 ad
2300 1923 2392 1979 lib.
2426 1939 2476 1976 tv
2497 1923 2696 1978 codicis
2725 1921 3100 1985 Theodosiani,
3134 1923 3216 1978 tit.
3246 1921 3302 1987 'l,
3334 1921 3446 1991 lege
3468 1923 3518 1978 1.

2275 2013 2537 2069 Sermone
2564 2013 2654 2078 9-4,
2690 2013 2716 2082 §
2749 2014 2798 2066 1.
2824 2010 3028 2066 Gratias
3057 2010 3272 2066 Domino
3297 2013 3402 2066 Deo
3430 2022 3622 2072 nostra.
3643 2013 3765 2080 etei

2207 2105 2412 2174 Egregii
2439 2105 2700 2158 sermonis
2745 2103 2958 2158 unicum
2989 2104 3262 2172 exemplar
3291 2105 3553 2168 vidimus,
3587 2105 3640 2157 in
3678 2121 3764 2158 co-

2205 2194 2324 2248 dice
2351 2195 2406 2250 S.
2435 2194 2663 2248 Victoris
2692 2192 2786 2249 CC
2814 2195 2898 2247 16.
2930 2193 3252 2248 Hecensetbr
3279 2204 3454 2248 tamen
3477 2209 3504 2247 a
3534 2195 3766 2248 Possidin

2206 2298 2324 2352 cap.
2352 2284 2384 2337 9
2417 2283 2652 2347 iudiculi,
2681 2294 2736 2338 et
2761 2284 2812 2337 in
2837 2281 3159 2338 Collectorio
3186 2284 3511 2348 cancellarii,
3546 2294 3694 2352 parte
3719 2286 3765 2338 5.

2207 2371 2528 2426 Sinni-unus.

2280 2461 2305 2532 ς
2334 2461 2387 2514 ‘2.
2419 2463 2640 2527 Lapides
2673 2463 2859 2516 mortui
2881 2465 3075 2517 utinam
3093 2465 3146 2518 in
3175 2479 3229 2518 te
3252 2466 3466 2518 sentiant
3495 2466 3766 2519 misericor-

2213 2557 2347 2608 diam
2373 2557 2601 2623 lapidum
2632 2555 2903 2626 rirorum.]
2925 2555 3142 2625 Lapides
3170 2568 3404 2612 mortuos
3432 2567 3583 2612 vocat
3602 2559 3766 2613 etimi-

2210 2660 2304 2699 cos
2325 2687 2339 2710 ,
2374 2656 2591 2715 propter
2619 2657 2894 2716 stuporem
2918 2688 2933 2712 ,
2965 2656 3019 2702 et
3064 2648 3255 2717 quibus
3293 2651 3366 2702 dii
3401 2651 3590 2703 similes
3638 2661 3768 2703 sunt.

2213 2733 2480 2789 Interdum
2513 2737 2612 2804 ipsi
2644 2737 2841 2791 ethnici
2879 2737 3038 2792 simili
3067 2740 3465 2808 comparatione
3509 2741 3590 2794 usi
3634 2749 3768 2795 sunt.

2207 2821 2489 2879 iuvenalis
2519 2834 2621 2879 sat.
2655 2825 2712 2892 8,
2744 2825 2850 2880 52:

2301 2988 2523 3082 tuuis;
2538 2992 2847 3082 catastas;
2866 2990 3136 3082 ίεῑιάρδξιιιέ
3158 2960 3656 3073 έ.ῖ..ῑιίεη’ἲιξς¹ὶ³ιρηηω.

2303 3077 2444 3146 {tullo
2468 3081 2648 3140 quippe
2674 3077 2766 3127 alio
2786 3077 2936 3128 vincis
2951 3077 3250 3146 diSci'imine,
3274 3096 3416 3143 quam
3439 3087 3568 3146 quod

2304 3137 2377 3186 illi
2401 3137 2724 3189 marmoreum
2747 3147 2893 3203 caput
2914 3149 3008 3201 est,
3028 3149 3109 3191 tua
3134 3137 3247 3194 tlvit
3270 3137 3444 3205 imago.

2282 3287 2308 3358 ᾗ
2341 3289 2393 3342 6.
2429 3288 2694 3354 Quomodo
2738 3288 2904 3344 Roma
2923 3330 2940 3356 ,
2969 3291 3044 3345 sic
3073 3301 3120 3346 et
3143 3291 3421 3364 Carthago.
3455 3293 3516 3349 Si
3539 3295 3590 3347 in
3619 3298 3770 3363 capite

2208 3383 2433 3451 gentium
2460 3396 2540 3434 res
2570 3382 2858 3450 prtecessit,
2900 3382 3124 3436 membra
3167 3398 3270 3437 non
3310 3392 3431 3437 sunt
3475 3384 3771 3454 secutura?]

2211 3470 2346 3524 Hinc
2373 3481 2594 3541 apparet
2616 3471 2939 3541 Carthagine
2959 3471 3197 3527 habitum
3219 3475 3384 3528 etiam
3410 3474 3550 3528 hunc
3577 3490 3772 3528 sermo.

2210 3575 2356 3625 nem,
2387 3572 2441 3616 et
2478 3563 2792 3630 episcopum
2819 3561 2978 3630 paulo
2999 3571 3124 3617 ante
3152 3562 3368 3632 intelligi
3400 3561 3648 3632 Carthagi
3691 3579 3772 3618 en-

2209 3664 2353 3716 sem;
2378 3659 2432 3706 et
2448 3650 2683 3717 judicem
2715 3650 2851 3704 intra
2880 3650 3275 3719 proconsulem,
3307 3654 3390 3707 cui
3419 3663 3721 3721 suggestum
3748 3666 3772 3704 ι

2211 3742 2527 3796 Christianis
2551 3741 2726 3796 luerat
2747 3751 2804 3796 ut
2829 3743 3042 3798 Herculi
3066 3743 3294 3799 illudere
3314 3744 3515 3800 liceret.
3545 3745 3772 3800 llerCulis

2212 3833 2412 3885 cultum
2460 3839 2714 3898 ceperant
2755 3829 3202 3900 Carthagincnses
3241 3848 3271 3887 a
3315 3833 3510 3903 Tyriis,
3557 3851 3770 3903 quorum

2211 3933 2363 3978 erant
2391 3924 2601 3989 coloni;
2633 3923 2807 3995 Tyrus
2838 3924 2980 3979 enim
3009 3924 3220 3980 Herculi
3251 3940 3422 3981 saera.
3450 3925 3629 3995 Neque
3659 3942 3773 3979 vero

2211 4015 2531 4083 Carthagine
2560 4015 2847 4078 duntaxat,
2876 4014 2970 4068 διὰ
2998 4015 3120 4069 aliis
3147 4015 3338 4069 Africa:
3363 4015 3494 4069 locis
3517 4058 3532 4080 ,
3578 4027 3772 4069 consul

2215 4108 2267 4162 in
2310 4107 2458 4160 tultu
2492 4106 2769 4161 llerculem
2815 4105 3010 4170 luisse;
3059 4114 3118 4159 ut
3155 4105 3292 4174 apud
3327 4103 3694 4169 Suﬂ'ectat'ios,
3728 4109 3770 4156 in

2215 4215 2418 4268 provin:
2437 4199 2484 4251 ia
2513 4200 2805 4267 Byzacena,
2841 4197 2928 4251 ubi
2959 4211 3078 4252 cum
3115 4197 3356 4253 Herculis
3381 4207 3607 4252 statuam
3633 4213 3772 4253 coni-

2213 4291 2849 4355 minuissentChristiani,
2873 4292 3153 4360 repentino
3176 4291 3229 4345 in
3250 4305 3342 4345 eos
3364 4291 3562 4359 impetu
3583 4290 3769 4360 pepuli,

2213 4385 2338 4437 cassi
2369 4393 2490 4436 sunt
2517 4383 2809 4452 sexaginta.
2837 4382 3003 4446 Quam
3029 4381 3226 4435 luroris
3255 4382 3635 4436 immanitatem
3660 4395 3771 4435 esa-

2213 4474 2384 4541 gitans
2443 4473 2769 4540 Augustinus
2823 4469 3048 4537 epistola
3096 4470 3242 4537 267,
3288 4471 3446 4524 simul
3506 4471 3769 4524 Herculi-tu

2213 4563 2368 4618 deum
2395 4603 2410 4626 ,
2441 4574 2496 4616 ut
2526 4565 2625 4615 hoc
2645 4562 2762 4616 loco
2787 4602 2802 4626 ,
2833 4561 2966 4615 scite
2990 4561 3196 4615 deridet
3223 4578 3237 4614 :
3267 4560 3327 4616 Si
3362 4560 3666 4625 Herculem,
3698 4561 3766 4614 iu—

2214 4654 2356 4722 quit,
2388 4662 2610 4705 vestrum
2641 4653 2869 4704 dixeritis
2888 4695 2902 4719 ,
2945 4668 3095 4722 porro
3135 4653 3424 4706 reddemus.
3460 4653 3655 4708 Adsunt
3683 4667 3769 4704 me-

2213 4745 2339 4799 talla
2358 4785 2372 4810 ,
2397 4761 2522 4798 saxa
2547 4761 2644 4798 non
2669 4745 2871 4809 desunt,
2901 4754 3005 4798 etc.
3034 4745 3360 4800 Sinuouous.

2283 4835 2542 4889 Sermone
2589 4835 2679 4888 ⁵55.
2730 4833 2785 4888 In
2833 4833 2984 4888 titulo
3026 4852 3038 4885 :
3073 4834 3132 4889 Si
3176 4836 3377 4904 sapiens
3424 4836 3612 4904 furis,
3654 4829 3767 4898 etin]

2215 4925 2495 4981 Consenlit
2524 4925 2799 4993 inscriptio
2828 4924 3028 4978 codicis
3063 4924 3322 4979 Victorini
3355 4925 3442 4979 DD
3475 4925 3541 4979 li
3577 4940 3687 4978 cum
3714 4936 3769 4974 ea

2215 5031 2335 5086 qua:
2365 5017 2504 5087 apud
2534 5016 2832 5071 Possidium
2865 5015 3094 5084 legitur,
3125 5027 3178 5069 et
3206 5030 3324 5070 cum
3356 5016 3529 5070 indice
3543 5017 3696 5082 partis
3718 5011 3758 5062 5.

2214 5109 2544 5162 Collectorii.
2583 5106 2992 5160 Proverbiorum
3021 5107 3169 5161 locus
3202 5121 3487 5176 expressus
3513 5117 3614 5170 est,
3634 5105 3763 5174 juxta

2217 5202 2510 5255 editionem
2553 5197 2692 5251 LXX
2725 5200 3070 5268 interpretum
3091 5241 3106 5264 ,
3139 5215 3255 5268 qute
3277 5199 3548 5269 aliquanto
3576 5196 3765 5252 uberior

2215 5299 2298 5344 est
2325 5292 2373 5342 in
2401 5290 2480 5342 his
2511 5289 2689 5342 verbis
2729 5298 2783 5342 et
2829 5289 3141 5358 explicatior
3173 5305 3330 5358 quam
3359 5289 3602 5358 Vulgata.
3635 5281 3764 5351 Apud

2213 5381 2650 5450 Chrysostomum
2696 5389 2873 5433 autem
2921 5378 3139 5432 homilia
3191 5380 3242 5431 in
3292 5379 3425 5447 psal.
3477 5394 3506 5432 c
3557 5372 3762 5432 etalibi.

2215 5472 2423 5540 quando
2443 5471 2554 5525 haec
2572 5471 2730 5524 verba
2762 5471 2969 5535 recitat,
3004 5471 3181 5538 priore
3198 5470 3312 5525 loco
3342 5486 3469 5536 non,
3493 5473 3535 5523 si
3564 5470 3760 5534 sapienS.

2213 5567 2296 5617 ἐὰν
2326 5563 2606 5633 σοφὸς-,8811
2631 5564 2674 5615 si
2698 5562 2857 5614 bonus
2891 5563 3048 5631 fueris
3081 5562 3271 5630 legitur
3297 5563 3346 5615 in
3379 5563 3518 5615 hunc
3542 5559 3761 5614 tundunt:

2213 5656 2401 5718 Τέκνον,
2455 5656 2539 5710 ἐὰν
2579 5656 2762 5726 ἀγαθὸς
2802 5651 2879 5717 ἧς,
2936 5662 3136 5722 σεαυτῷ
3185 5656 3333 5723 σοφὸς
3377 5653 3490 5725 ἔσῃ,
3542 5655 3621 5706 καί
3672 5653 3765 5702 sti;
