3900 6306
552 292 651 347 59!

1440 278 1997 337 SUPPLEMENTUM
2037 280 2127 333 AD
2164 280 2394 336 OPERA
2435 282 2493 337 S.
2536 282 2922 339 AUGUSTINI.

3693 268 3863 346 392-

552 403 605 456 in
636 412 900 455 sermonis
925 394 1146 451 exordio
1172 395 1247 449 ait
1273 392 1601 461 Augustinus
1624 429 1640 455 ,
1668 390 1735 444 de
1761 390 1949 444 eodem
1978 390 2125 458 capi-
2158 400 2205 458 Α
2306 390 2570 447 Sermone
2608 392 2733 447 ΞΜ.
2770 392 2835 446 1η
2872 392 3048 447 diebus
3082 394 3410 461 paschalibus
3440 395 3546 466 l5.]
3576 396 3793 457 "abem.

552 493 661 547 tnlo
686 490 953 557 Evangelii
984 504 1042 541 se
1071 486 1178 554 jam
1215 487 1447 538 locutum
1474 520 1489 545 ,
1520 495 1822 535 sermonem
1849 519 1864 546 ,
1894 481 2091 549 Opinor
2112 522 2126 546 ,

551 584 723 639 innuit
749 581 820 636 42
845 581 912 633 de
943 578 1133 631 Verbis
1181 575 1406 639 Domini,
1444 573 1532 642 qui
1580 572 1922 636 inscribitur,
1959 570 2033 624 De
2054 572 2128 623 in-

550 677 699 744 ﬁrmo
718 678 924 744 jacente
951 669 1017 721 ad
1037 668 1308 735 piscinam.
1339 665 1444 719 Sed
1478 665 1645 717 nostri
1667 662 1869 717 diserte
1888 662 2129 716 meminit

549 765 843 821 Possidius.
877 762 1202 815 Stnuouuus.

623 854 650 922 §
697 853 749 903 7.
810 849 875 901 In
922 845 1332 916 quadragenario
1383 860 1590 898 numero
1621 842 1889 911 completio
1910 842 2129 912 justitia:

549 940 845 1015 ﬁguratur.]
878 939 1123 993 Pluribus
1147 951 1259 991 rem
1294 946 1511 989 enarrat
1541 934 1567 1004 §
1599 935 1653 990 9.
1679 933 1817 987 Dixit
1847 933 1945 986 hac
1971 934 2039 987 de
2070 948 2129 988 re

548 1049 597 1091 ct
631 1036 769 1089 libro
811 1048 849 1085 ιι
878 1033 944 1084 de
975 1028 1225 1082 Doctrina
1276 1028 1600 1091 Christiana,
1629 1026 1656 1096 ς
1682 1025 1754 1081 ‘25
1774 1066 1789 1090 ,
1816 1024 1915 1097 ,υῢί
1938 1025 2126 1095 ξῑοιιιειι

549 1142 653 1177 non
706 1134 810 1176 tam
867 1120 1085 1189 iustitia:
1130 1118 1569 1184 completionent,
1613 1131 1770 1185 quam
1800 1117 1960 1168 vitam
1993 1116 2130 1169 hanc

547 1226 903 1268 a-ruumosam
944 1212 1342 1277 interpretatur.
1368 1207 1500 1261 Vide
1528 1222 1647 1277 qua:
1676 1207 1745 1261 ibi
1775 1207 2031 1261 diximus.

620 1307 881 1360 Sermone
924 1303 1042 1355 MO.
1086 1300 1271 1354 Contra
1311 1301 1567 1367 quoddam
1614 1301 1806 1352 dictum
1854 1298 2129 1352 Maximini

552 1397 854 1448 Arianorum
875 1390 1099 1457 episcopi
1126 1431 1139 1452 ,
1161 1389 1248 1455 qui
1278 1405 1391 1441 cum
1429 1388 1719 1459 Segisoulto
1742 1386 1923 1440 comite
1944 1388 2130 1440 consti-

554 1495 689 1539 tutus
738 1484 790 1535 in
835 1482 1010 1550 Africa
1037 1476 1465 1550 blasphemabat.]
1492 1464 1848 1546 Segisvultum
1876 1477 2127 1531 comitem

552 1575 786 1639 l’rosiner
808 1572 858 1623 in
883 1570 1151 1623 Chronico
1178 1577 1360 1621 narrat
1388 1569 1437 1620 in
1466 1567 1699 1622 Africam
1719 1567 1937 1622 missum
1967 1566 2131 1621 fuisse

552 1672 738 1719 contra
769 1659 1093 1713 Bobil‘acinm
1117 1700 1131 1721 ,
1176 1657 1355 1712 llierio
1383 1668 1439 1711 et
1473 1657 1750 1712 Ardabure
1784 1656 2126 1719 consulibus,

2236 482 2286 535 in
2319 484 2505 539 codice
2543 484 2711 554 Regio
2737 494 2888 554 parte
2929 483 2964 537 2
3007 484 3314 540 Collectorii
3354 496 3411 541 et
3454 486 3506 541 in
3537 487 3794 548 Victorino

2234 572 2321 626 oo
2349 573 2431 627 ta.
2872 560 2873 563 ‘

2304 664 2332 733 ξ
2361 665 2413 717 4.
2443 665 2692 719 Procedat
2721 666 2975 730 Arianus;
3005 667 3145 737 prius
3178 668 3417 739 procedat
3444 666 3791 728 Pbotinianus.

2233 754 2613 825 Respondemus
2660 757 2991 824 Pltotiniano,
3040 757 3169 828 etc.]
3226 760 3379 827 Apud
3423 760 3641 829 Bedam,
3682 779 3792 819 cum

2234 847 2346 902 lu-c
2377 849 2536 902 verba
2569 851 2733 911 citat,
2778 850 2829 903 in
2856 849 3147 918 Epistolam
3186 851 3257 905 ad
3288 850 3657 919 Pbilippenses
3684 870 3794 925 cap.

2232 952 2287 999 ιι.
2319 940 2421 991 alia
2453 939 2692 1007 quedam
2726 940 2925 993 intexta
2958 941 3226 1008 leguntur,
3262 940 3363 997 hoc
3390 942 3549 997 modo
3577 961 3594 999 :
3618 964 3637 996 ι
3677 944 3790 1000 Pro-

2230 1029 2372 1080 cedat
2418 1030 2639 1081 Arianus
2662 1069 2676 1094 ,
2710 1031 2851 1096 prius
2891 1030 3131 1100 procedat
3162 1030 3529 1088 Photinianus.
3562 1036 3798 1096 limretici

2231 1118 2320 1186 qui
2356 1118 2657 1185 Dominum,
2687 1121 2785 1173 nisi
2812 1120 3103 1186 hominem,
3139 1122 3358 1176 omnino
3389 1138 3497 1176 non
3524 1140 3797 1191 noverunt,

2232 1208 2691 1263 llomuncionistm
2736 1209 2988 1264 dicuntur
3037 1210 3125 1264 isti
3179 1212 3448 1277 haeretici;
3498 1215 3799 1269 homuncio-

2233 1300 2409 1363 nistze,
2458 1302 2582 1369 quia
2621 1317 2726 1355 non
2760 1311 3025 1356 noverunt
3045 1302 3317 1356 Christum
3337 1343 3352 1368 ,
3384 1305 3483 1358 nisi
3513 1304 3795 1361 hominem.

2234 1390 2673 1458 Respondebimus
2705 1391 3010 1445 Photiniano
3038 1434 3052 1458 ,
3101 1402 3206 1446 etc.
3247 1411 3265 1444 ι
3301 1394 3430 1461 ριιτε
3457 1396 3622 1449 verba
3649 1437 3662 1458 ,
3687 1410 3797 1450 cum

2230 1482 2410 1536 absint
2462 1497 2491 1536 a
2539 1483 2956 1551 manuscriptis,
2994 1483 3287 1538 omittenda
3330 1487 3442 1538 visa
3490 1496 3635 1539 sunt.
3693 1486 3797 1541 Sm-

2230 1586 2454 1626 IONDUS.
3178 1590 3181 1595 ’

2306 1664 2332 1732 §
2363 1663 2416 1715 2.
2448 1662 2525 1716 De
2554 1662 2733 1718 verbis
2760 1663 2957 1719 Christi
2984 1665 3144 1720 Joan.
3177 1681 3268 1719 xx.
3306 1667 3371 1720 l7
3396 1684 3411 1721 ε
3441 1667 3566 1722 Noli
3595 1685 3674 1723 me
3697 1680 3799 1725 tau-

554 1755 654 1808 hoc
683 1764 765 1808 est
791 1768 932 1805 anno
946 1750 1140 1806 Christi
1160 1749 1285 1803 4'27.
1309 1749 1441 1803 Cum
1461 1763 1525 1802 eo
1550 1750 1764 1803 venisse
1785 1748 2126 1801 Maximinum
2163 1767 2207 1825 Β
2232 1770 2367 1823 gere,
2384 1753 2607 1806 nondum
2620 1755 2751 1807 enim
2768 1756 2978 1808 ascendi
2998 1756 3065 1808 ad
3089 1755 3294 1810 Patrem
3312 1774 3499 1825 meum,
3527 1770 3797 1831 postquam

552 1846 857 1913 episcopum
891 1841 1213 1896 Maximinus
1243 1840 1357 1908 ipse
1386 1840 1684 1907 prolitetttr,
1709 1838 1859 1891 initio
1887 1837 2131 1891 collatio-

554 1940 636 1991 nis
666 1951 821 2005 quam
873 1934 1114 2002 lllpptme
1157 1932 1338 1985 habuit
1380 1946 1503 1985 cum
1537 1930 1594 1985 S.
1625 1928 1947 1998 Augustino.
1981 1926 2128 1997 Ego,

554 2028 759 2096 inquit,
792 2026 845 2077 in
883 2023 1015 2076 hanc
1054 2024 1305 2075 civitatem
1352 2022 1535 2074 missus
1581 2036 1613 2071 a
1642 2020 1820 2072 comite
1848 2016 2134 2086 Segisvulto

555 2120 656 2187 (sic
676 2120 815 2171 enim
842 2116 1121 2185 legendum
1152 2114 1276 2182 est).
1310 2110 1737 2176 contemplatione
1768 2110 1910 2179 pacis
1931 2108 2129 2162 adveni.

555 2212 756 2265 Frater
795 2207 1135 2262 collationem
1181 2214 1356 2256 autem
1388 2212 1443 2255 et
1466 2201 1632 2253 libros
1662 2202 1796 2253 duos
1824 2208 1943 2266 post
1970 2197 2135 2251 colla-

555 2300 753 2351 tionem
796 2307 982 2349 contra
1026 2294 1369 2347 Maximinum
1413 2291 1640 2356 scriptos
1666 2330 1681 2352 ,
1728 2290 1817 2355 qui
1861 2286 2133 2341 collationi

563 2394 720 2456 vulgo
762 2388 1035 2439 adhaerent
1064 2425 1078 2445 ,
1113 2398 1233 2435 cum
1264 2380 1469 2448 sejungi
1500 2380 1565 2432 ab
1596 2380 1661 2432 iis
1690 2373 1919 2432 debeant
1944 2418 1959 2442 ,
2001 2377 2136 2431 scri-

564 2489 741 2549 pserat
768 2478 930 2532 etiam
985 2474 1313 2543 Augustinus
1339 2471 1616 2541 epistolam
1665 2469 2017 2539 dogmaticam
2062 2469 2129 2522 ad

561 2572 941 2632 Maximinum,
975 2567 1126 2635 tujns
1151 2565 1264 2619 sola
1292 2563 1494 2617 mentio
1524 2571 1768 2631 superest
1789 2562 1926 2630 apud
1958 2559 2137 2614 Possi-

559 2664 725 2726 dinm,
760 2676 898 2714 nunc
926 2658 1068 2713 enim
1099 2672 1205 2726 tum
1234 2666 1429 2711 exstat.
1462 2658 1781 2708 SIRNONDUS.

631 2754 892 2805 Sermone
918 2748 1038 2811 167,
1074 2741 1181 2817 ξιτ
1209 2744 1538 2798 Proverbium
1561 2756 1735 2797 notum
1765 2753 1836 2795 est
1860 2741 2135 2808 Punicum,

561 2843 692 2909 quod
730 2841 931 2911 quidem
976 2838 1156 2891 Latine
1196 2838 1332 2891 vobis
1375 2838 1580 2901 dicam,
1624 2837 1743 2905 quia
1795 2834 1991 2888 Punice
2035 2852 2139 2888 non

561 2952 728 2989 omnes
756 2934 935 2986 nostis.
956 2931 1211 2984 Punicum
1231 2932 1366 2983 enim
1395 2930 1715 2999 proverbium
1736 2938 1809 2982 est
1835 2931 2103 2997 antiquum
2120 2944 2139 2981 :

561 3027 791 3080 Νυιιιιυιι
819 3038 1026 3086 oua-:3”
1056 3034 1422 3083 PESTILENTIA,
1456 3033 1587 3075 Duos
1622 3034 1724 3072 ILLI
1754 3034 1842 3083 ns,
1874 3033 1941 3070 ET
1974 3033 2140 3071 uucsr

2235 1844 2560 1913 quaestiones
2588 1844 2867 1913 proposuit
2890 1860 3020 1911 quas
3058 1844 3224 1901 ferme
3251 1848 3353 1901 sibi
3399 1850 3710 1905 insolubiles
3734 1852 3800 1906 fa-

2237 1942 2376 1987 tetur
2398 1973 2414 1999 ,
2458 1934 2527 1987 ita
2561 1934 2731 2004 pergit
2763 1951 2776 1986 :
2807 1934 3028 2002 Adjuvet
3072 1952 3150 1989 me
3186 1935 3431 1992 Dominus
3468 1949 3533 1992 ur
3561 1942 3799 2007 solvatur;

2234 2023 2320 2090 qui
2363 2023 2607 2092 dignatus
2641 2032 2712 2075 cst
2757 2039 2867 2076 eam
2896 2038 3180 2093 praponere
3202 2064 3217 2091 ,
3268 2028 3506 2096 dignetur
3542 2046 3800 2099 exponere.

2240 2114 2394 2165 Orate
2431 2130 2624 2167 mecum
2662 2112 2931 2180 e/fcctum;
2973 2116 3040 2167 ad
3084 2131 3163 2169 me
3203 2133 3383 2177 aures.
3415 2119 3481 2171 ad
3510 2120 3664 2172 illum
3708 2138 3800 2174 cor.

2239 2202 2391 2266 Quod
2416 2204 2542 2255 milii
2565 2219 2836 2274 suggerere
2848 2204 3089 2274 dignatur
3114 2208 3498 2262 communicabo
3510 2212 3668 2276 vobis,
3684 2210 3801 2282 etc.]

2237 2290 2295 2346 Si
2330 2292 2459 2346 nihil
2490 2296 2657 2362 parati
2687 2294 2849 2347 domo
2876 2294 3128 2349 attulerat
3167 2297 3303 2352 hanc
3337 2298 3391 2351 in
3421 2315 3533 2355 rem
3565 2302 3803 2372 Augusli<

2238 2398 2340 2437 nus
2364 2424 2379 2448 ,
2414 2396 2614 2439 temere
2655 2398 2787 2441 sane
2828 2387 2991 2441 Deum
3025 2389 3196 2442 oravit
3233 2388 3287 2443 in
3320 2391 3438 2459 ipso
3482 2406 3735 2464 suggestu
3759 2407 3803 2450 ut

2239 2476 2342 2530 sibi
2374 2491 2437 2530 ex
2471 2486 2707 2545 tempore
2726 2478 3014 2533 verborum
3038 2477 3235 2534 Christi
3275 2483 3595 2539 sententiam
3630 2500 3803 2556 sugge-

2240 2574 2404 2620 reret.
2437 2566 2505 2620 lis
2542 2567 2883 2634 pulsantibus
2908 2583 3013 2622 non
3035 2570 3207 2637 aperit
3237 2570 3405 2636 Deus,
3434 2573 3547 2642 qui,
3577 2577 3802 2645 exceptis

2241 2655 2306 2712 iis
2334 2658 2421 2725 qui
2472 2658 2787 2726 pr0phetico
2831 2660 3020 2728 spiritu
3052 2660 3121 2713 ab
3159 2676 3223 2715 eo
3269 2663 3562 2728 donantur,
3595 2678 3803 2719 caeteros

2244 2748 2371 2803 nihil
2396 2751 2579 2814 docet;
2605 2749 2702 2803 nisi
2720 2751 2957 2806 laborem
2985 2753 3411 2809 et«iutentionem
3430 2757 3614 2823 animi,
3639 2761 3803 2827 quales

2242 2856 2338 2911 par
2367 2850 2449 2895 est
2474 2842 2753 2907 adhiberi,
2784 2844 2835 2896 in
2868 2858 2925 2899 re
2951 2847 3099 2914 gravi
3126 2860 3187 2899 ac
3220 2846 3379 2911 seria,
3414 2864 3537 2901 cum
3571 2844 3803 2918 precibus

2242 2933 2633 3001 coniunxerint.
2661 2935 2717 2991 Si
2731 2950 2857 2990 vero
2880 2936 2991 3005 jam
3020 2937 3306 2994 meditatus
3325 2951 3439 2994 erat
3461 2936 3609 3010 quod
3636 2957 3802 3012 posw:

2244 3024 2409 3090 dicit,
2439 3025 2771 3080 histrioniam
2798 3068 2813 3093 ,
2846 3026 2891 3081 si
2920 3028 2989 3081 ita
3019 3028 3159 3098 loqui
3193 3030 3269 3083 las
3290 3040 3371 3085 est
3396 3076 3410 3097 ,
3439 3032 3577 3101 apud
3608 3035 3802 3103 plebem

562 3112 690 3181 S'r‘..]
737 3112 966 3177 Sapiens
1007 3124 1138 3163 sane
1184 3107 1544 3176 proverbium.
1591 3118 1646 3161 el
1696 3106 1836 3176 quod
1880 3108 2047 3176 ροεείι
2086 3109 2137 3160 in
2169 3126 2214 3187 ο
2250 3117 2639 3186 llipponensem
2689 3120 2850 3187 fecit,
2884 3134 3006 3175 cum
3049 3122 3121 3176 ita
3170 3122 3409 3191 loquatur
3453 3127 3602 3193 quasi
3649 3129 3802 3181 subita

562 3204 713 3255 noh:s
739 3200 1055 3253 Punicorum
1084 3198 1343 3253 librorum
1374 3197 1664 3251 vehemens
1691 3196 2014 3251 desiderium
2045 3211 2140 3251 ex-

564 3295 762 3357 citare;
796 3305 929 3359 quos
960 3292 1158 3344 utinam
1183 3291 1329 3345 hisce
1350 3290 1661 3344 tractatibus
1688 3303 1968 3359 possemus
1991 3289 2139 3344 redi-

564 3385 737 3467 mere!
779 3382 1039 3436 llebraice
1077 3380 1279 3435 dixeris
1314 3397 1327 3432 :
1365 3364 1419 3440 1‘7
1452 3388 1518 3467 ῙΠ
1555 3390 1668 3440 Tm
1703 3391 1815 3466 vim
1862 3390 1975 3439 *πα-ι
2015 3364 2140 3439 Satn

564 3457 715 3577 15.3w
756 3481 923 3532 nua.

570 3561 893 3620 “Sermone
940 3563 1060 3618 118.
1117 3562 1193 3618 De
1224 3561 1388 3617 Versu
1440 3562 1624 3632 psalmi
1649 3561 1758 3634 cv.]
1806 3562 1951 3617 lianc
1999 3562 2140 3617 t'tuli

566 3666 767 3724 partem
813 3654 912 3724 ipsi
959 3654 1288 3722 adjecimus,
1320 3670 1443 3708 cum
1490 3654 1543 3708 in
1580 3654 1802 3722 antiquo
1846 3655 2138 3722 exemplari

565 3746 701 3801 nuda
729 3755 783 3799 et
830 3745 946 3798 sine
983 3745 1217 3798 auctoris
1248 3745 1462 3797 nomine
1500 3751 1647 3796 esset
1693 3743 2011 3811 inscriptio:
2046 3742 2142 3796 Die

565 3835 893 3889 calendarum
921 3832 1183 3886 Januarii.
1219 3832 1481 3900 Congruit
1506 3841 1684 3885 autem
1719 3847 1840 3899 pars
1878 3842 2137 3901 utraque;

567 3942 687 3979 nam
718 3935 771 3977 et
795 3932 936 3976 lotus
975 3933 1060 3976 est
1093 3933 1282 3977 auctor
1308 3925 1363 3976 in
1388 3922 1677 3991 arguendis
1706 3926 1819 3989 egus
1848 3925 1951 3979 diei
1980 3939 2142 3993 paga-

568 4016 650 4067 nis
680 4014 865 4066 ritibus
891 4056 904 4079 ,
936 4022 991 4066 et
1018 4012 1234 4067 Davidis
1275 4013 1437 4068 verba
1485 4013 1538 4067 in
1579 4028 1695 4067 eam
1729 4029 1840 4068 rem
1865 4016 2142 4085 eleganter

568 4104 952 4158 accommodat.
982 4103 1053 4157 De
1082 4104 1270 4159 iisdem
1306 4104 1545 4160 colendis
1569 4105 1825 4167 Januarii,
1854 4121 1970 4173 qua:
1996 4109 2140 4160 varia

568 4193 802 4264 gentium
852 4195 1230 4263 superstitione
1267 4195 1666 4265 polluebantur,
1721 4204 1897 4249 exstat
1942 4196 2139 4250 Asterii

569 4286 815 4343 Atinasere
881 4286 1158 4355 episcopi,
1224 4303 1382 4358 quem
1448 4301 1607 4357 supra
1680 4287 1933 4350 laudavi,
2000 4288 2142 4360 λόγος

568 4378 895 4452 κατηγορικὸς
945 4387 1035 4439 τῆς
1084 4379 1262 4451 ἑορτῆς
1308 4386 1406 4433 τῶν
1456 4378 1729 4435 καλανδῶν.
1783 4380 1924 4436 Petri
1976 4382 2138 4435 etiam

2241 3210 2580 3276 suggestione
2606 3209 2697 3264 Dei
2725 3211 3018 3281 accepisset
3048 3211 3279 3265 difﬁcilis
3302 3213 3401 3267 loci
3427 3215 3804 3284 interpretatio-

2241 3312 2387 3352 nem.
2411 3299 2515 3352 Sed
2550 3309 2725 3355 utrum
2757 3301 2943 3366 malis,
2977 3301 3197 3369 perinde
3226 3312 3338 3368 est;
3369 3319 3485 3357 nam
3515 3320 3546 3359 a
3573 3305 3691 3361 Deo
3719 3323 3758 3358 ny
3779 3321 3803 3358 ιι

2239 3401 2321 3445 est
2352 3392 2593 3460 proiecto
2641 3394 2924 3448 exauditus
2960 3394 3321 3463 August'nus,
3366 3397 3452 3462 qui
3481 3404 3698 3466 tangere
3739 3396 3804 3448 hic

2242 3482 2619 3551 interpretatur
2641 3484 2882 3549 credere,
2908 3493 2962 3538 et
2992 3486 3065 3539 ita
3092 3499 3304 3540 sensum
3340 3484 3439 3540 loci
3467 3488 3670 3541 evolvit
3700 3487 3801 3557 §52

2243 3573 2380 3637 Quid
2409 3590 2529 3643 ergo
2554 3574 2649 3627 sibi
2674 3573 2781 3627 vult
2806 3589 2824 3627 :
2854 3572 2968 3627 Noli
3017 3591 3102 3629 me
3132 3585 3378 3643 tangere,
3417 3575 3655 3631 nondum
3686 3578 3803 3632 enim

2239 3664 2455 3717 ascendi
2502 3663 2564 3716 ad
2610 3664 2820 3718 Patrem
2870 3668 3083 3719 meum?
3116 3666 3267 3730 Quod
3311 3683 3388 3721 me
3433 3667 3479 3719 vi
3501 3670 3571 3719 {es
3609 3670 3711 3720 hoc
3745 3682 3806 3717 me

2239 3767 2388 3824 putas
2405 3771 2423 3807 :
2448 3756 2678 3807 nondum
2697 3756 2910 3809 ascendi
2935 3757 3000 3810 ad
3022 3757 3229 3812 Patrem
3249 3760 3529 3823 ;Itominem
3552 3776 3643 3813 me
3668 3762 3802 3821 rides,

2241 3847 2491 3900 hominem
2536 3856 2718 3914 putas;
2758 3864 2867 3900 sum
2909 3850 3109 3916 quidem
3140 3849 3324 3915 homo,
3355 3852 3443 3903 sed
3481 3867 3580 3903 non
3614 3850 3702 3904 hic
3728 3858 3804 3903 stet

2242 3937 2366 4006 ﬁdes
2396 3948 2502 3990 tua.
2535 3936 2657 3990 Noli
2688 3953 2766 3989 me
2785 3940 2858 3991 sic
2887 3951 3091 4009 tangere
3116 3951 3168 3992 ut
3200 3941 3449 3994 hominem
3473 3941 3806 3994 tantummodo

2240 4029 2435 4082 credas.
2488 4026 2730 4082 Nondum
2775 4031 2916 4083 enim
2967 4032 3180 4085 ascendi
3237 4034 3301 4085 ad
3352 4033 3561 4087 Patrem
3617 4050 3802 4088 meum.

2242 4118 2470 4170 Ascendo
2499 4118 2566 4170 ad
2604 4116 2808 4171 Patrem
2853 4136 3018 4172 meum
3046 4130 3091 4174 et
3137 4130 3287 4191 tange
3326 4138 3445 4185 me;
3479 4124 3527 4175 id
3559 4134 3674 4188 est,
3701 4140 3805 4191 pro-

2242 4208 2355 4276 ﬁce,
2387 4208 2612 4279 intellige
2634 4225 2711 4262 me
2737 4211 2983 4278 arqualem
3009 4209 3193 4274 Patri,
3215 4222 3260 4265 et
3291 4222 3410 4266 tunc
3437 4224 3589 4284 longe
3616 4224 3666 4266 et
3687 4212 3805 4267 salva

2241 4298 2358 4351 eris.
2394 4299 2887 4367 lnterpretationem
2934 4300 3149 4356 homine
3198 4302 3354 4371 paulo
3394 4304 3649 4372 peritior-ie
3678 4319 3805 4371 pror-

2243 4405 2335 4444 sus
2354 4389 2621 4459 indignam
2645 4406 2673 4444 a
2697 4391 2804 4446 Deo
2826 4401 3127 4461 suggestam
3150 4408 3256 4447 non
3274 4392 3435 4448 fuisse
3459 4392 3614 4448 facile
3641 4406 3804 4449 omnes

566 4469 877 4541 Cltrysologi
900 4484 1080 4523 sermo
1107 4470 1228 4533 155,
1259 4481 1312 4525 et
1340 4470 1547 4525 Maximi
1581 4466 1887 4527 Taurinatis
1916 4474 1997 4526 l0.
2029 4470 2135 4527 Sed
2167 4482 2213 4538 ι)
2241 4483 2571 4552 intelligunt;
2621 4493 2673 4539 et
2716 4493 2999 4553 antequam
3045 4500 3162 4539 eam
3197 4484 3460 4553 proferret
3482 4526 3498 4548 .
3544 4486 3711 4540 fassus
3737 4494 3803 4537 est

567 4573 619 4616 et
646 4564 971 4631 Atlgthlinlls
1002 4572 1186 4615 noster
1221 4563 1287 4616 de
1332 4562 1568 4617 Diversis
1604 4577 1854 4618 sermone
1894 4564 1962 4617 59
1993 4580 2005 4614 :
2039 4561 2141 4615 Ca-

566 4655 728 4708 tendre
756 4695 769 4715 ,
796 4654 1000 4720 inquit,
1042 4652 1283 4705 Januarii
1305 4663 1527 4708 ventura
1548 4662 1686 4707 sunt.
1721 4654 2001 4707 Christiani
2023 4656 2145 4708 estis

567 4762 777 4810 omnes;
811 4746 917 4801 Deo
938 4746 1157 4817 propitio
1181 4784 1198 4809 ,
1223 4745 1515 4803 Christiana
1544 4755 1617 4798 est
1635 4745 1834 4798 civitas.
1869 4744 1989 4798 Non
2017 4746 2144 4814 ﬁant

567 4836 660 4887 illa
685 4852 798 4903 qua:
823 4838 926 4889 odit
955 4835 1115 4890 Deus.
1142 4834 1243 4889 Per
1267 4841 1435 4888 lusum
1444 4835 1715 4903 iniquitas,
1738 4850 1829 4905 per
1848 4836 2024 4903 jocum
2048 4836 2143 4887 im-

573 4924 813 4990 probitas.
852 4926 972 4979 Νοη
1008 4928 1101 4980 sibi
1136 4928 1327 4995 faciant
1356 4926 1585 4980 homines
1602 4926 1830 4994 judices,
1853 4941 1916 4978 ne
1939 4925 2144 4978 veniant

572 5030 625 5065 tn
654 5028 829 5066 manus
870 5017 969 5066 reri
1014 5016 1234 5070 Iudicis.
1264 5017 1512 5080 iudices,
1544 5015 1822 5080 videlicet,
1856 5016 2143 5085 magistra-

573 5114 784 5171 tusque,
813 5105 952 5158 inter
979 5106 1085 5159 alia
1111 5108 1225 5175 ejus
1241 5109 1347 5163 diei
1374 5109 1597 5175 ludicra,
1631 5109 1978 5179 el'lingebant.
2002 5110 2141 5176 Quin

573 5209 627 5252 et
656 5196 787 5250 deos
815 5198 975 5251 etiam
998 5212 1144 5264 suos,
1169 5210 1225 5253 ut
1251 5202 1613 5273 Cbrysologus
1639 5205 1815 5270 docet,
1847 5219 2144 5275 repraesen-

574 5290 756 5345 tabant
782 5298 836 5344 et
862 5289 1100 5344 ludibriis
1133 5292 1474 5349 infatuabant.
1508 5299 1830 5355 διηιιοκιιυε.

571 5377 579 5382 ⁷
647 5378 675 5450 §
717 5380 771 5435 3.
818 5378 1083 5432 ﬂamonia
1111 5380 1426 5438 delectantur
1458 5388 1668 5439 canticis
1700 5389 1967 5453 vanitat's,
2006 5388 2145 5442 dele-

574 5482 774 5525 ctantur
802 5473 1068 5543 nugatoria
1112 5472 1430 5541 spectaculo,
1461 5485 1509 5529 et
1555 5478 1950 5545 turpitudinibus
1995 5480 2148 5533 variis

577 5561 906 5627 theatrorum,
945 5561 1074 5633 etc.]
1116 5564 1500 5634 Copiosissime
1526 5567 1625 5623 hac
1652 5569 1720 5623 de
1746 5584 1804 5624 re
1832 5572 1942 5638 egit
1970 5572 2146 5641 Augu-

577 5645 749 5698 stinus
776 5649 843 5703 de
865 5649 1089 5706 Civitate
1117 5652 1210 5707 Dei
1243 5652 1335 5711 lib.
1360 5668 1417 5722 tt,
1446 5669 1565 5726 cap.
1590 5656 1621 5712 8
1648 5667 1702 5713 et
1729 5672 1879 5729 seqq.

2245 4573 2573 4642 Augustinus
2598 4573 2741 4628 hisce
2770 4575 2948 4628 verbis
2974 4590 3093 4643 quae
3120 4574 3147 4645 §
3173 4575 3208 4629 2
3231 4576 3470 4645 proxime
3499 4585 3797 4643 sequuntur.

2244 4676 2303 4716 ea
2335 4679 2451 4732 que
2482 4662 2632 4717 initio
2668 4664 2938 4718 attulimus
2956 4681 2984 4719 ,ι
3022 4665 3123 4731 Qui
3150 4666 3329 4719 melius
3360 4666 3619 4737 intelligit,
3648 4666 3802 4717 doceat

2244 4768 2359 4817 me;
2381 4753 2455 4805 sic
2472 4754 2649 4807 doctor
2669 4771 2805 4819 sum,
2821 4764 2875 4807 ut
2901 4755 3139 4809 indocilis
3161 4772 3264 4809 non
3286 4756 3402 4809 sim.
3425 4756 3575 4819 Hier,
3594 4754 3799 4823 inquies.

2251 4841 2480 4899 hominis
2508 4854 2632 4900 sunt
2672 4846 2921 4901 modesti.
2951 4846 3162 4900 Fateor.
3200 4845 3308 4901 Sed
3349 4846 3576 4901 modesti
3610 4861 3707 4900 non
3734 4850 3801 4896 est
3862 4852 3863 4859 ‘

2249 4933 2428 4989 dicere
2458 4951 2485 4989 a
2531 4937 2636 4990 Deo
2676 4936 2769 4991 tibi
2800 4953 2861 4992 ea
2902 4952 3022 4992 esse
3052 4948 3299 5007 suggesta
3325 4978 3340 5005 ,
3372 4939 3567 5009 quibus
3606 4938 3799 4992 meliora

2249 5025 2457 5080 discere
2474 5038 2686 5094 paratus
2709 5027 2802 5081 sis.
2821 5027 2937 5081 Jam
2963 5027 3093 5081 alibi
3118 5030 3503 5100 ἐνθουσιασμὸν,
3531 5043 3626 5083 nec
3640 5038 3799 5082 secum

2251 5117 2379 5170 satis
2408 5117 2854 5182 consentientem,
2891 5116 3184 5171 redolentia
3220 5119 3545 5171 notavimus.

2322 5207 2580 5263 Strmone
2600 5208 2727 5273 256,
2754 5209 2780 5278 §
2802 5209 2856 5262 2.
2874 5208 3107 5263 Conversi
3133 5210 3200 5262 ad
3222 5208 3541 5281 Dominum.]
3563 5202 3800 5263 Sulcmnis

2254 5302 2487 5369 precatio
2512 5316 2611 5370 qua
2644 5316 2917 5357 sermones
2940 5318 3067 5357 suos
3095 5302 3346 5357 claudere
3381 5302 3587 5357 solebat
3609 5300 3797 5365 Augus-

2255 5395 2416 5446 tinus.
2458 5391 2583 5459 Ejus
2614 5392 2665 5444 in
2712 5393 2881 5446 veteri
2912 5394 3101 5448 codice
3144 5394 3308 5460 prima
3342 5402 3541 5447 tantum
3572 5388 3719 5444 verba
3745 5384 3801 5437 de

2256 5497 2405 5535 more
2433 5482 2762 5551 legebantur.
2806 5482 3012 5538 Caetera
3039 5485 3307 5554 descripta
3335 5495 3459 5538 sunt
3485 5500 3547 5537 ex
3577 5488 3801 5535 sermone

2254 5573 2322 5628 50
2347 5573 2414 5626 de
2438 5572 2628 5627 Verbis
2657 5573 2887 5630 Domini.
2929 5576 3032 5629 Sed
3076 5576 3337 5629 incertum
3367 5576 3608 5635 idemne,
3639 5571 3687 5622 in
3716 5568 3802 5619 hoc

2253 5677 2500 5718 sermone
2549 5673 2735 5719 no:tro
2772 5664 3040 5734 u5urparit
3071 5706 3085 5731 ,
3124 5681 3190 5718 an
3238 5665 3456 5719 alteram
3504 5659 3800 5718 breviorem,
