3900 6328
196 344 270 402 595

833 346 1181 404 VARIORUM
1224 344 1818 404 EXERCITATIDNES
1854 346 1920 404 ΙΝ
1958 346 2018 404 S.
2058 345 2425 404 AUGUSTI‘NI
2464 347 2713 404 OPERA.

3311 356 3420 415 39‘

195 460 326 533 qualis
348 467 426 513 est
454 473 510 512 tu
548 472 802 513 sermone
826 460 923 515 121
952 460 1019 515 de
1059 461 1315 525 Diversis,
1362 460 1415 513 in
1448 459 1587 513 hunc
1620 474 1733 513 mo-
1760 463 1809 520 Α
1908 460 1935 530 §
1970 461 2024 515 5.
2058 460 2412 527 Quadraginta
2450 462 2557 516 dies
2597 470 2779 530 quater
2813 462 2997 517 habent
3035 481 3225 522 aecem.
3268 469 3421 524 Com-

194 557 319 608 dum:
357 550 598 603 Conversi
645 551 713 602 ad
750 550 1024 603 Dominum
1064 552 1231 620 ipsum
1277 551 1604 620 deprecemur
1639 565 1733 617 pro

196 645 322 705 nobis,
344 652 386 694 et
414 657 509 714 pro
537 642 679 693 omni
700 641 841 711 plebe
862 658 955 695 sua
974 682 987 703 ,
1012 650 1213 694 astante
1242 641 1500 694 nobiscum
1528 641 1579 691 in
1607 640 1737 691 atrio

196 737 335 787 domus
360 746 497 790 sine;
520 746 675 793 quam
699 732 951 783 custodire
973 740 1332 801 protegereque
1361 731 1622 799 dignetur,
1647 745 1739 799 per

196 824 333 877 lesunt
359 820 554 873 Filium
570 823 683 887 eius
702 862 717 886 ,
749 820 1025 874 Dominum
1049 833 1299 887 uestrum,
1322 822 1408 888 qui
1437 837 1552 873 cum
1580 837 1639 874 eo
1666 819 1740 872 vi-

197 917 246 967 vit
276 922 313 967 et
338 920 510 981 regnat
534 913 589 964 in
617 914 807 965 strcula
835 914 1164 965 steculorum.
1194 912 1375 964 Amen.
1413 911 1735 965 SIRMONDUS.

248 1006 485 1060 Sermone
515 1003 635 1067 159,
673 1003 698 1073 §
727 1003 782 1057 2.
815 1003 1066 1074 Regnabit
1095 1006 1230 1056 enim
1256 1002 1505 1056 Dominus
1530 1002 1583 1054 in
1606 1012 1740 1055 terra

194 1113 284 1148 cum
305 1095 482 1147 sanctis
508 1094 646 1156 suis,
677 1093 807 1146 sicut
828 1094 999 1144 dicunt
1027 1091 1309 1161 Scriptura?
1329 1132 1344 1155 ,
1370 1100 1415 1145 et
1443 1085 1641 1143 habebit
1660 1088 1745 1142 hic

198 1185 457 1249 Ecclesium,
492 1189 592 1251 quo
619 1182 792 1236 nullus
823 1184 989 1235 ntalus
1015 1183 1255 1247 intrabit,
1277 1192 1567 1252 separatam
1595 1190 1745 1251 atque

196 1286 421 1343 purgatam
451 1276 513 1327 ab
547 1274 688 1325 omni
728 1273 1028 1342 contagione
1060 1273 1330 1340 nequitiae;
1359 1287 1514 1339 quam
1539 1271 1745 1342 signiﬁ-

194 1378 285 1420 cant
308 1379 494 1419 centum
510 1366 885 1435 quinquaginta
904 1374 1002 1417 tres
1025 1363 1103 1418 illi
1128 1366 1293 1434 pisces
1320 1364 1382 1415 de
1408 1363 1589 1432 quibus
1603 1365 1740 1433 jam,

191 1467 403 1525 quantum
433 1455 639 1508 memini
667 1497 681 1519 ,
711 1452 989 1523 aliquando
1019 1450 1398 1522 tractavimus.]
1423 1451 1689 1507 Sermone
1712 1452 1747 1506 4

190 1559 233 1600 et
256 1548 284 1601 5
309 1546 368 1600 de
390 1543 655 1610 Diversis,
680 1550 735 1597 et
760 1558 1010 1598 sermone
1031 1542 1101 1595 22
1127 1542 1208 1614 (in
1237 1542 1337 1597 hac
1364 1541 1602 1597 editione
1615 1541 1746 1611 270)

188 1634 244 1688 de
270 1636 469 1687 nostris.
498 1633 604 1688 Sed
636 1632 753 1686 aliis
779 1642 1039 1702 praeterea
1066 1631 1199 1686 locis
1230 1633 1557 1701 Augustinus
1576 1672 1591 1697 ,
1625 1646 1746 1686 cum

189 1726 233 1778 in
254 1726 547 1778 tractatibus
572 1765 588 1789 ,
628 1733 737 1778 tum
769 1726 821 1777 in
854 1722 973 1777 aliis
1025 1724 1174 1777 libris
1215 1724 1328 1777 Suis
1349 1763 1363 1787 ,
1397 1723 1448 1776 in
1473 1722 1575 1777 hoc
1604 1735 1749 1790 szepe

1843 550 2114 604 mendatur
2154 551 2252 604 hoc
2281 569 2511 618 numero,
2548 563 2794 623 quantum
2836 554 2963 607 mihi
2992 556 3212 623 videtur,
3248 576 3423 614 sacra-

1840 650 2082 695 mentum.
2120 642 2372 695 Homines
2418 645 2549 697 enim
2593 644 2879 698 hominibus
2922 646 3178 717 loquimur
3206 656 3254 702 et
3292 660 3423 703 recte

1842 732 2234 801 Scripturarum
2263 744 2561 789 tractatores
2587 736 2826 801 dicimur,
2852 755 2955 791 non
2994 750 3284 793 nostrarum
3313 743 3426 808 api-

1841 823 2054 876 nionum
2067 824 2445 895 aﬁirmatores.]
2462 824 2551 880 llle
2567 826 2782 881 demum
2800 828 2918 894 jure
2934 841 3009 882 εει
3035 829 3426 901 Scripturarunt

1843 921 2107 976 tractator,
2148 913 2239 981 qui
2275 915 2385 982 agit
2419 914 2487 969 de
2516 930 2575 969 re
2606 931 2723 984 qua:
2749 917 2866 970 sine
2898 917 3063 971 dubio
3102 919 3328 974 habetur
3372 923 3424 976 iu

1848 999 2154 1070 Scriptura;
2184 1016 2290 1056 non
2318 1004 2408 1072 qui
2433 1002 2730 1060 levissimas
2753 1017 2807 1060 et
2835 1006 3165 1063 {utilissimas
3184 1025 3426 1080 quasque

1847 1090 2184 1160 conjecturas
2230 1107 2327 1160 pro
2369 1094 2565 1150 divinis
2618 1098 2889 1162 mysteriis
2932 1100 3209 1163 venditat.
3244 1102 3424 1170 qualia

1847 1181 2114 1236 sunthaec
2147 1196 2343 1237 arcana
2380 1185 2748 1251 arithmetica,
2783 1202 2900 1255 qua:
2940 1203 3029 1257 qut
3059 1190 3295 1244 afﬁrmat
3334 1187 3427 1244 ille

1849 1288 1973 1327 suas
2021 1274 2261 1343 profecto
2302 1276 2583 1345 opiniones
2630 1278 2881 1333 altirmat.
2930 1281 3112 1334 Sensit
3161 1276 3269 1333 hac
3314 1295 3427 1348 Ipse

1848 1366 2214 1435 Augustinus,
2259 1376 2316 1422 ut
2364 1369 2531 1438 liquet
2572 1384 2643 1424 ex
2689 1368 2836 1424 hisce
2878 1369 3163 1423 Platonicis
3215 1370 3423 1436 verbis,

1852 1458 2081 1512 homines
2107 1459 2240 1511 enim
2262 1458 2547 1514 hominibus
2575 1461 2852 1528 loquimur,
2902 1460 3003 1514 hoc
3038 1468 3121 1514 est
3142 1500 3160 1525 ,
3203 1474 3302 1513 nos
3339 1459 3430 1529 qui

1852 1546 2232 1601 verisimilibus
2261 1547 2507 1602 ducimur
2527 1549 2755 1603 dicimus
2783 1549 2923 1617 apud
2953 1562 3047 1602 eos
3073 1549 3268 1617 quibus
3290 1548 3431 1604 veri-

1853 1638 2143 1692 similitudo
2164 1637 2443 1702 satisiacit,
2473 1639 2685 1708 quando
2713 1639 2829 1707 ipsa
2852 1639 3047 1692 veritas
3071 1639 3301 1693 inveniri
3324 1653 3429 1691 non

1852 1737 2044 1797 potest.
2095 1728 2185 1783 Sic
2213 1729 2355 1806 enim
2394 1729 2629 1782 Timaeus
2666 1730 2804 1794 apud
2834 1729 3119 1795 Platonem
3147 1746 3161 1780 :
3188 1732 3303 1783 Ἐὰν
3334 1727 3430 1806 ἄρα

188 1815 293 1869 lusit
321 1823 657 1883 argumento,
690 1823 745 1867 ut
774 1814 1087 1868 ostenderet
1124 1826 1348 1866 numero
1391 1814 1612 1881 piscium
1643 1812 1749 1865 155

1873 1818 2063 1878 ιηδενὸς
2086 1817 2235 1878 ἧττον
2255 1822 2605 1893 παρεχὼμεθα
2625 1820 2835 1883 εἰκότας,
2861 1821 3065 1891 ἀγαπᾷν
3089 1823 3218 1893 χρὴ.
3242 1839 3405 1889 μεμνη

187 1909 263 1974 qui
290 1918 398 1975 post
421 1906 868 1960 resurrectionem
896 1905 1033 1974 capti
1063 1912 1190 1957 sunt
1230 1903 1297 1957 ad
1330 1919 1478 1957 mare
1506 1903 1748 1957 Tiberia-

186 1998 287 2061 dis,
320 2013 590 2053 numerum
621 2007 926 2051 sanctorum
959 1996 1012 2049 in
1053 2003 1260 2050 aeterna
1291 1994 1399 2047 vita
1430 1993 1745 2064 signiﬁcari.

186 2087 426 2143 Luserttnt
465 2098 521 2143 et
561 2088 735 2143 Grmci
774 2088 958 2143 Patres
1007 2086 1277 2140 interdum
1312 2126 1328 2150 ,
1370 2095 1427 2139 ut
1460 2084 1749 2153 Gregorius

186 2178 647 2235 Tauromenitanus
683 2180 984 2249 episcopus,
1021 2179 1132 2249 qui,
1183 2191 1437 2231 sermone
1466 2175 1533 2229 10
1561 2190 1748 2229 eorum

186 2285 305 2339 quos
354 2272 531 2325 ἑωθινά
582 2270 889 2338 inscripsit,
933 2272 1233 2325 ltebeccatn
1272 2279 1554 2338 propterea
1595 2266 1753 2323 docet

184 2361 419 2416 Ecclesia:
443 2371 624 2432 typum
654 2371 1101 2431 repraesentasse,
1127 2361 1267 2429 quod
1290 2360 1484 2415 littera:
1515 2358 1750 2412 nominis

186 2452 423 2507 Rebeccae
446 2496 460 2518 ,
494 2452 540 2507 ‘si
572 2453 637 2506 ad
664 2453 903 2507 calculos
933 2463 1250 2507 revocentur
1276 2494 1291 2516 ,
1325 2467 1606 2506 numerum
1632 2449 1753 2505 red-

183 2544 302 2597 dant
325 2545 552 2612 piscibus
572 2545 675 2600 153
696 2561 895 2614 parem.
917 2558 968 2599 Ἦ
989 2554 1109 2618 γοῦν
1131 2546 1351 2600 Ῥεϐέκκα
1364 2544 1755 2604 τὴνἚκκλησίαν

182 2638 370 2700 εἷκὸνιζε
397 2640 734 2709 competierat:
754 2646 960 2712 Χριστῷ
991 2636 1075 2692 διὰ
1104 2638 1487 2711 βαπτίσματος.
1522 2644 1630 2690 Τῶν
1655 2638 1753 2709 γὰρ

181 2730 441 2797 στοιχείων
466 2737 561 2789 τῆς
604 2729 863 2788 Ῥεϐέκκας
894 2729 1130 2799 ὁιόματος
1170 2733 1239 2786 si;
1278 2728 1470 2797 ψήφους
1497 2727 1758 2796 μεταλαμ-

180 2814 472 2885 εανομένων,
520 2824 665 2891 τρεῖς
717 2822 800 2871 καί
848 2821 1158 2875 πεντήκοντα
1201 2820 1284 2869 καὶ
1331 2816 1502 2869 ἑκατὸν
1546 2812 1757 2885 μονάδες

178 2908 606 2976 συναχθήσονται,
632 2905 783 2966 ὅσους
807 2911 890 2959 καὶ
910 2910 1029 2966 τοὺς
1052 2907 1389 2981 ἀγρευθέντας
1410 2906 1565 2972 ἰχθῦς
1592 2904 1761 2978 εὑρίσ-

181 3014 361 3065 nysae:
398 2996 624 3050 Rebecca
650 2996 805 3067 igitur
843 2998 1011 3066 imago
1053 3006 1159 3049 erat
1203 2994 1445 3048 Ecclesia:
1474 2995 1761 3062 conjuncta:

180 3086 379 3141 Christo
401 3106 488 3159 per
511 3090 797 3157 baptisma;
827 3087 1010 3141 litteris
1040 3089 1175 3142 enim
1206 3088 1427 3139 nominis
1449 3085 1685 3138 Rebecca:
1707 3085 1759 3138 in

1854 1910 1996 1977 μένον
2026 1911 2093 1969 ὡς
2122 1908 2146 1962 ὁ
2173 1909 2355 1982 λέγων,
2400 1914 2536 1978 ipsi;
2564 1929 2618 1961 τε
2663 1909 2711 1961 οἱ
2747 1911 2916 1980 κριταὶ
2954 1910 3102 1978 φύσιν
3130 1910 3434 1985 ἀνθρώπινον

1851 1999 2062 2071 ἔχομεν’
2091 2002 2223 2054 ὥστε
2252 2003 2371 2075 περὶ
2402 2001 2595 2054 τούτων
2623 2000 2705 2054 τὸν
2738 2000 2905 2053 εἰκότα
2932 2002 3085 2070 μῦθον
3113 1996 3436 2070 ἀποδεχομιε

1851 2111 1990 2157 vove,
2022 2091 2205 2163 πρέπει
2226 2088 2380 2160 μηδὲν
2410 2086 2492 2145 ἔτι
2512 2091 2647 2163 πέρα
2668 2093 2832 2151 ζητεῖν
2856 2103 2875 2140 :
2901 2087 2962 2141 Si
2987 2099 3117 2141 certe
3148 2103 3249 2140 non
3270 2088 3437 2139 minus

1855 2182 2153 2235 verisimiles
2176 2197 2330 2250 quam
2358 2183 2624 2250 quisquam
2640 2182 2773 2234 alius
2795 2180 3076 2250 (rationes)
3103 2178 3436 2246 prwbeumus,

1854 2280 2145 2324 contentum
2172 2278 2222 2325 te
2259 2288 2369 2325 esse
2395 2280 2625 2342 oportet,
2657 2288 2927 2324 memorem
2956 2280 3002 2324 et
3047 2288 3126 2323 me
3166 2273 3254 2340 qui
3292 2271 3437 2334 dico,

1853 2371 1903 2415 et
1948 2378 2033 2415 vos
2079 2362 2166 2431 qui
2205 2362 2322 2416 estis
2357 2363 2595 2432 judices,
2634 2361 2909 2414 humanam
2960 2361 3142 2427 habere
3180 2369 3437 2412 naturam.

1856 2454 2041 2524 Itaque
2063 2455 2191 2507 side
2212 2456 2348 2511 hisce
2370 2456 2692 2508 verisimilem
2709 2453 2941 2525 fabulam
2965 2454 3278 2522 acceperitis,
3303 2454 3441 2507 decet

1838 2532 1945 2599 vos
1973 2546 2103 2598 nihil
2131 2546 2354 2614 amplius
2377 2561 2623 2613 querere.

1912 2635 1961 2704 »ᾗ
1996 2637 2045 2688 7.
2082 2634 2190 2687 Iste
2231 2651 2473 2689 numerus
2503 2635 2655 2704 (153)
2684 2645 2923 2704 tanquam
2959 2637 3115 2688 arbor
3154 2652 3185 2687 a
3224 2637 3443 2705 quodam

1860 2725 2051 2780 semine
2075 2725 2271 2778 videtur
2310 2740 2647 2788 succrescere,
2679 2740 2847 2777 semen
2880 2735 3048 2776 autem
3085 2726 3236 2792 hujus
3274 2726 3444 2795 magni

1863 2815 2061 2869 numeri
2097 2814 2306 2882 quidam
2342 2814 2509 2867 minor
2540 2829 2777 2866 numerus
2806 2824 2912 2878 est,
2943 2814 3032 2883 qui
3075 2823 3147 2866 est
3189 2816 3357 2869 decem
3398 2822 3446 2865 et

1862 2902 2096 2985 septem.]
2124 2903 2551 2971 Fundamentum
2583 2903 2817 2973 appellat
2838 2918 3090 2957 sermone
3116 2902 3151 2955 4
3171 2903 3238 2957 de
3262 2904 3449 2958 Diver-

1867 2998 1972 3061 sis,
2008 2997 2095 3049 ubi
2128 2996 2339 3064 planius
2366 2994 2597 3063 explicat
2636 3008 2742 3063 quo
2771 3005 2926 3062 pacto
2948 3009 3014 3048 ex
3052 2995 3117 3047 17
3158 3005 3449 3063 exsurgant

1873 3087 1993 3143 155.
2024 3087 2143 3141 Jam
2162 3084 2311 3160 ergo,
2347 3087 2534 3156 inquit,
2562 3087 2624 3141 de
2652 3102 2865 3139 numero
2916 3085 3018 3139 153
3049 3085 3301 3155 piscium,
3329 3084 3449 3153 quid

182 3192 413 3230 numeros
458 3178 664 3230 mutatis
691 3218 709 3242 ,
742 3186 945 3229 centum
994 3178 1363 3247 quinquaginta
1402 3185 1502 3228 tres
1542 3176 1760 3228 unitates
1789 3170 1833 3232 C
1868 3197 1996 3250 opus
2017 3189 2089 3234 εει
2110 3182 2289 3233 eadem
2309 3180 2569 3233 retexere?
2588 3177 2767 3231 Nostis
2788 3177 2900 3231 illa.
2931 3178 2975 3230 Α
2996 3178 3167 3231 decem
3192 3188 3239 3231 et
3259 3187 3452 3245 septem

178 3266 515 3336 colliguntur,
546 3276 667 3335 quot
690 3277 864 3333 captos
896 3267 1056 3335 pisces
1086 3268 1441 3334 comperimus.
1471 3265 1683 3319 Etenim
1711 3280 1760 3331 ιι,

179 3372 299 3426 qua:
329 3359 498 3426 prima
523 3368 604 3412 est
624 3359 858 3411 nominis
888 3358 1087 3422 littera,
1113 3368 1325 3411 centum
1343 3356 1520 3421 valet;
1552 3372 1581 3409 ε
1607 3357 1765 3424 quin-

180 3463 305 3518 que,
340 3466 366 3501 e
395 3450 523 3515 duo,
546 3464 583 3501 ις
615 3450 824 3517 viginti,
855 3465 887 3501 ιι
910 3447 1323 3516 rursusviginti,
1354 3463 1387 3501 Α
1417 3454 1616 3510 unum;
1648 3460 1768 3513 qua:

182 3539 236 3592 in
290 3555 559 3593 summum
610 3539 827 3593 redacta
865 3549 1082 3593 centum
1133 3536 1606 3605 etquinquaginta
1658 3543 1768 3588 tres

178 3630 493 3684 coniiciunt.
521 3629 672 3682 lusu.

250 3720 389 3776 Ibid.
424 3722 559 3776 Ludi
582 3720 800 3789 quidem
818 3719 875 3774 bi
901 3727 1076 3784 erant,
1097 3726 1151 3771 et
1166 3716 1380 3787 quidem
1407 3717 1623 3787 ingenio
1636 3716 1769 3771 abu-

185 3812 413 3865 tentium
442 3852 457 3877 ,
506 3827 629 3865 cum
683 3826 780 3879 pro
817 3808 1202 3864 somniantium
1245 3808 1503 3862 arbitratu
1554 3806 1771 3860 conﬁcti

187 3902 333 3966 sint;
366 3902 461 3956 sed
489 3904 763 3971 parciores
789 3903 843 3954 in
885 3900 1147 3968 ejusmodi
1187 3898 1325 3951 ludis
1353 3898 1521 3951 fuisse
1550 3905 1770 3964 oporte-

190 4003 300 4059 ret,
347 4008 446 4048 nec
496 3995 625 4047 talia
669 3984 1010 4055 commenta,
1053 3992 1208 4060 quasi
1250 3990 1479 4044 eximias
1515 3988 1771 4057 quasdam

192 4082 484 4152 Scriptura:
514 4084 989 4151 interpretationes
1018 4082 1279 4150 proferre.

260 4173 310 4242 ᾗ.
342 4174 548 4227 Peracti
578 4182 697 4225 sunt
732 4174 840 4225 dies
879 4172 1048 4241 feriati
1073 4212 1087 4235 ,
1118 4170 1386 4223 succedent
1408 4170 1523 4238 jam
1549 4168 1626 4221 illi
1655 4183 1777 4222 con-

196 4266 480 4317 eentionum
506 4304 522 4328 ,
552 4264 875 4317 exactionum
897 4302 914 4328 ,
946 4260 1277 4332 litigiorum.]
1326 4258 1644 4325 Quindecim
1672 4300 1688 4324 ,
1721 4269 1778 4313 ut

201 4368 319 4406 mox
336 4354 508 4419 dicet;
542 4355 642 4406 hoc
664 4364 744 4407 est
771 4355 977 4421 septeni
1006 4363 1130 4406 ante
1156 4351 1381 4416 Pascha,
1410 4351 1633 4405 totidem
1658 4360 1778 4419 post

202 4440 402 4498 Pascha
427 4486 442 4511 ,
475 4445 673 4514 quibus
699 4444 889 4499 diebus
914 4486 930 4510 ,
960 4445 1081 4497 lites
1109 4458 1297 4497 omnes
1320 4451 1376 4497 et
1401 4442 1778 4496 contentiones

1866 3273 2096 3325 nascitur
2127 3287 2368 3323 numerus
2393 3285 2641 3324 crescens.
2690 3267 2872 3337 Incipe
2898 3270 2957 3320 ab
2990 3284 3113 3334 uno,
3154 3269 3358 3338 perveni
3385 3269 3452 3321 ad

1868 3364 2036 3415 decent
2064 3371 2112 3415 et
2143 3372 2335 3432 septem
2354 3402 2369 3426 ,
2398 3370 2452 3413 ut
2482 3377 2657 3415 omnes
2679 3361 2843 3413 addas
2874 3375 2892 3412 :
2924 3360 2977 3411 id
3005 3371 3077 3413 est
3107 3376 3266 3413 unum
3291 3362 3452 3412 addas

1868 3453 1935 3504 ad
1965 3454 2114 3516 duos,
2157 3460 2203 3504 et
2230 3452 2357 3519 [iant
2382 3462 2515 3512 tres;
2547 3451 2711 3502 addas
2741 3458 2862 3513 tres,
2894 3458 2940 3501 et
2970 3449 3097 3515 ﬁant
3121 3466 3211 3504 sex
3242 3466 3261 3502 :
3291 3450 3454 3503 addas

1868 3550 2109 3611 quatuor,
2134 3549 2178 3592 rt
2199 3540 2325 3607 ﬁant
2348 3540 2535 3591 decem.
2568 3538 2657 3590 Sic
2678 3553 2846 3589 omnes
2867 3537 3001 3589 adde
3020 3553 3177 3602 usque
3191 3538 3259 3590 ad
3282 3540 3455 3591 decem

1870 3642 1917 3687 et
1952 3641 2139 3703 septem
2160 3672 2174 3694 ,
2208 3640 2257 3683 et
2295 3628 2551 3698 pervenies
2586 3628 2656 3680 ad
2700 3640 2898 3682 centum
2927 3626 3296 3697 quinquaginta
3332 3636 3453 3679 tres.

1872 3724 2004 3789 Qua:
2035 3722 2145 3790 ipsa
2193 3720 2410 3774 uberius
2455 3718 2641 3773 itidem
2675 3727 2730 3771 et
2758 3715 3075 3783 explicatius
3118 3716 3456 3786 persequitur

1874 3823 2104 3869 tractatu
2138 3812 2190 3866 in
2226 3812 2415 3880 psalm.
2448 3811 2537 3864 49.
2566 3810 2885 3864 διηιιηκιιυε.

1945 3903 2207 3957 Sermone
2236 3900 2363 3955 279.
2417 3900 2493 3954 De
2540 3900 2601 3953 S.
2639 3897 2808 3952 Paulo
2848 3896 3129 3970 apostolo.]
3170 3899 3229 3953 In
3272 3899 3458 3955 codice

1876 3995 2042 4062 Regio
2086 4002 2143 4048 et
2175 3992 2483 4057 Victorino,
2528 3991 2711 4045 titulus
2749 3999 2872 4043 est:
2912 3987 2979 4042 In
3024 3992 3350 4045 conversione
3393 3992 3455 4046 S.

1880 4084 2059 4138 Pauli.
2092 4083 2199 4139 Sed
2225 4082 2420 4137 Bedam
2463 4082 2611 4150 sequi
2638 4080 2854 4147 placuit,
2881 4080 2972 4147 qui
3002 4091 3258 4147 perpetuo
3298 4080 3458 4146 citat,

1881 4174 1963 4228 Ea:
1988 4190 2220 4229 sermone
2245 4172 2309 4225 de
2335 4170 2505 4224 Paulo
2525 4170 2779 4242 apostolo.
2809 4169 3119 4239 Quanquam
3146 4182 3200 4227 et
3229 4172 3454 4227 alterum

1881 4279 2092 4334 quoque
2124 4262 2305 4317 laudat
2341 4262 2408 4315 de
2446 4261 2803 4315 conversione
2848 4260 3093 4329 Apostnli
3117 4302 3131 4325 ,
3161 4261 3254 4330 qui
3279 4272 3364 4318 est
3389 4266 3460 4319 51

1882 4358 1949 4411 de
1980 4355 2233 4409 Diversis.
2256 4352 2518 4408 Czeterum
2545 4368 2612 4406 ex
2640 4351 2743 4407 hoc
2768 4368 2875 4406 uno
2892 4365 3098 4419 nostro,
3117 4356 3453 4408 membratim

1885 4446 2119 4500 dissecto
2139 4484 2153 4507 ,
2185 4443 2403 4496 conﬂati
2441 4452 2567 4496 sunt
2602 4442 2708 4496 duo
2735 4444 2790 4496 in
2814 4443 3059 4513 vulgatis,
3090 4457 3269 4496 sermo
3298 4442 3365 4496 M
3392 4443 3462 4497 de

204 4537 481 4590 cessabant
510 4552 578 4591 ex
606 4539 721 4605 lege
743 4535 1034 4590 Theodosii
1065 4536 1161 4590 lib.
1191 4550 1229 4589 tt
1268 4533 1387 4589 cod.
1415 4532 1682 4588 TllCUdOS.
1713 4531 1780 4585 de
1804 4516 1857 4575 Ῑ)
1886 4540 2097 4595 sanctis
2127 4548 2178 4592 et
2210 4538 2278 4592 36
2303 4537 2369 4591 de
2400 4537 2650 4590 Diversis.
2685 4537 2836 4591 Ιυειι.

151 4630 157 4635 ”
203 4623 387 4682 feriis:
420 4628 611 4683 Sacros
657 4643 854 4696 quoque
899 4625 1113 4679 Pascha:
1156 4625 1297 4689 dies,
1334 4625 1419 4691 qui
1458 4634 1663 4694 septeno
1704 4622 1782 4675 vel

207 4718 494 4784 precedunt
522 4734 735 4771 numero
758 4757 773 4783 ,
817 4718 893 4770 vel
920 4728 1229 4785 sequuntur,
1260 4718 1313 4769 in
1334 4716 1509 4769 cadent
1536 4715 1782 4784 feriarum

207 4808 545 4863 observatione
579 4826 922 4866 numeramus.
959 4811 1282 4863 Stuuouuus.

280 4899 539 4955 Sermone
559 4900 686 4954 268.
712 4900 778 4953 In
802 4902 883 4953 die
900 4897 1267 4967 Pentecostes.'|
1284 4898 1547 4964 Vidimus,
1568 4912 1672 4950 non
1696 4911 1785 4951 so-

214 4985 315 5042 lum
368 4992 423 5044 in
464 4990 634 5059 Regio
676 5000 731 5045 et
768 4991 823 5044 in
853 4990 1124 5044 Victorino
1174 4989 1262 5042 DD
1303 4987 1389 5056 12,
1431 4988 1524 5040 sed
1568 4986 1622 5039 in
1663 4986 1786 5039 aliis

214 5080 364 5133 etiam
409 5082 810 5150 manuscriptis.
852 5081 1003 5147 Quod
1047 5091 1174 5135 vero
1216 5081 1358 5134 inter
1403 5092 1682 5133 sermones
1719 5078 1788 5131 de

216 5165 522 5227 Pentecoste
554 5172 728 5240 primo
761 5174 899 5226 hunc
927 5173 1047 5225 loco
1068 5172 1372 5234 statuimus,
1400 5170 1594 5223 Bedam
1617 5168 1787 5221 secuti

212 5272 403 5331 sumus,
418 5264 511 5334 qui
527 5265 760 5333 appellat
775 5265 1114 5319 sermonem!
1138 5306 1153 5330 ,
1175 5264 1242 5317 de
1265 5262 1603 5317 Pentecoste.
1634 5259 1785 5314 lusu.

275 5352 533 5410 Sermone
549 5355 677 5408 270.
705 5354 781 5407 De
796 5354 879 5409 die
896 5352 1270 5426 Pentecostes.]
1288 5355 1493 5409 Citatur
1517 5353 1601 5406 hic
1627 5354 1788 5407 etiam

216 5456 245 5499 a
264 5445 421 5514 Beda,
438 5457 499 5503 ut
514 5448 786 5516 admonui,
811 5449 854 5503 11
874 5449 940 5502 ad
964 5449 1289 5513 Corinthios,
1306 5464 1385 5502 ut.
1405 5448 1475 5502 At
1491 5448 1542 5501 in
1566 5448 1793 5517 vulgatis

210 5540 607 5609 exentplaribus
634 5540 824 5603 Bedze,
856 5557 918 5593 ea:
946 5556 1177 5594 sermone
1207 5542 1270 5593 de
1305 5539 1502 5593 Pascha
1529 5540 1787 5609 scriptum

207 5640 291 5692 est
312 5649 408 5705 pro
435 5650 500 5687 ea:
527 5648 759 5687 sermone
802 5636 863 5687 de
896 5632 1212 5687 Pentecoste.
1245 5632 1432 5687 Exstat
1459 5642 1637 5685 autem
1664 5645 1786 5685 cum

202 5725 265 5788 in
289 5726 459 5796 Regio
489 5725 694 5793 Codice,
731 5737 839 5780 tttm
875 5728 924 5778 in
957 5726 1230 5782 Victorino
1253 5725 1342 5779 DD
1378 5723 1461 5779 12.
1494 5723 1643 5779 lusu.

410 5823 684 5883 PATROL.
768 5822 1019 5881 XLVII.

1962 4635 1989 4706 §
2017 4636 2070 4689 4.
2123 4634 2382 4702 Quidquid
2408 4642 2481 4687 est
2508 4633 2642 4697 quod
2669 4632 2833 4697 swvit,
2880 4645 2972 4698 pro
2998 4628 3200 4681 nomine
3238 4626 3462 4689 Christi;

1887 4728 1930 4781 si
1959 4734 2119 4797 potest
2143 4726 2259 4790 vivi,
2286 4723 2547 4778 tolerabile
2574 4733 2676 4787 est;
2702 4723 2745 4773 si
2783 4737 2887 4772 non
2913 4726 3073 4786 potest
3100 4717 3217 4781 vivi,
3247 4718 3464 4786 migrare

1886 4818 2006 4871 hinc
2042 4815 2211 4888 [utin]
2266 4817 2378 4870 Hoc
2422 4824 2539 4879 est,
2596 4809 2844 4882 quamvis
2887 4821 3062 4861 saevus
3093 4806 3186 4859 tibi
3226 4806 3468 4861 videatur

1890 4908 2045 4962 dolvr
2089 4922 2247 4975 quem
2282 4907 2479 4971 pateris
2511 4918 2607 4970 pro
2646 4900 2858 4953 nomine
2886 4897 3114 4963 Christi,
3158 4907 3469 4954 constanter

1897 5010 2107 5068 patere;
2149 5011 2269 5049 nam
2296 4997 2338 5047 si
2375 4995 2536 5046 vitam
2565 4992 2657 5044 tibi
2690 5004 2795 5041 non
2820 4988 3035 5058 eripiat,
3068 4988 3261 5057 poterit
3292 4988 3417 5044 ferri
3457 5008 3469 5041 :

1897 5091 1941 5143 si
1964 5087 2188 5155 eripiat,
2219 5084 2311 5149 tibi
2338 5080 2604 5137 felicitatis
2635 5079 2842 5133 initiunt
2873 5079 2999 5133 erit.
3031 5078 3190 5148 Igitur
3215 5079 3346 5133 nihil
3388 5079 3471 5133 hic

1896 5175 2228 5233 mutandum.
2255 5174 2401 5228 lianc
2421 5180 2599 5225 autem
2616 5172 2937 5239 sententiam
2963 5170 3123 5226 debet
3144 5171 3472 5239 Augustinus

1900 5272 2129 5340 Epicuro
2152 5307 2166 5330 ,
2194 5265 2347 5335 cujus
2382 5262 2522 5333 apud
2548 5279 2702 5318 suum
2744 5262 3058 5319 Ciceronem
3101 5264 3302 5331 legerat
3334 5261 3472 5313 hanc

1898 5364 2073 5437 κυρίαν
2100 5358 2280 5422 δόξαν,
2332 5371 2580 5427 magnum
2612 5355 2839 5408 dolorem
2867 5355 3094 5415 brevem,
3144 5350 3477 5419 longinquum

1897 5456 2052 5507 larem
2081 5466 2186 5505 esse
2209 5490 2224 5516 ,
2255 5465 2412 5520 quam
2445 5448 2776 5518 pulclterime
2806 5447 3124 5500 illustratum
3153 5439 3397 5496 invenies
3425 5443 3478 5497 in

1899 5543 2041 5597 notis
2062 5542 2204 5596 Petri
2230 5538 2489 5593 Gassendi
2510 5578 2525 5601 ,
2558 5538 2623 5592 ad
2667 5553 2697 5590 κ
2732 5534 2979 5602 Diogenis
3012 5530 3207 5585 Laertii
3254 5529 3474 5584 librum.

1971 5634 2230 5689 Sermone
2256 5631 2384 5686 288.
2415 5628 2482 5681 In
2518 5629 2679 5681 natali
2706 5627 2767 5679 S.
2810 5624 3028 5676 Joannis
3061 5617 3356 5692 [inplicata]
3402 5621 3479 5676 Et

1901 5724 2084 5781 codice
2107 5723 2273 5794 Regio
2298 5731 2351 5777 et
2376 5720 2548 5776 altero
2568 5720 2627 5775 S.
2661 5717 2887 5775 Victoris
2912 5715 2999 5770 DD
3026 5713 3090 5769 12
3115 5710 3337 5767 sun‘ecta
3358 5722 3481 5770 sua:
