3900 6306
515 387 616 448 595

1417 375 1966 435 δυΡΡμΕΜΕΝΤυΜ
2006 375 2095 430 AD
2138 374 2365 430 OPERA
2405 374 2462 430 S.
2509 373 2897 432 AUGUSTINI.

3651 369 3752 426 596

516 523 632 577 qua:
662 508 714 561 in
746 502 1086 558 vetustissimi
1134 499 1250 552 libri
1284 495 1593 563 fragmentis
1618 492 2079 547 desiderabantur.
2112 493 2160 552 Α
2190 505 2290 545 nus
2335 490 2528 545 frustra
2578 492 2948 545 auctoritatem
2991 489 3246 544 Ecclesia:
3299 485 3507 556 oggerit
3558 484 3755 540 miseris

519 599 572 652 In
601 609 824 666 utroque
853 605 1032 648 autem
1060 591 1244 646 codice
1267 633 1280 655 ,
1321 597 1439 655 post
1481 587 1621 638 hunc
1651 597 1952 638 sermonem
1998 597 2090 635 se-

518 691 776 757 quebatur
798 687 934 739 alter
960 684 1024 736 de
1046 681 1232 735 eodem
1252 677 1412 730 natali
1430 677 1486 730 S.
1511 675 1752 737 Joannis,
1774 687 1936 740 quem
1964 672 2094 726 citat

517 779 697 831 itidem
731 773 869 827 Beda
898 774 962 825 ad
996 771 1361 836 Philippenses
1390 782 1446 820 ιι.
1479 766 1568 818 Est
1598 772 1774 817 autem
1811 775 1989 816 sermo
2023 759 2093 814 2'5

516 866 585 924 de
615 865 848 918 Sanctis.
885 861 1204 914 SIMIONDUS.

588 955 847 1007 Sermone
872 950 997 1002 291.
1024 946 1087 998 In
1113 944 1270 998 natali
1289 945 1526 1012 martyris
1551 938 1877 1010 Cuddentis.]
1901 939 2097 1006 Quam-

519 1047 598 1097 vis
627 1040 956 1095 Benedictini
986 1039 1298 1091 existiment
1321 1033 1708 1088 restituendum
1740 1032 1825 1083 hic
1847 1029 2099 1084 Gauden-

525 1135 605 1200 tii,
640 1131 1008 1184 Theodericus
1042 1138 1216 1181 tamen
1246 1127 1536 1179 Ruinartus
1563 1122 1803 1190 ejusdem
1831 1119 2102 1172 societatis

521 1219 834 1281 monachus,
863 1217 944 1270 vir
971 1216 1242 1277 eruditus,
1277 1215 1327 1265 in
1372 1213 1518 1264 Actis
1549 1209 1775 1263 sinceris
1805 1216 1860 1260 et
1887 1207 2102 1260 selectis

523 1318 816 1377 martyrum
842 1348 856 1368 ,
890 1305 1146 1357 admonit.
1181 1304 1231 1355 in
1270 1302 1440 1354 Vitam
1469 1309 1522 1354 et
1555 1302 1683 1352 Acta
1726 1297 1783 1351 S.
1816 1296 2101 1366 Cypriani,

524 1409 670 1464 putat
704 1397 980 1464 legendum
1013 1391 1310 1454 Gudennis,
1343 1388 1602 1452 Gudenis,
1635 1396 1725 1438 aut
1764 1384 2100 1447 Gundennis,

526 1503 642 1557 qua:
676 1487 820 1552 virgo
845 1498 995 1552 passa
1028 1490 1111 1534 cst
1139 1481 1481 1548 Carthagine,
1518 1477 1618 1531 sub
1649 1477 1850 1531 Severo
1879 1475 2106 1542 impera-

527 1592 664 1642 tore,
690 1576 996 1630 cUnsulibus
1027 1571 1161 1627 Geta
1197 1580 1251 1626 et
1281 1569 1592 1632 Plautiano,
1642 1577 1694 1621 et
1732 1566 1885 1633 cujus
1912 1564 2104 1618 feszum

528 1669 736 1737 vulgata
761 1663 1140 1733 martyrologia
1181 1662 1269 1715 die
1295 1660 1379 1714 18.
1403 1658 1526 1712 Julii
1553 1665 1998 1711 commemorant.

597 1761 623 1826 ἑ
650 1760 700 1812 5.
734 1755 971 1809 Recitato
1005 1755 1122 1808 loco
1153 1750 1387 1805 Matthxi
1415 1763 1540 1816 xxv,
1573 1748 1662 1802 '53.
1699 1745 1848 1812 Hac,
1902 1745 2106 1811 inquit,

2200 579 2528 648 Pelagianis;
2553 595 2652 633 nec
2669 594 2730 633 ea
2756 579 2931 648 magni
2954 577 3090 631 facta
3116 577 3328 640 fuisset,
3357 575 3457 629 nisi
3484 573 3758 628 rationibus

2203 671 2464 727 destitutae
2517 673 2688 726 edicta
2747 673 3126 740 imperatorum
3175 668 3446 737 suppetias
3492 666 3759 727 tulissent;

2201 761 2341 829 quod
2372 761 2611 814 odiosius
2649 760 2844 814 factum
2877 762 2927 814 in
2966 775 3124 814 causa
3170 757 3573 826 Pelagianorum
3619 772 3763 823 quam

2204 852 2254 904 in
2287 852 2688 904 Donatistarum

2277 939 2303 1008 §
2339 940 2423 992 19.
2454 939 2511 992 Si
2542 945 2696 991 etiam
2723 939 3034 1007 gravissimis
3064 935 3388 990 delictoribus
3427 944 3473 988 et
3512 936 3564 986 in
3603 933 3767 986 Domi-

2204 1046 2323 1082 num
2351 1031 2560 1081 multant
2599 1039 2718 1084 ante
2739 1030 3063 1096 peccantibus
3084 1071 3098 1093 ,
3130 1044 3242 1080 cum
3275 1035 3448 1094 postea
3481 1027 3771 1078 crediderint

2202 1121 2416 1173 remissa
2444 1130 2761 1188 peccatorum
2806 1120 2960 1171 datur
2985 1127 3030 1169 et
3061 1135 3092 1169 a
3133 1118 3382 1183 baptismo
3428 1123 3576 1184 atque
3616 1118 3774 1184 gratia

2208 1230 2353 1266 nemo
2392 1213 2718 1283 prohibetur;
2759 1220 2948 1280 quanto
2991 1210 3153 1277 magis
3201 1208 3456 1276 prohiberi
3497 1224 3596 1259 non
3639 1209 3775 1260 debet

2207 1302 2402 1369 infans,
2452 1301 2541 1370 qui
2577 1317 2746 1353 recens
2778 1309 2927 1353 natus
2963 1299 3094 1352 nihil
3122 1299 3344 1368 peccavit
3367 1337 3381 1362 ,
3424 1298 3522 1350 nisi
3542 1297 3670 1365 quod
3701 1315 3778 1350 se—

2210 1393 2432 1444 cundum
2467 1392 2628 1443 Adam
2657 1391 2930 1442 carnaliter
2959 1401 3104 1442 natus
3128 1390 3422 1458 contagium
3454 1389 3628 1440 mortis
3651 1387 3780 1438 anti-

2207 1499 2340 1550 qua’,
2365 1483 2532 1550 prima
2563 1482 2816 1532 nativitatc
2829 1480 3120 1532 contraxit?
3134 1479 3220 1545 qui
3239 1481 3306 1530 ad
3327 1479 3588 1531 remissam
3611 1494 3780 1545 pecca-

2211 1582 2378 1625 torum
2407 1571 2758 1640 accipiendam
2789 1572 2884 1622 hoc
2911 1571 3024 1636 ipso
3060 1569 3268 1637 facilius
3295 1569 3506 1627 accedit.
3538 1568 3672 1634 quod
3707 1567 3782 1618 illi

2211 1662 2537 1712 dimittuntur
2574 1676 2674 1712 non
2718 1660 2957 1729 propria,
3002 1658 3090 1712 sed
3143 1657 3314 1710 aliena
3364 1654 3616 1726 peccata.]
3659 1656 3784 1710 Sunt

2213 1754 2373 1808 verba
2404 1754 2687 1822 Cypriani,
2717 1769 2835 1820 qua:
2879 1751 3220 1820 proferuntur
3256 1751 3321 1804 ab
3352 1751 3647 1818 Augusuno
3668 1789 3682 1812 ,
3721 1764 3784 1801 es

527 1864 738 1919 regnum
755 1847 1004 1910 nominat,
1028 1846 1120 1901 hac
1146 1841 1476 1896 cumdiabolo
1501 1839 1901 1891 damnationem.
1923 1835 2111 1888 Nullus
2143 1845 2189 1904 Β
2217 1844 2374 1910 epist,
2403 1843 2470 1896 6t
2500 1843 2565 1912 ad
2598 1842 2798 1895 Fadum
2817 1883 2831 1903 ,
2858 1852 2916 1895 ut
2947 1841 3137 1909 probet
3161 1840 3275 1908 eius
3310 1838 3627 1892 auctoritate
3674 1854 3786 1906 pec-

529 1941 740 1991 relictus
769 1948 841 1990 est
869 1936 1061 1988 medius
1091 1935 1232 1986 locus
1260 1931 1346 1984 ubi
1377 1945 1564 1998 ponere
1591 1945 1744 1996 queas
1772 1927 2008 1996 infantes.
2035 1924 2112 1978 De

531 2032 655 2083 vivis
677 2040 722 2083 et
752 2025 1323 2098 mortuisjudicabitur,
1356 2022 1447 2075 alii
1477 2028 1624 2073 erunt
1655 2019 1724 2071 ad
1746 2019 1998 2080 dextram,
2023 2016 2113 2070 alii

529 2120 598 2173 ad
628 2120 904 2180 sinistram,
939 2133 1044 2168 non
1065 2114 1178 2166 novi
1207 2113 1372 2166 aliud.
1409 2111 1508 2175 Qui
1526 2110 1724 2162 inducis
1751 2107 1996 2173 medium,
2028 2122 2113 2160 re-

534 2213 651 2265 cede
680 2211 741 2263 de
771 2209 969 2269 medio;
1002 2221 1102 2258 non
1124 2213 1171 2257 te
1197 2203 1422 2268 offendat
1451 2201 1534 2269 qui
1565 2202 1796 2252 dextram
1818 2202 2022 2269 quierit.
2051 2198 2117 2251 Et

534 2317 580 2359 te
611 2306 775 2371 ipsum
804 2303 1083 2360 admoneo,
1126 2296 1299 2350 recede
1326 2295 1389 2348 de
1419 2295 1614 2358 medio,
1649 2292 1739 2344 sed
1768 2293 1871 2344 noli
1902 2293 1956 2344 in
1986 2291 2115 2342 sini-

534 2405 715 2456 strum,
739 2390 868 2461 etc.]
887 2390 1009 2442 llaec
1035 2385 1304 2455 quomodo
1325 2384 1663 2439 consentiant
1685 2398 1803 2435 cum
1828 2383 1890 2435 iis
1912 2397 2032 2450 qua:
2052 2380 2118 2435 de

537 2485 705 2540 limbo
734 2499 762 2536 a
785 2479 1120 2536 scholasticis
1143 2486 1322 2547 postea
1346 2476 1540 2542 scripta
1568 2483 1694 2528 sunt
1717 2489 1824 2527 non
1855 2473 2114 2542 intelligo.

536 2576 645 2630 Sed
664 2588 760 2628 nec
785 2571 938 2640 capio
959 2585 1061 2638 qua
1087 2569 1295 2622 ratione
1307 2565 1475 2634 redigi
1497 2568 1547 2618 in
1561 2563 1902 2618 concordiam
1925 2571 2122 2631 queant

537 2681 658 2718 cum
703 2664 766 2716 iis
797 2678 914 2730 qua:
945 2661 1071 2714 alibt
1117 2659 1277 2712 docet
1318 2659 1387 2712 de
1430 2655 1751 2726 purgatoriis
1801 2653 2013 2722 pmnis,
2065 2661 2124 2707 ut

531 2757 694 2810 Civ;t.
730 2754 827 2808 Dei
853 2754 943 2809 lib.
973 2767 1083 2820 xxi,
1107 2765 1224 2818 cap.
1258 2749 1342 2803 15.

611 2846 716 2915 ςθ.
757 2843 858 2898 Vos
894 2838 1208 2911 (Pelagiani)
1241 2840 1411 2892 dicitis
1445 2854 1462 2892 :
1507 2837 1670 2890 Vitam
1693 2839 1896 2906 quidem
1928 2837 2126 2890 habebit

538 2939 631 2992 iste
656 2953 759 2988 non
788 2934 1071 3002 baptizatus
1102 2938 1383 2994 aeternam,
1423 2929 1511 2982 sed
1544 2945 1644 2980 non
1676 2927 1874 2979 habebit
1913 2943 2125 2996 regnum

539 3026 798 3080 caelorum.
836 3023 937 3076 Ille
970 3030 1149 3075 contra
1177 3035 1197 3073 :
1229 3018 1340 3071 Imo
1369 3028 1416 3071 et
1451 3019 1603 3069 vitam
1644 3028 1690 3070 et
1728 3034 1938 3088 regnum
1976 3017 2127 3070 cwlo-

539 3134 670 3170 rum.
709 3114 878 3180 Quare
906 3113 1039 3165 enim
1080 3109 1443 3178 patrimonium
1471 3108 1612 3176 regni
1648 3107 1887 3159 caelorum
1936 3107 2126 3174 abripis

2214 1944 2389 1990 catum
2423 1935 2701 2004 Originale.
2735 1934 2801 1988 At.
2830 1934 3014 2003 quidni
3045 1932 3194 1986 licuit
3221 1929 3519 1999 Pelagianis
3567 1929 3787 1996 rejiccre

2214 2024 2330 2092 ejus
2361 2025 2764 2088 auctoritatem,
2797 2024 2850 2076 in
2882 2022 2985 2076 hoc
3017 2022 3252 2090 negotio,
3293 2028 3353 2073 ut
3388 2019 3689 2088 Augustino
3729 2019 3790 2070 li-

2215 2117 2327 2170 cuit
2371 2115 2511 2184 quod
2541 2113 2732 2168 attinet
2759 2113 2824 2167 ad
2867 2113 3188 2182 baptismum
3215 2109 3630 2164 haereticorum?
3671 2107 3792 2162 Pro-

2217 2207 2358 2262 lecto
2379 2207 2546 2260 multo
2567 2205 2784 2268 clarius,
2801 2204 3012 2274 plenius
3032 2220 3092 2258 ac
3108 2206 3438 2260 constantius
3453 2201 3792 2269 baptizandos

2219 2311 2340 2351 esse
2365 2296 2433 2349 ab
2456 2295 2722 2349 tumreticis
2751 2295 2817 2348 ad
2848 2294 3143 2348 Ecclesiam
3170 2291 3484 2346 catholicam
3517 2291 3792 2346 venientes

2220 2387 2527 2448 affirmavit,
2546 2401 2702 2454 quam
2719 2385 2860 2453 quod
2883 2385 2992 2437 vult
3014 2384 3098 2438 hic
3123 2381 3475 2452 Hipponensis
3495 2381 3792 2448 cpiscorius.

2222 2476 2423 2530 Deinde
2455 2490 2560 2529 non
2588 2474 2716 2529 dicit
2737 2475 2788 2528 in
2822 2474 3052 2528 infantes
3083 2475 3310 2527 transire
3341 2473 3499 2526 ullam
3526 2473 3701 2526 labem
3728 2473 3794 2525 in-

2220 2574 2448 2633 ternam,
2467 2581 2569 2634 qua
2591 2580 2773 2620 eorum
2797 2564 3072 2620 facultates
3093 2565 3201 2618 sint
3229 2564 3452 2627 vitiatze;
3478 2563 3574 2618 sed
3599 2572 3794 2617 tantum

2223 2659 2435 2714 trahere
2451 2673 2544 2712 eos
2558 2658 2909 2728 contagionem
2928 2658 3102 2711 mortis
3115 2656 3181 2710 ab
3197 2655 3420 2722 Adamo,
3437 2654 3559 2722 quia
3575 2670 3644 2708 ex
3663 2664 3796 2722 patre

2227 2749 2435 2803 mortali
2466 2764 2573 2801 non
2607 2748 2706 2802 nisi
2741 2748 2994 2802 mortales
3025 2754 3344 2810 nascuntur;
3391 2745 3532 2814 quod
3581 2745 3796 2798 multum

2225 2841 2378 2896 abest
2403 2855 2433 2893 a
2458 2838 2723 2894 sententia
2747 2838 3050 2907 Augustini.
3076 2829 3316 2904 Denique
3340 2834 3611 2890 rhetorice
3635 2838 3796 2904 potius

2226 2931 2452 2985 fortasse
2481 2930 2616 2984 dixit
2639 2929 2836 2984 remitti
2860 2930 3030 2983 aliena
3057 2935 3296 2997 peccata,
3325 2940 3482 2995 quam
3509 2925 3795 2986 didactice;

2227 3035 2290 3074 ac
2313 3035 2442 3074 sane
2473 3035 2572 3074 nec
2601 3018 2878 3088 imputari,
2922 3033 3021 3072 nec
3051 3017 3250 3072 remitti
3273 3016 3444 3070 aliena
3473 3025 3729 3085 peccata,
3759 3015 3796 3068 si

2232 3112 2449 3180 proprie
2492 3110 2793 3178 loquamur,
2823 3124 2852 3163 a
2879 3109 3023 3176 justo
3042 3107 3222 3177 judice
3245 3114 3486 3176 possunt.
3534 3105 3686 3159 Satis
3730 3113 3798 3158 est

541 3201 834 3257 innocenti?
861 3197 990 3268 etc]
1017 3199 1181 3251 Recte
1207 3207 1610 3266 argumentatur
1640 3196 1991 3264 Augustinus,
2026 3210 2124 3249 nec
2149 3200 2196 3261 ο
2229 3201 2394 3256 multa
2416 3207 2686 3254 oratorum
2709 3199 3190 3254 ecclesiasticarum
3214 3196 3353 3250 dicta
3377 3209 3496 3250 esse
3527 3195 3611 3249 vel
3637 3195 3799 3248 diluto

542 3301 659 3346 erat
709 3291 812 3343 ulla
858 3289 996 3342 ratio
1035 3285 1397 3354 distinguendi
1451 3285 1601 3353 rt-gni
1647 3285 1883 3339 ccclestis
1929 3299 1960 3337 a
2014 3284 2123 3338 vita

543 3393 767 3436 aeterna.
795 3379 899 3433 Sed
941 3393 1005 3432 eo
1035 3378 1294 3432 devenire
1332 3376 1502 3430 coacti
1534 3385 1659 3430 sunt
1700 3375 1968 3444 Pelagiani
2007 3376 2124 3431 loco

539 3473 678 3528 Joan
731 3487 808 3536 ιιι,
833 3472 886 3534 5,
921 3484 1080 3538 quem
1103 3468 1171 3522 de
1201 3466 1617 3535 pa‘dubaptismo
1646 3465 2044 3533 iutelligebant,
2067 3475 2124 3521 ut

539 3564 627 3618 alii
662 3579 674 3614 :
701 3561 821 3614 Nisi
841 3561 949 3629 quis
971 3569 1177 3613 renatus
1199 3558 1352 3625 fuerit
1383 3574 1445 3610 ea:
1470 3574 1600 3625 aqua
1628 3567 1676 3610 et
1701 3557 1902 3626 Spiritu
1924 3565 2121 3621 sancto,

539 3671 641 3708 non
666 3653 875 3707 intrabit
907 3653 959 3704 in
999 3665 1212 3720 regnum
1237 3647 1507 3712 Dei;cum
1539 3649 1669 3701 satis
1717 3648 1915 3716 liqueat
1959 3648 2010 3700 in
2056 3662 2122 3702 eo

537 3748 660 3800 loco
682 3746 748 3799 de
770 3743 964 3797 adultis
993 3751 1200 3794 tantum
1226 3740 1496 3793 Christum
1519 3753 1699 3806 agere,
1727 3749 1782 3792 ut
1811 3748 1866 3792 et
1887 3739 1940 3793 in
1964 3749 2122 3794 caete-

539 3828 890 3890 ris‘omnibus
919 3833 970 3884 in
994 3832 1188 3899 quibus
1231 3829 1425 3883 caelum
1457 3829 1738 3895 pollicetur
1765 3830 1829 3882 iis
1855 3829 2121 3884 conditio-

539 3927 696 3979 nibus
723 3938 844 3990 qu:e
873 3936 979 3974 non
1001 3920 1103 3973 nisi
1128 3918 1198 3970 ab
1225 3918 1418 3972 adultis
1451 3917 1659 3984 impleri
1700 3926 1941 3984 possunt.

611 4015 638 4083 §
670 4014 757 4065 19..
795 4010 930 4076 Quid
959 4009 1002 4062 ei
1033 4009 1162 4061 dicis
1196 4015 1250 4060 ut
1278 4007 1487 4060 credat?
1517 4006 1632 4059 Hoc
1666 4008 1799 4061 enim
1839 4009 2120 4076 responde-

543 4110 627 4154 tur
647 4118 680 4153 a
707 4110 940 4170 portante
966 4096 1258 4168 parvulum.
1291 4096 1370 4150 Ad
1395 4097 1543 4150 verba
1575 4097 1739 4150 aliena
1760 4098 2007 4160 salvetur,
2033 4101 2121 4168 qui

541 4192 609 4245 ad
647 4192 843 4262 factum
874 4187 1101 4241 alienum
1134 4189 1446 4242 vulneratur.
1476 4186 1648 4240 Credit
1682 4187 1736 4239 in
1770 4185 1946 4242 Iesum
1975 4187 2122 4242 Citri-

539 4284 711 4337 stum?
736 4279 825 4333 Fit
859 4281 1210 4348 interrogatio,
1237 4280 1590 4348 respondetur,
1620 4275 1823 4347 credit.]
1857 4277 1967 4332 lmo
1994 4292 2119 4332 vero

539 4374 712 4436 credo,
739 4373 790 4424 in
816 4370 983 4438 prima
1009 4382 1256 4436 persona,
1283 4367 1408 4436 quia
1430 4367 1654 4420 formula
1683 4366 1932 4436 baptismi
1964 4367 2115 4420 adul-

540 4477 718 4519 torum
761 4463 828 4515 ad
874 4459 1102 4514 infantes
1131 4458 1248 4512 sine
1290 4457 1584 4511 mutatione
1623 4456 1795 4511 fuerat
1839 4456 2113 4510 translata.

538 4557 674 4611 Vide
696 4555 836 4608 dicta
867 4552 933 4605 ad
959 4563 1086 4605 tom.
1117 4549 1183 4614 ll,
1209 4549 1366 4616 epist.
1397 4547 1484 4613 98,
1525 4548 1551 4617 §
1581 4549 1636 4602 9.

611 4649 640 4719 §
671 4649 756 4703 17.
787 4647 884 4698 Dic
913 4643 1056 4708 mihi,
1090 4641 1292 4695 obsecro
1315 4650 1379 4706 te,
1409 4641 1632 4709 parvulis
1666 4637 1934 4705 baptisatis
1969 4636 2118 4691 Chri-

538 4749 645 4793 stus
693 4736 906 4807 aliquid,
959 4751 1028 4787 an
1054 4731 1183 4786 nihil
1226 4731 1465 4798 prodest?
1505 4728 1725 4780 Necesse
1769 4737 1842 4779 est
1885 4736 1941 4779 ut
1982 4728 2118 4779 dicat

537 4831 794 4900 prodesse,
826 4826 1070 4896 premitur
1092 4823 1222 4878 mole
1243 4823 1420 4875 matris
1444 4819 1705 4873 Ecclesiae.
1741 4817 1895 4870 Forte
1914 4817 2115 4886 quidem

538 4921 722 4974 vellent
755 4922 849 4972 hoc
879 4920 1076 4984 dicere,
1105 4933 1222 4971 naut
1252 4916 1496 4968 ratiocina
1522 4913 1662 4966 iones
1693 4925 1866 4964 eorum
1906 4910 1974 4960 ad
2022 4908 2117 4961 hoc

538 5009 775 5063 videntur
797 5010 1116 5074 compellere,
1141 5007 1228 5058 sed
1250 5006 1554 5058 auctoritate
1574 5001 1916 5070 reprimuntur
1939 4997 2117 5051 Eccle-

536 5099 651 5162 εἱσι,
677 5113 738 5149 ne
767 5113 869 5150 non
895 5097 1059 5148 dicam
1095 5095 1254 5164 sputis
1286 5094 1547 5147 hominum
1576 5093 1878 5155 obruantur,
1917 5090 2005 5142 sed
2038 5089 2117 5156 ip-

536 5205 711 5244 sorum
739 5184 1015 5254 infantium
1056 5184 1327 5252 lacrymis,
1361 5193 1600 5247 tanquam
1622 5183 1778 5250 ﬂuvio
1816 5180 2116 5250 pertrahun-

537 5277 664 5350 tur.]
687 5275 1024 5331 Ithetoricum
1048 5273 1146 5326 hoc
1166 5273 1426 5340 posterius
1447 5281 1528 5326 est
1549 5281 1942 5339 argumentum,
1968 5272 2114 5337 prius

537 5388 567 5424 a
599 5381 804 5425 terrore
825 5364 1071 5435 petitum,
1099 5378 1204 5416 non
1235 5377 1263 5414 a
1291 5363 1531 5416 veritate.
1568 5361 1663 5415 Ubi
1692 5362 1834 5415 enim
1870 5362 2115 5430 promisit

535 5461 676 5517 Deus
711 5462 828 5516 fore
855 5468 914 5514 ut
949 5459 1091 5512 nulla
1118 5458 1168 5512 in
1201 5473 1257 5511 re
1285 5458 1514 5510 maxima
1537 5456 1958 5513 Christianorum
1992 5469 2114 5524 pars

536 5554 776 5608 enaret?
821 5552 1112 5619 Nusquam.
1145 5549 1244 5605 Ubi
1286 5548 1539 5603 revelavit
1587 5550 1892 5603 necessario
1941 5545 2112 5617 bapti-

535 5641 734 5695 zandos
753 5641 998 5703 infantes,
1024 5639 1474 5695 autmorientibus
1491 5639 1542 5692 in
1561 5637 1788 5692 infantili
1809 5647 1966 5693 aetate
1991 5653 2114 5707 pro-

531 5728 693 5791 desse
715 5731 1069 5800 baptismum?
1100 5733 1370 5803 Nusquam
1411 5731 1594 5786 etiam.
1627 5731 1808 5800 Itaque
1847 5729 2105 5800 Augusti-

2225 3305 2386 3346 sensu
2413 3305 2538 3346 vera
2562 3331 2575 3355 ,
2602 3306 2724 3344 cum
2752 3290 2881 3344 satis
2914 3296 3126 3344 constet
3163 3302 3256 3342 eos
3300 3287 3517 3341 minime
3557 3295 3800 3340 accurate

2172 3450 2192 3462 .
2227 3383 2370 3452 loqui
2402 3383 2611 3435 solitos.

2297 3471 2442 3542 εει).
2489 3469 2826 3542 Impetremus
2865 3486 3016 3539 ergo,
3047 3469 3091 3522 si
3136 3483 3430 3536 possumus,
3481 3483 3512 3518 a
3559 3467 3798 3534 fratribus

2225 3564 2432 3625 nostris,
2461 3580 2522 3616 ne
2569 3579 2663 3615 nos
2687 3563 2895 3630 insuper
2933 3558 3189 3629 appellent
3210 3558 3491 3622 ha’reticos,
3534 3558 3681 3626 quod
3725 3572 3798 3608 eos

2225 3658 2352 3710 talia
2373 3656 2690 3722 disputantes
2713 3670 2803 3706 nos
2829 3653 3089 3722 appellare
3110 3651 3362 3720 possimus
3387 3650 3626 3717 forsitan,
3665 3649 3712 3701 si
3729 3663 3799 3699 re-

2224 3748 2401 3812 limus,
2425 3763 2514 3798 nec
2537 3756 2700 3798 tamen
2721 3738 3084 3813 appellamus.]
3107 3741 3230 3794 [huc
3258 3739 3525 3794 scribebat
3553 3737 3798 3806 AuguSti-

2224 3851 2323 3891 nus
2353 3849 2494 3888 anno
2541 3834 2648 3888 415
2670 3873 2684 3896 .
2723 3833 2875 3885 initio
2927 3832 3093 3885 ferme
3129 3828 3654 3890 controversiarum,
3689 3843 3796 3878 cum

2224 3923 2458 3979 nondum
2491 3921 2865 3990 scriptionibus
2892 3918 3182 3974 contrariis
3212 3927 3266 3970 et
3312 3916 3448 3970 odiis
3488 3917 3702 3970 incensi
3726 3931 3799 3969 es-

2223 4023 2345 4069 sent
2374 4013 2560 4067 animi.
2602 4012 2792 4065 Postea
2841 4010 2999 4078 pleno
3027 4023 3122 4062 ore
3152 4007 3434 4060 haereticos
3461 4007 3710 4074 vocavit,
3753 4015 3798 4057 et

2223 4103 2480 4158 conviciis
2506 4100 2755 4156 omnibus
2779 4097 3063 4167 proscidit,
3096 4107 3153 4150 ut
3182 4097 3318 4151 solet
3344 4094 3480 4148 fieri.

2295 4194 2576 4254 Sustineat,
2601 4190 2792 4256 inquit,
2822 4206 2905 4242 eos
2929 4199 3086 4241 mater
3108 4187 3204 4257 piis
3226 4185 3497 4238 visceribus
3521 4187 3796 4245 sanandos,

2221 4293 2383 4354 portet
2409 4281 2696 4343 docendos,
2733 4295 2797 4332 ne
2834 4280 3040 4348 plangat
3071 4287 3314 4330 mortuos.
3349 4274 3583 4327 Nimium
3613 4285 3691 4327 cst
3712 4289 3798 4340 quo

2221 4375 2635 4446 progrediuntur,
2670 4373 2884 4423 multum
2912 4378 2984 4423 est
3003 4410 3018 4434 ,
3046 4371 3131 4421 via:
3156 4368 3419 4436 ferendum
3465 4376 3571 4434 est,
3605 4379 3799 4436 magna

2223 4465 2479 4533 patientia:
2506 4464 2672 4515 adhuc
2705 4461 2848 4530 ferri,
2880 4457 3008 4529 etc.]
3039 4458 3228 4511 Mellita
3261 4457 3372 4510 haec
3393 4463 3546 4517 sunt,
3583 4454 3683 4508 sed
3715 4454 3797 4505 de-

2145 4545 2197 4604 D
2225 4555 2500 4608 honestata
2547 4551 2760 4605 fuerunt
2785 4550 3119 4618 sequentium
3152 4556 3450 4615 temporum
3495 4542 3796 4598 incredibili

2223 4644 2547 4705 acerbitate;
2567 4651 2625 4694 ut
2646 4637 3033 4710 propemodum
3055 4638 3311 4707 suSpicari
3329 4637 3444 4704 quis
3463 4635 3632 4703 possit
3657 4649 3796 4688 man.

2224 4732 2560 4789 suetudinem
2591 4732 2728 4785 hanc
2752 4731 2877 4785 data
2901 4743 3065 4798 opera
3092 4727 3413 4791 simulatam,
3447 4734 3501 4776 ut
3527 4724 3701 4791 major
3724 4724 3793 4774 in.

2223 4825 2360 4878 vidia
2387 4823 2598 4876 miseris
2650 4820 2951 4875 hominibus
2998 4818 3339 4879 conflaretur,
3377 4815 3478 4868 nisi
3508 4813 3793 4874 cederent,

2226 4926 2388 4985 utque
2425 4913 2669 4968 homines
2696 4909 2923 4980 imperiti
2952 4908 3120 4976 magis
3165 4908 3217 4960 in
3254 4907 3374 4960 illos
3403 4913 3590 4972 postea
3637 4918 3794 4957 exar-

2225 5009 2524 5062 descercnt.
2583 5005 2687 5056 llas
2723 5011 2864 5055 artes
2893 5015 2923 5054 a
2963 5013 3238 5053 sacrorum
3289 4996 3611 5065 prcesidibus
3661 5007 3793 5060 smpe

2222 5096 2485 5151 adhibitus
2510 5108 2667 5148 nemo
2693 5093 2880 5156 nescit,
2911 5092 3136 5158 ejusque
3163 5090 3241 5143 rei
3260 5089 3464 5156 insigne
3491 5087 3792 5156 exemplum

2224 5187 2463 5240 videmus
2487 5184 2537 5236 in
2568 5181 2911 5236 damnatione
2942 5180 3356 5234 Donatistarum.
3393 5177 3643 5232 Profecto
3679 5190 3792 5228 Cum

2221 5275 2478 5345 ejusmodi
2507 5273 2667 5326 initiis
2696 5273 2911 5326 minime
2933 5269 3272 5325 consentiunt
3298 5269 3482 5337 viginti
3513 5269 3790 5321 minimum

2220 5365 2542 5436 synodorum
2558 5365 2692 5419 intra
2717 5377 2910 5431 paucos
2925 5376 3095 5415 annos
3112 5360 3375 5414 festinata:
3396 5359 3791 5426 Pelagianorum

2220 5457 2524 5524 dogmatum
2552 5455 2944 5520 damnationes,
2973 5462 3026 5506 ut
3050 5452 3318 5521 episcopis
3347 5452 3543 5518 saepius
3565 5451 3627 5503 ad
3650 5449 3793 5500 dam-

2217 5547 2424 5603 nandos
2438 5547 2750 5617 Pelagianos
2771 5545 3037 5606 adductis,
3061 5542 3199 5596 nulla
3224 5542 3345 5596 iniri
3375 5553 3552 5610 posset
3568 5539 3792 5608 amplius

2216 5640 2351 5695 ratio
2380 5639 2760 5693 audiendarum
2806 5636 3038 5707 partium
3067 5646 3171 5689 tam
3212 5648 3355 5702 saepe
3387 5632 3790 5691 damnatarum;

2214 5745 2335 5786 cum
2360 5729 2500 5786 enim
2523 5727 2713 5797 synodi
2735 5725 3040 5796 quempiam
3066 5723 3404 5790 damnarunt,
3432 5720 3651 5778 honoris
3675 5729 3793 5775 ease
