3900 6326
196 385 267 437 m7
830 379 1182 437 VARIORIII
1219 375 1806 438 EXERCITATIONES
1845 372 1908 430 ΙΝ
1939 376 2002 432 ’5.
2045 378 2410 437 AUGUSTINI
2447 382 2697 438 OPERA.

3281 382 3396 454 393

191 507 256 540 sui
280 498 445 553 putant
489 487 758 542 hominem
790 489 952 542 videri
974 489 1094 557 jure
1130 489 1462 554 damnatum,
1492 502 1589 542 nec
1619 501 1710 554 pa-
1738 489 1789 545 Α
1817 500 2082 555 nunquam
2107 488 2286 542 audita
2311 490 2538 544 fuerant.
2572 492 2678 546 Sed
2701 493 2847 562 quid,
2877 495 3110 565 inquies,
3135 513 3200 552 an
3229 516 3392 558 nemo

192 578 355 632 tiuntur
403 575 619 631 decreta
663 592 754 630 sua
785 579 974 630 iterum
1020 577 1272 645 expendi.
1321 577 1430 632 Sed
1479 577 1721 644 legantur

196 667 333 720 edicta
360 665 578 718 llouorii
609 675 662 718 et
691 658 1007 728 Constantii,
1033 677 1214 720 contra
1239 665 1572 733 Pelagianos,
1603 681 1722 732 qua:

194 763 288 807 sunt
313 756 371 806 ad
398 755 600 806 calcem
631 755 756 807 tomi
781 754 848 817 Χ,
877 764 931 808 et
951 770 1091 822 saepe
1116 755 1238 808 alibi
1267 755 1436 817 edita,
1469 763 1520 807 et
1551 755 1722 822 lique-

194 846 252 898 bit
272 846 423 897 multo
453 845 828 899 vehementius
856 846 961 899 illis
988 860 1145 913 quam
1171 845 1462 900 rationibus
1488 859 1607 899 csse
1630 860 1724 913 pu-

185 943 369 1003 gnatum
380 973 391 985 .

245 1024 483 1076 Sermone
511 1023 648 1086 393,
691 1024 743 1076 in
778 1026 979 1077 titulo:
1019 1024 1243 1077 Habitus
1283 1024 1350 1076 ad
1392 1040 1611 1077 mensam
1658 1024 1719 1078 S.

194 1109 445 1180 Cypnani.]
478 1111 556 1164 Ad
587 1113 756 1168 altare
778 1113 832 1168 S.
852 1113 1120 1182 Cypriani.
1147 1114 1378 1167 Mensam
1398 1115 1537 1167 enim
1559 1115 1726 1168 altare

194 1202 440 1264 dicebant,
497 1211 553 1255 ut
583 1201 753 1256 Graeci
800 1203 936 1275 ἱερὰν
975 1204 1248 1275 τράπεζαν.
1303 1203 1376 1254 De
1407 1202 1504 1254 hac
1548 1209 1722 1254 autem

193 1292 303 1358 apud
327 1290 696 1358 Carthaginem
723 1307 901 1345 mensa
928 1293 986 1345 S.
1016 1291 1263 1360 Cypriani
1293 1307 1455 1361 agens
1479 1307 1726 1346 sermone

197 1381 275 1432 “5
299 1379 357 1432 de
382 1379 623 1434 Diversis
652 1395 668 1431 :
697 1381 844 1433 Sicut
875 1381 1049 1444 nostis,
1081 1381 1266 1449 inquit,
1291 1382 1571 1449 quicunque
1598 1380 1724 1434 Car-

193 1471 408 1538 thaginem
440 1471 630 1536 nostis,
663 1473 715 1522 in
741 1471 917 1524 eodem
947 1473 1057 1524 loco
1095 1472 1147 1524 in
1178 1488 1276 1539 quo
1312 1483 1515 1542 propter
1552 1489 1727 1526 nomen

194 1559 347 1614 Christi
372 1563 585 1630 sanguis
612 1561 759 1627 [usus
806 1571 878 1614 est
906 1563 1178 1630 Cypriani,
1233 1579 1405 1616 mensa
1457 1563 1560 1616 Deo
1607 1579 1728 1616 con-

183 1660 353 1702 structa
402 1661 495 1703 est.
532 1650 718 1704 Tamen
764 1667 937 1705 mensa
963 1653 1149 1705 dicitur
1177 1653 1448 1721 Cypriani,
1479 1670 1578 1706 non
1607 1656 1727 1723 quia

191 1742 246 1794 ibi
269 1750 331 1794 est
353 1758 571 1804 unquam
591 1741 876 1811 Cyprianus
903 1744 1152 1808 epulatus,
1179 1745 1267 1796 sed
1285 1745 1404 1812 quia
1433 1744 1498 1796 ibi
1527 1755 1598 1796 est
1630 1747 1724 1797 im-

1827 585 1950 630 tunc
1976 577 2074 630 fuit
2098 579 2183 632 cui
2228 580 2430 633 veritas
2461 582 2727 647 antiquior
2760 591 2901 637 esset
2929 601 3085 652 quam
3135 587 3388 644 utilitates

1823 664 2195 729 sacerdotum,
2239 674 2293 719 et
2319 667 2409 733 qui
2441 667 2655 722 fraudes
2685 668 2802 723 illas
2841 671 3063 725 candide
3092 677 3390 742 retegctet?

1823 752 1938 806 Non
1968 753 2154 809 dubito
2180 757 2308 823 quin
2339 773 2368 811 a
2401 760 2578 813 multis
2618 776 2682 812 co
2713 772 2950 830 tempore
2981 764 3170 818 fuerint
3199 769 3390 835 agnitae

1824 853 1878 898 et
1895 844 2096 908 irrisa;
2127 846 2219 900 sed
2248 856 2388 900 tanta
2425 859 2539 902 erat
2584 853 2815 917 potentia
2847 869 3027 907 eorum
3052 859 3138 922 qui
3170 858 3272 910 ills
3299 875 3388 910 ar-

1827 933 1967 989 tibus
1990 936 2291 1002 utebantur,
2314 947 2458 991 tanta
2483 942 2619 1006 apud
2641 943 2967 1008 plchcculam
2997 947 3187 1014 gratia,
3215 957 3391 1004 tantus

1826 1021 2054 1092 denique
2083 1024 2230 1079 furor
2256 1029 2639 1094 superstitiosa:
2676 1030 2842 1098 plebis
2863 1036 3026 1087 semel
3051 1036 3307 1103 deceptus,
3333 1054 3390 1091 Ut

1828 1119 1996 1166 tutum
2027 1128 2130 1168 non
2172 1126 2316 1170 esset
2347 1129 2533 1170 contra
2571 1133 2661 1172 eas
2699 1131 2840 1174 artes
2881 1123 3052 1190 palam
3108 1127 3388 1194 quidquam

1829 1211 2032 1257 tentare
2061 1215 2149 1258 aut
2175 1206 2432 1263 scribere.
2467 1207 2617 1274 Quod
2646 1212 2773 1264 satis
2802 1212 2968 1280 liquet
3005 1218 3260 1284 exemplis
3304 1219 3390 1270 Vi-

1825 1292 2028 1359 gilantii
2063 1303 2116 1347 et
2137 1294 2412 1352 Joviniani
2448 1296 2517 1351 ab
2552 1299 2876 1368 Hieronymo
2899 1313 2954 1356 et
2981 1304 3098 1355 aliis
3123 1315 3224 1357 tam
3255 1311 3390 1360 male

1829 1382 2153 1446 habitorum,
2185 1386 2326 1452 quod
2359 1388 2564 1454 negatis
2594 1388 2898 1458 hujusmodi
2927 1392 3214 1447 historiolis
3253 1397 3393 1450 sacri

1826 1469 2028 1523 ordinis
2055 1470 2371 1527 utilitatibus
2392 1475 2666 1530 adversari
2690 1477 3015 1534 viderentur.

1899 1559 1926 1629 §
1959 1562 2009 1614 1.
2044 1563 2169 1614 Ante
2200 1563 2392 1629 aliquot
2419 1580 2580 1618 annos
2598 1605 2614 1631 ,
2642 1568 2787 1620 nobis
2813 1569 3090 1623 videntibus
3113 1573 3252 1638 apud
3281 1573 3393 1626 Me-

1826 1649 2089 1702 diolanum
2118 1651 2399 1706 constitutis
2421 1691 2434 1717 ,
2480 1665 2826 1723 apparuerunt
2853 1673 3067 1727 corpora
3104 1673 3392 1714 sanctorum

1828 1747 2109 1806 martyrum
2137 1737 2366 1792 Gervasii
2400 1749 2447 1793 et
2492 1741 2760 1815 Protasii.]
2805 1745 2860 1798 ln
2892 1745 3193 1812 Victorino,
3252 1752 3392 1804 nobis

190 1829 412 1896 violatus,
463 1841 507 1884 et
545 1835 667 1900 quia
703 1834 815 1900 ipsa
855 1833 1201 1885 immolatione
1233 1850 1324 1885 sua
1353 1834 1547 1901 paravit
1592 1834 1724 1886 hanc
1757 1826 2107 1896 Bjuvenibus.
2144 1828 2217 1882 De
2249 1829 2482 1884 inventis
2511 1831 2790 1887 Mediolani
2819 1851 2850 1887 a
2873 1835 2934 1890 S.
2961 1838 3242 1894 Ambrosio
3261 1842 3385 1896 reli-

179 1936 381 1972 utentum
402 1961 416 1984 ,
448 1936 551 1971 non
587 1922 642 1972 in
671 1937 770 1989 qua
802 1930 976 1988 pascat
1000 1923 1100 1974 sive
1135 1930 1386 1988 pascatur,
1435 1923 1522 1974 sed
1548 1930 1725 1986 inqua

187 2010 468 2075 sacriﬁcium
503 2009 638 2076 Deo,
673 2011 755 2062 cui
783 2022 830 2062 et
863 2012 970 2075 ipse
998 2011 1192 2063 oblatus
1227 2021 1320 2075 est,
1352 2011 1614 2078 o/Teratur.
1645 2013 1726 2066 Ad

179 2098 405 2152 eamdem
432 2115 589 2166 porro
619 2100 932 2153 mensamS.
956 2098 1202 2169 Cypriani
1225 2099 1542 2168 Carthagine
1564 2098 1727 2154 habiti

181 2188 322 2241 etiam
349 2201 623 2241 sermones
645 2187 713 2242 94-
757 2201 809 2242 et
834 2190 934 2244 157
962 2190 1028 2243 de
1057 2189 1350 2258 Tempore,
1381 2198 1436 2245 et
1475 2201 1727 2246 tractatus

184 2280 231 2332 in
260 2280 506 2347 psalmum
530 2295 750 2334 xxxvut.
777 2281 1095 2335 SIBIONDUS.

236 2371 482 2422 Sermone
527 2371 629 2423 318
655 2410 670 2436 ,
706 2370 757 2422 in
803 2371 956 2424 titulo
990 2389 1000 2422 :
1055 2370 1128 2424 De
1169 2382 1387 2442 martyre
1423 2372 1727 2446 Stephano.]

176 2457 408 2525 Ejusdem
430 2461 732 2528 argumenti
765 2470 846 2515 est
876 2461 1014 2529 apud
1037 2477 1135 2516 nos
1157 2477 1334 2516 sermo
1359 2464 1589 2519 nondum
1616 2465 1727 2520 edi-

176 2558 250 2601 tas
270 2549 442 2602 Fausti
469 2552 726 2618 episcOpi,
753 2550 979 2605 fortasse
1001 2552 1262 2617 Beiensis,
1285 2553 1435 2621 cujus
1451 2556 1726 2626 exordium

169 2639 242 2692 sic
273 2654 330 2693 se
378 2640 537 2695 habet
579 2657 591 2692 :
619 2640 880 2694 Prteseute
913 2643 1126 2697 lectione
1152 2661 1466 2714 percepimus
1495 2649 1729 2702 visionem

166 2729 388 2784 omnibus
424 2730 667 2785 Ecclesiis
695 2732 1016 2786 celebratam.
1059 2735 1360 2788 Audiuimus
1389 2753 1492 2789 non
1535 2739 1730 2790 somnia

161 2834 396 2871 sensuum
421 2837 592 2874 errore
621 2822 826 2888 delusa,
871 2823 958 2876 sed
996 2823 1207 2877 oracula
1250 2841 1420 2878 rerum
1473 2827 1731 2894 effectibus

159 2910 462 2976 approbata.
492 2909 676 2964 Merito
700 2914 994 2967 reuelationi
1018 2915 1270 2969 credimus
1292 2916 1345 2968 in
1369 2932 1614 2981 sermone,
1645 2920 1732 2986 qui

153 2998 382 3064 fructum
406 3011 628 3055 tenemus
664 3004 714 3055 in
755 3021 978 3058 munere.
1026 3005 1125 3059 Ubi
1152 3016 1268 3060 sunt
1297 3008 1384 3073 qui
1411 3009 1584 3062 dicunt
1621 3011 1730 3077 pios

142 3091 472 3160 martyribus
499 3092 714 3147 honores
737 3112 838 3148 non
857 3113 965 3150 esse
986 3099 1286 3164 delet-endos
1302 3100 1327 3152 ἔ)
1348 3098 1479 3153 Ecce
1507 3102 1620 3168 iste,
1646 3102 1730 3169 qui

1827 1915 1968 1984 quiis
1995 1916 2090 1971 SS.
2115 1917 2356 1972 Cervasii
2387 1929 2440 1973 et
2465 1920 2686 1975 Protasii
2707 1965 2720 1989 ,
2754 1939 2872 1977 cum
2897 1926 2947 1979 in
2977 1941 3036 1980 ea
3061 1928 3188 1984 urbe
3208 1946 3392 1986 versa-

1827 2015 1975 2059 retur
2001 2004 2061 2060 S.
2090 2009 2445 2076 Augustinus,
2493 2025 2633 2064 anno
2663 2013 2862 2068 Christi
2901 2018 3025 2083 587,
3058 2019 3170 2088 ipse
3212 2023 3394 2079 itidem

1829 2095 2019 2149 scribit
2058 2096 2152 2151 lib.
2181 2113 2233 2151 nt
2259 2097 2667 2155 Confessionum
2691 2118 2810 2172 cap.
2835 2107 2888 2171 7,
2920 2118 2973 2161 et
3000 2110 3115 2163 loco
3144 2113 3304 2167 citato
3328 2115 3395 2170 de

1827 2183 2052 2240 Civitate
2083 2185 2174 2240 Dei
2229 2204 2243 2240 :
2280 2187 2472 2255 Tautce,
2507 2191 2708 2259 inquit,
2736 2195 2916 2261 gloria:
2942 2209 3216 2268 martyrum
3243 2205 3396 2258 etiam

1827 2293 1918 2346 ego
1941 2279 2079 2332 testis
2106 2279 2200 2349 fui,
2235 2279 2319 2332 ubi
2348 2279 2626 2336 Mediolani
2653 2298 2791 2337 eram
2820 2284 2955 2354 facta
2984 2288 3228 2343 miracula
3257 2299 3394 2361 novi,

1828 2378 1934 2425 etc.
1960 2369 2276 2428 Sauromacis.

1899 2460 2030 2514 ibid.
2065 2462 2313 2518 Attamen
2348 2477 2448 2516 vox
2479 2466 2759 2518 constitutis
2780 2507 2794 2530 ,
2841 2482 2960 2536 quae
2999 2473 3260 2538 sequitur,
3303 2488 3395 2529 os-

1830 2548 1999 2602 tendit
2030 2549 2130 2616 legi
2176 2566 2282 2604 nou
2326 2567 2480 2619 posse
2531 2554 2845 2620 videntibus,
2890 2559 3030 2626 quod
3077 2561 3398 2620 addiderunt

1832 2640 2075 2693 homines
2100 2642 2236 2694 male
2265 2643 2412 2706 sani,
2445 2653 2502 2696 ut
2533 2645 2789 2710 majorem
2823 2648 3188 2704 Ambrosianus
3221 2666 3397 2706 scenas

1833 2732 1990 2784 ﬁdem
2017 2731 2270 2786 facerent.
2297 2733 2456 2802 Igitur
2478 2735 2673 2789 rectius
2698 2738 2876 2804 plures
2898 2755 3052 2805 mss.,
3085 2753 3141 2796 ut
3170 2744 3398 2800 Benedi-

1834 2821 1962 2874 ctini
1991 2831 2272 2885 testantur,
2307 2824 2501 2878 habent
2519 2826 2790 2894 juvenibus

1903 2912 2162 2965 Sermone
2192 2912 2319 2981 5‘22,
2347 2912 2449 2982 legi
2475 2923 2650 2981 potest
2677 2924 2732 2970 et
2759 2931 2888 2972 sane
2925 2917 3085 2975 debet
3128 2922 3305 2980 fabula
3334 2941 3398 2982 ex

1832 3015 1935 3069 qua
1961 3001 2025 3054 de
2043 3009 2149 3054 tota
2175 3000 2315 3055 illius
2340 3003 2438 3056 aevi
2464 3003 2744 3059 histrionia
2760 3018 2962 3063 certum
2982 3010 3239 3077 judicium
3273 3015 3399 3069 ferri

1833 3098 2011 3156 queat.
2059 3088 2237 3144 Primo
2270 3090 2356 3145 die
2385 3091 2604 3146 Pascha:
2637 3094 2946 3161 producitur
2989 3100 3183 3154 Paulus
3223 3105 3400 3158 ncscio

141 3183 264 3247 jam
293 3183 492 3235 dudum
521 3185 663 3238 beato
693 3186 922 3255 paradisi
960 3188 1228 3254 splendore
1269 3191 1565 3260 perfruitur,
1598 3209 1729 3245 nunc

1837 3181 1953 3248 quis
1981 3195 2012 3233 e
2038 3179 2396 3250 Cappadocia,
2428 3184 2698 3237 hominum
2731 3191 2955 3254 neqham
2982 3188 3325 3259 feracissima,
3356 3195 3401 3249 si

139 3275 352 3325 mundo
381 3275 446 3328 ad
472 3276 568 3328 hoc
596 3278 881 3334 ostenditur
908 3289 961 3330 ut
990 3279 1206 3332 colatur.
1243 3280 1387 3335 Unde
1415 3285 1731 3351 dispensator

141 3363 444 3418 utilitatum
474 3377 763 3423 nostrarum
802 3366 934 3422 Deus
956 3369 1210 3425 evidenter
1238 3387 1350 3423 eum
1383 3378 1614 3441 praecepit
1642 3374 1734 3425 lto—

127 3459 358 3521 -nonri,
386 3474 533 3524 quem
563 3462 798 3526 prwstiti't
827 3461 1060 3515 inveniri.
1093 3462 1177 3514 Ait
1211 3477 1330 3533 ergo
1356 3479 1520 3516 sermo
1544 3466 1734 3517 revela-

137 3546 328 3611 tionis,
384 3559 491 3603 etc.
526 3551 598 3604 De
625 3551 863 3606 revelato
893 3552 948 3606 in
983 3553 1260 3607 Palmstina
1288 3555 1392 3610 sub
1419 3556 1576 3608 linem
1601 3556 1734 3608 anui

137 3634 256 3687 “5
284 3651 518 3705 corpore
545 3641 603 3693 S.
636 3640 915 3708 Stephani,
944 3643 1165 3711 ejusque
1191 3645 1427 3712 reliquiis
1454 3646 1577 3700 inde
1603 3646 1735 3701 alla-

133 3723 215 3774 tis
252 3725 310 3778 in
368 3729 603 3782 Africam
628 3769 642 3792 ,
685 3737 741 3783 et
783 3730 850 3784 de
890 3732 1160 3785 memoriis
1192 3732 1243 3786 in
1281 3749 1466 3788 earum
1502 3737 1731 3804 gratiam

143 3811 304 3867 Uzali
336 3816 407 3869 ab
436 3817 639 3872 Evodio
665 3819 943 3888 episcopo,
969 3819 1198 3874 Calamus
1235 3837 1265 3876 a
1296 3823 1554 3889 Possidio,
1603 3826 1734 3893 Hip-

139 3913 294 3966 pone
318 3907 390 3956 ab
411 3906 710 3974 Augustino
723 3910 986 3972 excitatis,
1009 3913 1328 3978 Augustinus
1361 3915 1471 3980 ipse
1497 3916 1732 3969 omnium

144 3989 329 4045 instar
363 4005 544 4047 narrat
573 3997 664 4050 lib.
695 4012 799 4050 xm
841 3997 906 4050 de
930 3998 1152 4054 Civitate
1183 4001 1309 4066 Dei,
1338 4017 1457 4068 cap.
1500 4005 1554 4057 8.
1583 4006 1730 4058 ipsa.

223 4079 372 4134 Ibid.
426 4083 790 4138 lnveutionem
827 4087 1170 4154 reliquiarum
1219 4091 1274 4144 S.
1331 4092 1586 4160 Stephani
1616 4094 1735 4148 vide

151 4165 208 4219 in
238 4174 556 4226 narratione
586 4174 805 4228 Luciani
850 4177 1143 4246 presbyteri
1185 4181 1732 4249 Caphargamalensis,

147 4258 298 4322 apud
320 4259 571 4315 Photium
592 4262 713 4317 cod.
735 4277 912 4317 cum.
936 4266 1097 4320 Miror
1126 4266 1272 4322 hisce
1293 4271 1500 4323 saeculis
1522 4271 1730 4341 quibus,

162 4356 221 4398 ut
252 4350 330 4403 ait
361 4351 444 4405 ille
464 4392 480 4417 ,

351 4440 441 4488 νει
464 4444 608 4503 pueri
627 4458 791 4494 nasum
815 4447 1144 4499 rhinocerotis
1167 4450 1361 4499 habent.

159 4526 428 4594 ejusmodi
460 4532 725 4602 figmentis
749 4535 907 4589 fidem
940 4540 1142 4602 haberi,
1173 4557 1290 4608 qua:
1319 4541 1500 4595 omnia
1545 4542 1735 4596 iudicia

163 4620 372 4682 piarum
417 4623 618 4676 scilicet
669 4624 910 4678 fraudum
952 4643 1059 4695 prie
1105 4644 1162 4682 se
1210 4630 1402 4683 ferunt.
1455 4630 1733 4701 Plerisque

172 4710 509 4765 ecclesiarum
544 4715 858 4780 rectoribus,
892 4726 946 4769 ut
969 4733 1035 4769 ex
1066 4718 1222 4771 rebus
1255 4719 1383 4786 ipsis
1405 4721 1590 4789 liquet,
1625 4733 1732 4774 tum

176 4811 477 4860 persuasum
512 4802 607 4854 fuit
638 4819 965 4872 quaecunque
1000 4822 1091 4872 per
1131 4824 1188 4860 se
1223 4809 1361 4860 mala
1400 4825 1502 4863 non
1550 4821 1731 4876 erant,

177 4896 518 4958 poterantque
558 4901 648 4943 aut
676 4893 919 4946 ethnicos
967 4895 1032 4946 ad
1065 4894 1217 4947 fidem
1261 4895 1611 4951 Christianam
1643 4901 1734 4953 ad—

179 4974 384 5046 ducere,
413 4990 503 5032 aut
533 4981 811 5034 haereticos
840 4997 1029 5037 sanare
1048 5024 1062 5047 ,
1096 4997 1183 5036 aut
1213 4996 1359 5039 cierte
1407 4988 1614 5055 plebem
1644 5004 1733 5042 ca-

182 5068 418 5125 tholicam
449 5074 499 5126 in
546 5074 648 5126 fide
681 5076 1030 5144 conﬁrmare,
1075 5093 1135 5129 ca
1163 5079 1337 5130 omnia
1379 5094 1499 5133 esse
1545 5080 1729 5144 licita;

180 5173 339 5228 neque
392 5163 549 5216 nimis
605 5165 773 5233 rigide
824 5166 1200 5233 inquirendum
1257 5183 1454 5223 verane
1505 5181 1683 5223 essent
1715 5210 1729 5235 ,

187 5263 357 5304 uccue.
392 5253 544 5305 Adde
573 5255 711 5321 quod
741 5255 1040 5322 quicunque
1085 5268 1327 5324 poterant
1373 5261 1538 5313 semel
1579 5262 1735 5330 vulgo

184 5342 488 5402 persuadere
519 5345 772 5398 miracula
806 5345 1164 5414 frequentiora
1194 5349 1334 5417 apud
1366 5365 1425 5403 se
1450 5390 1465 5415 ,
1513 5366 1606 5417 per
1650 5367 1734 5404 re-

187 5427 358 5496 liquias
388 5441 696 5486 sanetorum
725 5436 861 5497 tieri,
896 5437 929 5488 ii
957 5437 1219 5504 ingentem
1245 5438 1412 5504 plebis
1439 5439 1744 5502 multitudis

183 5535 289 5576 nem
315 5525 380 5576 ad
433 5525 713 5578 ecclesiam
757 5542 906 5580 suam
934 5527 1268 5592 alliciebaut,
1318 5528 1537 5596 ejusque
1580 5529 1736 5581 donis

177 5612 493 5670 dilabantur.
522 5617 652 5670 llinc
681 5617 876 5671 factum
900 5627 955 5671 ut
985 5629 1058 5671 tot
1089 5620 1221 5670 ficta:
1244 5634 1308 5671 co
1353 5629 1588 5687 tempore
1624 5621 1736 5673 fue—

174 5703 276 5765 t‘itzt
299 5706 541 5772 reliquis:
563 5751 575 5773 ,
630 5717 812 5772 totque
865 5722 1074 5763 narrata
1108 5709 1393 5772 miracula,
1429 5721 1550 5772 quot
1583 5719 1734 5766 antea

1833 3271 1999 3325 veteri
2025 3271 2178 3324 fama:
2200 3280 2254 3324 et
2276 3272 2477 3326 lsidoro
2499 3274 2780 3329 Pelusiota:
2808 3277 3074 3332 credimus
3091 3326 3103 3348 ,
3124 3294 3341 3336 curatus
3371 3299 3400 3336 a

1835 3360 1889 3414 S.
1947 3359 2252 3427 Stephano;
2313 3362 2405 3416 sed
2447 3361 2650 3416 libellus
2680 3367 2818 3433 ejus,
2867 3366 2969 3419 hoc
3012 3377 3123 3430 est,
3181 3370 3401 3425 historia

1834 3449 2006 3503 morbi
2031 3459 2087 3502 et
2115 3451 2406 3503 curationis
2443 3451 2704 3515 diﬁertur,
2739 3464 2795 3506 ut
2821 3457 2986 3520 magis
3015 3457 3166 3524 plebs
3201 3475 3401 3530 cogno-

1835 3541 2018 3594 scendi
2041 3540 2288 3607 cupidine
2314 3531 2688 3595 inflammetur.
2713 3543 2762 3596 ls
2788 3556 2870 3598 est
2893 3547 3093 3611 primus
3113 3560 3285 3617 actus,
3310 3554 3402 3622 qui

1834 3639 1915 3684 est
1938 3644 2187 3683 sermone
2209 3629 2334 3683 520.
2366 3630 2464 3695 Qui
2489 3631 2668 3694 nostis,
2698 3631 2869 3700 inquit
2899 3637 3246 3704 Augustinus,
3278 3644 3401 3709 quid

1836 3721 1889 3775 in
1914 3721 2002 3774 illo
2030 3719 2195 3771 videre
2218 3718 2418 3772 soleatis
2438 3718 2578 3788 (lege
2599 3720 2854 3786 solebatis,
2876 3738 3053 3778 sermo
3073 3727 3212 3779 enim
3231 3739 3308 3783 cst
3334 3731 3402 3786 de

1837 3827 1895 3865 re
1919 3810 2226 3879 praeterita).
2252 3809 2303 3863 ia
2321 3810 2553 3878 prwsenti
2573 3811 2850 3880 gaudentes
2873 3815 3020 3883 legite
3044 3819 3180 3884 quod
3204 3820 3400 3882 videtis.

1838 3905 2001 3954 Actus
2031 3902 2295 3954 secundus
2325 3901 2549 3955 habetur
2579 3915 2826 3957 sermone
2857 3903 2981 3970 5°21,
3014 3907 3100 3960 ubi
3141 3912 3402 3976 promitti-

1840 4005 1922 4043 tur
1953 3991 2091 4058 plebi
2119 3991 2332 4044 libellus
2370 3992 2458 4044 ille
2488 3991 2741 4046 miriﬁcus
2777 3993 2958 4062 Pauli,
2992 3999 3111 4065 quia
3151 4005 3401 4059 nommlla

1838 4080 2132 4148 Augustino
2155 4080 2416 4133 indicarat
2445 4096 2560 4148 qua:
2584 4095 2740 4136 nosse
2761 4082 2986 4138 debebat
3017 4087 3164 4155 plebs
3198 4091 3267 4142 ad
3292 4109 3402 4144 ma-

1825 4176 1998 4241 jorem
2025 4172 2414 4224 admirationem
2435 4180 2481 4223 et
2511 4169 2716 4225 Domini
2740 4175 2897 4226 nostri
2924 4175 3161 4245 gloriam.
3195 4181 3403 4239 Tertius

1837 4274 1920 4338 est
1943 4277 2190 4316 sermone
2209 4261 2337 4326 5‘22,
2371 4263 2420 4314 in
2446 4277 2551 4329 quo
2571 4265 2894 4331 Augustinus
2915 4268 3184 4334 prchatur,
3209 4270 3402 4327 deinde

1838 4351 2113 4404 historiam
2159 4351 2343 4415 Pauli,
2393 4351 2478 4406 die
2506 4349 2724 4406 Pascha:
2754 4356 2952 4419 curati,
2991 4356 3140 4424 jubet
3168 4357 3398 4414 recitari.

1837 4442 2067 4507 Quartus
2090 4450 2236 4494 actus
2257 4442 2560 4494 continetur
2579 4452 2824 4497 sermone
2850 4443 2973 4508 3'25,
2998 4444 3085 4498 ubi
3107 4447 3400 4514 Augustino

1760 4517 1813 4577 'D
1839 4532 1904 4585 ad
1938 4533 2186 4600 populum
2218 4531 2450 4598 dicente,
2483 4532 2658 4586 subito
2687 4544 2904 4586 curatur
2931 4532 3081 4586 Pauli
3120 4549 3293 4599 soror,
3319 4551 3404 4590 se-

1838 4622 2122 4690 quiturque
2146 4621 2457 4674 acclamatio
2487 4619 2673 4686 plebis.
2692 4621 2941 4688 Quintum
2964 4623 3194 4692 denique
3224 4636 3398 4680 actum

1839 4711 2209 4777 complectitur
2237 4725 2418 4766 sermo
2446 4712 2572 4775 524,
2614 4712 2700 4764 ubi
2731 4713 2848 4779 pius
2877 4711 3100 4765 antistes
3134 4716 3405 4782 sapienter

1838 4804 2012 4857 omnia
2043 4805 2093 4856 in
2125 4819 2235 4858 rem
2258 4817 2406 4856 suam
2431 4801 2709 4863 convertit,
2738 4801 3095 4869 populumque
3119 4805 3404 4870 prudenter

1840 4905 2020 4948 monet
2048 4909 2166 4948 cum
2211 4895 2348 4946 Deus
2391 4891 2512 4945 alibi
2544 4889 2802 4957 potuisset
2843 4888 2955 4942 haec
3002 4890 3254 4947 miracula
3296 4904 3401 4950 tam

1839 4985 2063 5051 insignia
2087 4984 2281 5045 facere,
2307 4981 2392 5033 ubi
2411 4980 2568 5032 etiam
2594 4987 2747 5032 erant
2775 4978 3012 5047 reliquis:
3041 4980 3098 5035 S.
3124 4983 3399 5053 Stephani,

1840 5083 2016 5127 tamen
2045 5070 2263 5123 Paulum
2287 5080 2338 5121 et
2360 5081 2598 5120 sororem
2619 5067 2683 5120 ad
2709 5083 2768 5121 se
2791 5067 2950 5123 fuisse
2972 5069 3208 5127 directos
3233 5092 3244 5125 :
3271 5092 3396 5144 quo,

1839 5162 1941 5215 nisi
1969 5161 2139 5224 fallor,
2172 5156 2441 5226 spectabat
2469 5167 2574 5209 tota
2613 5158 2808 5212 fabrtla.
2841 5159 2976 5224 Quia
3009 5177 3136 5215 vero
3176 5163 3400 5217 fortasse

1843 5253 1941 5304 hoc
1970 5250 2213 5302 volumen
2246 5245 2439 5300 incidet
2467 5246 2518 5300 in
2547 5261 2730 5300 eorum
2763 5263 2950 5302 manus
2982 5251 3069 5318 qui
3101 5266 3204 5304 non
3240 5253 3402 5305 habe-

1844 5343 1972 5394 liuut
2025 5339 2201 5391 omnia
2229 5338 2398 5404 Opera
2428 5338 2737 5404 Augustini,
2789 5340 3064 5392 autetiam
3103 5349 3225 5391 sunt
3271 5355 3406 5406 quas

1839 5435 2040 5502 pigeret
2071 5433 2314 5485 volumen
2344 5432 2459 5498 ejus
2489 5429 2531 5484 γ
2557 5430 2609 5484 in
2642 5447 2830 5484 manus
2860 5447 3101 5496 sumere,
3133 5434 3257 5486 dum
3288 5435 3403 5490 haec

1838 5525 2105 5588 evoltuut,
2139 5533 2302 5576 totam
2339 5523 2653 5577 ciunmdiam
2685 5523 2768 5574 hic
2797 5522 3061 5589 subjicere
3095 5524 3266 5578 visum
3298 5537 3401 5580 est.

1839 5617 1941 5670 Sed
1988 5632 2092 5670 non
2123 5629 2336 5684 possum
2384 5614 2622 5669 dolorem
2660 5613 2995 5666 dissimulare
3031 5615 3120 5684 qui
3165 5617 3401 5671 animum

1830 5709 2014 5761 meum
2044 5707 2183 5761 subit
2217 5721 2334 5759 cum
2366 5713 2552 5760 reputo
2589 5704 2714 5758 dum
2759 5703 3121 5768 imprudentes
3161 5707 3405 5761 homines
