3900 6306
508 399 617 458 399

1432 386 1980 447 SUPPLEMENTUM
2020 385 2110 439 AD
2148 384 2373 440 OPERA
2412 384 2470 440 S.
2514 376 2910 439 AUGUSTINI.

3668 374 3763 429 400

512 526 769 596 majorem
800 517 1167 575 auctoritatem
1224 510 1510 566 conciliare
1541 517 1801 562 conantur
1841 500 2083 572 religioni
2116 503 2163 560 Α
2187 498 2495 569 injuriosum
2525 495 2691 563 ﬁlium
2722 490 3070 546 maledicentia
3097 486 3275 556 punire
3302 482 3578 539 constituit.
3609 484 3761 537 Cum.

2022 593 2035 596 -
2370 590 2380 596 .
2529 588 2539 596 .
2578 588 2587 596 .
2697 587 2708 596 .
2835 585 2863 596 ν.
2919 581 2939 596 .
3012 590 3023 596 _
3301 576 3543 596 __.,__‘__

511 593 831 675 Christiana:
859 607 1122 681 ejusmodi
1165 606 1333 667 dolis,
1369 617 1465 657 eos
1494 599 1708 669 quidem
1750 598 1956 651 lucrum
2016 593 2091 645 le-

514 711 652 766 cisse
678 707 781 763 sibi
828 705 1055 758 lortasse
1092 711 1199 751 non
1240 692 1634 763 spernendum,
1684 687 1778 743 sed
1809 686 1959 740 valde
1996 699 2093 737 no.

515 801 690 854 cnisse
718 792 962 862 religioni
990 787 1128 858 apud
1156 785 1403 840 homines
1428 780 1731 850 suspicaces
1760 786 1814 833 et
1846 777 2089 845 iniquos;

512 890 603 959 qui
640 888 709 941 ob
751 886 872 939 ﬁcta
920 878 1161 935 utilitatis
1205 890 1364 933 causa
1418 871 1773 928 recentiorum
1806 867 2092 930 miracula,

513 977 824 1050 apostolicis
856 974 1013 1028 tidem
1045 968 1314 1025 immerito
1344 965 1627 1021 detrahunt
1654 1003 1669 1028 ,
1698 960 1939 1031 quamvis
1981 959 2095 1012 hac

515 1049 593 1127 tot
639 1072 869 1125 habeant
901 1063 1013 1119 veri
1060 1060 1255 1116 indicia
1286 1066 1417 1128 quot
1457 1064 1579 1111 sunt
1610 1055 1662 1107 in
1708 1049 2093 1122 recentioribus

424 1156 425 1159 “
517 1180 623 1219 non
650 1158 899 1215 credendi
925 1156 1185 1210 rationes.
1219 1150 1287 1204 At
1312 1148 1441 1203 faxit
1466 1148 1605 1202 Deus
1635 1153 1691 1198 ut
1721 1139 2006 1211 aliquando
2028 1138 2094 1193 ad

515 1250 908 1309 defendendam
949 1245 1229 1299 veritatem
1270 1239 1383 1293 sola
1413 1236 1615 1291 veritas
1645 1233 1979 1289 adhibeatur,
2016 1229 2095 1281 lu-

516 1357 684 1412 ceque
724 1354 819 1394 sua
869 1338 983 1392 sola
1040 1332 1281 1387 omnium
1328 1329 1538 1383 animos
1593 1325 1658 1378 ad
1702 1320 2094 1376 sanctissimam

519 1429 792 1501 Evangelii
821 1426 1118 1482 doctrinam
1149 1418 1471 1476 credendam
1514 1430 1578 1471 ae
1627 1413 1867 1468 moribus
1919 1409 2097 1476 exiri-

519 1521 766 1579 mendam
798 1517 1042 1571 adducat.

588 1614 776 1668 Sermo
805 1607 930 1662 320.
968 1604 1064 1659 Ubi
1100 1602 1410 1671 Augustinus
1433 1614 1486 1651 se
1515 1600 1719 1649 excusat
1748 1590 1881 1660 quod
1907 1601 2098 1643 sermo-

519 1724 633 1761 nem
658 1706 823 1775 facere
866 1698 968 1753 n'on
1009 1696 1196 1766 potuit,
1245 1692 1444 1745 habitus
1472 1689 1584 1759 ipso
1616 1686 1698 1738 die
1735 1679 1993 1751 Pascha]
2026 1679 2100 1733 De

518 1771 787 1853 miraculis
820 1791 908 1845 Dei
938 1803 1036 1859 per
1066 1785 1338 1841 orationes
1377 1777 1671 1835 beatissimi
1706 1772 1954 1843 martyris
1975 1771 2097 1826 Ste-

516 1889 700 1958 phani,
736 1883 946 1939 libellos
974 1880 1207 1935 solemus
1247 1873 1431 1928 audire
1467 1890 1479 1923 :
1516 1868 1728 1924 libellus
1760 1865 1919 1933 hujus
1947 1876 2102 1930 aspe-

521 1992 639 2036 ctus
661 1988 773 2044 est,
813 1991 910 2047 pro
955 1973 1219 2040 scriptura
1250 1967 1456 2030 notitia,
1488 1977 1585 2032 pro
1616 1962 1802 2015 charta
1830 1957 1990 2010 iacies
2014 1954 2105 2008 de-

520 2045 866 2127 monstratur.
908 2064 1007 2132 Qui
1046 2060 1215 2116 nostis
1253 2055 1377 2127 quid
1416 2056 1471 2109 in
1510 2053 1602 2107 illo
1641 2050 1886 2105 dolentes
1922 2045 2105 2098 videre

522 2160 800 2223 solebatis,
828 2158 882 2211 in
911 2151 1165 2223 prtesenti
1188 2146 1481 2218 gaudentes
1506 2143 1670 2211 legite
1698 2139 1837 2209 quod
1866 2135 2057 2190 videtis
2088 2149 2101 2186 :

523 2264 579 2306 ut
613 2250 868 2306 Dominus
896 2245 1036 2298 Deus
1066 2250 1252 2295 noster
1286 2234 1645 2291 abundantius
1684 2231 2010 2290 honoretun,
2051 2233 2106 2277 et

522 2341 664 2410 quod
696 2341 749 2393 in
784 2336 969 2391 libello
1000 2329 1359 2395 conscriptum
1400 2333 1504 2389 est,
1549 2322 1604 2376 in
1631 2330 1862 2374 vestram
1895 2328 2103 2369 memo-

522 2433 658 2486 riam
706 2424 1093 2482 conscribatur.
1152 2420 1284 2473 Date
1321 2414 1535 2469 veniam
1563 2456 1577 2479 ,
1630 2410 1749 2478 quia
1795 2408 2104 2461 diuturnum

523 2535 631 2575 non
666 2516 835 2572 reddo
891 2522 1230 2570 sermonem;
1283 2504 1451 2558 nostis
1499 2501 1697 2556 etenim
1744 2496 2104 2566 fatigationem

524 2623 725 2665 meam.
763 2604 834 2660 Ut
869 2601 983 2656 heri
1011 2600 1221 2669 jejunus
1255 2603 1399 2649 tanta
1437 2606 1596 2661 agere
1632 2602 1865 2658 possem,
1902 2595 1957 2639 et
2001 2598 2106 2637 non

525 2699 781 2761 deﬁcere,
806 2699 941 2749 utet
963 2690 1121 2745 hodie
1145 2686 1419 2740 vobiscum
1448 2683 1659 2749 loquar,
1688 2677 1962 2731 orationes
1986 2687 2110 2725 san-

526 2793 597 2849 cti
627 2786 880 2858 Stephani
904 2783 1291 2855 praestiterunt.
1308 2773 1560 2831 Conversi
1584 2770 1651 2825 ad
1678 2770 1982 2829 Dominum,
2001 2772 2107 2817 etc.

596 2885 788 2939 Sermo
811 2880 932 2935 59d.
969 2875 1067 2929 Ubi
1089 2873 1192 2926 alio
1221 2872 1304 2923 die
1334 2880 1616 2921 sermonem
1647 2863 1786 2933 fecit,
1812 2870 1857 2913 et
1886 2858 2112 2912 libellum

528 2974 697 3029 sanati
717 2969 935 3023 hominis
952 2964 1181 3035 promisit
1206 2960 1333 3030 feria
1355 2956 1575 3010 secunda
1596 2948 1856 3020 Paschtc.]
1873 2949 2113 3001 Diximus

529 3063 769 3132 quidem,
797 3059 1048 3132 hesterno
1080 3052 1187 3113 die,
1229 3050 1364 3103 sicut
1394 3042 1637 3099 meminit
1676 3040 1873 3094 caritas
1906 3046 2109 3097 vestra,

530 3126 689 3219 hujus
736 3147 948 3203 libellus
992 3126 1236 3209 aspectus
1284 3144 1388 3190 est.
1432 3135 1632 3188 Tamen
1689 3130 1808 3197 quia
1855 3127 2109 3181 nonnulla
2140 3163 2185 3225 ο

533 3241 689 3296 nobis
722 3236 974 3291 indicavit
1001 3246 1120 3301 quae
1162 3241 1320 3280 nosse
1355 3224 1584 3285 debetis,
1622 3220 1689 3274 ad
1730 3217 1987 3285 majorem
2017 3216 2111 3268 ad-

533 3330 869 3386 mirationem
911 3333 964 3379 et
1008 3319 1219 3376 Domini
1261 3314 1429 3371 nostri
1468 3312 1688 3383 gloriam
1714 3352 1728 3376 ,
1781 3308 1848 3362 de
1896 3321 2109 3360 suorum

536 3430 840 3478 sanctorum
872 3414 1164 3476 memoriis,
1193 3412 1260 3466 de
1287 3407 1480 3478 quibus
1515 3405 1715 3459 dictum
1744 3409 1847 3464 est,
1879 3397 2113 3451 Pretiosa

535 3518 589 3570 in
618 3504 882 3582 conspectu
913 3506 1120 3561 Domini
1150 3518 1284 3557 mors
1305 3506 1599 3554 sanctorum
1622 3496 1751 3565 ejus,
1771 3492 1928 3545 etiam
1956 3488 2111 3542 libel-

535 3608 646 3663 lum
676 3604 805 3660 dare
840 3604 1014 3667 decet,
1046 3596 1144 3667 qui
1186 3594 1347 3648 habet
1385 3590 1561 3645 omnia
1606 3598 1725 3655 quae
1762 3598 1829 3636 ex
1871 3579 1986 3644 eius
2022 3592 2115 3632 ore

537 3697 901 3767 cognovimus.
934 3689 1040 3745 Sed
1073 3688 1115 3741 si
1147 3683 1403 3739 Dominus
1432 3676 1682 3740 voluerit,
1718 3672 1877 3728 hodie
1905 3667 2117 3740 parabi-

538 3800 644 3855 tur,
670 3798 725 3844 et
751 3786 901 3839 VUbis
930 3782 1018 3835 die
1040 3779 1271 3831 crastino
1302 3770 1614 3827 recitabitur

612 3884 802 3935 Sermo
829 3874 952 3926 322.
992 3871 1087 3924 Ubi
1122 3869 1342 3920 libellum
1384 3862 1682 3929 promissum
1704 3857 1871 3911 sanati
1900 3854 2119 3907 hominis

540 3968 885 4044 pra'sentavit,
924 3961 1051 4030 feria
1094 3959 1242 4010 tertia
1276 3950 1534 4021 Paschal
1563 3950 1822 4003 lleSterno
1846 3947 1932 4001 die
1968 3944 2122 3998 libel-

543 4064 653 4116 lum
697 4056 1031 4125 promisimus
1073 4048 1277 4101 caritati
1318 4053 1528 4108 vestrae,
1571 4040 1660 4094 ubi
1695 4042 1764 4094 de
1804 4039 1896 4092 illo
1936 4046 2122 4090 sanato

543 4152 729 4207 audire
763 4147 921 4201 etiam
962 4139 1176 4211 possitis
1216 4152 1335 4208 quae
1378 4136 1560 4188 videre
1601 4147 1705 4185 non
1748 4128 2017 4199 potuistis.
2066 4126 2121 4181 Si

544 4258 671 4313 ergo
702 4240 874 4310 placet
905 4232 1116 4289 caritati
1146 4240 1365 4294 vestrae,
1407 4227 1516 4280 imo
1553 4225 1676 4295 quia
1718 4224 1929 4292 placere
1964 4219 2125 4273 debet

547 4336 685 4408 quod
709 4344 762 4389 et
792 4330 918 4384 mihi
951 4329 1144 4397 placet,
1177 4322 1336 4377 ambo
1364 4321 1557 4375 fratres
1586 4325 1726 4371 stent
1753 4316 1805 4370 in
1835 4319 2123 4381 conspectu

546 4436 772 4481 vestro:
812 4430 864 4473 ut
897 4418 987 4488 qui
1030 4418 1177 4469 illum
1219 4427 1322 4465 non
1367 4409 1634 4472 viderant,
1682 4406 1733 4459 in
1771 4406 1875 4459 isto
1911 4404 2126 4457 videant

547 4515 675 4587 quid
715 4513 802 4565 ille
841 4507 1162 4580 patiebatur.
1193 4503 1347 4556 Stcnt
1382 4513 1511 4568 ergo
1534 4498 1713 4559 ambo,
1741 4508 1880 4548 unus
1903 4493 1985 4546 cui
2025 4490 2117 4545 do-
2152 4516 2204 4574 Β

548 4616 671 4661 nata
699 4612 779 4658 est
805 4600 993 4670 gratia,
1020 4603 1074 4649 et
1102 4594 1236 4648 alter
1267 4591 1348 4644 cui
1373 4588 1596 4657 petenda
1624 4597 1705 4641 est
1735 4580 2123 4639 misericordia.

623 4694 907 4763 Exemplar
938 4687 1100 4744 libelli
1140 4682 1247 4738 dati
1287 4696 1315 4734 a
1359 4680 1556 4741 PAULO,
1600 4682 1787 4730 sancto
1834 4670 2129 4740 Augustino

550 4788 822 4857 episcopo.

628 4964 791 5032 Iiogo,
825 4965 1025 5016 domine
1067 4958 1350 5014 beatissime
1395 4968 1529 5023 papa
1573 4948 1871 5021 Augustine,
1918 4957 1971 5001 ut
1999 4947 2131 4999 hunc

566 5056 785 5112 libellum
820 5070 1016 5116 meum,
1055 5069 1201 5121 quem
1230 5068 1289 5104 ex
1318 5054 1568 5119 pra’cepto
1607 5053 1693 5097 tuo
1732 5042 1918 5104 obtuli,
1946 5048 2132 5094 sancta:

563 5145 691 5218 plebi
712 5143 896 5215 jubeas
922 5141 1144 5192 recitari.

631 5251 651 5286 ι
691 5231 819 5285 Cum
851 5228 1020 5280 adhuc
1053 5228 1105 5278 in
1141 5229 1307 5293 patria
1340 5224 1572 5279 Ca’sarea
1598 5221 1934 5293 Cappadociae
1963 5236 2130 5274 mora-

559 5340 748 5387 remur,
780 5322 937 5390 frater
966 5326 1137 5369 noster
1164 5330 1287 5369 nam
1315 5319 1477 5387 major
1496 5314 1729 5384 gravibus
1766 5322 1914 5381 atque
1954 5313 2135 5364 intole-

558 5418 735 5474 randis
764 5424 1081 5469 communem
1102 5415 1311 5460 matrem
1338 5405 1505 5471 a/fecit
1532 5406 1583 5455 in
1614 5412 1808 5454 tantum
1837 5401 2060 5468 iniuriis,
2086 5410 2137 5453 ut

561 5510 605 5563 ei
628 5509 779 5564 etiam
804 5519 985 5558 manus
1009 5514 1111 5554 non
1140 5496 1392 5551 dubitaret
1421 5495 1627 5565 inferre.
1667 5492 1815 5558 Quod
1845 5509 1935 5545 nos
1966 5506 2137 5544 omnes

563 5597 657 5662 lilii
682 5599 872 5667 pariter
894 5591 1187 5664 congregati
1219 5591 1463 5660 patienter
1498 5588 1726 5653 tulimus,
1764 5595 1817 5639 ut
1847 5601 1910 5638 ne
1936 5582 2138 5637 verbum

564 5686 767 5758 quidem
792 5688 940 5750 fratri
969 5694 1163 5748 nostra,
1182 5696 1273 5748 pro
1303 5687 1464 5731 matre
1484 5688 1676 5744 nostra,
1693 5693 1784 5730 cur
1807 5676 1903 5728 hoc
1925 5678 2136 5744 faceret,

566 5777 861 5834 dixerimus.
896 5774 997 5827 Illa
1030 5782 1198 5826 autem
1228 5771 1430 5839 feminei
1468 5769 1661 5823 doloris
1697 5766 1915 5822 stimulis
1944 5765 2139 5835 agitata

2192 606 2287 659 que
2312 590 2380 642 ad
2410 588 2540 642 sacri
2571 585 2889 657 baptismatis
2912 581 3124 650 fontem,
3156 586 3267 645 post
3291 576 3546 646 gallorum
3567 583 3761 637 cantus,

2194 690 2470 734 memorato
2506 678 2616 747 ﬁlio
2648 693 2741 729 suo
2779 674 2911 726 iram
2945 670 3039 723 Dei
3086 672 3428 737 imprecatura
3460 677 3763 735 properaret,

2195 783 2313 826 tunc
2342 772 2386 826 ei
2413 769 2586 823 nescio
2609 767 2725 837 quis
2752 766 2805 818 in
2834 763 3008 831 patrui
3046 761 3203 814 nostri
3234 756 3585 821 similitudine,
3612 766 3666 807 ut
3693 758 3765 807 in-

2196 862 2459 932 telligitur,
2486 859 2688 913 daemon
2722 854 2957 916 occurrit,
2988 858 3032 904 et
3064 852 3125 902 ab
3153 865 3214 903 ea
3249 849 3390 917 prior
3418 862 3516 914 qus
3544 856 3765 916 pergeret

2194 952 2471 1021 requisivit.
2499 947 2594 1002 Cui
2618 947 2733 1010 illa,
2755 946 2822 997 ad
2852 939 3256 997 maledicendum
3281 937 3388 1005 ﬁlio
3414 951 3526 997 suo,
3554 936 3615 987 ob
3640 938 3767 986 into-

2198 1044 2455 1097 lerabilem
2491 1038 2881 1100 contumeliam,
2917 1050 2971 1088 se
3008 1035 3084 1087 ire
3118 1030 3400 1100 respondit.
3432 1027 3574 1080 Tunc
3603 1036 3767 1078 autem
3808 1060 3809 1065 η

2196 1132 2286 1186 ille
2330 1130 2600 1193 inimicus,
2646 1126 2885 1196 quoniam
2931 1125 2987 1176 in
3031 1120 3259 1175 mulieris
3302 1119 3453 1171 corde
3495 1117 3768 1169 insaniente

2199 1223 2367 1275 locum
2405 1220 2557 1287 facile
2590 1215 2816 1270 invenire
2852 1212 3039 1284 potuit,
3086 1219 3141 1262 ut
3186 1207 3417 1262 omnibus
3456 1204 3771 1265 malediccret

2201 1313 2472 1383 persuasit.
2502 1309 2605 1364 Illa
2640 1317 2808 1360 autem
2827 1303 3040 1370 vipereis
3066 1302 3385 1367 inﬂammata
3417 1295 3667 1356 consiliis,
3697 1310 3774 1346 sa-

2200 1422 2341 1457 crum
2381 1407 2571 1470 fontem
2609 1399 2875 1469 provoluta
2914 1392 3181 1459 corripuit,
3223 1397 3270 1442 et
3310 1386 3504 1455 sparsis
3534 1383 3774 1443 crinibus,

2199 1493 2508 1561 nudatisque
2534 1488 2766 1543 uberibus
2805 1486 2899 1537 hoc
2937 1499 2969 1534 α
3000 1479 3106 1533 Deo
3131 1478 3453 1548 potissimum
3478 1472 3774 1543 postularit,

2200 1594 2254 1637 ut
2276 1593 2499 1637 extorres
2527 1579 2693 1649 patria
2719 1584 2768 1630 et
2796 1575 3162 1628 circumeuntes
3201 1568 3394 1621 alienas
3426 1572 3607 1624 terras,
3640 1576 3776 1613 omne

2200 1674 2461 1727 hominum
2494 1685 2648 1739 genus
2677 1673 2850 1719 nostro
2884 1673 3181 1715 terreremus
3217 1652 3471 1725 exemplo.
3522 1649 3655 1705 Mox
3678 1666 3776 1700 ma-

2204 1773 2372 1818 ternas
2404 1775 2573 1830 preces
2593 1757 2768 1826 efﬁcax
2793 1753 3018 1805 vindicta
3045 1747 3369 1820 prosequitur
3400 1760 3419 1796 :
3454 1741 3782 1807 eamdemque

2204 1852 2443 1907 continuo
2474 1850 2681 1916 fratrem
2709 1852 2933 1897 nostrum
2962 1849 3107 1894 (etate
3134 1839 3383 1907 culpaque
3408 1834 3662 1902 majorem
3686 1839 3778 1883 tre-

2206 1962 2316 1997 mor
2353 1941 2687 1995 membrorum
2723 1944 2892 1989 tantus
2924 1932 3128 1993 inuasit,
3170 1935 3412 1997 quantum
3440 1926 3493 1978 in
3522 1940 3603 1976 me
3634 1936 3784 1989 usque

2204 2046 2323 2089 ante
2353 2036 2445 2087 hoc
2476 2032 2702 2085 triduum
2732 2035 2896 2079 vestra
2929 2022 3172 2076 sanctitas
3198 2020 3346 2072 vidit.
3378 2016 3591 2072 Servata
3623 2024 3782 2065 autem

2208 2125 2387 2180 ordine
2412 2139 2510 2191 quo
2536 2121 2640 2173 nati
2667 2132 2883 2178 eramus,
2928 2115 3063 2165 intra
3090 2126 3245 2163 unum
3271 2122 3463 2160 annum
3487 2107 3677 2158 eadem
3703 2098 3785 2154 nos

2205 2233 2353 2285 poma
2376 2231 2544 2268 omnes
2572 2209 2837 2277 corripuit.
2874 2205 3066 2259 Videas
3096 2211 3261 2255 autem
3282 2208 3441 2253 mater
3469 2194 3785 2249 malediciio—

2207 2322 2294 2359 nes
2321 2321 2439 2356 suas
2466 2304 2530 2354 ad
2553 2308 2747 2353 tentant
2768 2298 3039 2366 efficaciam
3059 2292 3356 2362 pervenisse,
3389 2287 3671 2356 impietatis
3690 2300 3786 2337 sua:

2207 2394 2573 2447 conscientiam
2603 2401 2647 2444 et
2678 2388 3005 2459 opprobrium
3033 2385 3292 2438 hominum
3315 2380 3505 2433 diutius
3537 2379 3679 2448 ferre
3698 2392 3788 2429 non

2209 2487 2404 2557 potuit;
2433 2486 2520 2538 sed
2550 2485 2730 2552 laqueo
2759 2489 2936 2550 guttur
2974 2478 3290 2545 astringens,
3326 2472 3617 2525 luctuosam
3644 2471 3788 2521 vitam

2210 2578 2422 2632 termino
2464 2573 2737 2644 funestiore
2764 2568 3032 2623 conclusit.
3078 2563 3279 2635 Egressi
3306 2576 3427 2630 ergo
3467 2575 3561 2611 nos
3600 2573 3787 2617 omnes,

2211 2666 2544 2736 opprobrium
2582 2671 2812 2715 nostrum
2856 2674 2959 2711 non
2987 2657 3223 2726 ferentes,
3268 2661 3313 2705 et
3359 2664 3687 2703 communem
3712 2662 3789 2713 pa-

2212 2759 2361 2811 triam
2397 2755 2753 2823 relinquentes,
2786 2749 2976 2817 passim
3007 2760 3181 2799 sumus
3207 2757 3295 2813 per
3326 2740 3526 2792 diversa
3554 2736 3787 2802 dispersi.

2214 2848 2295 2902 E1
2315 2847 2458 2900 nobis
2487 2854 2656 2897 autem
2680 2840 2912 2895 omnibus
2940 2837 3113 2890 decem
3134 2831 3398 2903 fratribus,
3434 2830 3522 2897 qui
3550 2825 3789 2879 nascendi

2213 2952 2407 3006 quoque
2454 2934 2631 2986 ordine
2672 2930 2893 2998 primum
2942 2925 3168 2993 sequitur
3206 2920 3273 2973 ad
3294 2916 3502 2990 gloriosi
3553 2914 3790 2983 martyris

2214 3025 2479 3080 Laurentii
2507 3020 2821 3081 memoriam,
2852 3031 2965 3085 qua:
2989 3013 3129 3083 apud
3170 3010 3464 3062 Ravennam
3503 3018 3676 3072 nuper
3702 3003 3791 3054 colo

2215 3120 2383 3172 locata
2406 3123 2500 3181 est,
2534 3115 2664 3168 sicut
2688 3110 2993 3170 audivimus,
3032 3104 3217 3157 meruit
3237 3102 3527 3154 sanitatem.
3560 3096 3681 3166 Ego
3707 3111 3790 3147 au-

2216 3218 2315 3262 tem
2353 3208 2439 3275 qui
2465 3203 2706 3257 nascendi
2736 3201 2913 3253 ordine
2935 3213 3047 3249 sunt
3076 3205 3247 3248 sextus
3287 3190 3513 3253 illorum,
3555 3204 3683 3242 cum
3713 3187 3793 3238 bac

2214 3314 2387 3353 sorore
2409 3312 2542 3361 mea,
2583 3308 2698 3364 qua:
2729 3306 2806 3344 me
2826 3296 2973 3342 wtate
2998 3284 3343 3354 subsequitur,
3369 3281 3659 3345 ubicunque
3688 3292 3794 3347 gett-

2215 3391 2361 3455 tium,
2390 3387 2673 3455 ubicunque
2694 3394 2943 3435 terrarum
2974 3377 3087 3429 loca
3110 3390 3217 3427 esse
3238 3388 3386 3426 sacra
3406 3372 3457 3421 in
3476 3370 3669 3437 quibus
3691 3382 3793 3435 0pc-

2216 3489 2419 3534 raretur
2443 3478 2578 3531 Deus
2599 3471 2871 3536 miracula,
2894 3468 3268 3536 comperissem,
3286 3476 3467 3531 magna
3492 3460 3796 3511 desiderata

2217 3572 2451 3626 sanitatis
2482 3583 2652 3621 amore
2678 3562 2948 3632 carpebam
2975 3561 3091 3611 iter.
3134 3555 3239 3611 Sed
3267 3564 3318 3607 ut
3349 3554 3412 3605 de
3435 3550 3637 3605 caeteris
3684 3546 3796 3602 cclc-

2219 3662 2448 3716 berrimis
2483 3666 2769 3711 sanctorum
2807 3652 2931 3705 locis
2971 3659 3182 3711 taceam,
3220 3645 3371 3699 etiam
3416 3642 3483 3693 ad
3518 3643 3795 3697 Anconam,

2220 3751 2393 3805 Italiw
2421 3750 2694 3812 civitatem,
2722 3744 2807 3796 ubi
2833 3760 2919 3807 per
2948 3737 3367 3811 gloriosissimum
3388 3740 3669 3799 martyrem
3694 3730 3798 3783 Ste-

2220 3842 2446 3911 phanum
2472 3839 2633 3890 multa
2660 3836 2910 3888 miracula
2945 3830 3191 3884 Dominus
3211 3832 3473 3895 operatur,
3503 3820 3689 3874 eadem
3710 3820 3798 3871 cir-

2222 3933 2443 3986 cuitione
2483 3927 2706 4000 perveni.
2736 3924 2840 3980 Sed
2868 3926 2981 3977 ideo
3006 3920 3127 3974 alibi
3154 3918 3323 3972 curari
3344 3931 3446 3968 non
3485 3912 3655 3981 potui,
3693 3909 3799 3979 quia

2221 4024 2342 4077 huic
2373 4024 2481 4077 loco
2509 4022 2682 4074 divina
2710 4014 3157 4086 prcedestinatiune
3177 4009 3431 4064 seruabar.
3468 4004 3579 4059 Nec
3607 4000 3799 4056 Usaim

2223 4119 2473 4171 civitatem
2504 4115 2693 4183 Africte
2718 4106 3039 4179 prwtermisi,
3065 4104 3147 4157 ubi
3170 4103 3338 4156 beatus
3364 4107 3559 4168 martyr
3584 4094 3798 4165 Stepha-

2224 4226 2320 4263 nus
2342 4222 2526 4275 magna
2552 4203 2859 4274 prredicatur
2887 4200 3172 4267 frequenter
3192 4191 3408 4261 aperari.
3443 4188 3798 4241 Verumtamen

2224 4309 2342 4353 ante
2375 4300 2467 4351 hos
2495 4304 2593 4348 tres
2621 4306 2832 4353 menses,
2869 4288 2922 4341 id
2945 4294 3041 4349 est,
3075 4283 3403 4336 calendarum
3428 4278 3793 4332 Ianuariarum

2226 4392 2329 4452 die,
2354 4398 2459 4440 tant
2489 4399 2578 4454 ego
2608 4398 2759 4453 quam
2788 4394 2932 4432 soror
2958 4392 3092 4437 mea.
3132 4388 3243 4441 quae
3272 4371 3355 4423 hic
3393 4384 3581 4421 mccum
3609 4376 3706 4429 est,
3729 4380 3796 4416 ea-

2230 4480 2345 4534 dem
2384 4480 2554 4531 adhuc
2596 4474 2830 4546 passione
2870 4470 3103 4527 detenta,
3146 4462 3361 4517 evidenti
3402 4475 3575 4512 sumus
3621 4456 3803 4507 visione

2238 4568 2552 4625 commoniti.
2601 4564 2684 4617 Ait
2729 4562 2860 4615 enim
2893 4558 3017 4611 mihi
3060 4554 3267 4625 quidam
3302 4558 3507 4619 aspectu
3531 4548 3723 4609 clarus,
3760 4550 3802 4593 et

2237 4660 2458 4716 candido
2485 4657 2623 4711 crine
2650 4650 2968 4709 venerabilis,
3011 4647 3146 4717 quod
3181 4647 3317 4700 intra
3355 4641 3557 4695 tertium
3595 4649 3804 4688 mensem

2238 4751 2526 4823 desiderata
2562 4755 2687 4800 esset
2726 4742 2850 4796 mihi
2890 4742 3084 4794 sani.‘as
3123 4737 3389 4804 adfutura.
3432 4728 3609 4785 Sorari
3647 4730 3803 4776 autem

2240 4859 2363 4897 mete
2385 4844 2438 4896 in
2466 4841 2657 4895 visione
2685 4836 2927 4890 sanctitas
2951 4842 3037 4884 tua
3066 4832 3118 4882 in
3150 4844 3206 4880 ca
3232 4826 3389 4894 effigie
3418 4823 3466 4873 in
3492 4835 3591 4887 qua
3617 4828 3663 4868 te
3684 4826 3804 4884 pra:-

2240 4947 2403 4990 sentes
2429 4933 2654 4987 ridemus
2692 4927 2933 4997 apparuit
2965 4940 2980 4978 :
3015 4939 3103 4989 per
3129 4919 3264 4990 quod
3296 4916 3436 4969 nobis
3471 4909 3804 4981 signiﬁcatum

2239 5039 2310 5083 est
2349 5030 2418 5080 at!
2457 5028 2609 5079 istum
2651 5022 2817 5074 locum
2860 5033 2948 5069 nos
2983 5015 3151 5067 venire
3191 5009 3432 5063 debuisse.
3488 5002 3625 5055 Nam
3654 5007 3697 5051 et
3721 5009 3803 5065 ego

2239 5121 2594 5177 beatitudinem
2619 5126 2757 5168 tuam
2786 5111 2971 5179 strpius
3001 5114 3176 5176 postea
3204 5100 3432 5156 videbam
3463 5111 3552 5162 per
3584 5093 3710 5144 alias
3740 5086 3804 5138 ci-

2238 5219 2435 5278 uitates;
2462 5216 2513 5267 in
2536 5212 2711 5263 itinere
2727 5222 2826 5276 quo
2854 5204 3196 5259 veniebamus,
3220 5196 3368 5248 talem
3388 5202 3597 5260 prorsus
3618 5180 3806 5252 qualem

2242 5309 2395 5362 modo
2422 5304 2696 5372 conspicio.
2732 5296 2991 5353 Admoniti
3018 5309 3135 5362 ergo
3166 5287 3382 5344 evidenti
3412 5282 3704 5336 auctoritate
3733 5273 3807 5324 di-

2241 5403 2381 5464 vina,
2406 5398 2472 5451 ad
2504 5398 2636 5447 hanc
2664 5393 2889 5446 venimus
2918 5389 3169 5441 civitatem
3198 5391 3312 5434 ante
3347 5379 3409 5430 diu
3428 5393 3453 5430 s
3484 5376 3636 5445 ferme
3662 5365 3806 5434 quin-

2210 5506 2211 5509 ‘
2243 5491 2427 5544 decim.
2477 5483 2739 5536 Pnssicnis
2772 5495 2894 5531 mete
2922 5474 2997 5529 vel
3033 5472 3167 5526 oculi
3204 5469 3349 5523 uestri
3384 5474 3534 5519 testes
3566 5466 3693 5519 sunt,
3738 5452 3808 5505 rei

2244 5577 2543 5632 miserabilis
2588 5589 2735 5627 soror
2787 5584 2916 5630 mea,
2958 5580 3071 5633 quae
3110 5563 3178 5615 ad
3217 5558 3552 5613 eruditionem
3590 5546 3807 5603 omnium

2245 5668 2522 5723 communis
2548 5663 2669 5716 mali
2698 5660 2883 5731 prtebet
2910 5632 3197 5721 exemplum
3220 5668 3238 5715 ,'
3266 5661 3318 5703 ut
3343 5648 3428 5712 qui
3458 5647 3509 5698 in
3535 5644 3622 5696 illa
3649 5632 3808 5708 qual's

2246 5777 2334 5830 ego
2360 5758 2541 5828 fuerim
2564 5750 2818 5817 vident,in
2838 5764 2912 5800 me
2927 5754 3171 5808 quantum
3205 5757 3290 5809 per
3314 5738 3560 5805 Spiritum
3586 5736 3803 5783 sonam!
