3900 6312
196 280 255 341 tu
799 278 1156 339 VARtonuu
1200 248 1802 337 “mansiones
1844 277 1907 330 IN
1946 277 2001 331 s.
2046 277 2408 335 aususnon
2449 281 2693 339 oms-ns.

3289 282 3402 345 402

197 417 289 457 mm
315 397 551 453 Dominus
582 400 646 452 sit
685 408 928 466 operatus
947 440 962 465 ,
1006 410 1306 470 agnoscant.
1359 399 1581 453 Orabam
1623 412 1713 466 ego
1740 398 1789 455 A
1822 398 1943 466 poni
1972 398 2205 465 lapidem
2239 399 2408 453 illum.
2446 401 2539 456 Ille
2569 402 2805 456 obedivit
2833 405 3166 471 revelationi,
3195 416 3247 461 et
3274 407 3401 466 fecit

197 491 349 560 quotidie
366 506 481 541 cum
512 488 714 559 magnis
741 489 985 558 lacrymis
1011 494 1063 543 in
1105 491 1217 544 loco
1254 491 1340 543 ubi
1368 498 1441 543 est
1471 488 1715 543 memoria

196 581 477 651 gloriosissimi
515 580 756 647 martyris
794 578 1065 645 Stephani.
1107 580 1203 634 Die
1245 591 1416 634 autem
1450 579 1715 632 Dominico

198 673 364 737 Pascitur,
390 673 525 725 sicut
556 671 649 725 alii
682 671 769 742 qui
807 681 1079 742 praesentes
1120 686 1265 728 erant
1309 675 1561 738 viderant,
1594 674 1717 725 dum

195 783 295 819 trans
329 781 431 815 cum
472 780 660 833 magno
695 766 820 832 ﬂetu
854 766 1108 819 cancellos
1146 777 1305 831 teneo,
1339 766 1505 820 subito
1534 765 1715 818 cecidi.

194 855 388 909 Alienatus
417 864 589 905 autem
614 870 645 905 a
671 869 843 917 sensu,
873 855 959 907 ubi
999 856 1182 923 fuerint
1212 858 1400 910 nescio.
1435 854 1562 909 Post
1592 871 1720 923 pau-

192 949 301 1000 lulum
326 946 599 1005 asrurrexi,
626 954 672 997 at
696 946 841 997 illum
867 956 1135 1000 trenwrem
1164 949 1216 1000 in
1243 964 1455 1018 corpore
1479 963 1589 1000 meo
1619 962 1720 998 non

191 1041 323 1091 inveni.
363 1037 499 1090 Huic
532 1039 704 1106 itaque
746 1048 887 1091 tanto
923 1037 1019 1093 Dei
1055 1041 1300 1109 beneﬁcio
1337 1057 1439 1094 non
1466 1042 1719 1107 ingratus,
1761 1072 1767 1077 -

176 1104 281 1181 ’11ης
305 1127 525 1181 libellum
554 1104 719 1180 obtuli
745 1143 764 1180 :
806 1129 859 1181 in
886 1144 987 1196 quo
1016 1104 1307 1200 etiamque:
1334 1131 1398 1183 de
1428 1104 1612 1184 nostris
1639 1147 1722 1183 ca-

185 1217 450 1271 lamitatibus
476 1219 813 1289 ignorabatis,
856 1230 902 1273 et
935 1221 1073 1291 quod
1095 1221 1155 1274 de
1178 1237 1290 1274 mea
1310 1222 1654 1274 incolumitate
1679 1229 1724 1273 et

183 1310 309 1361 salute
339 1309 641 1376 cognoristis
676 1308 883 1363 exhibui
902 1351 917 1375 ,
952 1322 1008 1364 ut
1034 1320 1082 1365 et
1113 1326 1207 1379 pro
1235 1329 1348 1365 mea
1376 1327 1553 1366 sorore
1579 1328 1726 1365 orare

178 1399 433 1467 dignemini,
468 1407 517 1454 et
547 1417 639 1468 pro
663 1417 743 1453 me
772 1418 922 1471 agere
954 1401 1061 1457 Deo
1086 1405 1297 1472 gratias.
1338 1422 1355 1454 1

235 1490 403 1544 Sermo
438 1493 564 1546 39.5.
611 1491 793 1546 Sermo
836 1492 1112 1563 Augustini
1139 1495 1338 1548 habitus
1367 1505 1479 1565 post
1501 1495 1728 1550 libellum

178 1582 225 1635 de
241 1591 398 1634 sancto
422 1580 1108 1653 Stepltano.]Misericordia
1136 1586 1349 1655 quidem
1376 1586 1486 1651 Dei,
1513 1586 1723 1653 fratres,

175 1673 286 1726 sicut
307 1673 632 1727 credendum
658 1682 762 1739 est,
793 1689 980 1729 omnes
1011 1675 1095 1729 isti
1128 1675 1323 1731 fratres
1344 1691 1478 1747 quos
1505 1692 1608 1732 una
1628 1678 1723 1733 Dei

173 1766 232 1817 ira
259 1774 486 1817 materna
521 1763 671 1833 plaga
704 1767 985 1831 percussit,
1020 1766 1086 1819 ad
1121 1766 1278 1835 hujus
1304 1742 1377 1821 de
1396 1782 1502 1838 quo
1529 1767 1726 1837 gaude-
1753 1742 1801 1802 Β

172 1869 290 1921 mus,
331 1854 648 1923 quandoque
670 1858 978 1923 perventuri
1010 1867 1135 1911 sunt
1162 1858 1467 1914 sanitatem.
1501 1859 1728 1913 Verum-

171 1955 324 2001 tamen
355 1947 561 2001 discant
606 1947 698 2000 filii
729 1948 972 2017 obsequi,
1005 1949 1228 2004 timeant
1260 1959 1509 2018 parentes
1544 1950 1727 2006 irasci.

168 2038 410 2107 Scriptum
435 2047 537 2102 est,
556 2038 845 2093 Benedictio
865 2042 1025 2107 patris
1048 2043 1215 2107 ﬁrmat
1239 2043 1444 2095 domum
1473 2043 1728 2110 ﬁliorum;

162 2128 431 2181 maledictio
459 2131 635 2183 ma'ris
674 2131 901 2182 eradicet
928 2132 1284 2201 fundamenta.
1330 2132 1484 2187 Modo
1513 2132 1604 2185 isti
1635 2146 1732 2200 per

162 2230 316 2274 terras
345 2222 395 2274 111
426 2222 786 2274 fundamentis
817 2225 1001 2291 patriae
1027 2238 1136 2277 sure
1167 2240 1274 2279 non
1309 2232 1463 2288 sunt;
1492 2223 1733 2292 prazbent

161 2310 329 2378 utique
378 2311 777 2379 spectaculum,
829 2323 1135 2381 proponunt
1172 2328 1325 2368 suum
1372 2313 1728 2383 supplicium;

157 2404 387 2469 prtebent
425 2404 595 2458 oculis
636 2406 904 2458 miseriam
956 2420 1131 2470 suam,
1175 2416 1378 2460 terrent
1426 2405 1731 2474 superbiam

154 2492 396 2547 alienam.
435 2493 665 2557 Discite,
701 2493 817 2561 11111,
867 2496 1007 2563 quod
1037 2496 1168 2550 dicit
1201 2496 1478 2565 Scriptura
1509 2495 1734 2549 reddere

154 2581 412 2639 honorem
456 2586 767 2653 parentibus
807 2586 1064 2640 debitum.
1113 2587 1217 2641 Sed
1256 2596 1312 2641 et
1349 2601 1445 2640 vos
1488 2594 1735 2654 parentes

150 2676 365 2741 quando
392 2675 721 2729 oﬂ‘cndimini
746 2717 760 2742 ,
806 2685 1058 2745 parentes
1088 2692 1181 2731 vos
1209 2691 1328 2731 esse
1355 2676 1733 2731 recordamini.

150 2765 340 2819 Oravit
380 2776 548 2821 mater
584 2781 767 2822 contra
800 2768 958 2830 filios.
1004 2769 1251 2824 exaudita
1291 2778 1401 2833 est;
1442 2769 1563 2836 quia
1599 2768 1738 2822 Deus

151 2868 282 2910 vere
298 2859 474 2925 justus
494 2867 596 2923 est,
622 2859 744 2925 quia
768 2873 892 2912 vere
913 2859 1161 2927 injuriam
1186 2872 1343 2927 passa
1372 2857 1561 2912 fuerat.
1588 2856 1737 2912 Unus

146 2942 397 3012 ipsorum
442 2956 495 3001 et
533 2946 693 3001 verba
733 2949 1117 3002 contumeliosa
1150 2957 1204 3004 et
1243 2962 1430 3002 manus
1460 2947 1734 3016 injecerat,

140 3047 201 3089 et
250 3038 431 3092 caeteri
481 3039 665 3092 matris
719 3038 965 3107 injuriam
1016 3041 1278 3105 patienter
1329 3039 1586 3102 tulerunt,
1636 3052 1735 3093 nec

1817 490 1955 558 quod
1978 491 2184 557 iussum
2203 499 2316 545 est:
2337 507 2401 546 ex
2423 493 2511 547 illo
2532 493 2695 561 ccepit
2714 509 2836 549 esse
2858 495 2929 549 ibi
2952 499 3207 551 memoria
3228 498 3401 556 sancti

1818 583 2112 652 Stephani,
2151 592 2207 638 et
2243 600 2429 639 rumor
2467 595 2584 640 erat
2627 586 2746 655 quia
2784 586 3057 642 brachium
3088 590 3256 643 sancti
3284 590 3404 646 Ste-

1818 674 1978 739 phani
2008 675 2078 728 ibi
2109 683 2209 739 est,
2259 677 2624 731 nescientibus
2657 677 2964 733 hominibus
2990 679 3114 748 quid
3145 680 3418 749 contigisa,

1819 773 1919 817 set.
1966 764 2162 819 Verum
2205 776 2382 819 autem
2431 767 2747 835 intelligitur
2797 778 3078 837 propterea
3124 769 3194 823 ibi
3241 750 3419 837 fuisse}

1821 854 2135 922 revelatum,
2160 865 2217 907 ut
2242 854 2314 908 ibi
2344 866 2563 923 poneret
2593 832 2821 926 lapidem
2848 832 2938 927 qui
2964 861 3031 913 de
3060 859 3239 914 cubito
3261 832 3415 917 mar-1

1822 945 1957 1015 tyris
1976 960 2233 1000 excussus
2252 948 2493 1015 est,quia
2522 947 2708 1003 Graece
2732 949 2968 1003 cubitum
2994 965 3159 1003 aucon
3183 949 3403 1005 dicitur.

1822 1038 1927 1094 Sed
1959 1042 2046 1108 qui
2079 1040 2255 1095 sciunt
2282 1057 2399 1105 qua:
2424 1041 2496 1095 ibi
2528 1044 2782 1098 miracula
2815 1044 2981 1110 fiant,
3028 1045 3129 1113 ipsi
3168 1061 3264 1100 nos
3308 1046 3408 1101 do-

1823 1139 2001 1187 ceant.
2046 1131 2160 1185 Non
2218 1132 2289 1186 ibi
2339 1142 2615 1200 cmperunt
2668 1134 2782 1187 fieri
2830 1133 2928 1187 ista
2969 1134 3245 1197 miracula,
3299 1137 3403 1189 nisi

1826 1230 2170 1290 posteaquam
2193 1236 2387 1289 corpus
2409 1224 2579 1278 sancti
2602 1223 2858 1293 Stephani
2879 1226 3144 1292 apparuit.
3168 1226 3307 1280 Ecce
3332 1227 3403 1279 ibi

1827 1330 1930 1368 non
1960 1323 2044 1369 est
2072 1321 2293 1369 curatus
2322 1315 2421 1369 iste
2445 1317 2678 1384 juvenis,
2721 1325 2777 1369 ut
2808 1318 3004 1371 nostris
3028 1317 3199 1371 oculis
3226 1332 3406 1372 serva-

1827 1414 1994 1459 retur.
2031 1404 2186 1475 Apud
2218 1404 2442 1470 Usalim,
2484 1406 2573 1460 ubi
2613 1415 2696 1460 est
2730 1406 3014 1475 episcopus
3054 1407 3219 1462 frater
3256 1423 3409 1462 meus

1829 1493 2082 1559 Evodius,
2115 1502 2310 1562 quanta
2342 1495 2594 1549 miracula
2627 1497 2697 1551 ibi
2743 1496 2871 1550 fiant
2894 1498 3147 1565 quaerite,
3179 1505 3234 1552 et
3262 1499 3409 1552 inve-

1828 1585 2004 1640 nietis.
2038 1586 2416 1639 Prmtermissis
2444 1596 2623 1641 autem
2666 1586 2811 1651 aliis,
2854 1587 3032 1641 indico
3060 1588 3212 1643 vobis
3244 1605 3406 1643 unum

1829 1677 1970 1748 quod
2006 1678 2078 1731 ibi
2116 1677 2316 1732 factum
2349 1686 2461 1742 est,
2494 1686 2552 1733 ut
2584 1678 2812 1733 videatis
2840 1687 3038 1748 quanta
3079 1682 3147 1734 sit
3174 1681 3245 1735 ibi
3275 1698 3410 1751 prac-

1829 1771 1999 1824 sentia
2041 1770 2357 1837 majestatis.
2410 1770 2598 1825 Mulier
2645 1772 2885 1841 quaedam
2931 1772 3107 1826 subito
3153 1786 3408 1842 aegrotum

1831 1862 2021 1927 filium,
2053 1860 2137 1915 cui
2162 1874 2479 1916 succurrere
2514 1861 2814 1915 festinando
2840 1876 2945 1916 non
2979 1862 3170 1930 potuit,
3215 1863 3269 1916 in
3294 1879 3413 1930 gre-

1831 1952 1940 2005 mio
1966 1966 2067 2005 suo
2101 1950 2545 2006 catechumenum
2584 1952 2803 2007 amisit:
2834 1967 2953 2020 qute
2980 1952 3243 2016 clamans,
3275 1954 3414 2007 Mor-

1833 2048 1954 2095 tuus
1983 2048 2087 2107 est,
2118 2039 2309 2109 inquit,
2341 2040 2481 2094 filius
2508 2055 2659 2095 meus
2687 2042 3125 2097 catechumenus.
3368 2048 3375 2055 '

1906 2129 1973 2183 Et
2001 2146 2117 2183 cum
2147 2130 2253 2183 lucc
2275 2110 2461 2185 dicerEt
2490 2130 3063 2202 Augustinus,p0pulus
3090 2133 3153 2185 de
3177 2136 3416 2186 memoria

1834 2220 1995 2274 sancti
2033 2219 2286 2287 Stephani
2330 2218 2555 2273 clamare
2591 2221 2738 2287 coepit
2768 2236 2787 2273 :
2818 2220 2924 2274 Deo
2963 2222 3177 2290 gratias,
3213 2220 3419 2275 Christo

1835 2312 2034 2365 laudes.
2078 2309 2143 2363 In
2186 2326 2284 2379 quo
2322 2311 2559 2365 continuo
2594 2310 2839 2375 clamore,
2883 2313 3055 2381 puella
3089 2328 3203 2381 qua:
3241 2320 3418 2364 curata

1835 2410 1931 2466 est,
1968 2400 2038 2453 ad
2066 2400 2295 2453 absidam
2331 2402 2571 2471 perducta
2607 2410 2699 2457 est.
2749 2403 2862 2466 Qua
2896 2403 3024 2467 visa,
3064 2402 3281 2471 populus
3307 2418 3419 2454 cum

1836 2492 2025 2563 gaudio
2054 2501 2100 2545 et
2139 2494 2262 2561 ﬂetu
2299 2490 2458 2544 nullis
2483 2491 2795 2560 interpositis
2824 2491 3153 2553 sermonibus,
3192 2494 3282 2544 sed
3309 2494 3420 2545 solo

1837 2584 2051 2647 strepitu
2087 2583 2386 2650 interposito
2414 2583 2716 2651 aliquandiu
2758 2584 3033 2637 clamorem
3067 2585 3341 2651 protraxit,
3375 2592 3420 2635 ct

1838 2673 2040 2726 silentio
2084 2674 2250 2742 facta,
2295 2675 2608 2739 Augustinus
2640 2674 2909 2740 episcopus
2949 2675 3122 2727 dixit:
3153 2674 3420 2741 Scriptum

1839 2770 1923 2817 est
1950 2762 2001 2814 in
2028 2762 2230 2828 psalmo
2261 2778 2274 2813 :
2304 2759 2449 2825 Dixi,
2480 2759 2768 2829 Proloquar
2787 2760 3058 2814 adversum
3078 2778 3157 2814 me
3182 2763 3421 2815 delictum

1840 2870 2009 2907 meum
2030 2851 2252 2908 Domino
2280 2850 2389 2905 Deo
2413 2868 2543 2916 meo,
2568 2860 2612 2905 et
2641 2862 2693 2905 tu
2722 2853 2959 2906 dimisisti
2982 2853 3288 2920 impietatem
3311 2868 3423 2907 cor-

1843 2945 1922 2998 dis
1951 2945 2068 2998 mei.
2105 2943 2256 3008 Dixi,
2292 2942 2610 3013 Proloquar,
2659 2944 2893 2998 nondum
2928 2945 3231 3013 prolocutus
3260 2959 3375 3000 sum
3407 2965 3420 3001 :

1842 3033 1951 3087 dixi
1996 3031 2308 3103 Proloquar,
2348 3040 2401 3086 et
2438 3041 2493 3085 tu
2533 3032 2801 3087 dimisisti.
2847 3030 3225 3089 Commenilavi
3266 3035 3422 3088 istam

140 3139 318 3179 unum
357 3145 450 3194 pro
484 3143 546 3183 ea
590 3128 809 3182 verbum
839 3138 1025 3205 contra
1074 3130 1291 3184 fratrem
1324 3128 1734 3198 responderunt.
1763 3097 1812 3160 ο
1848 3124 2127 3189 miseram,
2169 3124 2279 3177 imo
2315 3138 2383 3177 ex
2426 3123 2618 3178 misera
2659 3124 3026 3179 commendavi
3075 3140 3193 3180 eam
3236 3127 3425 3181 vestris

138 3213 333 3269 Justus
371 3217 529 3282 DeltS,
562 3218 649 3286 qui
680 3217 881 3271 audivit
909 3227 1239 3287 precantem,
1272 3220 1419 3273 audit
1445 3219 1733 3274 dolentem.

138 3301 257 3357 Sed
290 3307 423 3374 quid
454 3308 543 3360 illa
586 3308 818 3362 misera?
856 3308 1042 3363 Nonne
1085 3310 1223 3364 unde
1268 3309 1426 3363 citius
1465 3308 1735 3376 exaudita,

140 3394 280 3449 inde
312 3397 433 3465 plus
463 3398 685 3467 punita?
717 3397 913 3453 Discite
943 3398 1043 3452 hoc
1074 3408 1256 3467 petere
1289 3414 1317 3453 a
1350 3399 1483 3464 Deo,
1514 3399 1604 3453 ubi
1635 3414 1741 3453 non

141 3486 397 3541 timentis
442 3490 710 3544 exaudiri.
761 3490 868 3545 Nos
915 3500 1115 3559 autem,
1173 3491 1388 3554 fratres,
1439 3500 1743 3559 satagamus

139 3573 386 3632 Domino
413 3578 524 3633 Deo
554 3590 738 3634 nostro
765 3581 961 3650 gratias
990 3581 1194 3635 referre
1225 3596 1319 3650 pro
1352 3581 1442 3635 illo
1468 3580 1559 3649 qui
1588 3595 1746 3634 sana-

147 3675 241 3718 tus
274 3674 386 3732 est,
414 3678 465 3723 et
497 3683 595 3737 pro
622 3668 709 3722 illa
738 3684 860 3738 qtae
895 3669 1072 3723 adhuc
1103 3680 1311 3725 tenetur
1342 3686 1528 3739 preces
1552 3670 1744 3725 funda-

150 3771 303 3811 mus.
341 3760 728 3815 Benedicamus
753 3760 942 3826 Deum,
976 3760 1098 3831 quia
1125 3761 1314 3831 dignos
1345 3776 1442 3817 nos
1483 3762 1665 3817 habuit
1690 3771 1747 3816 ut

148 3845 260 3901 hoc
288 3849 623 3906 videremus.
669 3850 803 3918 Quid
832 3851 974 3905 enim
1007 3866 1215 3916 sumus,
1244 3853 1365 3921 quia
1397 3866 1496 3921 ego
1524 3852 1745 3921 apparui

152 3934 278 3991 istis
304 3941 588 3994 nesciens?
612 3940 688 3993 llli
717 3941 861 3995 enim
904 3956 989 3994 me
1021 3942 1290 4007 videbant,
1321 3950 1376 3994 et
1403 3955 1503 4010 ego
1538 3940 1747 3994 nescie-

152 4024 323 4093 bam;
358 4040 411 4084 et
450 4030 879 4084 admonebantur
917 4039 973 4085 ut
1002 4031 1067 4086 ad
1099 4032 1254 4085 istum
1294 4030 1568 4085 civititem
1595 4029 1748 4083 veni-

156 4133 303 4174 rent.
339 4122 467 4189 Quis
493 4139 610 4177 sum
642 4123 778 4192 ego?
812 4122 983 4177 llnmo
1004 4137 1120 4177 sum
1148 4136 1287 4176 unus
1316 4121 1382 4175 de
1410 4121 1609 4185 multis,
1643 4135 1748 4175 non

162 4209 239 4273 de.
262 4215 491 4282 magnis.
522 4216 588 4268 Et
617 4230 767 4282 vere,
798 4224 854 4268 ut
880 4215 1057 4269 audiat
1078 4215 1272 4270 caritas
1300 4224 1497 4279 vesn'a,
1527 4212 1750 4266 multum

167 4306 359 4371 miror,
390 4317 443 4361 et
468 4307 673 4376 gaudeo
696 4306 850 4361 nobis
869 4322 993 4362 esse
1015 4321 1353 4383 concesspm,
1378 4305 1626 4375 quoniam
1652 4304 1752 4359 iste

174 4392 339 4450 homo
384 4412 485 4453 nec
528 4403 758 4452 Anconm
799 4398 976 4452 curari
1008 4399 1218 4467 potuit:
1271 4397 1379 4452 imo
1418 4398 1608 4465 potuit,
1657 4395 1751 4450 sed

175 4495 393 4553 prepter
420 4503 519 4543 nos
548 4488 742 4542 factum
767 4505 872 4543 non
895 4488 1135 4557 est,quia
1153 4486 1403 4541 facillime
1428 4487 1537 4541 fieri
1561 4486 1751 4555 pctuit.

158 4576 359 4653 ,δι-111111
389 4580 531 4633 enim
563 4579 714 4633 multi
745 4590 940 4649 quanta
974 4578 1229 4633 miracula
1270 4592 1366 4647 per
1392 4575 1756 4631 beatissimum

158 4665 466 4759 gmartyrem
503 4670 832 4738 Stephanum
856 4670 909 4724 in
938 4671 1034 4724 ista
1065 4670 1278 4725 civitate
1307 4670 1450 4723 fiant.
1486 4668 1552 4722 Et
1579 4667 1757 4721 audite

177 4761 311 4826 quod
341 4763 605 4817 miremini
630 4780 642 4814 :
666 4762 918 4816 Memoria
940 4762 1056 4831 ejus
1074 4762 1286 4830 antiqua
1309 4759 1379 4814 ibi
1407 4767 1545 4821 erat,
1566 4769 1623 4813 et
1643 4756 1756 4826 ipsa

178 4858 257 4903 est
283 4851 375 4906 ibi.
417 4851 523 4907 Sed
552 4852 779 4907 fortasse
807 4852 980 4906 dicis:
1012 4850 1219 4919 Corpus
1253 4850 1369 4918 ejus
1399 4848 1634 4903 nondum
1665 4863 1757 4916 apo

182 4953 444 5014 paruerat,
500 4946 756 4999 memoria
803 4943 875 4999 ibi
928 4943 1070 4999 unde
1120 4943 1279 4997 erat?
1333 4941 1487 4995 Latet
1542 4939 1755 5009 quidem

182 5046 331 5086 causa
359 5076 372 5097 ,
406 5035 501 5089 sed
533 5034 657 5101 quid
683 5034 748 5087 ad
779 5048 879 5088 nos
911 5034 1047 5087 fama
1098 5032 1377 5103 pertulerit
1429 5046 1535 5085 non
1569 5029 1759 5085 tacebo

182 5126 383 5181 caritati
409 5136 624 5181 vestrm.
663 5125 889 5192 Quando
922 5125 1258 5194 lapidabatur
1286 5131 1505 5177 sanctus
1533 5121 1758 5188 Stepha-

181 5228 293 5279 nus,
336 5217 502 5285 aliqui
532 5219 692 5271 etiam
735 5216 1073 5281 innocentes,
1114 5225 1169 5270 et
1208 5216 1442 5269 maxime
1485 5213 1551 5267 de
1584 5213 1646 5268 iis
1673 5213 1762 5281 qui

177 5305 281 5374 iam
326 5310 379 5363 in
421 5309 636 5363 Christo
683 5308 1043 5375 crediderant,
1085 5307 1532 5371 circumstabant;
1572 5305 1765 5360 dicitur

178 5400 309 5467 lapis
337 5402 553 5456 venisse
580 5400 632 5453 in
662 5399 865 5462 cubito,
891 5409 944 5453 et
969 5412 1225 5454 excussus
1253 5398 1377 5453 inde
1403 5396 1614 5452 venisse
1639 5405 1765 5452 ante

173 5492 457 5559 quemdnn
490 5489 821 5559 religiosum.
856 5488 1002 5542 Tulit
1040 5489 1185 5543 illum
1215 5496 1267 5542 et
1295 5487 1552 5543 servavit.
1597 5487 1769 5548 Homo

173 5592 289 5635 erat
321 5582 389 5636 de
420 5580 814 5651 navigantibus,
845 5594 966 5635 sors
1009 5580 1363 5650 navigationis
1400 5580 1582 5633 attulit
1612 5580 1763 5633 illutn

170 5675 238 5729 ad
270 5675 419 5729 tutus
452 5675 707 5733 Anconae.
739 5680 791 5727 et
821 5670 1115 5727 revelatum
1142 5681 1223 5727 est
1245 5671 1319 5727 illi
1348 5670 1420 5727 ibi
1449 5670 1649 5726 debere
1681 5684 1766 5725 re-

1844 3212 2196 3268 orationibus.
2239 3212 2606 3281 Disposuimus
2636 3229 2822 3277 orare,
2861 3224 2915 3270 et
2944 3217 3176 3271 exauditi
3218 3232 3422 3272 sumus.

1844 3303 1925 3359 Sit
1948 3303 2196 3372 gaudium
2226 3312 2464 3359 nostrum
2492 3306 2632 3358 actio
2652 3305 2963 3374 gratiarum.
2990 3304 3158 3360 Citius
3179 3309 3427 3361 exaudita

1846 3403 1929 3447 est
1958 3405 2128 3447 mater
2152 3394 2410 3467 Ecclesia,
2430 3410 2590 3464 quam
2617 3396 2669 3448 in
2700 3398 2989 3463 perniciem
3015 3397 3295 3453 maledicta
3321 3413 3428 3451 ma-

1850 3493 1930 3539 ter
1952 3484 2062 3537 illa.
2095 3483 2353 3538 Conversi
2381 3485 2447 3537 ad
2479 3484 2784 3547 Dominum,
2810 3495 2917 3540 etc.

1920 3578 2110 3631 Sermo
2138 3573 2264 3629 324.
2310 3574 2490 3629 Sermo
2520 3575 2813 3645 Augustini,
2852 3593 2951 3644 quo
2993 3577 3206 3647 complet
3236 3587 3430 3648 partem

1847 3668 2096 3722 sermonis
2121 3681 2241 3720 mea:
2269 3664 2600 3735 praecedentis
2635 3665 2881 3719 miraculo
2916 3666 3232 3736 interrupti]
3262 3652 3431 3723 Debet

1850 3775 1879 3814 a
1911 3759 2067 3813 nobis
2100 3758 2383 3812 hesternas
2408 3770 2588 3811 sermo
2610 3757 2890 3825 compleri,
2923 3757 3011 3825 qui
3038 3757 3223 3827 majori
3263 3759 3431 3814 inter-

1850 3857 2041 3917 ruptus
2068 3857 2151 3903 est
2178 3846 2391 3918 gaudio.
2425 3845 2729 3901 Statueram
2754 3848 2896 3902 enim
2917 3855 2969 3900 et
2998 3862 3264 3916 coeperam
3291 3849 3433 3917 loqui

1851 3945 2058 4000 caritati
2082 3950 2474 4010 vestrae,quare
2497 3940 2627 3994 mihi
2652 3940 2900 3995 videntur
2922 3941 3006 3995 isti
3035 3941 3224 3996 fratres
3253 3941 3435 3996 divina

1852 4038 2171 4092 auctoritate
2200 4037 2266 4090 ad
2305 4037 2441 4091 hanc
2472 4036 2741 4091 civitatem
2774 4050 2893 4089 esse
2922 4034 3134 4101 directi,
3166 4042 3223 4088 ut
3252 4034 3339 4089 hic
3381 4034 3435 4088 in

1855 4130 1934 4183 eis
1976 4127 2065 4182 diu
2104 4134 2285 4196 optata
2326 4136 2379 4180 et
2415 4130 2718 4193 exspectata
2762 4123 2964 4178 sanitas
3000 4124 3331 4192 impleretur.
3372 4122 3438 4176 Et

1856 4220 1959 4275 hoc
1988 4220 2174 4273 volens
2202 4217 2406 4280 dicere,
2434 4217 2582 4285 prius
2603 4216 2984 4271 commendare
3003 4230 3273 4284 cteperam
3301 4214 3438 4269 cari-

1857 4312 1950 4365 tati
1981 4320 2172 4364 vestrae
2200 4309 2313 4362 luca
2344 4316 2548 4371 sancta,
2584 4308 2633 4360 in
2662 4309 2858 4376 quibus
2881 4321 2984 4361 non
3009 4314 3131 4360 sunt
3160 4304 3353 4369 sanati,
3384 4314 3441 4357 et

1859 4402 1925 4457 ad
1957 4416 2054 4455 nos
2087 4401 2210 4455 inde
2245 4410 2370 4455 sunt
2399 4400 2611 4455 directi.
2651 4400 2712 4454 Et
2739 4400 2848 4453 dixi
2879 4398 2945 4453 de
2975 4398 3193 4452 Ancona
3222 4395 3439 4449 civitate

1863 4493 2026 4547 Italia:
2056 4508 2069 4545 :
2103 4505 2369 4558 cmperam
2400 4490 2466 4543 de
2499 4491 2639 4546 Usali
2670 4490 2883 4545 civitate
2908 4489 3108 4555 dicere,
3133 4501 3249 4554 qua:
3274 4494 3355 4539 est
3383 4484 3439 4537 in

1862 4583 2037 4637 Africa
2063 4582 2393 4653 (episcopum
2426 4581 2581 4636 habet
2603 4582 2822 4636 fratrem
2855 4591 3225 4646 meum,quem
3248 4575 3437 4640 nostis,

1864 4673 2184 4744 Evodium),
2225 4674 2349 4743 quia
2401 4681 2455 4727 et
2495 4671 2561 4727 ad
2612 4672 2754 4724 illam
2800 4670 3069 4725 civitatem
3114 4679 3208 4720 eos
3252 4664 3443 4719 venire

1862 4765 2001 4819 fama
2042 4765 2282 4834 ejusdem
2316 4763 2565 4833 martyris
2595 4770 2650 4816 et
2674 4773 2895 4828 operum
2931 4756 3046 4825 ejus
3073 4755 3439 4823 compulisset.

1862 4855 1978 4910 Non
2018 4865 2101 4908 est
2142 4855 2250 4908 illic
2277 4854 2457 4907 datum
2488 4851 2627 4921 quod
2668 4850 2782 4903 dari
2815 4848 3007 4917 potuit,
3038 4845 3200 4901 uthic
3223 4846 3442 4901 daretur

1865 4944 1954 4998 ubi
1996 4943 2109 4996 dari
2147 4941 2350 4996 debuit.
2390 4939 2520 4994 Cum
2566 4948 2744 4991 autem
2785 4950 2948 5005 Opera
2988 4936 3165 4991 divina
3204 4950 3299 5005 per
3324 4950 3446 4990 san-

1865 5044 2008 5090 ctum
2040 5042 2330 5103 martyrem
2354 5042 2778 5085 commemorare
2800 5028 3035 5085 breviter
3054 5028 3267 5095 vellem,
3284 5027 3448 5083 omis-

1866 5127 1941 5181 sis
1969 5116 2177 5179 caeteris
2202 5136 2362 5176 unum
2387 5121 2722 5175 institueram
2751 5120 2933 5175 dicere
2957 5137 2971 5177 :
2996 5119 3133 5190 quod
3154 5134 3275 5172 cum
3302 5117 3449 5181 dico,

1870 5215 2117 5271 restituta
2144 5212 2220 5266 illi
2249 5211 2440 5280 puellae
2478 5210 2726 5279 sanitate,
2758 5212 2939 5267 subito
2965 5211 3163 5267 laetitite
3194 5208 3450 5263 tumultus

1872 5315 2090 5360 exortus
2118 5312 2218 5365 est,
2247 5310 2301 5358 et
2340 5318 2437 5358 nos
2463 5303 2618 5357 aliter
2648 5302 2906 5373 compulit
2936 5303 3087 5357 finire
3119 5311 3446 5354 sermonem.

1873 5396 2016 5466 Ergo
2055 5394 2160 5448 tale
2193 5392 2263 5447 ibi
2307 5393 2622 5449 miraculum
2656 5394 2854 5448 scimus
2890 5392 3085 5446 factum
3117 5391 3257 5445 inter
3284 5388 3450 5443 multa

1872 5488 1977 5543 alia
2004 5527 2020 5554 ,
2049 5501 2169 5556 qua:
2199 5485 2609 5540 commemorari
2640 5486 2821 5554 utique
2847 5491 3039 5538 cuncta
3074 5495 3180 5534 non
3204 5484 3450 5549 possunt.

1875 5577 2068 5632 Mulier
2096 5574 2340 5646 quaedam
2368 5575 2546 5630 amisit
2580 5576 2631 5630 in
2661 5571 2866 5644 gremio
2907 5577 3251 5641 :egrotantem
3283 5568 3452 5624 filium

1875 5666 2314 5723 catccbumenum
2338 5662 2593 5722 infantem
2615 5665 2923 5721 lactentem.
2941 5663 3071 5732 Quas
3093 5676 3213 5719 cum
3238 5660 3458 5719 vidisse.
