3900 6350
477 284 591 341 £03-

1396 273 1947 335 SUPPLEMENTUM
1988 271 2076 327 AD
2114 270 2340 327 OPERA
2382 273 2437 327 S.
2480 275 2870 333 AUGUSTINI.

3599 277 3711 335 404

477 395 730 447 amissum
749 400 802 447 et
825 392 1235 461 irreparabiliter
1259 391 1852 461 perditum,ca~piteum
1877 388 2042 457 magis
2068 389 2123 447 Α
2148 386 2198 440 in
2229 402 2477 442 sermone
2515 389 2548 443 8
2587 389 2655 443 de
2682 390 2873 443 Verbis
2906 391 3132 453 Domini,
3159 404 3281 447 cum
3311 390 3378 445 ad
3409 388 3494 446 illa
3527 393 3719 454 verba,

477 485 607 538 ﬂere
640 483 865 537 lideliter
899 498 1055 549 quam
1089 494 1276 536 mater.
1319 481 1431 535 Non
1465 481 1605 534 enim
1652 480 1743 533 lilii
1790 479 1869 533 sui
1902 478 2042 532 desi-

478 572 702 624 derabat
748 572 909 623 vitam
955 570 1057 624 nisi
1096 571 1149 623 in
1190 571 1366 623 futuro
1405 569 1631 632 sacculo,
1683 576 1737 621 et
1772 569 1907 620 hanc
1943 566 2043 619 sibi

480 663 707 714 ablatam
736 673 783 713 et
812 660 1019 728 perisse
1044 659 1338 727 plangebat.
1380 657 1596 725 impleta
1622 655 1808 710 affectu
1839 655 2044 709 ﬁduciae

482 752 599 803 tulit
631 751 776 803 illum
808 759 1105 811 murtuum,
1129 757 1181 800 et
1208 747 1440 800 cucurrit
1472 746 1536 799 ad
1564 746 1873 799 memoriam
1902 742 2043 797 beati

486 842 736 907 martyris
765 839 1040 907 Stephani,
1067 850 1119 891 et
1149 838 1310 905 cmpit
1338 838 1403 891 ab
1430 838 1520 890 illo
1546 838 1757 904 exigere
1781 836 1965 894 tilium.
1991 843 2046 887 et

483 932 690 983 dicere:
736 930 923 981 Sancte
951 937 1162 997 martyr,
1193 928 1331 980 vides
1366 928 1562 978 nullum
1593 926 1717 977 mihi
1745 924 2047 977 remansisse

483 1021 739 1070 solatium.
776 1017 894 1069 Non
923 1018 1054 1068 enim
1087 1032 1289 1083 possum
1320 1015 1487 1068 dicere
1513 1015 1674 1082 ﬁlium
1711 1013 2049 1083 praecessisse,

480 1125 629 1176 quem
653 1110 781 1160 nosti
802 1108 987 1175 perisse
1002 1123 1019 1160 :
1034 1116 1086 1159 tu
1110 1108 1244 1159 enim
1266 1108 1401 1159 vides
1426 1121 1580 1167 quare
1592 1106 1849 1174 plangant.
1868 1101 2048 1155 ﬂedde

482 1198 643 1263 ﬁlium
673 1212 856 1261 meum,
891 1207 943 1247 ut
970 1194 1179 1249 habeam
1210 1211 1320 1247 eum
1347 1203 1461 1246 ante
1480 1203 1797 1263 conspectum
1821 1191 2049 1245 Corona-

483 1285 609 1336 toris
637 1284 733 1338 tui.
765 1283 890 1338 llaec
918 1293 971 1340 et
1001 1285 1125 1337 talia
1154 1298 1271 1336 cum
1306 1289 1609 1350 precaretur
1638 1281 1886 1350 lacrymis
1910 1293 2045 1348 quo-

482 1373 768 1429 dammodo
794 1388 896 1427 non
929 1373 1251 1441 petentibus,
1284 1372 1374 1425 sed
1394 1412 1410 1436 ,
1441 1380 1497 1424 ut
1522 1370 1664 1434 dixi,
1691 1370 2044 1437 exigentibus,

483 1465 676 1520 revixit
704 1465 841 1518 ﬁlius
871 1463 1008 1533 ejus.
1044 1463 1110 1516 Et
1137 1463 1255 1531 quia
1281 1463 1505 1521 dixerat.
1534 1461 1681 1515 Nosti
1703 1474 1865 1528 quare
1895 1458 2046 1512 illum

483 1575 736 1628 qumram,
760 1559 1041 1615 ostendere
1061 1559 1224 1613 voluit
1246 1558 1404 1612 etiam
1440 1558 1577 1611 Deus
1603 1572 1784 1610 verum
1811 1557 2043 1609 animum

483 1650 673 1715 ipsius.
714 1648 977 1701 Continuo
1016 1649 1133 1702 tulit
1177 1649 1322 1702 illum
1366 1647 1431 1701 ad
1474 1648 1835 1717 presbyteros,
1878 1647 2048 1714 bapti-

2142 476 2384 541 conﬁteor
2420 476 2531 540 tibi,
2576 475 2750 541 Pater,
2796 486 3004 544 pectora
3037 479 3259 546 populus
3296 480 3366 533 de
3393 494 3540 533 more
3565 488 3714 532 tutu-

2143 562 2328 627 disset,
2366 565 2499 619 scite
2532 580 2760 634 arguens
2800 566 2919 619 illos
2957 566 3302 633 Augustinus,
3345 568 3399 618 in
3439 568 3537 619 hoc
3575 568 3713 635 ipso,

2144 653 2333 721 inquit,
2359 655 2493 719 quod
2521 656 2688 707 sonuit
2718 656 2991 716 conﬁteor,
3023 664 3227 723 pectora
3258 657 3540 710 tutudistis.
3571 656 3721 710 Turt-

2143 745 2259 797 dere
2283 755 2454 797 autem
2481 757 2650 815 pectus
2678 748 2802 816 quid
2829 756 2921 809 est,
2965 747 3063 799 nisi
3090 762 3306 817 arguere
3342 750 3477 815 quod
3512 747 3633 801 latet
3659 749 3721 801 in

2131 841 2338 899 .pectore
2362 843 2407 885 et
2435 834 2647 886 evidenti
2677 836 2830 905 pulsu
2859 836 3111 889 occultum
3140 837 3387 907 castigare
3415 838 3725 905 peccatum}

2149 920 2317 985 Quare
2340 922 2437 974 hoc
2463 925 2681 991 fecistis,
2722 926 2819 977 nisi
2845 927 2966 994 quia
3009 926 3225 978 audistis
3255 941 3272 977 :
3302 926 3556 979 conﬁteor
3594 926 3720 989 tibi,

2146 1009 2321 1065 Pater.
2351 1012 2607 1080 Conﬁteor
2625 1015 2858 1077 audistis,
2880 1017 2967 1084 qui
2991 1016 3255 1082 conﬁtetur
3283 1033 3385 1069 non
3406 1017 3720 1069 attendistis.

2149 1097 2304 1151 Nunc
2342 1110 2513 1153 autem
2555 1104 2818 1159 aduertite.
2853 1104 2913 1160 Si
2949 1106 3195 1171 conﬁteor
3233 1105 3463 1159 Christus
3498 1107 3654 1166 dixit.
3691 1124 3732 1159 ιι

2145 1206 2245 1257 quo
2266 1199 2338 1243 est
2364 1190 2512 1259 longe
2537 1209 2680 1247 omne
2708 1194 2989 1261 peccatum,
3018 1212 3121 1248 non
3140 1196 3300 1249 solius
3321 1205 3394 1249 est
3420 1198 3729 1263 peccatoris.

2146 1280 2237 1334 sed
2269 1282 2421 1333 etiam
2450 1282 2752 1337 laudatoris.
2792 1284 3103 1353 Confitemur
3141 1301 3260 1355 ergo
3303 1286 3407 1339 sive
3447 1287 3733 1340 laudantes

2150 1369 2331 1431 Deum.
2361 1372 2459 1424 sive
2485 1383 2779 1427 accusantes
2806 1390 2897 1426 nos
2923 1376 3084 1440 ipsos.
3116 1374 3245 1428 lusu

2218 1458 2475 1512 Sermone
2508 1460 2632 1514 540.
2668 1460 2723 1515 In
2764 1462 2959 1515 titulo:
2994 1461 3056 1513 In
3087 1464 3170 1515 die
3203 1464 3541 1518 ordinationis
3569 1463 3727 1534 sum]

2151 1550 2206 1601 ln
2236 1550 2596 1605 anniversario
2626 1552 2854 1618 suscepti
2877 1551 3233 1619 episcopatus.
3257 1551 3615 1608 Celebrarunt
3647 1554 3733 1607 in—

2151 1639 2355 1693 terdum
2378 1640 2615 1709 episcopi
2636 1641 2809 1694 natale
2830 1642 3116 1705 cathedrae,
3139 1656 3231 1696 seu
3254 1644 3597 1715 episcopatus
3619 1644 3730 1707 sui,

486 1750 633 1793 satus
660 1750 736 1793 est
755 1779 768 1800 .
804 1740 1164 1793 sanetilicatus
1192 1748 1291 1803 est,
1328 1747 1515 1791 unctus
1543 1746 1644 1802 est,
1696 1736 1937 1806 imposita
1967 1745 2050 1791 est
2079 1719 2129 1779 Β
2152 1730 2289 1783 Sicut
2315 1732 2578 1799 ρι’ῑηεῐρθε
2609 1733 2814 1799 imperii
2836 1748 2849 1794 ς
2873 1732 3010 1801 quod
3037 1734 3210 1787 natale
3237 1733 3472 1803 episcopi
3505 1734 3731 1788 diceba-

486 1830 532 1884 ei
555 1844 767 1893 manus;
793 1830 1072 1896 completis
1093 1829 1341 1882 omnibus
1365 1826 2052 1895 sacramentis,assumptus

486 1930 587 1974 est.
620 1920 705 1972 Hla
736 1927 911 1971 autem
944 1919 1032 1971 tali
1056 1934 1176 1972 eum
1209 1933 1327 1972 cum
1356 1918 1501 1971 vultu
1530 1916 1775 1975 deduxit.
1803 1925 2050 1985 tanquam

488 2022 592 2061 non
639 2006 923 2060 deduceret
969 2007 1033 2059 ad
1065 2008 1296 2075 requiem
1342 2004 1596 2074 sepulcri,
1631 2005 1722 2059 sed
1766 2005 1830 2056 ad
1878 2007 2051 2058 sinum

489 2097 739 2165 martyris
757 2096 1031 2163 Stephani.
1066 2097 1350 2150 Probatum
1383 2104 1465 2149 est
1490 2110 1584 2149 cor
1615 2094 1770 2149 lidele
1795 2094 2051 2148 mulieris.

490 2189 589 2243 Ubi
631 2203 757 2256 ergo
800 2188 903 2241 tale
942 2188 1249 2240 miraculum
1288 2186 1412 2239 fecit
1453 2187 1589 2238 Deus
1628 2200 1724 2252 per
1766 2193 2051 2253 martyrem

490 2292 664 2334 suum.
691 2292 793 2329 non
828 2275 995 2343 potuit
1025 2275 1093 2328 ihi
1120 2276 1249 2327 istos
1281 2275 1503 2327 curare?
1534 2275 1595 2325 Et
1627 2283 1800 2327 tamen
1832 2272 1935 2327 huc
1961 2287 2057 2326 no-

492 2366 573 2417 bis
593 2365 777 2416 directi
800 2375 943 2418 sunt.
967 2363 1227 2416 Conversi
1253 2362 1316 2414 ad
1352 2361 1655 2423 Dominum,
1684 2370 1788 2414 etc.

563 2454 687 2506 Haec
717 2452 1194 2521 hactenus-coimus
1218 2452 1345 2505 nihil
1375 2451 1651 2515 addemus,
1677 2450 1775 2503 nisi
1804 2451 2053 2504 omisSam

494 2541 579 2597 hic
623 2556 741 2594 csse
777 2542 1075 2597 solemnem
1108 2543 1417 2613 clausulam,
1451 2557 1569 2611 qua:
1612 2541 1736 2605 hoc,
1773 2553 1858 2593 aut
1898 2540 2053 2593 simili

494 2631 655 2685 modo
678 2632 881 2699 concipi
913 2633 1083 2699 potuit
1118 2650 1129 2683 :
1162 2634 1289 2698 Qua:
1310 2649 1387 2686 res
1419 2632 1540 2685 bene
1568 2641 1723 2685 uertat
1751 2632 1873 2685 mihi
1903 2640 1949 2685 et
1974 2648 2059 2686 uo-

493 2722 588 2785 bis,
615 2730 937 2791 spectatores,
962 2722 1208 2790 plaudite.

565 2812 826 2866 Sermone
861 2809 1013 2882 550.]
1052 2810 1184 2865 Pars
1221 2812 1368 2879 prior
1403 2813 1588 2868 eadem
1620 2825 1702 2869 est
1739 2829 1857 2868 cum
1897 2813 2060 2883 priori

495 2910 643 2969 parte
668 2902 931 2955 sermonis
960 2901 1060 2954 “8
1079 2901 1148 2956 de
1178 2901 1428 2954 Diversis.
1459 2902 1563 2957 Sed
1594 2919 1711 2970 qua:
1743 2905 1793 2956 in
1826 2904 1916 2957 illo
1944 2918 2058 2957 ser-

496 3006 652 3045 mone
673 2991 1022 3059 subjiciuutur
1043 3005 1163 3043 cum
1192 2991 1619 3057 praecedentibus
1640 3006 1742 3045 non
1767 2995 2058 3047 coluerent.

498 3082 593 3136 llic
612 3098 739 3136 vero
765 3093 883 3152 apta
914 3093 968 3135 et
987 3096 1231 3135 connexa
1257 3097 1422 3150 usque
1448 3084 1511 3134 ad
1540 3084 1695 3136 tinem
1719 3093 1845 3137 sunt
1864 3084 2058 3138 omnia.

497 3172 816 3225 SIBMONDUS.

568 3260 673 3312 Tit.
708 3260 781 3313 De
810 3261 984 3326 viginti
1024 3259 1372 3331 martyribus.]
1408 3260 1487 3315 Ad
1519 3271 1783 3332 martyres
1818 3260 1887 3318 20
1916 3260 2069 3316 babi-

499 3359 584 3404 tus
612 3352 769 3403 etiam
797 3366 976 3404 sermo
1002 3352 1103 3404 ΗΟ
1124 3352 1190 3405 de
1214 3336 1465 3406 Diversis.
1497 3352 1693 3405 Horum
1719 3368 1844 3406 vero
1867 3367 2067 3406 memo-

499 3442 632 3495 riam
675 3442 915 3511 Hippone
953 3441 1118 3511 [legio
1147 3443 1551 3498 celeberrimam
1581 3444 1745 3499 fuisse
1771 3444 1927 3498 docet
1959 3446 2069 3497 Au-

499 3531 761 3599 gustinus,
802 3533 922 3587 illus
951 3549 1011 3587 re
1041 3533 1180 3600 quod
1221 3535 1272 3586 in
1314 3550 1373 3588 ea
1413 3537 1705 3602 contigerat
1756 3534 2067 3587 miracnlum

499 3636 924 3677 commemorans
952 3623 1046 3676 lib.
1070 3638 1175 3676 χιιι
1205 3624 1269 3678 de
1289 3623 1519 3679 Civitate
1554 3625 1663 3688 Dei,
1692 3639 1809 3691 cap.
1838 3625 1907 3678 8:
1938 3622 2065 3676 Erat

498 3713 702 3778 quidam
738 3727 923 3776 senex,
955 3721 1056 3765 etc.
1094 3712 1287 3765 llorutn
1322 3715 1566 3775 nomina,
1599 3729 1715 3765 cum
1747 3712 1925 3780 ignota
1957 3713 2067 3766 lue-

498 3803 608 3855 riut
645 3801 919 3863 hactenus,
964 3813 1071 3855 tres
1101 3801 1201 3855 hoc
1232 3804 1349 3855 loco
1382 3812 1760 3866 memorantur,
1796 3802 2067 3857 Fidentius

500 3891 804 3958 episcopus,
831 3889 1102 3941 Valeriano
1131 3898 1183 3941 et
1217 3889 1443 3942 Victoria
1470 3898 1664 3942 sancta:
1697 3888 1925 3944 fetnince.
1952 3890 2068 3956 Quo

500 3992 609 4029 uno
636 3992 702 4029 cx
728 3978 899 4042 capite
935 3991 1036 4028 non
1071 3978 1182 4030 leve
1212 3987 1292 4029 est
1321 3978 1458 4045 quod
1492 3978 1613 4030 huic
1639 3981 1870 4032 sermoni
1902 3980 2066 4033 debe-

502 4079 657 4125 mus;
694 4063 807 4116 sive
842 4073 1101 4133 martyres
1142 4064 1217 4126 hi,
1261 4072 1318 4118 ιιι
1356 4065 1581 4119 Baronio
1618 4067 1870 4119 cardinali
1901 4070 2066 4121 visum

502 4162 619 4217 est,
653 4153 810 4205 iidem
842 4153 1065 4209 habendi
1093 4163 1222 4208 sunt
1258 4170 1376 4209 cum
1409 4158 1729 4225 martyribus
1766 4156 1951 4225 viginti
1979 4156 2069 4224 qui

503 4241 640 4308 apud
668 4242 887 4295 Tarsum
916 4242 1114 4297 Ciliciae
1145 4247 1285 4314 passi
1327 4247 1425 4299 sub
1468 4246 1794 4301 Diocletiano
1825 4247 2070 4315 leguntur

2152 1830 2257 1877 tur.
2283 1822 2412 1890 Ejus
2437 1824 2601 1877 moris
2622 1824 2757 1892 apud
2785 1824 3055 1877 Romanos
3078 1824 3279 1879 indices
3300 1834 3424 1878 sunt
3443 1838 3733 1877 sermones

2153 1923 2261 1967 tres
2285 1912 2346 1966 S.
2377 1912 2567 1967 Leonis
2596 1928 2767 1981 papm,
2801 1914 2852 1967 in
2882 1915 2969 1968 die
2998 1915 3375 1983 assumptionis
3401 1927 3536 1967 suae.
3568 1914 3730 1980 Apud

2151 2001 2330 2065 Afros,
2352 2010 2545 2069 praeter
2569 2001 2813 2056 bomilias
2842 2002 2913 2055 24
2943 2012 2998 2057 et
3026 2003 3096 2057 9.5
3124 2003 3190 2057 de
3219 2003 3587 2056 anniversario
3618 2002 3732 2069 epi-

2152 2093 2380 2160 scopalis
2417 2092 2765 2147 ordinationis
2810 2092 3119 2162 Augustini,
3160 2092 3352 2161 quibus
3406 2091 3597 2145 tertius
3644 2092 3737 2143 hic

2154 2197 2330 2236 sermo
2350 2182 2580 2246 additur,
2604 2183 2656 2236 in
2681 2182 2910 2252 antiquis
2928 2182 3215 2244 codicibus,
3240 2181 3395 2235 ﬁdem
3416 2182 3578 2234 etiam
3606 2179 3733 2232 facit

2154 2273 2548 2325 anniversarius
2587 2273 2786 2326 Aurelii
2814 2270 3070 2338 episcOpi,
3106 2272 3171 2324 de
3210 2284 3314 2339 quo
3338 2279 3418 2324 est
3447 2270 3732 2339 Augustini

2154 2362 2219 2413 ad
2251 2361 2457 2428 plebem
2485 2361 2735 2416 allocutio
2759 2376 2914 2430 quam
2937 2361 3275 2430 protulimus.
3302 2361 3417 2426 Quo
3436 2372 3621 2413 autem
3648 2361 3733 2415 die

2157 2453 2431 2506 ordinatus
2461 2453 2621 2507 luerit
2667 2455 2991 2523 Augustinus
3031 2469 3135 2507 non
3175 2454 3365 2520 liquet;
3417 2453 3734 2505 ordinatum

2159 2543 2316 2605 paulo
2349 2552 2472 2596 ante
2512 2542 2697 2598 Natale
2742 2542 2948 2598 Domini
2990 2558 3057 2597 ex
3102 2543 3319 2596 homilia
3347 2542 3417 2596 ‘25
3446 2542 3733 2596 docemur.

2158 2630 2307 2685 lusu.

2232 2723 2490 2779 Sermone
2514 2725 2639 2779 341.
2676 2734 2727 2783 lu
2761 2726 2957 2780 titulo:
3002 2723 3080 2778 De
3119 2722 3370 2791 sacriﬁcio
3398 2719 3735 2791 vespertino.)

2162 2814 2235 2867 ita
2258 2815 2562 2870 inscribitur
2584 2817 2636 2869 in
2666 2816 2849 2871 codice
2872 2817 2932 2872 S.
2965 2814 3197 2869 Victoris
3221 2813 3304 2866 CC
3336 2812 3422 2880 16,
3446 2827 3548 2866 nec
3576 2812 3733 2866 aliter

2161 2907 2289 2959 citat
2313 2906 2475 2973 Beda,
2506 2922 2685 2975 quam,
2707 2923 2770 2960 ea:
2797 2922 3026 2960 sermone
3048 2904 3121 2958 De
3148 2904 3400 2970 sacriﬁcia
3423 2902 3735 2969 vespertino.

2167 2994 2235 3049 At
2265 2995 2314 3048 in
2345 2995 2667 3050 Collectorio
2696 3010 3001 3049 sermonum
3044 3000 3193 3061 parte
3230 2993 3264 3045 5
3292 2992 3517 3051 dicitur,
3551 2989 3737 3045 Sermo

2166 3088 2227 3139 de
2248 3103 2391 3139 versu
2423 3088 2604 3155 psalmi
2626 3102 2727 3141 CXL
2750 3103 2763 3141 :
2800 3086 3025 3139 Elevatio
3054 3098 3299 3137 manuum
3323 3096 3553 3134 mearum
3572 3079 3737 3133 sacri-

2165 3178 2335 3243 ﬁcium
2352 3180 2708 3246 vespertinum.
2736 3176 2890 3231 locu.

2235 3268 2494 3324 Sermone
2538 3269 2663 3324 3M.
2724 3268 2802 3322 De
2846 3282 3016 3320 amore
3062 3265 3159 3318 Dei
3213 3272 3261 3318 et
3307 3279 3480 3316 amore
3513 3257 3739 3329 saw-uti.)

2166 3356 2388 3411 Unicum
2437 3359 2591 3413 nobis
2633 3358 2731 3413 fuit
2774 3359 3051 3423 exemplar
3086 3371 3153 3409 ex
3184 3355 3365 3409 codice
3393 3355 3450 3410 S.
3506 3354 3738 3407 Victoris

2170 3447 2256 3499 DD
2286 3446 2372 3500 12.
2400 3447 2519 3500 Fuit
2546 3457 2720 3501 tamen
2753 3458 2800 3501 et
2836 3448 2887 3500 in
2915 3445 3233 3500 Collectorio
3257 3458 3561 3498 sermonum
3586 3453 3739 3511 parte

2168 3537 2222 3597 5.
2254 3545 2312 3590 ut
2348 3537 2504 3591 index
2543 3537 2719 3591 docet.
2755 3537 3042 3604 Utrobique
3089 3534 3299 3587 titulum
3348 3533 3559 3601 prtelert
3591 3550 3607 3585 :
3665 3531 3737 3586 Dc

2168 3643 2339 3681 amore
2370 3627 2465 3681 Dei
2496 3637 2540 3682 et
2567 3628 2805 3699 proximi.
2843 3626 2944 3681 Sed
2974 3627 3146 3692 aptior
3172 3637 3224 3679 et
3251 3624 3526 3693 Augustini
3556 3623 3736 3676 verbis

2169 3717 2548 3786 congruentior
2575 3719 2683 3769 visa
2718 3717 2993 3785 inscriptio
3038 3729 3157 3784 quae
3186 3714 3323 3783 apud
3357 3714 3550 3767 Bedam
3588 3714 3735 3781 lege-

2169 3805 2362 3858 batur:
2396 3803 2471 3857 De
2511 3820 2683 3856 amore
2723 3804 2815 3857 Dei
2840 3812 2885 3856 et
2914 3818 3084 3857 amore
3113 3803 3308 3856 saeculi.
3344 3802 3494 3857 lucu.

2238 3893 2499 3946 Sermone
2527 3891 2652 3946 545.
2687 3890 2764 3944 De
2791 3900 3080 3963 contemptu
3118 3889 3343 3962 mundi.]
3376 3890 3538 3945 Vetus
3564 3890 3735 3945 codex

2170 3982 2402 4035 auctoris
2426 3996 2617 4035 nomen
2648 3996 2750 4034 non
2781 3981 2956 4035 habet.
2982 3980 3258 4049 Augustini
3286 3990 3460 4035 tamen
3486 3996 3607 4035 esse
3631 3998 3733 4033 non

2171 4071 2549 4135 dubitavimus,
2582 4086 2701 4127 cum
2729 4071 2868 4140 quod
2893 4072 3012 4125 aliis
3041 4072 3157 4139 ejus
3187 4072 3520 4125 sermonibus
3559 4073 3732 4125 intex-

2173 4172 2257 4214 tus
2288 4171 2436 4229 erat,
2492 4169 2604 4215 tum
2650 4161 2880 4215 maxime
2908 4161 3052 4230 quod
3083 4161 3276 4231 Stylutn
3308 4171 3361 4215 et
3398 4161 3610 4230 genium
3644 4175 3729 4215 re-

2173 4253 2273 4305 lert
2304 4252 2599 4320 AuguStitti.

503 4345 593 4384 Ylll
626 4329 744 4385 idus
764 4331 977 4394 lunias;
1010 4334 1140 4397 sive,
1164 4337 1311 4402 ,quod
1339 4336 1535 4389 certius
1566 4351 1706 4397 reor,
1738 4352 1767 4389 a
1796 4335 2070 4390 Tarsensi~
2098 4379 2148 4437 Β
2245 4343 2272 4409 ς
2305 4341 2357 4394 5,
2406 4340 2544 4393 Nam
2582 4341 2901 4409 quantumvis
2944 4341 3131 4394 habeas
3156 4382 3171 4407 ,
3212 4356 3327 4394 cum
3376 4341 3562 4394 t-enerit
3610 4339 3733 4392 Ιιοηι

505 4421 603 4476 ls-ts
624 4421 817 4477 diversi
847 4420 1039 4480 lueriut
1067 4422 1436 4491 Iiippouenses
1459 4425 1529 4480 de
1550 4425 1737 4493 quibus
1768 4426 1853 4481 bic
1872 4427 2061 4496 agitur.

505 4514 802 4573 SIRIDNDUS

577 4604 835 4659 Sermone
858 4602 984 4657 550.
1018 4602 1079 4655 1η
1102 4604 1263 4657 natali
1292 4604 1627 4673 plurimorum
1656 4603 2070 4675 martyrunhﬂta

507 4697 697 4766 Regius
728 4697 917 4763 codex,
946 4712 1063 4749 cum
1097 4698 1368 4752 Victorino
1391 4714 1406 4763 ;
1428 4708 1481 4752 at
1512 4700 1651 4753 Beda
1680 4701 1808 4753 citat
1832 4718 1844 4750 :
1872 4715 1934 4752 ea:
1959 4716 2067 4754 ser-

509 4803 653 4845 mone
677 4788 738 4840 de
763 4789 923 4845 verbis
949 4786 1232 4859 Evangelii.
1266 4790 1410 4841 Inest.

578 4878 837 4935 Sermone
878 4880 1001 4933 332.
1040 4881 1275 4933 llabetur
1309 4880 1395 4932 hic
1433 4880 1589 4933 etiam
1630 4894 1751 4934 cum
1792 4881 1843 4935 iu
1889 4881 2075 4937 codice

509 4967 683 5031 regio,
711 4975 819 5019 tum
848 4970 900 5022 in
933 4971 1223 5025 Victorino.
1253 4971 1338 5024 DD
1364 4970 1447 5024 12.
1480 4971 1630 5025 lusu.

581 5052 607 5117 ᾗ
633 5053 687 5113 4.
717 5051 841 5105 Cum
871 5054 1137 5125 Scriptura
1163 5070 1601 5114 commemorasset
1626 5076 1711 5113 eos
1738 5077 1821 5131 qua
1853 5078 1953 5114 non
1993 5063 2074 5114 in-

511 5145 730 5198 nabant,
764 5141 831 5193 ibi
853 5144 1002 5197 etiam
1031 5149 1306 5201 nominauit
1336 5151 1635 5210 homicidas.
1661 5167 1758 5203 non
1779 5146 2068 5215 expavistis.

510 5232 806 5289 Nominavit
828 5233 1176 5302 fornicatores,
1205 5239 1380 5291 audiri
1402 5243 1520 5306 quia
1541 5252 1743 5309 pectora
1773 5239 2078 5311 tutudistis.]

512 5324 644 5375 [line
675 5320 857 5378 videre
883 5331 961 5376 est
1001 5332 1209 5389 pectora
1244 5328 1464 5381 tundere
1494 5330 1699 5391 solitus,
1729 5346 1847 5383 eum
1876 5331 2077 5399 aliquid

508 5412 796 5469 audiebant
830 5411 972 5480 quod
1000 5414 1343 5467 conscientiae
1388 5427 1721 5483 peccatorum
1752 5419 1835 5471 vel
1862 5420 2074 5471 confes-

509 5504 673 5560 sionis
699 5503 1031 5559 admoueret.
1064 5504 1213 5572 Quod
1239 5505 1450 5572 quidem
1483 5522 1645 5575 usque
1668 5508 1801 5560 adeo
1829 5508 2076 5578 frequen-

511 5592 714 5662 tabant,
727 5603 781 5649 ut
798 5598 1163 5657 intempestive
1181 5611 1551 5664 nonnunquam
1571 5608 1905 5666 usurparent.
1922 5600 2073 5658 Unde

2173 4432 2372 4500 quinta,
2402 4441 2670 4499 antequam
2699 4432 2766 4484 ad
2794 4447 3015 4485 mensam
3043 4432 3255 4485 accedas
3278 4432 3461 4496 esuris,
3492 4441 3539 4483 et
3563 4432 3735 4494 deﬁcis

2174 4522 2293 4590 quia
2324 4522 2474 4574 miser
2509 4519 2605 4592 es.]
2634 4520 2762 4588 Quze
2787 4532 3011 4587 sextam,
3047 4522 3096 4575 id
3128 4531 3207 4578 est
3233 4563 3248 4586 ,
3280 4522 3554 4574 meridiem
3585 4531 3731 4573 ante-

2177 4612 2337 4675 cedit,
2383 4620 2436 4664 et
2464 4611 2693 4681 legitima
2723 4620 2805 4665 est
2831 4612 2958 4665 hora
2999 4612 3225 4680 prandii.
3264 4610 3516 4665 Sidonius
3558 4620 3733 4664 noster

2181 4701 2268 4753 lih.
2304 4716 2362 4765 tt,
2386 4703 2543 4768 epist.
2575 4704 2627 4764 9,
2660 4701 2733 4754 De
2772 4700 2956 4754 nuntio
2978 4704 3065 4767 qui
3095 4702 3159 4755 ad
3191 4701 3467 4769 prandium
3494 4700 3729 4760 vocabat,

2173 4806 2320 4848 quem
2365 4789 2609 4854 probabat
2650 4800 2985 4853 competenter
3024 4791 3306 4859 ingressum
3350 4791 3527 4859 quinta
3575 4790 3731 4857 digre-

2176 4880 2336 4931 diens.
2379 4878 2544 4944 Quem
2584 4878 2651 4932 ad
2692 4878 2885 4941 locum,
2942 4879 3191 4932 nonnulla
3239 4878 3305 4932 de
3336 4878 3506 4945 prisco
3544 4864 3731 4945 genere

2179 4969 2425 5020 horarum
2460 4969 2509 5020 in
2538 4967 2781 5022 eamdem
2814 4970 3127 5022 sententiam
3170 4968 3558 5021 adnotavimus.
3587 4968 3725 5021 Imu.

2250 5059 2277 5127 ᾗ
2310 5059 2362 5110 ϐ.
2403 5058 2728 5111 Feminarum
2760 5070 3040 5129 martyrum
3073 5059 3532 5112 Tuburbitanorum
3560 5060 3727 5113 solem-

2177 5154 2379 5205 nitatem
2408 5150 2761 5221 celebramus.]
2789 5151 3059 5219 Perpetua:
3089 5162 3139 5205 ct
3173 5153 3485 5217 Felicitatis,
3515 5162 3724 5220 quarum

2180 5255 2407 5308 corpora
2441 5246 2490 5292 in
2536 5240 2754 5294 basilica
2807 5242 3009 5308 majore
3035 5241 3245 5296 condita
3285 5242 3617 5312 Carthagine.
3660 5240 3725 5293 De

2183 5332 2367 5385 harum
2420 5331 2578 5384 natali
2627 5339 2735 5384 tres
2777 5341 2991 5386 exstant
3024 5346 3298 5387 sermones
3337 5333 3395 5389 S.
3441 5329 3721 5401 Augustini.

2180 5419 2586 5474 Anniversarius
2606 5430 2780 5472 autem
2799 5420 2915 5474 dies
2935 5421 3108 5489 agitur
3128 5424 3278 5477 nonis
3297 5421 3490 5476 Martii.
3511 5422 3721 5475 Fuerunt

2178 5518 2232 5563 et
2260 5508 2396 5572 alim,
2421 5507 2513 5562 sed
2538 5508 2787 5575 virgines,
2816 5508 3062 5571 Maxima,
3094 5509 3357 5564 Donatilla
3390 5521 3444 5565 et
3477 5505 3719 5566 Sceuuda,

2190 5614 2293 5677 pne
2323 5597 2463 5675 apud
2486 5597 2793 5688 'l'uburh‘um
2827 5599 2983 5652 etiam
3015 5612 3182 5668 passm
3211 5599 3453 5655 dicuntur
3483 5616 3534 5657 tt.
3563 5596 3723 5653 calum
