3900 6314
213 286 290 344 ωδ
752 305 756 309 ·
853 280 1200 335 VARIORUM
1243 279 1738 335 EXERCI‘I‘ATIO'N

1861 280 1924 334 IN
1963 281 2019 337 S.
2060 281 2424 340 AUGUSTINI
2466 285 2713 341 OPERA.

3322 294 3422 350 406

216 401 286 453 das
313 398 559 468 Augusti.
601 397 794 465 Duplex
827 399 966 450 enim
1002 398 1098 451 fuit
1127 398 1239 464 ejus
1271 399 1499 451 nominis
1526 396 1735 461 civitas,
1768 398 1814 455 A
1844 399 2121 453 monitione
2149 402 2471 466 conveniant,
2513 404 2606 456 hoc
2647 420 2735 471 per
2763 408 2991 474 singulas
3025 410 3276 466 Ecclesias
3307 423 3422 467 ante

218 489 486 541 Tuburbum
515 487 684 555 Majus
708 496 755 539 et
780 486 1082 538 Tubutbutn
1117 487 1287 539 Minus
1312 503 1325 550 ;
1358 486 1495 539 unde
1525 486 1745 539 Tubur-

218 579 343 632 bilaui
374 577 600 644 hlajores
644 587 697 630 et
742 575 970 630 Minores
993 615 1010 642 ,
1041 577 1091 629 in
1121 577 1401 630 collatione
1441 576 1746 629 Donatista-

219 685 325 723 rum.
359 669 684 721 Sinuonnns.

268 758 504 812 Sermone
526 757 651 812 557.
683 757 758 808 De
780 757 931 809 laude
959 757 1140 828 pacis.]
1169 757 1243 810 Ex
1273 757 1456 812 codice
1479 756 1536 813 S.
1572 757 1749 810 Victo-

218 850 272 902 ris
293 847 370 900 DD
405 848 489 899 t2.
531 846 717 899 Fuisse
754 855 930 899 autem
977 857 1028 900 et
1067 848 1118 900 in
1156 848 1475 902 Collectorio
1521 856 1667 915 parte
1712 847 1743 902 5

219 937 344 989 index
376 936 726 989 demonstrat.
760 935 999 989 Pertinet
1022 951 1142 989 cum
1172 936 1379 991 duobus
1403 936 1746 1005 sequentibus

214 1028 264 1080 ad
289 1036 516 1094 tempora
549 1026 850 1080 collationis
879 1026 1294 1091 Donatistarum,
1322 1043 1475 1094 quam
1503 1043 1568 1081 ex
1595 1029 1750 1080 Acto-

214 1137 303 1174 rum
329 1120 544 1174 exordio
577 1120 900 1173 celebratam
933 1120 1098 1188 liquet
1137 1121 1195 1175 P.
1226 1121 1285 1174 C.
1319 1121 1575 1186 Varanis,
1607 1135 1748 1174 anno

210 1211 368 1265 Christi
415 1212 562 1277 H2,
607 1211 1013 1278 inchoatamque
1057 1212 1292 1267 calendis
1345 1214 1535 1268 Juniis.
1595 1212 1745 1279 Quod

208 1303 304 1355 anni
331 1313 533 1371 tempus
560 1303 805 1370 congruit
825 1302 999 1355 verbis
1022 1303 1320 1371 Augustini,
1347 1305 1436 1372 qui
1466 1304 1564 1359 sub
1582 1305 1742 1358 linem

206 1393 433 1447 sermonis
482 1393 641 1461 paulo
676 1401 799 1446 ante
847 1401 1118 1459 peractum
1159 1392 1325 1448 fuisse
1367 1395 1443 1448 ait
1485 1394 1744 1462 jejunium

204 1480 539 1547 Pentecostt-s,
566 1482 703 1551 quod
735 1483 825 1535 illo
849 1496 990 1536 anno
1017 1483 1173 1537 desiit
1194 1499 1247 1537 tv
1269 1483 1518 1551 calendas
1538 1485 1742 1539 Junias.

200 1571 327 1624 lustr.

257 1663 280 1732 ᾗ
309 1666 357 1717 4.
392 1662 540 1716 Unde
567 1680 678 1716 sum
707 1667 862 1731 frater
891 1663 1052 1734 tuus.]
1083 1662 1362 1728 Noiebant,
1390 1663 1657 1731 videlicet,
1684 1678 1742 1719 se

1850 497 2141 552 tractantes,
2190 502 2435 558 quatenus
2464 510 2495 544 a
2523 495 2604 546 die
2625 496 2982 563 disputationis
3028 517 3085 552 ac
3118 502 3226 555 loco
3259 507 3420 558 omnis

1849 594 1902 631 se
1930 582 2203 634 multitudo
2233 584 2524 646 contineat,
2560 594 2615 638 ut
2642 588 2875 655 religioso
2903 592 3158 656 patientia:
3185 596 3422 661 magiste-

1848 669 1924 722 rio
1953 672 2220 724 definitum
2260 674 2558 730 Christiana:
2601 679 2716 744 paci
2744 683 2988 749 populum
3028 696 3225 750 parcnt.
3271 687 3416 751 Quod

1847 759 2078 815 edictum
2111 765 2347 834 episc0pi
2390 767 2635 821 catholici
2679 785 2735 823 se
2779 773 3155 828 observaturos
3194 778 3416 844 professi

1849 860 1976 906 sunt
2000 856 2204 908 notoria
2241 870 2334 908 sua
2357 896 2372 924 ,
2403 873 2519 927 qua:
2556 859 2748 915 ibidem
2778 863 2994 917 recitata
3027 874 3147 932 est,
3182 884 3298 937 cap.
3328 869 3412 924 16.

1851 942 2001 995 lusu.

1919 1032 2051 1087 Ibid.
2082 1035 2352 1090 Orationes
2373 1040 2523 1093 etiam
2543 1053 2751 1107 vestras,
2773 1045 2902 1098 sicut
2920 1050 3034 1116 jam
3061 1057 3176 1100 ante
3203 1065 3417 1116 praemo—

1851 1122 2052 1176 nuimus
2078 1167 2092 1190 ,
2117 1128 2333 1196 jejuniis
2356 1139 2403 1181 et
2427 1130 2752 1201 eleemosynis
2782 1136 3038 1204 adjuvate.
3083 1140 3268 1191 Addite
3296 1157 3417 1208 pen-

1849 1229 1942 1266 nas
1959 1215 2084 1282 illis,
2111 1217 2295 1285 quibus
2321 1221 2490 1272 uolant
2518 1222 2587 1272 ad
2614 1222 2820 1295 Deum]
2843 1225 3041 1293 Nempe
3062 1228 3416 1298 eleemosynrc

1848 1310 1903 1356 et
1923 1303 2120 1372 jcjunia
2152 1306 2402 1363 diettntur
2419 1311 2534 1364 dum
2555 1312 2651 1364 alae
2674 1315 2864 1381 quibus
2885 1317 2949 1368 ad
2970 1320 3161 1372 caelum
3183 1320 3416 1373 evehun-

1849 1401 1934 1445 tur
1965 1407 2168 1460 preces.
2198 1395 2329 1450 Vide
2357 1398 2477 1454 Act.
2508 1414 2568 1464 ι,
2601 1402 2635 1454 4
2655 1442 2668 1464 .
2701 1411 2758 1456 et
2792 1405 2857 1458 ad
2888 1419 3007 1459 eum
3038 1406 3210 1461 locum
3253 1409 3418 1462 inter-

1848 1493 2047 1552 pretes.

1915 1575 2174 1631 Sermone
2199 1578 2301 1633 559
2321 1619 2335 1641 ,
2363 1580 2535 1634 habito
2578 1591 2690 1650 post
2718 1584 3081 1657 collationem]
3115 1588 3266 1642 Prior
3295 1603 3416 1657 pars

1845 1664 1986 1719 edita
2008 1675 2090 1720 est
2116 1681 2362 1723 sermone
2388 1670 2476 1738 9|,
2505 1671 2570 1725 de
2597 1673 2855 1740 Diversis;
2890 1678 3175 1743 posterior,
3205 1695 3322 1747 qua:
3349 1681 3416 1734 de

193 1753 364 1807 fratres
393 1755 496 1807 dici
531 1755 845 1817 Donatistm,
877 1762 932 1808 et
961 1764 1136 1809 tamen
1170 1755 1358 1809 fratres
1381 1770 1410 1809 a
1442 1756 1636 1810 nostris
1659 1755 1740 1809 di-
1769 1745 1817 1805 B
1846 1756 2234 1812 Donatistarum
2260 1775 2418 1813 causa
2446 1769 2656 1826 tractat,
2684 1765 2750 1818 ab
2779 1765 2842 1818 iis
2872 1767 3090 1831 omissa,
3115 1768 3202 1833 qui
3222 1745 3294 1820 ea
3321 1753 3412 1822 ca-

189 1845 444 1898 cebantur.
495 1845 732 1912 Optalus,
772 1846 866 1899 lib.
918 1861 933 1899 ι
979 1846 1232 1900 adversus
1279 1846 1736 1902 Parmenianum:

187 1933 392 1996 Nolunt,
416 1935 604 2003 inquit,
635 1952 686 1990 se
714 1936 818 1988 dici
838 1937 1021 2005 fratres
1048 1947 1268 1990 nostros.
1301 1937 1436 1991 Sunt
1456 1939 1565 1991 sine
1586 1939 1741 1992 dubio

182 2030 370 2094 fratres,
395 2027 624 2095 quamvis
655 2043 755 2080 non
781 2027 916 2080 boni.
953 2027 1118 2093 Quare
1141 2045 1286 2081 nemo
1315 2031 1525 2083 miretur
1551 2046 1636 2083 eos
1665 2047 1742 2084 me

180 2117 429 2184 appellare
455 2117 661 2180 fratres,
692 2118 778 2181 qui
805 2133 903 2168 non
930 2128 1137 2185 possunt
1170 2133 1269 2169 non
1299 2133 1405 2170 esse
1434 2119 1640 2188 fratres.
1677 2118 1741 2171 Et

179 2205 264 2258 lib.
291 2221 372 2258 iv:
402 2204 522 2258 Non
545 2208 675 2258 en'm
698 2206 904 2275 potes'is
933 2222 1032 2258 non
1063 2223 1170 2260 esse
1190 2207 1396 2272 fratres,
1415 2225 1540 2275 quos
1563 2209 1741 2261 iisdem

175 2304 604 2348 sacramentorum
633 2295 904 2349 uisceribus
935 2312 1036 2348 una
1068 2305 1227 2348 mater
1254 2295 1484 2349 Ecclesia
1523 2299 1695 2365 genuit
1723 2342 1734 2363 ,

171 2401 291 2452 quos
319 2387 490 2438 eodem
523 2386 672 2438 modo
701 2386 962 2454 adoptivos
1005 2385 1139 2453 filios
1171 2384 1306 2437 Deus
1341 2384 1495 2437 Pater
1523 2387 1734 2452 excepit.

170 2475 283 2540 Quo
310 2476 362 2528 in
393 2490 590 2544 genere
617 2475 840 2545 plurima
871 2476 1027 2527 etiam
1055 2475 1377 2543 Augustinus
1401 2475 1452 2528 iu
1479 2475 1736 2543 psalmum

167 2580 330 2626 xxxii,
372 2566 464 2617 lib.
505 2581 560 2618 tu
600 2574 780 2618 contra
818 2564 1206 2626 Gaudentium,
1252 2579 1314 2618 ac
1348 2564 1484 2618 libro
1514 2565 1636 2618 item
1681 2580 1736 2616 nt

162 2663 351 2708 contra
387 2654 816 2718 Parmenianum,
850 2667 966 2720 cap.
997 2652 1052 2704 2.
1085 2653 1232 2706 Inest.

231 2744 368 2797 Ibid.
402 2745 625 2811 Spiritus
667 2753 869 2797 sanctus
909 2744 1129 2810 loquitur
1169 2759 1256 2810 per
1286 2741 1483 2794 Isaiam
1524 2743 1740 2810 prophe-

155 2848 267 2889 tam
287 2854 308 2893 :
339 2839 552 2902 Audite,
581 2839 668 2906 qui
695 2837 892 2906 pavetis
923 2835 1140 2889 verbum
1166 2832 1404 2898 Domini;
1431 2834 1610 2898 dicite,
1638 2835 1741 2887 fra-

155 2935 271 2980 tres
298 2927 470 2980 n05tri
515 2926 680 2989 estis,
719 2925 797 2979 eis
840 2925 930 2993 qui
965 2939 1058 2978 vos
1090 2924 1336 2987 oderunt,
1378 2922 1501 2993 etc.]
1537 2924 1737 2977 Eximia

153 3029 290 3070 sane
333 3017 517 3081 verba,
556 3016 795 3084 quamvis
823 3015 930 3068 sint
958 3022 1159 3069 tantum
1203 3012 1341 3081 apud
1385 3012 1528 3066 LXX
1570 3015 1736 3068 inter-

1842 1859 1962 1900 rere
1989 1861 2047 1900 se
2079 1863 2234 1914 posse
2269 1850 2595 1917 judicabant.
2627 1853 2733 1906 Nos
2764 1855 3022 1923 integrum
3061 1869 3414 1926 repraesenta-

1843 1937 2038 1999 vimus,
2065 1941 2276 2006 qualem
2306 1941 2554 1997 exhibuit
2580 1942 2744 1996 codex
2775 1944 2827 1997 in
2850 1947 3048 2000 cortice
3067 1956 3338 2009 exaratos,
3361 1960 3418 2002 et

1843 2027 2058 2096 quidem
2085 2043 2112 2081 a
2143 2029 2282 2084 Beda
2309 2030 2541 2100 amilum
2565 2031 2726 2087 fuisse
2750 2048 2851 2087 non
2884 2035 3273 2103 ignorabamus.
3297 2039 3414 2092 Sm-

1844 2133 2067 2174 llONDU‘.

1916 2207 1943 2276 §
1972 2207 2022 2261 5.
2052 2207 2288 2262 Diximus
2311 2226 2456 2279 posse
2477 2212 2527 2264 in
2552 2228 2653 2265 una
2675 2212 2926 2280 Ecclesia,
2950 2218 3087 2286 pacis
3108 2233 3285 2286 causa,
3310 2235 3414 2272 esse

1844 2301 2026 2367 fratres
2053 2301 2330 2355 concordes
2355 2320 2372 2367 ,°
2402 2305 2629 2372 speciosa
2656 2307 2785 2358 enim
2809 2325 2886 2361 res
2913 2317 2982 2360 est
3008 2310 3278 2360 concordia
3305 2310 3412 2375 fra-

1844 2387 2020 2459 trum]
2049 2390 2120 2443 Ex
2155 2392 2339 2445 eadem
2371 2395 2595 2458 epistola
2630 2399 2830 2449 notoria
2862 2414 3017 2466 quant
3047 2399 3278 2466 episeopi
3325 2414 3407 2452 ca-

1843 2479 2019 2532 tholici
2049 2481 2354 2535 Marcellino
2381 2483 2544 2550 judici
2575 2485 2898 2551 obtulerunt,
2928 2497 3137 2541 constat
3173 2503 3263 2542 eos
3291 2504 3408 2545 cum

1845 2568 2149 2633 Donatistis,
2169 2572 2409 2624 veritatis
2433 2572 2644 2638 fiducia,
2676 2575 2744 2626 ita
2774 2577 3074 2630 conzlixissc
3097 2586 3152 2630 ut
3173 2579 3213 2629 si
3241 2580 3404 2632 Dona-

1843 2662 1980 2715 tista!
2008 2677 2222 2716 causam
2254 2666 2556 2719 obtinerent
2582 2706 2596 2730 ,
2628 2669 2883 2721 honorem
2908 2670 3046 2735 apud
3074 2685 3167 2723 eos
3208 2672 3395 2723 nullun

1843 2754 2175 2822 requirerent
2202 2771 2215 2818 ;
2246 2756 2324 2806 sin
2356 2754 2451 2822 ipsi
2482 2756 2711 2808 victores
2745 2757 2959 2821 forent,
2995 2759 3114 2810 illos
3145 2767 3320 2812 tamen
3355 2762 3405 2813 in

1845 2843 2148 2898 societatem
2198 2845 2534 2913 episcopatus
2578 2845 2942 2900 admitterent.
2983 2847 3062 2901 Ad
3105 2848 3242 2903 hanc
3281 2865 3412 2919 ergo

1843 2935 2151 2988 societatem
2191 2935 2457 3003 pertinent
2486 2950 2603 3004 quae
2633 2935 2732 2989 hoc
2775 2936 2893 2990 loco
2931 2937 3180 2991 dicuntur
3209 2948 3260 2991 et
3291 2955 3410 3007 quas

1846 3024 1896 3076 in
1924 3023 2108 3076 eadem
2133 3023 2338 3078 notoria
2369 3023 2535 3078 fusius
2564 3026 2917 3094 explicantur,
2949 3026 3031 3080 his
3053 3026 3232 3081 verbis
3256 3045 3268 3081 :
3306 3028 3410 3080 Po-

153 3115 368 3172 pretes.
396 3107 512 3160 lsai.
553 3122 691 3169 stt,
721 3108 773 3161 5.
801 3109 888 3171 At,
915 3104 1047 3172 proh
1073 3104 1252 3158 dolor!
1283 3105 1559 3172 sequentia
1601 3104 1732 3158 facta
1761 3092 1806 3152 c
1841 3114 1952 3166 terit
1984 3115 2174 3182 quippe
2224 3116 2566 3183 unusquisque
2600 3126 2855 3179 nostrum,
2899 3092 3103 3170 honoris
3141 3117 3237 3170 sibi
3272 3118 3410 3170 socio

149 3201 386 3256 minime
425 3202 816 3270 responderunt
863 3202 1008 3253 hisce
1051 3199 1356 3263 blanditiis;
1409 3214 1530 3251 nam
1576 3198 1736 3251 hosce

150 3291 359 3346 fratres
383 3307 509 3346 suos
535 3293 845 3362 gravissire
875 3293 1054 3346 vexari
1086 3293 1163 3345 fas
1183 3307 1301 3345 esse
1319 3300 1498 3360 poz~tea
1516 3299 1735 3344 conten-

148 3382 229 3437 dit
264 3385 414 3438 mitis
443 3385 531 3439 ille
571 3399 634 3439 ac
663 3384 964 3438 misericors
991 3383 1317 3452 Augustinus
1344 3423 1358 3446 ,
1391 3384 1472 3435 cui
1501 3383 1737 3451 profecto

149 3473 386 3529 minime
415 3475 685 3536 fraternus
711 3484 792 3529 est
820 3475 1049 3528 animus.
1082 3473 1210 3526 Vide
1236 3473 1390 3541 epist.
1421 3473 1510 3541 95,
1537 3482 1590 3527 et
1617 3487 1736 3540 quae

149 3562 219 3614 ad
249 3578 377 3617 eam
418 3566 747 3620 notavimus.

223 3653 494 3708 Sermone
519 3640 642 3710 358.
691 3656 766 3709 De
795 3671 934 3722 pace,
963 3653 1092 3726 etc.]
1127 3654 1178 3706 ln
1206 3654 1391 3709 codice
1416 3653 1472 3708 S.
1507 3652 1736 3707 Victoris

153 3751 206 3793 et
245 3745 299 3797 in
349 3746 526 3800 indice
559 3745 862 3800 Collectorii
909 3747 1235 3813 praeponitur
1278 3744 1613 3813 prmcetlenti.
1669 3743 1734 3798 Ut

157 3844 612 3902 postponeremus
643 3839 927 3904 persuasit,
959 3838 1096 3906 quod
1129 3838 1227 3891 sub
1255 3837 1408 3906 hujus
1440 3839 1618 3902 finem,
1648 3837 1732 3890 ubi

157 3927 225 3976 de
252 3926 473 3993 jejuniis
497 3937 550 3981 et
580 3927 934 3996 eleemosynis
963 3941 1081 3980 cum
1110 3927 1351 3980 oratione
1373 3927 1657 3994 jungendis
1679 3940 1736 3979 se

164 4019 550 4076 prmmonuisse
574 4019 668 4083 ait,
697 4017 762 4071 ad
786 4019 1176 4087 prmcedeutem
1203 4019 1441 4072 alludere
1473 4018 1731 4072 videatur.

165 4103 486 4161 Sinuoxous.

233 4196 260 4265 ᾗ
288 4197 339 4250 6.
378 4201 454 4251 Ad
475 4200 760 4252 col'ationis
784 4201 948 4253 locum
977 4199 1146 4252 nullus
1174 4208 1391 4253 uestrum
1411 4199 1596 4264 irruat,
1627 4199 1737 4265 fra-

171 4292 262 4337 tres
301 4287 441 4358 mei.]
484 4289 562 4341 Ad
609 4289 864 4342 Thermas
893 4287 1244 4357 Gargilianas.
1276 4288 1330 4340 In
1362 4287 1548 4340 harum
1592 4287 1731 4340 enim

172 4380 449 4432 secretario
477 4380 794 4448 Carthagine
824 4381 999 4433 habita
1029 4389 1109 4433 est
1138 4380 1371 4432 collatio.
1406 4378 1593 4431 Exstat
1636 4379 1728 4431 lib.

1840 3201 2074 3271 copulato
2095 3243 2110 3268 ,
2143 3203 2360 3256 uicissim
2387 3204 2558 3257 sedere
2599 3205 2899 3259 eminentius
2923 3248 2938 3272 ,
2976 3207 3122 3260 sicut.
3143 3210 3409 3276 peregrino

1838 3295 2071 3360 episcopo
2092 3332 2106 3356 ,
2142 3293 2298 3361 juxta
2336 3295 2627 3347 considente
2657 3297 2872 3364 collega.
2908 3295 3026 3350 Hoc
3055 3314 3166 3350 cum
3197 3299 3410 3351 alternis

1839 3379 2058 3434 basilicis
2096 3383 2323 3451 utrisque
2359 3385 2667 3444 conceditur,
2715 3395 2923 3454 uterque
2954 3385 3017 3438 ab
3046 3388 3292 3439 alterutro
3314 3388 3406 3439 Ito-

1840 3484 1962 3521 nore
1989 3477 2163 3520 mutuo
2181 3472 2518 3538 prwvenitur;
2545 3473 2659 3538 quia
2682 3473 2767 3524 ubi
2787 3477 3056 3542 prceceptio
3082 3477 3308 3528 caritatis
3327 3478 3408 3528 dio

1839 3559 2069 3612 latauerit
2117 3561 2290 3623 corda,
2334 3562 2582 3626 possessio
2630 3564 2770 3628 pacis
2812 3579 2912 3615 non
2952 3566 3009 3630 ﬁt
3050 3576 3264 3632 angusta
3297 3582 3316 3629 ;
3351 3577 3414 3617 ut-

1837 3663 1940 3700 uno
1966 3663 2138 3700 eorum
2160 3649 2419 3717 defuncto,
2443 3648 2675 3718 deinceps
2687 3650 2800 3718 jam
2821 3652 3008 3719 singuli
3030 3654 3245 3722 pristino
3268 3670 3406 3706 more

1837 3739 2129 3791 succedant.
2179 3738 2281 3792 Sed
2317 3737 2426 3806 jam
2465 3737 2589 3792 olim
2631 3752 2882 3808 respuere
2922 3739 3058 3794 hanc
3095 3742 3403 3796 societatem

1837 3828 2023 3881 solitos
2055 3828 2354 3881 Donatistas
2383 3828 2539 3882 docet
2565 3827 2786 3898 Optatos
2818 3829 2891 3882 lib
2922 3845 2956 3882 t.
2988 3830 3051 3883 Et
3087 3831 3208 3898 quia
3246 3832 3406 3885 colle-

1838 3919 1977 3988 gium
2004 3919 2286 3988 cpiscOpale
2306 3919 2484 3974 nolunt
2512 3921 2766 3972 nobiscum
2793 3920 2971 3974 habere
2991 3937 3274 3986 commune,
3303 3938 3404 3976 non

1838 4007 1938 4058 sint
1965 4007 2190 4077 collegte,
2222 4009 2266 4060 si
2297 4009 2515 4075 nolunt;
2548 4018 2730 4077 tamen,
2764 4019 2818 4062 ut
2847 4026 3002 4079 supra
3032 4011 3273 4077 diximus,
3298 4012 3405 4080 fra-

1837 4106 1933 4150 tres
1962 4106 2098 4150 sunt.
2133 4097 2278 4151 lusu.

1910 4186 2043 4242 Ibid.
2084 4188 2137 4242 Si
2170 4197 2353 4256 postea
2397 4188 2656 4243 humanos
2687 4203 2745 4242 se
2777 4190 3130 4258 praebuissent
3156 4193 3406 4248 catholici

1839 4293 1960 4346 erga
1991 4279 2321 4343 Donatistas,
2355 4294 2511 4333 nemo
2543 4292 2684 4334 esset
2712 4281 2800 4350 qui
2844 4281 2956 4337 haec
2990 4297 3096 4338 non
3128 4284 3403 4346 laudaret,

1839 4380 1893 4426 et
1921 4387 1951 4425 a
1983 4372 2288 4426 Christiano
2328 4376 2504 4426 animo
2542 4373 2776 4442 profecta
2826 4389 2930 4429 non
2961 4384 3224 4428 censeret.
3256 4373 3396 4426 Nunt

175 4480 207 4516 tt
242 4465 485 4521 Veterum
533 4446 981 4536 Epigrammatum
1031 4484 1149 4536 quae
1200 4468 1436 4534 Pithmus
1481 4468 1730 4535 collegit,
1762 4446 1813 4503 Ῑ)
1840 4477 1988 4524 vero,
2024 4471 2298 4529 postquam
2332 4463 2657 4526 Donatistas,
2686 4465 2986 4532 pertinaces
3026 4464 3241 4532 quidem
3282 4463 3396 4515 illo:

177 4558 481 4625 epigramma
513 4560 579 4612 de
616 4560 862 4612 Thermis
910 4558 1227 4626 Gargilianis
1262 4573 1290 4609 a
1336 4558 1736 4610 Tbrasamundo

181 4659 290 4713 rege
321 4651 620 4711 renovatis;
662 4649 798 4715 quod
845 4664 1094 4702 versuum
1137 4647 1318 4715 prima:
1351 4657 1737 4715 postremmque

183 4732 356 4791 litteras
389 4741 622 4793 iudicant
654 4740 734 4792 bis
764 4739 939 4793 verbis
966 4757 977 4789 :
1011 4737 1430 4790 Tltrasamundus
1455 4746 1571 4790 vota
1602 4753 1736 4789 sere-

186 4839 317 4880 nans.
351 4829 500 4883 IDEM.

245 4919 364 4974 Ibid.
399 4921 640 4975 Edictum
671 4922 764 4973 riri
804 4922 1020 4974 illustris
1043 4921 1240 4989 publice
1268 4922 1579 4989 prapositum
1611 4920 1737 4988 legi-

190 5009 308 5080 stis.]
331 5012 619 5066 Marcellini
645 5013 844 5066 tribuni
870 5021 919 5064 ct
951 5013 1164 5074 notarii,
1189 5013 1277 5078 qui
1301 5011 1486 5078 judex,
1515 5009 1731 5062 Honorii

192 5099 384 5168 Auguin
430 5104 646 5156 nomine
678 5147 692 5169 ,
747 5101 961 5171 praefuit
1001 5102 1293 5156 collationi.
1353 5100 1481 5167 Ejus
1534 5100 1729 5168 edicto,

193 5193 306 5256 quod
326 5195 373 5246 in
401 5196 564 5262 gestis
583 5195 765 5263 prima:
790 5195 1109 5262 cognitionis
1125 5195 1446 5258 continetur,
1467 5192 1536 5246 de
1558 5192 1735 5244 admo-

192 5285 336 5339 neuda
365 5301 458 5354 per
482 5288 761 5354 episcopos
787 5287 938 5354 plebe
962 5326 976 5349 ,
1007 5286 1144 5338 inter
1179 5296 1368 5339 caetera
1407 5285 1694 5338 cavebatur
1719 5303 1732 5337 :

192 5373 360 5431 Nullus
387 5395 535 5447 ergo,
569 5379 759 5447 inquit,
791 5379 866 5430 vel
896 5378 1076 5444 laicus,
1121 5376 1196 5429 vel
1224 5378 1489 5444 cpiswpus
1513 5416 1528 5441 ,
1577 5376 1737 5440 ultra,

184 5485 427 5521 numerum
453 5470 828 5538 prarstitutum,
862 5468 916 5518 in
947 5467 1092 5518 illum
1120 5465 1591 5534 tranquillissimum
1615 5479 1743 5516 con--

182 5563 275 5615 cilii
302 5563 461 5615 locum
481 5571 660 5614 contra
691 5560 996 5631 prohibitum
1030 5559 1268 5611 moliatur
1308 5559 1562 5610 accedere.
1602 5559 1736 5623 Quin

176 5659 330 5728 pcfius
359 5657 505 5708 etiam
534 5651 704 5720 plebes
737 5666 873 5717 suus,
905 5651 988 5720 pia
1019 5650 1194 5718 quiet's
1219 5666 1276 5701 ac
1308 5648 1562 5702 modestia
1599 5664 1736 5700 com-

1839 4560 1893 4604 et
1933 4550 2214 4613 factiosos,
2256 4551 2375 4620 quis
2424 4553 2627 4620 negat?
2675 4553 2769 4607 sed
2812 4565 2986 4607 tamen
3032 4551 3387 4609 Christianos,

1839 4655 2008 4708 usque
2051 4640 2184 4694 adeo
2218 4641 2355 4692 male
2397 4639 2734 4706 habuerunt;
2777 4649 2900 4695 sunt
2933 4640 3022 4708 qui
3066 4640 3397 4707 suspicentur

1836 4730 2127 4784 c.tholicos
2166 4732 2332 4798 probe
2372 4732 2556 4786 iniisse
2593 4733 2851 4794 calculos,
2882 4740 3039 4797 atque
3079 4744 3143 4783 ex
3183 4742 3406 4785 numerc

1840 4822 2207 4891 episcoporum
2248 4824 2671 4888 Donatistarum,
2715 4824 2991 4891 plebiSque
3029 4822 3107 4875 cis
3154 4822 3402 4887 addictze,

1838 4915 2030 4968 collato
2048 4931 2167 4968 cum
2188 4930 2409 4970 numero
2431 4914 2834 4980 catholicorum,
2859 4913 3135 4983 collegisse
3156 4928 3260 4968 non
3291 4916 3407 4970 sine

1842 5005 2008 5069 lucro,
2036 5013 2128 5056 aut
2155 5013 2299 5057 certe
2324 5005 2437 5056 sine
2456 5005 2658 5072 jactura
2676 5003 2780 5057 ulla
2812 5004 2952 5058 illam
2975 5005 3413 5074 conjunctionem

1842 5091 2200 5144 Ecclesiarnm
2232 5090 2366 5144 fore.
2394 5090 2641 5144 Fortasse
2661 5101 2714 5146 et
2736 5092 2876 5147 aliud
2899 5093 3049 5149 latuit
3069 5095 3209 5166 quod
3236 5097 3417 5150 nesci-.

1839 5197 1978 5234 mus.
2009 5181 2255 5235 Profecto
2284 5182 2352 5233 ita
2379 5179 2516 5234 avidi
2536 5189 2690 5235 erant
2710 5181 2951 5238 homines
2977 5197 3261 5246 aureorum
3291 5183 3408 5238 illo-

1840 5288 1984 5339 rum,
2018 5273 2060 5326 si
2093 5271 2274 5325 multis
2301 5271 2587 5335 credimus,
2613 5279 2910 5341 temporum
2943 5273 3162 5328 honoris
3188 5280 3242 5325 et
3265 5272 3407 5326 redi.

1845 5380 1993 5422 tuum
2025 5365 2406 5435 episcopalium
2428 5405 2442 5430 ,
2473 5373 2530 5418 ut
2558 5379 2652 5418 eos
2684 5366 2826 5419 nacti
2857 5379 2960 5419 non
2994 5365 3146 5423 facile
3175 5362 3409 5416 dimitte-

1840 5471 1994 5525 rent,
2023 5470 2180 5527 atque
2211 5458 2262 5511 in
2291 5473 2382 5513 eos
2412 5458 2712 5526 irrumpere
2747 5458 2935 5527 quavis
2976 5457 3096 5510 data
3128 5455 3408 5511 occasione

1844 5552 2161 5606 niterentur.
2207 5542 2407 5617 itaque
2462 5548 2819 5617 periculosum
2871 5555 2986 5600 erat
3043 5561 3148 5611 nc,
3216 5555 3408 5614 praeter

1841 5651 2015 5715 pacta,
2047 5643 2134 5712 qui
2168 5640 2409 5714 superior
2439 5640 2753 5696 auctoritate
2779 5639 2984 5693 futurus
3004 5648 3118 5695 crat
3138 5653 3407 5698 successo-
