3900 6326
552 285 658 338 407

1444 283 1887 338 SUPPLEMEN']
1906 285 1995 341 Ui!
2036 283 2127 338 AD
2166 282 2392 341 Ol‘ERA
2435 289 2492 344 S.
2535 290 2922 347 AUGUSTINI.
3233 297 3242 303 ’
3673 304 3749 361 408

547 410 683 456 rem.
713 411 810 464 pro
843 410 994 450 more
1023 396 1273 450 Afrorum
1301 437 1316 461 ,
1349 396 1500 451 vivus
1528 399 1641 465 ipse
1667 399 1766 454 sibi
1799 399 2125 469 designaret.
2161 409 2212 462 Α
2237 417 2381 456 anno
2407 403 2672 472 interfuit,
2701 413 2758 459 ut
2783 405 3107 475 cognitionis
3135 408 3319 477 prima:
3347 420 3488 478 gesta
3513 412 3747 483 declarant,

546 487 740 541 Notum
781 498 862 542 est
889 488 1140 542 omnibus
1179 489 1486 542 diuturnum
1523 488 1756 543 schisma
1787 491 2134 544 Antiochente

550 579 832 644 Ecclesiae,
865 596 931 634 ex
955 581 1120 634 simili
1152 581 1357 649 origine
1383 590 1583 633 ortum.
1615 580 1691 633 Ad
1725 581 1971 649 ﬁduciam
2000 582 2133 635 veri-

549 674 669 726 tatis
714 687 834 740 qua:
886 672 973 724 hic
1017 672 1249 738 jactatur
1295 669 1435 739 quod
1491 672 1702 736 attinet,
1740 687 1930 726 vereor
1962 688 2028 726 ne
2066 673 2136 726 sit

547 764 802 820 mutanda
847 764 903 817 iu
943 763 1188 817 fiduciam
1229 762 1498 826 victoriae,
1547 779 1651 817 non
1685 763 1862 817 minus
1896 779 1961 818 ex
2010 779 2134 832 per-

547 864 733 924 specto
770 855 954 908 favore
979 854 1175 922 judicis
1212 853 1544 921 Marcellini,
1583 871 1740 923 quam
1783 871 1852 910 ex
1897 857 2132 910 bonitate

548 965 726 1005 causa:
757 961 1095 1019 conceptam.
1139 950 1351 1018 Alioqui
1383 949 1743 1018 periculosum
1784 952 1911 1015 fuit,
1957 960 2014 1005 ut
2059 953 2131 1006 ita

550 1042 769 1110 loquar,
805 1041 1288 1110 compromissum,
1321 1055 1535 1093 causam
1565 1050 1641 1093 tot
1667 1041 2040 1110 cpiscOporum
2077 1051 2133 1095 ct

547 1133 909 1187 Ecclesiarum
940 1132 1078 1186 velle
1099 1147 1165 1186 ex
1183 1131 1386 1200 judicio
1418 1131 1575 1185 unius
1593 1131 1845 1197 hominis,
1873 1134 2030 1202 etqui
2053 1133 2131 1187 al-

547 1225 644 1278 teri
677 1225 814 1292 parti
847 1223 1090 1279 addictus
1119 1233 1265 1287 erat,
1300 1223 1555 1291 pendere.

615 1315 645 1386 §
669 1316 724 1370 6.
756 1315 1089 1384 Suscepimus
1117 1331 1231 1368 eam
1260 1314 1500 1384 (causam
1522 1313 1821 1385 Cmciliani)
1853 1316 2131 1370 discutien-

478 1386 485 1391 l
545 1406 684 1469 dam,
718 1405 804 1457 sed
827 1414 1076 1473 tauquam
1098 1405 1296 1474 fratris,
1322 1420 1424 1456 non
1456 1412 1696 1472 tanquam
1723 1407 1883 1474 patris
1905 1416 1994 1458 aut
2023 1421 2132 1458 ma-

545 1496 658 1551 tris.
684 1493 844 1548 Pater
871 1496 1014 1548 nobis
1048 1494 1183 1548 Deus
1223 1506 1329 1560 est,
1359 1506 1522 1549 mater
1564 1497 1704 1551 nobis
1739 1497 1969 1553 Ecclesia
2007 1509 2080 1552 est
2110 1514 2130 1561 ;

546 1583 850 1638 Caecilianus
878 1586 1038 1653 frater
1059 1586 1154 1654 fuit
1173 1629 1186 1652 ,
1217 1584 1347 1654 etc.]
1381 1586 1436 1638 ln
1467 1586 1752 1642 collatione
1778 1589 1880 1642 diei
1912 1589 1946 1642 5
1967 1627 1981 1652 ,
2006 1603 2126 1657 cap.

545 1677 671 1730 9.35.
705 1678 1021 1748 Augustinus
1065 1678 1334 1747 episcopus
1379 1677 1620 1732 Ecclesia:
1663 1680 1926 1733 catholica:
1953 1681 2128 1735 dixit:

2240 503 2292 548 et
2333 493 2533 562 aliquot
2566 505 2685 564 post
2722 510 2891 549 annos
2921 495 3138 571 Leponi
3186 499 3425 552 monachi
3467 503 3670 569 epistola
3699 510 3746 562 ad

2238 581 2421 635 Gallos
2450 585 2770 652 subscripsit
2815 601 2936 639 cum
2980 586 3278 655 Augustino
3318 597 3369 641 et
3404 591 3533 644 aliis.
3568 592 3745 659 Quodsi

2239 686 2422 725 verum
2465 681 2567 734 e.t,
2612 689 2716 726 non
2746 673 3092 742 Carthagine,
3127 692 3296 745 neque
3332 678 3559 746 Hippone
3589 682 3745 753 Regio,

2236 762 2333 815 sed
2367 763 2609 832 Hippone
2639 764 2929 834 Diarrhyto
2961 765 3200 819 habitum
3233 767 3338 820 dici
3365 782 3636 825 sermonem
3662 790 3748 828 cae

2236 861 2549 907 sentaneum
2580 854 2756 908 fuerit.
2788 854 3112 910 Smmmous.

2305 944 2438 998 ibid.
2468 945 2593 999 litvo
2615 947 2710 1000 erit
2736 946 3022 1013 Florentia,
3055 963 3173 1000 uere
3201 946 3505 1021 Florentia]
3531 951 3608 1006 Sic
3624 952 3750 1022 loqui-

2237 1045 2322 1088 tur
2349 1035 2418 1089 de
2446 1036 2652 1090 caelesti
2679 1037 3032 1092 beatitudine.
3065 1038 3250 1107 Itaque
3276 1037 3600 1108 Florentium,
3629 1044 3696 1100 hic
3713 1057 3749 1100 et

2234 1126 2286 1179 iu
2322 1127 2712 1194 superioribus,
2757 1129 3082 1197 interpreter
3120 1129 3190 1184 de
3239 1139 3377 1184 statu
3415 1141 3645 1187 :eternum
3681 1136 3749 1190 llo-

2233 1223 2406 1279 rente,
2440 1225 2495 1269 et
2528 1231 2636 1286 quo
2664 1219 2877 1286 gloriari
2912 1235 3037 1274 vere
3067 1221 3249 1274 liceat.
3281 1221 3402 1276 llaec
3428 1232 3478 1276 et
3509 1223 3599 1278 alia
3624 1226 3749 1279 multa

2235 1307 2386 1361 linxit
2407 1308 2684 1364 Numidica
2709 1308 2826 1377 eius
2853 1312 2954 1364 aevi
2987 1311 3269 1366 Latinitas.

2306 1399 2568 1455 Sermone
2611 1401 2733 1456 560.
2785 1401 3056 1455 Donatista
3104 1420 3336 1458 reversus
3374 1405 3441 1458 ad
3484 1404 3748 1478 Ecclesium]

2233 1489 2311 1545 De
2335 1500 2576 1558 tempore
2607 1489 2764 1558 hujus
2790 1492 3054 1545 sermonis
3082 1507 3206 1546 cum
3241 1493 3505 1548 afﬁrmare
3528 1495 3638 1548 nihil
3656 1495 3749 1550 lice-

2230 1587 2332 1643 ret,
2362 1589 2417 1632 ιιι
2445 1579 2702 1646 proximis
2732 1580 3086 1634 subderemns
3112 1582 3414 1636 adducti’eo
3435 1597 3619 1644 sumus,
3642 1585 3747 1651 quod

2229 1682 2294 1721 ex
2327 1669 2719 1723 Donatistarum
2748 1670 3058 1736 schismate,
3084 1679 3209 1739 post
3237 1672 3598 1737 collationem,
3621 1672 3748 1741 pluri-

549 1767 679 1821 I'Icce
706 1769 842 1830 dico,
871 1769 1066 1836 quoties
1107 1768 1359 1820 voluerint
1388 1769 1502 1820 dico
1532 1783 1550 1822 :
1581 1768 1892 1824 Caecilianus
1920 1787 2020 1824 non
2051 1781 2125 1824 est
2159 1752 2206 1811 Β
2234 1773 2348 1812 ιηοε
2369 1759 2434 1813 ad
2462 1761 2755 1816 Εεειθεῖειῑη
2781 1761 3007 1815 rediisse
3035 1772 3226 1816 auCIOI‘
3243 1762 3314 1816 Sit
3340 1763 3650 1832 Augustinus.
3671 1766 3767 1816 "00'

546 1867 692 1929 pater
723 1876 894 1924 meus,
945 1859 1188 1926 quoniam
1225 1859 1380 1911 audio
1421 1856 1700 1912 Dominum
1744 1876 1911 1912 meum
1947 1859 2123 1912 dicen-

546 1961 679 2003 tem:
710 1949 788 2004 Ne
814 1949 968 2004 vobis
988 1959 1189 2017 patrem
1213 1949 1403 2003 dicatis
1427 1951 1479 2002 in
1507 1960 1672 2015 terra,
1701 1967 1838 2003 unus
1867 1960 1947 2005 est
1975 1962 2128 2020 pater

547 2053 726 2097 vcs‘er
747 2041 907 2095 Deus.
931 2042 1056 2094 Dico
1078 2042 1405 2095 chilianum
1429 2047 1658 2112 fratrem,
1685 2044 1868 2097 bonum
1890 2045 2125 2114 fra'rem,

544 2135 588 2188 si
631 2133 838 2198 bonus;
875 2135 1068 2186 malum
1118 2136 1356 2203 fratrem,
1395 2135 1440 2186 si
1479 2136 1642 2187 malus
1690 2146 1811 2199 est;
1851 2137 2124 2204 quoniam,

545 2235 748 2295 propter
772 2224 1060 2276 communia
1097 2238 1273 2285 sacra,
1307 2224 1466 2287 frater
1506 2241 1642 2276 meus
1668 2234 1761 2276 es!.
1803 2225 2123 2280 Stuuoxovs.

616 2315 751 2369 lbid.
775 2314 945 2368 Semel
965 2315 1144 2366 alesens
1167 2314 1463 2376 damnatus,
1487 2329 1710 2382 pruriens
1727 2323 1801 2366 ter
1819 2314 2128 2385 absolutus.)

548 2404 842 2455 Damnatus
881 2402 1052 2454 fuerat
1079 2417 1108 2453 a
1141 2400 1435 2454 Donatistis
1473 2403 1526 2454 in
1563 2402 1790 2471 synodo.
1837 2403 2127 2456 Absolutus

549 2501 630 2544 est
661 2489 890 2559 primum
925 2491 1107 2542 Romae
1149 2490 1199 2541 in
1229 2489 1458 2542 concilio
1507 2491 1608 2542 sub
1655 2490 1986 2556 Melthiatle;
2033 2491 2130 2544 ite-

549 2597 666 2636 rum
697 2581 946 2644 Arelate,
977 2596 1006 2632 a
1033 2579 1260 2633 concilio
1302 2579 1537 2646 generali
1573 2595 1587 2644 ;
1625 2587 1898 2648 postremo
1929 2579 2129 2634 Medio-

548 2672 679 2736 lani,
709 2687 737 2724 a
760 2669 1114 2725 Constantino
1146 2671 1304 2737 imp.,
1334 2668 1398 2721 ad
1421 2684 1575 2737 quem
1611 2686 1732 2738 ρης
1762 2670 1984 2724 adversa
2007 2684 2128 2738 pro-

551 2771 788 2816 vocarat.
819 2761 952 2815 Tota
983 2773 1160 2814 autem
1193 2762 1244 2814 in
1276 2776 1396 2816 eum
1427 2761 1729 2815 criminatio
1750 2762 1892 2832 quod
1916 2761 2131 2816 ordina-

549 2869 633 2907 tus
659 2854 848 2907 luisset
873 2869 902 2906 a
940 2854 1117 2908 Felice
1149 2856 1479 2924 Aptungensi
1508 2855 1792 2922 epis-capo,
1822 2853 1912 2923 qui
1944 2867 2129 2907 sacros

546 2944 759 2999 codices
795 2944 894 2998 sub
935 2943 1266 3000 Diocletiano
1303 2945 1587 3000 tradidisse
1636 2944 1926 3000 ferebatur.
1979 2946 2130 3012 Quod

548 3035 648 3089 ezsi
695 3050 880 3089 verum
924 3034 1095 3099 farct,
1144 3035 1210 3089 ad
1263 3035 1568 3089 schismatis
1601 3049 1813 3090 causam
1849 3037 1980 3089 satis
2021 3052 2127 3089 non

551 3137 701 3188 erat;
753 3127 875 3194 quia
917 3125 1024 3178 alia
1066 3136 1146 3178 est
1177 3139 1336 3178 causa
1368 3125 1650 3188 Ecclesire,
1691 3125 1792 3178 alia
1827 3125 2122 3178 hominum.
2153 3104 2198 3162 (ἶ

548 3216 809 3268 Ceterum
847 3230 913 3268 ex
944 3215 1074 3268 actis
1103 3214 1327 3282 publicis
1347 3214 1749 3283 comprobatum
1779 3223 1868 3284 est,
1894 3214 2126 3269 Felicem

550 3305 863 3375 episeOpum
897 3305 1208 3359 traditorem
1238 3321 1344 3359 non
1367 3303 1550 3359 fuisse.
1581 3305 1732 3358 lusu.

620 3397 648 3466 ᾗ
677 3398 732 3451 8.
770 3395 920 3450 Nova
949 3397 1084 3450 enim
1115 3395 1258 3450 nobis
1305 3396 1542 3450 nuntiata
1573 3404 1732 3462 sunt;
1763 3396 1972 3466 quidam
1991 3414 2132 3466 pres-

551 3488 723 3556 bytero
740 3497 916 3542 nostra
934 3488 1160 3557 linguam
1185 3480 1562 3554 exsecuerunt]
1589 3485 1663 3539 De
1687 3485 1858 3540 altero
1878 3487 2132 3556 episc0po

551 3583 636 3636 cui
675 3580 910 3651 linguam
948 3591 1005 3636 et
1036 3595 1251 3634 manum
1286 3579 1636 3647 praeciderant
1665 3578 1987 3644 Donatistae,
2018 3579 2131 3634 Au-

548 3674 794 3744 gustinus
823 3673 978 3741 epist.
1008 3674 1074 3727 50
1103 3671 1169 3724 ad
1201 3671 1572 3725 Bonifacium:
1604 3669 1883 3741 Episcopi,
1928 3671 2129 3742 inquit,

462 3781 464 3784 '
549 3774 597 3820 et
620 3766 790 3820 clerici
818 3765 1074 3818 horrenda
1101 3775 1148 3817 st
1178 3766 1307 3815 dura
1343 3765 1566 3833 perpessi
1594 3773 1743 3826 sunt,
1773 3781 1887 3832 qua:
1912 3780 2131 3817 comme-

549 3874 752 3913 morare
809 3859 1016 3926 longum
1072 3868 1191 3920 est;
1247 3855 1453 3923 quando
1505 3855 1844 3918 quorumdam
1897 3867 1944 3909 et
1999 3856 2134 3909 oculi

551 3949 783 4004 exstincti
814 3957 952 4012 sunt,
998 3957 1046 3998 et
1085 3947 1358 4016 cujusdam
1397 3945 1618 4017 episcOpi
1667 3963 1847 4000 manus
1885 3960 1932 4001 et
1959 3950 2135 4017 lingua

550 4039 769 4109 praecisa
798 4045 894 4088 est.
921 4035 1135 4089 Calcetn
1171 4037 1328 4089 etiam
1357 4044 1411 4090 et
1437 4044 1642 4088 acetum
1673 4036 1726 4090 in
1761 4038 1948 4090 oculos
1978 4040 2134 4093 cleri-

551 4143 737 4182 corum
790 4125 1208 4195 llipponensium
1259 4127 1470 4180 misisse
1519 4136 1700 4180 narrat
1742 4128 1965 4196 epistola
2008 4127 2131 4192 ΕΞ,

551 4227 607 4272 et
631 4218 748 4272 aliis
778 4218 908 4272 locis
937 4217 1039 4272 alia
1071 4217 1317 4272 eumdem
1348 4219 1558 4273 illorum
1593 4218 1829 4274 furorem
1861 4222 2129 4275 testantia.

551 4315 668 4379 Quo
702 4312 866 4367 etiam
914 4317 1118 4380 spectat
1160 4309 1381 4364 Honorii
1429 4310 1655 4379 Augusti
1706 4312 2018 4367 constitutio
2071 4313 2136 4368 M

551 4405 796 4472 proxime
833 4417 1004 4473 nuper
1039 4402 1180 4456 edita
1218 4401 1272 4456 in
1316 4401 1612 4472 appendice
1649 4404 1846 4459 codicis
1886 4404 2132 4460 Theodo-

549 4498 705 4553 siani.
739 4495 889 4550 locu.
1086 4551 1088 4553 ,

621 4590 752 4646 Ibid.
803 4591 1024 4658 l‘ropter
1060 4589 1260 4644 nefaria
1301 4588 1416 4642 hth
1462 4589 1668 4644 scelera
1707 4604 1897 4658 graves
1945 4602 2131 4657 poenas

549 4683 678 4736 dare
705 4680 974 4736 debebant
1003 4681 1306 4749 quicunque
1334 4693 1519 4732 eorum
1564 4680 1810 4733 convinci
1844 4689 2087 4748 poterant
2113 4697 2129 4745 ;

549 4773 641 4826 sed
691 4787 796 4825 non
833 4770 1007 4840 quivis
1048 4769 1337 4823 Donatista:
1382 4771 1543 4824 etiam
1581 4769 1803 4836 integris
1846 4769 2086 4823 moribus
2114 4810 2128 4835 ,

550 4871 767 4929 propter
787 4861 1069 4926 apinioues
1092 4860 1294 4924 vexari,
1328 4869 1386 4912 ut
1410 4860 1515 4922 jam
1546 4857 1611 4912 ad
1641 4866 1776 4911 tom.
1803 4857 1840 4911 ll
1872 4857 2129 4914 diximus.

624 4947 652 5016 §
684 4947 736 5000 9.
771 4946 1083 5001 Honorastis
1112 4950 1404 5020 episcopum
1436 4956 1682 5010 vestrum,
1717 4960 1772 5000 ut
1801 4949 1932 5000 hanc
1957 4948 2134 5002 basili-

552 5053 664 5090 cam
697 5036 1012 5090 Florentium
1036 5053 1216 5092 uocare
1242 5039 1458 5098 velletis.
1488 5038 1578 5093 sed
1610 5035 1880 5093 Florentia
1911 5043 2023 5110 ejus
2047 5057 2134 5094 vos

550 5127 735 5200 estis.]
782 5128 1240 5194 Quemadmodum
1299 5131 1518 5184 basilica
1577 5129 1755 5185 Fausti
1808 5142 1861 5184 et
1913 5133 2133 5186 basilica

548 5222 811 5278 Leontina
835 5219 990 5274 dictus
1012 5229 1138 5274 sunt
1153 5236 1181 5272 a
1207 5220 1401 5276 Fausto
1416 5233 1469 5276 et
1499 5223 1723 5277 Leontio
1743 5224 2130 5287 conditoribus,

547 5314 629 5370 sic
659 5310 953 5375 Florentia,
978 5310 1081 5364 hoc
1108 5309 1246 5374 loco,
1276 5311 1495 5365 basilica
1527 5313 1594 5366 de
1625 5314 1841 5368 nomine
1875 5313 2130 5369 Florentii

547 5405 809 5477 episcopi.
841 5401 1005 5473 Cujus
1035 5416 1162 5456 vero
1194 5402 1338 5456 sedis
1369 5404 1653 5472 episcopus
1683 5405 1841 5458 fuerit
1868 5405 2130 5459 incertum

548 5510 674 5562 est;
707 5497 807 5552 nisi
845 5495 1172 5550 Florentium
1219 5495 1442 5562 intelligi
1475 5495 1680 5562 placeat
1712 5496 2130 5566 llipponensium

557 5583 960 5657 Diarrhytorum
995 5587 1045 5640 in
1081 5585 1450 5639 l’roconsulari
1489 5586 1758 5653 provincia
1792 5590 2130 5656 episcopum,

560 5675 651 5750 qui
698 5685 750 5729 et
810 5676 1079 5731 collationi
1138 5676 1534 5734 Donatistarum
1593 5691 1711 5733 cum
1769 5680 1974 5734 crcteris
2033 5683 2133 5735 hoc

2230 1853 2404 1907 solum
2447 1853 2500 1907 in
2541 1867 2792 1907 sermone
2840 1853 3192 1922 pratcedenti,
3235 1854 3327 1909 sed
3367 1855 3524 1908 multo
3566 1854 3748 1921 apertius

2233 1943 2327 1996 lib.
2361 1959 2375 1997 ι
2397 1952 2580 1998 contra
2600 1944 2956 1998 Gaudentium
2979 1959 3101 2012 cap.
3127 1944 3221 1999 29.
3250 1945 3499 2011 Quantum
3522 1943 3745 2007 existimas,

2232 2034 2424 2104 inquit,
2453 2051 2543 2088 nos
2564 2034 2747 2088 habere
2768 2035 3157 2098 consolationis,
3187 2038 3324 2104 quod
3345 2053 3376 2088 a
3399 2046 3530 2088 tanta
3554 2034 3749 2086 dementia

2232 2127 2394 2195 partis
2425 2125 2636 2189 Donati,
2665 2125 2750 2178 ubi
2774 2141 2875 2178 non
2905 2126 3073 2178 solum
3109 2128 3327 2192 nefaria:
3351 2127 3590 2180 division's
3615 2141 3744 2187 error,

2229 2231 2402 2268 verum
2437 2215 2589 2268 etiam
2622 2216 2812 2286 furoris
2841 2215 2926 2270 lex
2964 2218 3104 2286 facta
3137 2227 3233 2282 est,
3264 2218 3408 2289 longe
3436 2225 3572 2286 atque
3597 2217 3747 2268 incom-

2231 2305 2530 2372 parabiliter
2551 2305 2702 2374 plura
2731 2305 2895 2359 millia
2925 2306 3209 2360 liberantur
3232 2309 3257 2360 ?
3285 2307 3584 2360 Stauosous.

2306 2397 2435 2452 Ibid.
2474 2398 2520 2450 0
2546 2400 2689 2451 vinea
2720 2397 2905 2451 dilecta
2936 2398 3163 2452 Domino
3187 2416 3326 2463 meo,
3357 2416 3454 2452 non
3476 2397 3620 2450 solum
3641 2393 3747 2446 labar

2231 2503 2374 2540 meus
2414 2487 2546 2541 nihil
2571 2488 2664 2541 tibi
2692 2490 2967 2558 proderat,
2999 2505 3178 2542 verum
3221 2491 3371 2542 etiam
3414 2498 3572 2541 contra
3603 2495 3642 2536 te
3673 2483 3743 2534 ini-

2231 2580 2362 2630 mico
2403 2587 2491 2631 lno
2516 2580 2825 2645 serviebam,
2859 2576 2991 2648 etc.]
3031 2580 3189 2635 Ilunc
3211 2594 3504 2635 sermonem
3545 2577 3700 2630 lectum
3722 2585 3744 2622 ³

2233 2669 2512 2725 Donatism
2545 2673 2832 2739 episeopo,
2869 2670 3129 2725 dictatum
3163 2671 3229 2724 ah
3274 2668 3550 2738 Augustino
3576 2668 3743 2720 censent

2232 2761 2464 2814 editores
2513 2760 2876 2826 Parisienses;
2915 2776 3015 2816 nec
3054 2761 3337 2816 dissentio.
3387 2759 3487 2815 Sed
3529 2773 3617 2811 non
3655 2762 3744 2818 puto

2234 2851 2751 2919 prmterniittendum
2801 2851 2888 2905 hic
2933 2867 3053 2905 esse
3101 2852 3276 2905 videri
3325 2849 3479 2906 veluti
3522 2843 3740 2900 famulam

2234 2948 2540 3016 quamdam,
2595 2958 2649 2997 ut
2694 2946 2762 2999 ita
2807 2947 3013 3014 diram,
3060 2946 3386 3016 pulin’odite,
3434 2942 3616 3012 qualem
3657 2933 3741 2990 cani

2236 3037 2518 3107 oportebat
2541 3052 2568 3088 a
2606 3037 2918 3090 Donatistis.
2961 3036 3068 3091 Nec
3097 3039 3320 3092 dubium
3351 3036 3476 3091 hanc
3501 3048 3591 3087 non
3625 3028 3742 3082 fuisse

2233 3129 2478 3197 exiguam
2521 3123 2724 3195 partem
2776 3129 3030 3197 triumphi
3074 3129 3513 3186 adversariorum.
3551 3123 3640 3179 Sed
3677 3119 3741 3188 qui

2237 3234 2350 3287 pra:
2379 3218 2678 3288 ignorantia
2709 3219 2759 3272 in
2788 3219 2890 3272 illis
2915 3219 3163 3288 partibus
3186 3219 3408 3286 fuerant,
3439 3230 3534 3270 non
3555 3217 3740 3282 poterant

2181 3320 2188 3330 ‘
2233 3309 2350 3364 sine
2381 3308 2527 3378 gravi
2557 3309 2768 3372 dolore,
2797 3324 2916 3362 cum
2942 3317 3085 3363 tanta
3114 3307 3448 3370 contumelia.
3475 3304 3521 3358 in
3544 3302 3740 3356 unitatem

2235 3401 2485 3455 Ecclesia:
2507 3400 2694 3469 recipi.
2730 3400 2856 3454 Haec
2885 3399 3179 3455 Pmnorum
3211 3400 3307 3454 fuit
3336 3396 3622 3452 humanitas.

2308 3493 2571 3548 Sermone
2603 3492 2709 3547 365
2743 3492 2795 3546 in
2831 3492 2981 3546 titulo
3007 3509 3019 3544 :
3059 3491 3136 3545 De
3161 3492 3367 3546 Cantica
3392 3483 3584 3552 Exodi]
3608 3477 3739 3534 Codex

2236 3589 2434 3657 Regius
2489 3603 2792 3642 sermonem
2838 3597 3028 3652 vocat,
3078 3585 3158 3640 De
3201 3585 3406 3641 Cantica
3451 3575 3618 3639 Exodi,
3661 3577 3742 3642 ροα

2235 3681 2505 3734 transitum
2541 3681 2692 3733 maris
2727 3679 2905 3733 Rubri.
2941 3681 3009 3734 At
3038 3680 3089 3733 in
3121 3680 3306 3734 codice
3342 3677 3397 3733 S.
3440 3670 3635 3727 Victoris
3667 3677 3740 3716 tra-

2237 3779 2400 3823 ctatus
2439 3769 2656 3834 dicitur,
2686 3769 2920 3838 itemque
2947 3783 2976 3821 a
3007 3769 3272 3831 Possidio,
3300 3768 3385 3837 qui
3415 3766 3538 3818 inter
3556 3759 3740 3812 diversos

2237 3860 2517 3930 Augnsﬁni
2548 3869 2822 3923 tractatus,
2856 3860 2996 3915 duos
3034 3867 3448 3921 commemorat,
3484 3852 3552 3906 De
3583 3845 3740 3902 Cantica

2244 3953 2445 4018 Esaia,
2486 3963 2572 4018 et,
2613 3954 2678 4007 de
2711 3951 2921 4006 Cantica
2965 3951 3161 4008 Exodi.
3197 3943 3655 4010 Sinuoa'nus.-Au

2236 4043 2392 4112 longe
2427 4042 2769 4096 doctissimus
2809 4043 3008 4098 oblitus
3045 4054 3164 4098 erat
3201 4051 3437 4097 tractatus
3472 4032 3636 4105 passim
3667 4023 3738 4112 diti

2237 4151 2536 4196 sermones,
2573 4139 2755 4204 quales
2787 4136 2838 4188 iu
2873 4144 3016 4188 tomo
3049 4135 3112 4189 IV
3147 4136 3412 4189 Tractatus
3439 4131 3486 4182 in
3509 4110 3740 4178 Joannem?

2239 4227 2449 4280 Nescio.
2483 4226 2586 4281 Sed
2618 4226 2745 4279 nihil
2776 4226 3106 4294 frequentius
3128 4267 3142 4288 ,
3176 4227 3244 4279 ita
3275 4232 3328 4276 ut
3353 4229 3552 4275 tractare
3573 4219 3617 4266 cl
3648 4218 3739 4258 οων

2242 4317 2442 4370 cionari
2473 4317 2522 4369 iu
2555 4318 2696 4388 stylo
2728 4317 3112 4385 Augustiniauo
3137 4317 3304 4372 ferme
3331 4313 3461 4367 idem
3490 4307 3595 4359 sini-

2322 4405 2348 4477 §
2382 4407 2428 4460 l.
2462 4407 2680 4460 Sensum
2711 4419 2939 4461 nostrum
2968 4407 3022 4460 in
3057 4406 3339 4474 Scripturis
3369 4399 3540 4456 sanctis
3563 4385 3738 4446 conside-

2235 4498 2410 4550 randis
2437 4506 2588 4566 atque
2614 4498 2891 4550 tractandis
2913 4513 3084 4568 regere
3104 4499 3245 4552 debet
3268 4491 3534 4550 earumdem
3560 4478 3738 4544 ScriP’"'

2235 4605 2410 4640 rarum
2443 4589 2858 4656 manifestissima
2887 4589 3161 4642 auctoritas
3191 4606 3208 4653 ;
3241 4597 3291 4641 ut
3315 4601 3376 4638 ea:
3398 4583 3464 4636 eis
3493 4589 3590 4645 quit
3609 4571 3736 4665 σξξνξθ

2236 4679 2373 4730 dicta
2402 4687 2548 4740 sunt,
2581 4678 2648 4729 ad
2679 4679 2979 4731 nutriendos
3007 4695 3100 4732 nos
3117 4695 3136 4742 ;
3167 4695 3224 4731 ea
3250 4690 3359 4741 qua:
3382 4665 3612 4753 οὺδευνίιίξ
3633 4656 3735 4753 ἀξίω

2233 4777 2385 4832 sunt,
2417 4769 2486 4819 ad
2520 4769 2827 4821 exercendas
2857 4785 2948 4821 nos
2976 4769 3193 4834 ﬁdliter
3219 4755 3552 4823 disserantur.]
3577 4750 3734 4812 Olim"

2237 4859 2478 4927 profecto
2505 4859 2704 4928 regula,
2737 4869 2792 4913 el.
2813 4874 2917 4928 qua
2940 4861 3139 4913 certior
3169 4860 3219 4912 in
3238 4855 3596 4922 scripturarum
3615 4838 3718 4887 inter

2238 4952 2537 5020 pretatioue
2559 4952 2704 5006 nulla
2731 4963 2832 5006 est.
2863 4952 3026 5022 Igitur
3054 4960 3326 5021 postquam
3357 4943 3597 5007 Scriptura
3623 4931 3730 4980 sacra

2238 5044 2492 5098 nonnulla
2527 5044 2593 5098 de
2623 5045 2728 5098 Deo
2756 5058 2853 5097 nos
2883 5043 3096 5112 docuit,
3135 5045 3202 5098 ita
3238 5051 3291 5093 ut
3323 5037 3386 5092 de
3419 5041 3579 5088 eorum
3615 5022 3732 5113 580.5.“

2239 5151 2400 5190 nemo
2438 5135 2681 5188 dubitare
2713 5134 2904 5203 possit,
2947 5135 3046 5192 nisi
3075 5135 3332 5196 insaniat;
3359 5129 3598 5186 nuntii”m
3621 5099 3731 5174 qu'd'

2238 5241 2396 5295 (Ιιιτιιη
2441 5241 2504 5279 ex
2541 5225 2785 5279 obscuris
2820 5228 2950 5280 locis
2974 5226 3308 5286 eliciendum,
3337 5212 3544 5287 quodiis
3569 5204 3724 5295 sitcm'i

2240 5293 2484 5372 “mmm-
2537 5318 2782 5384 E‘eml)”
2837 5333 3018 5386 causa,
3067 5319 3192 5374 nihil
3239 5312 3423 5368 clarius
3444 5307 3490 5358 in
3518 5293 3728 5390 Scriptllf-1

2236 5423 2388 5464 sacra
2438 5408 2662 5463 docetur
2687 5409 2844 5478 qltam
2880 5411 3043 5464 Deum
3075 5426 3192 5463 esse
3233 5409 3415 5458 bonum
3437 5437 3451 5462 ,
3493 5386 3729 5478 tuis-nent:

2239 5502 2381 5565 dem,
2408 5515 2470 5555 ac
2495 5499 2714 5569 iustitia:
2739 5501 3108 5556 obServanteni
3131 5516 3146 5564 ;
3173 5500 3268 5550 ituc
3295 5502 3388 5553 est,
3414 5485 3489 5555 tl"i
3509 5491 3587 5569 “'9
3608 5467 3728 5569 (355:!

2239 5591 2453 5660 quidem
2486 5591 2782 5659 ignoscere.
2813 5602 2867 5646 et
2897 5591 3360 5660 revera‘ignoscat,
3389 5572 3532 5669 certis

2252 5683 2344 5739 scd
2376 5683 2464 5753 qui
2505 5684 2838 5739 innocentem
2886 5687 3119 5752 plectere
3163 5683 3391 5750 nequeat.
3423 5664 3510 5736 Qui
3550 5659 3593 5713 in
3626 5647 3725 5702 SC"
