3900 6334
188 280 258 337 109

803 273 1158 330 νΑιιιοιιυΜ
1199 272 1727 328 EXERCITATIONE

1839 273 1889 324 ’Ν
1931 273 1987 327 S.
2033 272 2402 326 AUGUSTINI
2445 270 2685 325 OPliltA.

3284 274 3391 328 410

190 400 293 460 pulta
318 396 431 444 tutu
459 402 565 442 ιιιΠι
616 386 873 447 inveniet,
913 390 1040 440 nihil
1066 388 1304 455 proiecto
1340 402 1393 439 ιιι
1424 401 1483 439 ea
1513 386 1708 441 intelli-
1740 391 1785 447 Λ
1815 397 1896 440 est
1921 394 2028 438 tota
2056 386 2289 439 narratio
2316 386 2383 438 de
2413 387 2657 446 homine,
2683 384 2769 452 qui
2796 384 2861 438 de
2890 400 3060 453 pretio
3082 386 3232 438 solidi
3263 400 3392 453 pau-

188 492 270 550 get;
295 480 489 532 nullum
519 478 660 530 enim
693 477 883 545 dogma
915 476 1099 543 majori
1132 476 1509 543 perspicuitate
1536 475 1706 529 habe-

188 581 259 624 tur.
292 570 390 623 lloc
425 577 605 620 autem
641 566 845 634 posito,
887 580 953 617 ex
987 566 1228 617 obscuris
1268 565 1537 617 nonnullis
1580 565 1708 617 loe’s

188 677 266 714 non
289 668 393 710 sunt
425 656 741 725 colligenda:
762 655 1017 707 doctrina:
1040 669 1158 723 quae
1188 669 1400 707 omnem
1433 654 1703 717 bonitatis,

188 748 524 803 misericordia:
554 762 617 801 ac
652 746 872 814 iustitiae
896 745 1102 798 laudem
1147 746 1253 798 Deo
1284 744 1569 798 manifesto
1612 744 1709 798 de-

189 840 351 891 trahunt
378 854 393 899 ;
414 837 591 904 qualia
620 843 745 887 sunt
767 834 1011 903 dogmata
1037 834 1125 886 illa
1149 849 1369 902 quorum
1393 833 1713 887 confirman-

186 930 328 982 dorum
376 942 560 992 causa,
607 926 755 979 hisce
796 925 1146 993 temporibus,
1189 925 1379 977 CCBIttm
1424 933 1581 978 terra:
1612 924 1714 976 mi-

185 1027 394 1073 scuerunt
418 1016 684 1069 Africanae
714 1015 922 1085 synodi.
945 1014 1124 1082 Neque
1148 1016 1232 1067 hic
1252 1014 1449 1069 dixeris
1476 1016 1529 1068 in
1556 1015 1715 1068 rebus

184 1109 337 1160 divinis
372 1105 632 1173 profunda
662 1120 779 1158 esse
806 1104 1047 1173 quaedam
1098 1120 1215 1172 qua:
1259 1105 1455 1172 ingenii
1496 1102 1714 1157 humani

182 1212 360 1251 acumen
403 1196 608 1265 fugiunt
636 1212 649 1257 ;
682 1211 805 1248 nam
838 1210 942 1247 non
980 1194 1180 1248 debent
1219 1211 1283 1248 ex
1314 1194 1555 1247 obscuris
1586 1194 1715 1249 locis

183 1287 399 1355 profunda
433 1286 519 1339 illa
568 1286 689 1353 fingi
735 1300 853 1352 qua:
894 1292 1191 1352 repugnent
1230 1285 1391 1338 claris
1430 1285 1716 1353 Scriptura:

180 1378 514 1443 dogmatibus;
555 1386 612 1428 ut
653 1375 697 1427 si
730 1374 894 1427 Deum
929 1372 1094 1427 iacias
1130 1374 1402 1428 crudelem
1444 1384 1532 1427 aut
1573 1375 1715 1441 inju-

178 1478 311 1531 stum,
336 1476 389 1519 ut
417 1466 590 1519 locum
632 1465 914 1517 obscurum
948 1464 1201 1538 explices.
1234 1464 1396 1517 Multo
1421 1464 1717 1532 Sapientius

178 1559 236 1611 illi
261 1558 443 1610 faciunt
464 1557 612 1624 quisi
636 1557 969 1611 commodam
987 1572 1049 1610 ac
1075 1556 1477 1609 convenientem
1508 1562 1717 1608 czeterte

175 1638 778 1715 Scriptnrte‘sententiam
809 1646 1048 1699 invenire
1077 1654 1360 1713 nequeant,
1395 1645 1625 1697 fatentur
1653 1659 1714 1697 ea

1816 476 2027 544 peribus
2064 483 2329 543 erogarat.
2373 474 2449 527 Ac
2486 485 2637 528 vetus
2678 488 2807 527 sane
2837 475 2933 527 ista
2965 475 3225 527 confusio.
3258 474 3393 539 Nam

1814 575 1866 617 et
1896 578 2076 617 sermo
2106 565 2193 617 ille
2218 564 2286 617 50
2309 563 2361 617 in
2388 563 2761 632 manust-riptis
2784 562 2915 617 nihil
2935 564 3203 631 discrepat
3227 579 3254 614 a
3276 563 3393 616 vul—

1814 656 1970 720 gatis,
1989 664 2042 708 et
2069 654 2209 706 hunc
2230 663 2469 706 nostrum
2485 650 2726 707 ‘lideliti-r
2744 669 2804 708 ex
2815 653 3103 721 pressimus
3120 668 3184 706 ex
3207 651 3394 706 codice

1815 744 1980 809 [legio
2009 740 2069 796 et
2089 744 2257 797 altero
2287 743 2348 801 S.
2377 743 2603 797 Victoris
2631 745 2720 797 DD
2752 744 2835 798 12.
2866 744 3017 799 locu.

1889 834 1916 902 ᾗ
1950 836 2002 890 5.
2048 834 2174 887 Cum
2205 834 2450 899 solidam,
2482 843 2535 887 ut
2566 836 2782 898 assolet,
2816 832 3164 904 vendidisset.]
3196 832 3391 899 Quanti

1815 923 2041 977 solidum
2070 937 2291 977 aureum
2314 923 2609 978 vendiderit
2630 939 2737 977 non
2758 924 3025 987 declarat;
3055 922 3277 990 intelligi
3300 937 3394 975 au—

1819 1022 1924 1067 tem
1957 1020 2133 1081 potest
2170 1028 2234 1066 ex
2266 1013 2476 1067 novella
2512 1012 2860 1067 Valentiniani
2884 1014 2956 1067 25
2980 1014 3120 1067 inter
3148 1012 3390 1067 Theodo-

1817 1104 2013 1168 sianas,
2038 1118 2139 1171 qua
2165 1116 2381 1157 cautum
2409 1114 2512 1169 est,
2538 1100 2599 1156 ne
2626 1120 2849 1174 unquam
2870 1106 3003 1157 intra
3023 1112 3210 1173 septem
3233 1103 3395 1156 millia

1820 1212 2137 1249 nummorum
2171 1197 2367 1249 solidus
2396 1196 2726 1250 distrahatur.
2759 1196 3107 1251 Cassiodorus
3134 1213 3223 1249 sex
3265 1197 3391 1250 olim

1818 1289 2053 1340 millibus
2068 1288 2337 1341 venditum
2356 1287 2514 1340 docet
2531 1287 2623 1339 lib.
2642 1303 2654 1339 ι
2673 1286 2970 1349 Variarum,
2990 1287 3145 1355 epist.
3166 1286 3250 1348 tO,
3268 1286 3391 1351 Sex,

1821 1377 2013 1443 inquit,
2040 1377 2205 1430 millia
2228 1378 2554 1429 denariorum
2572 1377 2795 1429 solidum
2812 1393 2916 1430 esse
2934 1376 3221 1430 voluerunt.
3240 1375 3391 1429 insist.

1891 1468 2023 1521 Ibid.
2058 1468 2266 1521 Centum
2289 1468 2436 1535 folles
2462 1484 2523 1521 ex
2554 1470 2712 1537 pretio
2730 1468 2894 1539 solidi
2920 1467 3226 1538 pauperibus
3238 1466 3397 1538 jussit

1817 1558 2060 1629 erogari.]
2086 1560 2259 1613 lt‘olles
2289 1574 2458 1613 :ereos
2486 1560 2635 1620 dicit,
2667 1574 2771 1613 non
2799 1568 3102 1627 argenteos.
3143 1557 3397 1627 Argentei

1820 1652 1961 1705 enim
1988 1651 2145 1705 folles
2173 1661 2384 1705 centum
2417 1666 2542 1718 pars
2569 1651 2722 1705 solidi
2752 1651 2943 1720 exigua
2975 1665 3078 1703 non
3102 1657 3303 1703 essent.
3327 1649 3398 1703 Ut

174 1736 267 1789 1062
294 1750 320 1787 τι
342 1750 397 1788 Se
426 1749 533 1787 ηοη
564 1734 785 1802 intelligi
808 1750 822 1798 ;
848 1750 1003 1803 (illam
1029 1735 1116 1802 τιυὶ
1150 1735 1217 1787 ⁵1³
1246 1750 1306 1787 ea
1337 1733 1622 1802 explicant,
1656 1741 1713 1786 ιη
1744 1738 1787 1796 Β
1818 1743 2067 1797 denarios
2090 1758 2218 1813 ergo
2241 1743 2578 1812 appellabant
2601 1753 2710 1796 tum
2734 1752 3036 1812 argenteos,
3057 1751 3164 1795 tum
3188 1755 3390 1795 :ereos:

172 1825 425 1880 manifesta
465 1836 624 1893 atque
664 1825 803 1878 acris
845 1840 1021 1894 pugna
1059 1827 1291 1879 locorum
1331 1826 1623 1893 Scriptura:
1664 1833 1719 1877 ct

168 1916 449 1983 dogmatnm
502 1913 919 1981 theologicorum
956 1917 1006 1967 in
1031 1914 1324 1969 doctrinam
1366 1915 1717 1969 Christianam

167 2002 551 2057 intromittatnr.
580 2001 749 2055 Nullas
780 2003 1194 2057 exclamationes
1224 2003 1539 2067 rhetoricae,
1575 2002 1719 2055 nulla

165 2094 515 2161 episcoporum
549 2092 911 2157 anathemata,
941 2094 1084 2146 nulla
1108 2108 1290 2161 regum
1316 2092 1488 2147 edicta
1512 2103 1716 2146 rectum

158 2193 212 2234 ut
262 2183 519 2249 posterius
571 2182 725 2236 bonis
771 2197 833 2236 ac
879 2183 1233 2252 prudentibus
1285 2184 1413 2237 viris
1474 2185 1720 2238 videatur

161 2274 396 2327 r-lllcient.
424 2274 601 2328 Facile
629 2274 740 2328 fieri
773 2283 946 2342 potest
967 2282 1022 2327 ut
1044 2290 1145 2327 non
1170 2272 1524 2343 intelligamus
1546 2276 1717 2328 locum

160 2363 454 2431 Scriptura),
490 2363 581 2416 sed
607 2364 720 2417 ﬁeri
746 2365 926 2432 nequit
950 2375 1002 2416 ιιι
1031 2381 1209 2419 secum
1235 2366 1346 2433 ipsa
1379 2376 1593 2434 pugnet,
1628 2366 1719 2418 de-

159 2453 429 2521 trahatque
460 2453 570 2506 Deo
612 2454 751 2520 quod
795 2454 868 2507 illi
910 2455 1223 2509 clarissimis
1263 2456 1470 2519 verbis,
1513 2457 1716 2524 astipu-

155 2543 298 2596 lante
328 2545 483 2596 etiam
510 2552 652 2597 recta
684 2545 909 2608 ratione,
943 2546 1142 2599 tribuit.

223 2632 481 2686 Sermone
510 2634 635 2688 566.
669 2633 740 2685 De
770 2636 966 2703 psalmo
994 2634 1149 2704 χιιι]
1196 2640 1248 2688 In
1284 2637 1467 2691 codice
1507 2637 1562 2691 S.
1594 2636 1725 2688 Ger-

151 2725 316 2786 mani,
350 2723 489 2777 unde
537 2726 761 2791 primum
798 2724 862 2777 ad
896 2740 995 2778 nos
1034 2727 1277 2793 pervenit
1320 2736 1375 2780 et
1411 2726 1465 2779 in
1515 2710 1724 2781 duobus

149 2812 205 2866 S.
248 2815 471 2869 Victoris
515 2815 599 2868 CC
630 2814 662 2868 6
696 2824 749 2869 et
776 2815 863 2868 DD
895 2830 954 2878 ιι,
990 2816 1173 2869 titulus
1202 2824 1320 2869 est:
1351 2815 1619 2882 Expositio
1661 2817 1721 2872 S.

144 2906 420 2973 Augustini
439 2906 502 2957 de
522 2907 716 2975 psalmo
748 2921 878 2960 χιιι.
914 2909 1084 2974 Atque
1109 2907 1160 2959 in
1193 2906 1276 2960 bis
1299 2907 1545 2960 omnibus
1572 2907 1725 2961 libris

146 2993 519 3059 insertusest,
569 3004 816 3065 tanqu-ani
852 2995 1040 3050 eodem
1086 3006 1355 3064 spectans,
1395 2996 1622 3051 diversis
1664 2998 1722 3051 S.

1823 1835 1903 1886 sic
1955 1834 2106 1887 folles
2152 1834 2388 1901 argentei
2431 1833 2519 1887 alii
2573 1833 2805 1895 fuerunt,
2848 1833 2933 1886 alii
2978 1832 3125 1886 terei.
3170 1830 3399 1884 Follium

1822 1938 2083 1978 mreorum
2110 1924 2261 1976 valor
2290 1931 2382 1974 aut
2412 1923 2548 1975 idem
2582 1923 2677 1974 fuit
2720 1936 2781 1974 ac
2822 1935 3152 1975 nummorum
3185 1934 3275 1973 seu
3305 1919 3401 1973 de-

1824 2018 2118 2079 nariorum,
2144 2030 2368 2084 quorum
2397 2029 2488 2068 sex
2516 2016 2787 2083 septemve
2818 2013 2981 2067 millia
3007 2014 3058 2067 in
3080 2012 3249 2066 solido
3271 2025 3401 2066 cen-

1822 2105 2098 2171 sebantur,
2128 2112 2220 2157 aut
2246 2105 2518 2173 utriusque
2557 2107 2769 2172 generis
2799 2118 2902 2158 non
2936 2118 3180 2171 magnum
3213 2101 3401 2155 discri-

1823 2212 1964 2250 men.
1992 2196 2166 2251 Folles
2189 2205 2362 2250 autem
2394 2197 2651 2263 argentei,
2686 2196 2963 2264 Augustini
2996 2210 3129 2259 aevo,
3155 2194 3278 2261 quid
3306 2207 3402 2245 va-

1824 2288 1995 2342 lerent
2020 2287 2271 2341 :eStimari
2297 2296 2469 2355 potest
2498 2303 2566 2340 ex
2603 2288 2716 2353 lege
2746 2287 2780 2339 5
2800 2286 2918 2339 cod.
2953 2285 3156 2339 Theod.
3190 2285 3255 2338 de
3283 2298 3405 2336 sua-

1825 2379 1941 2439 riis,
1986 2395 2105 2448 qn:e
2139 2379 2370 2445 porcinm
2420 2378 2648 2446 pretium
2693 2378 2746 2431 in
2778 2378 3011 2445 singulas
3059 2376 3220 2429 libras
3259 2375 3404 2428 senis

1826 2468 2041 2523 follibus
2091 2469 2298 2532 deﬁnit,
2330 2477 2383 2521 et
2429 2483 2492 2521 ex
2545 2468 2610 2521 iis
2653 2484 2770 2535 qum
2801 2467 2866 2519 du
2899 2466 3171 2520 Florentio
3199 2474 3405 2517 sartore

1802 2560 2153 2627 .llipponensi
2178 2561 2438 2612 habentur
2464 2560 2530 2612 de
2555 2559 2780 2612 Civilate
2810 2559 2898 2611 Dei
2931 2558 3024 2611 lib.
3050 2568 3180 2621 xxn,
3202 2570 3318 2622 cap.
3345 2555 3400 2619 8,

1831 2645 1858 2713 §
1890 2647 1942 2699 9.
1974 2646 2267 2714 Utrobique
2295 2648 2436 2699 enim
2466 2661 2760 2712 congruere
2783 2647 2957 2699 omnia
2983 2655 3222 2711 possunt,
3241 2644 3284 2696 si
3310 2657 3406 2710 pro

1830 2735 2043 2788 follibus
2074 2750 2221 2789 asses
2272 2738 2381 2789 sive
2411 2736 2565 2789 solidi
2614 2746 2889 2790 sumantur
2938 2745 3166 2788 monette
3213 2742 3408 2787 nostra:

1831 2824 2143 2878 Gallicanae.
2170 2825 2300 2879 Nam
2332 2836 2385 2879 et
2415 2825 2650 2894 porcina:
2681 2827 2730 2878 in
2756 2825 2988 2893 singulas
3018 2825 3179 2878 libras
3206 2823 3407 2877 solido-

1830 2931 1947 2969 rum
1980 2930 2071 2969 sex
2106 2916 2306 2984 justum
2339 2915 2499 2970 fuerit
2544 2915 2794 2983 pretium,
2828 2924 2881 2968 et
2930 2911 3181 2979 grandem
3208 2913 3407 2981 piscem

1833 3008 2083 3061 trecentis
2112 3007 2319 3059 assibus
2349 3006 2547 3059 nostris
2574 3006 2729 3061 vendi
2762 3006 2887 3058 nihil
2919 3014 3002 3059 est
3032 3002 3264 3058 absurdi.
3294 3002 3410 3068 Quo

146 3084 433 3153 Augustini
460 3084 921 3138 lucubrationibus
949 3093 1132 3138 contra
1157 3086 1488 3155 Pelagianos.
1520 3087 1572 3140 In
1605 3087 1727 3141 Col-

1839 3099 1891 3150 lit
1923 3107 1980 3150 ut
2007 3097 2208 3151 follium
2235 3106 2289 3151 et
2317 3096 2611 3151 solidorum
2640 3096 2954 3151 nostratium
3003 3094 3233 3146 \alorem
3263 3107 3410 3144 cum-

147 3172 361 3228 lector-ii
385 3186 530 3243 parte
563 3178 616 3240 5,
652 3177 833 3230 Sermo
859 3216 874 3240 ,
907 3192 994 3228 seu
1022 3178 1270 3247 expositio
1297 3194 1447 3245 super
1470 3178 1726 3248 psalmum

145 3278 283 3318 xxii.
317 3264 543 3321 Habitus
566 3275 647 3320 est
672 3265 737 3319 ad
770 3267 1130 3334 baptizandos.
1160 3267 1482 3323 Sinuoxnus.
1714 3259 1718 3263 ’

216 3356 477 3412 Sermone
495 3357 646 3429 589.]
660 3358 930 3412 Posterior
954 3377 1076 3427 pars
1096 3361 1282 3415 eadem
1307 3373 1389 3416 est
1410 3364 1728 3430 cum‘poste-

146 3444 293 3501 πίοι-ε
318 3438 583 3504 sermonis
612 3451 680 3505 50
711 3451 786 3504 De
815 3460 1088 3518 tempore,
1122 3453 1224 3506 nisi
1260 3454 1400 3521 quod
1432 3456 1500 3508 ibi
1530 3456 1726 3508 omissa

148 3582 1999 3609 Μ

1213 3712 1247 3781 Ι
1264 3712 1332 3783 Ν
1394 3713 1617 3783 ΤΟΜ
1633 3716 1786 3784 UM

1832 3186 1951 3240 dem
1977 3187 2243 3255 conjicere
2267 3187 2444 3251 liceat,
2475 3186 2556 3239 vel
2589 3185 2825 3239 altinem.
2853 3184 3044 3239 Verum
3065 3184 3177 3237 haec
3196 3182 3261 3236 de
3285 3180 3412 3235 folle

1834 3279 2165 3349 accipienda,
2198 3290 2460 3347 quatenus
2497 3288 2698 3332 certum
2750 3276 2948 3331 nummi
2993 3275 3159 3342 genus
3205 3272 3410 3342 signifi-

1836 3380 1940 3425 cat.
1972 3371 2135 3424 Follis
2157 3371 2298 3424 enim
2328 3370 2444 3422 aliae
2467 3379 2610 3433 sunt,
2637 3369 2690 3421 in
2715 3384 2774 3421 re
2798 3383 2845 3435 pr
2863 3367 3119 3428 cuniaria,
3145 3365 3415 3425 notiones,

1838 3477 1957 3529 quce
1984 3462 2049 3515 ad
2074 3476 2188 3515 rem
2217 3460 2318 3514 hoc
2344 3446 2464 3513 loco
2494 3474 2598 3513 non
2631 3460 2844 3510 faciunt.
2871 3457 3017 3509 lo-rn.

3298 3589 3406 3607 0-

1860 3716 2320 3788 SEXTUM.

1641 3894 1925 3907 -——_

302 3991 709 4049 DESlDERiUS
749 3992 1065 4049 ERASMUS
1104 3995 1193 4048 AD
1232 3995 1619 4062 LECTOREM,

586 4099 652 4136 DE
678 4099 1063 4145 ρυλεςτιοκιθυε
1092 4102 1315 4141 LXXXIII.

236 4173 484 4241 Agnosrit
510 4176 725 4244 qu'dem
757 4175 855 4228 hoc
884 4190 1019 4242 opus
1040 4177 1389 4246 Augustinus,
1415 4179 1540 4232 mihi
1566 4186 1741 4235 tamen

168 4266 375 4322 videtur
402 4284 428 4321 a
460 4269 704 4321 studioso
734 4269 979 4335 quopiam
1012 4284 1075 4322 cx
1124 4271 1374 4335 omnibus
1421 4270 1561 4324 illius
1594 4272 1743 4326 libris

172 4356 467 4419 collectum,
497 4360 549 4412 iu
584 4358 723 4426 quod
753 4366 1063 4425 congestum
1106 4368 1189 4413 est
1218 4360 1259 4412 si
1304 4361 1428 4427 quid
1457 4361 1746 4416 haberetur

175 4450 403 4515 argutius
428 4451 739 4504 dissertum.
790 4451 919 4503 lluic
969 4450 1145 4503 studio
1189 4451 1372 4505 favens
1416 4454 1742 4521 Augustinus

178 4543 492 4606 recognovit,
536 4551 588 4592 et
618 4541 857 4607 quaedam
890 4540 1149 4593 elimavit.
1202 4541 1349 4595 Ilanc
1378 4544 1737 4609 conjecturam

182 4638 276 4677 non
297 4631 509 4681 omnino
532 4629 793 4681 somnium
819 4644 938 4682 esse
960 4630 1190 4683 declarat
1218 4630 1367 4694 illud,
1389 4631 1526 4697 quod
1549 4648 1666 4699 qua:
1701 4640 1738 4683 t.

188 4713 246 4764 te
271 4718 421 4771 habet
450 4720 800 4786 fragmentum
831 4732 893 4771 ex
924 4718 1108 4771 Fontei
1143 4721 1290 4771 libris
1316 4720 1646 4786 tleccrptum.
1686 4723 1748 4772 lit

190 4819 294 4869 cap.
324 4810 383 4861 51
419 4811 579 4862 habet
623 4811 796 4861 locum
838 4824 901 4861 ex
932 4808 1165 4861 secundo
1193 4810 1261 4862 Μ.
1289 4810 1445 4862 Tullii
1477 4811 1543 4862 de
1569 4812 1750 4863 luven-

192 4897 317 4953 tione
344 4902 474 4955 libro
503 4901 849 4967 descriptum.
879 4901 1014 4955 Sunt
1045 4910 1221 4953 autem
1252 4911 1304 4952 et
1330 4901 1433 4953 alia
1473 4917 1591 4969 qua:
1619 4900 1748 4954 mihi

194 5003 282 5041 non
304 4994 544 5047 videntur
566 5008 659 5061 per
684 4994 860 5045 omnia
889 5007 1076 5058 sapere
1104 4992 1321 5060 phrasin
1349 4993 1643 5059 Augustini.
1669 4993 1747 5046 Ad

194 5075 291 5134 ha'c
315 5094 462 5137 erant
484 5084 725 5151 quzedam
750 5071 991 5150 confusa,
1014 5084 1095 5137 vel
1118 5084 1219 5136 huc
1245 5083 1493 5136 translata
1518 5098 1584 5136 ex
1606 5099 1751 5151 qua!-

195 5174 433 5229 stionibus
482 5175 910 5243 Evangeliorum,
959 5177 1042 5228 vel
1098 5175 1221 5228 hinc
1268 5176 1358 5229 illo
1412 5177 1745 5229 transmissa.

196 5261 447 5321 Postremo
478 5269 641 5320 multa
673 5276 797 5319 sunt
818 5282 937 5334 qua:
966 5281 1069 5319 non
1097 5267 1293 5320 habent
1324 5267 1485 5319 ullam
1515 5268 1748 5333 speciem

199 5358 500 5418 quaestionis,
533 5357 630 5408 nisi
653 5357 792 5424 quod
822 5357 1073 5425 quidquid
1101 5356 1278 5410 doceri
1312 5367 1510 5425 potest,
1539 5357 1675 5410 idem
1700 5365 1754 5410 et

195 5450 334 5513 quani
363 5456 562 5516 potest.
601 5445 671 5497 Ita
702 5454 778 5497 tot
809 5455 1096 5498 nascentur
1120 5446 1441 5512 qnmstiones
1470 5454 1599 5513 quot
1627 5454 1750 5497 sunt

190 5544 469 5605 sententiae,
494 5542 607 5593 sive
640 5538 935 5606 proloquia.
983 5539 1159 5608 ipsum
1192 5547 1369 5593 tamen
1409 5553 1541 5593 oous
1562 5538 1749 5593 erudi-

191 5638 291 5685 tum
316 5639 397 5686 est
423 5642 475 5683 et
506 5630 648 5683 lectu
674 5628 915 5698 dignum.

2308 3997 2949 4056 ANIMADVERSlONES

2174 4110 2223 4147 IN
2263 4107 2465 4146 Ελςοειι
2505 4101 2840 4153 ρυλεετιοςεε
2879 4102 3095 4142 LXXXIII.

1917 4186 2119 4250 Qumst.
2154 4186 2207 4239 9.
2246 4184 2393 4249 Quod
2423 4199 2523 4235 non
2550 4191 2718 4233 manet
2739 4182 2926 4249 percipi
2955 4196 3051 4231 non
3081 4185 3263 4246 potest,
3292 4177 3425 4230 illud

1845 4276 1982 4327 enim
2012 4275 2291 4342 percipitur
2307 4272 2444 4342 quod
2474 4270 2682 4323 scientia
2705 4264 3431 4334 comprehendimuCompru

1847 4365 2002 4417 [tendi
2024 4372 2189 4417 autem
2222 4380 2321 4414 non
2350 4368 2511 4430 potest
2541 4359 2678 4429 quod
2704 4360 2813 4412 sine
2843 4358 3210 4411 intermissione
3251 4362 3420 4405 muta-

1847 4466 1949 4510 tnr.
1985 4454 2107 4507 Non
2154 4462 2229 4507 est
2266 4454 2420 4523 igitur
2468 4451 2810 4513 exspectanda
2838 4450 3097 4502 sinceritas
3140 4443 3361 4498 veritatis
3390 4459 3425 4495 ο

1844 4546 2070 4600 sensibus
2100 4542 2374 4613 corporis.]
2404 4542 2490 4595 Sic
2521 4542 2679 4596 solvit
2710 4542 3030 4610 Augustinus
3051 4537 3423 4606 quaestionem,

1848 4645 2021 4689 ntrnm
2051 4635 2298 4688 sensibus
2324 4634 2599 4700 corpureis
2647 4633 2843 4700 percipi
2874 4631 3070 4683 vei-Ita's
3112 4624 3299 4693 possit.
3331 4623 3421 4676 Est

1805 4771 1813 4780 .
1849 4727 2121 4780 Platonica
2154 4726 2509 4788 ratiocinatio,
2542 4724 2692 4791 cujus
2725 4725 2840 4787 quis
2869 4723 2936 4774 sit
2978 4733 3103 4771 usus
3136 4732 3239 4770 non
3266 4704 3429 4768 intel-

1850 4817 1989 4883 ligo;
2019 4816 2117 4870 nisi
2152 4818 2195 4869 si
2224 4816 2341 4884 quis
2372 4816 2497 4867 velit
2527 4816 2576 4866 in
2626 4813 2846 4865 dubium
2898 4822 3146 4861 revocare
3189 4808 3425 4859 testimo-

1855 4910 1999 4962 nium
2052 4922 2303 4961 senSunm
2361 4907 2416 4959 in
2458 4906 2614 4957 rebus
2654 4901 2945 4966 corporeis,
2974 4914 3077 4966 quo
3107 4908 3280 4953 tamen
3313 4897 3424 4964 ipsa

1855 4997 2149 5051 Christiana
2199 4996 2330 5047 ﬁdes
2380 4993 2585 5046 nititur.
2641 4991 2762 5045 Scin
2810 4989 3174 5057 pbilosophico
3201 4989 3426 5057 quodam

1857 5101 2014 5139 sensu
2038 5097 2193 5151 posse
2222 5083 2323 5136 dici
2356 5096 2546 5135 sensus
2577 5097 2602 5133 a
2632 5081 2741 5135 Deo
2769 5080 2920 5133 nobis
2946 5081 3097 5133 datos
3138 5094 3239 5132 non
3270 5079 3429 5131 fuisse

1858 5188 1909 5231 lli
1946 5176 2182 5229 intimam
2214 5189 2389 5228 rerum
2424 5183 2687 5237 naturam,
2722 5182 2775 5227 et
2804 5174 3057 5226 veritates
3082 5170 3320 5225 occultas
3343 5182 3431 5221 eoo

1859 5282 1973 5320 rum
2003 5281 2101 5333 ope
2122 5280 2537 5335 cognoscamus;
2570 5265 2662 5320 sed
2692 5267 2803 5319 haec
2831 5265 2894 5318 ad
2927 5264 3252 5329 thco'Ogicas
3282 5274 3435 5328 qum-

1857 5358 2062 5408 stiones
2087 5372 2189 5409 non
2221 5356 2509 5424 pertinent.
2536 5356 2691 5409 Multa
2726 5356 2812 5410 hic
2839 5363 2965 5408 sunt
3006 5368 3124 5421 qua:
3173 5348 3409 5404 Piatonis

1860 5463 2002 5499 mum
2029 5447 2288 5500 redolent.

1932 5537 2134 5601 Qumst.
2169 5538 2255 5593 16.
2293 5536 2424 5588 Dens
2452 5537 2673 5589 omnium
2701 5552 2811 5604 qum
2843 5542 2955 5586 sunt
2986 5546 3137 5585 causa
3165 5536 3257 5581 est.
3286 5525 3435 5591 Quod

1865 5637 2030 5679 autem
2063 5629 2285 5681 omnia»:
2313 5644 2480 5680 rerum
2521 5644 2669 5679 causa
2702 5637 2793 5688 cst,
2825 5624 2973 5677 ctiam
3027 5619 3286 5675 sanicntia:
3331 5631 3438 5671 sum
