3900 6314
492 278 591 337 Ml

1384 268 1932 326 SUPPLEMENTUM
1967 266 2058 320 AD
2096 263 2322 320 OPERA
2359 264 2415 319 S.
2458 264 2841 329 AUGUSTINI,

3645 265 3743 324 412

495 407 648 444 causa
676 388 796 460 esl.]
826 390 1000 455 Quare
1029 402 1133 440 non
1162 384 1291 439 dicit
1317 384 1396 437 sui
1424 384 1583 452 ipsius
1628 398 1785 434 causa
1820 382 1933 433 est?
1976 377 2067 432 Ni—
2095 378 2148 437 Α
2173 377 2314 433 illius
2344 379 2463 442 aevi,
2496 380 2729 447 quinque
2758 375 3035 445 collegeris
3058 371 3177 430 esse
3205 374 3409 429 divinas
3452 389 3724 443 personas,

496 483 710 544 mirum,
732 479 852 549 quia
875 476 1187 533 certissimis
1208 474 1689 543 metaphysicorum
1714 468 2067 524 axinmatibus

499 570 601 624 hoc
633 579 910 638 repugnat.
946 570 1188 620 Attamen
1218 565 1357 617 idem
1405 562 1520 615 aliis
1548 560 1723 614 verbis
1765 559 1913 622 dicit,
1944 573 2065 612 nam

498 660 759 728 sapientia
795 659 882 711 Dei
915 667 996 711 est
1024 658 1135 724 ipse
1167 656 1327 708 Deus.
1375 653 1490 706 Non
1518 661 1598 707 est
1627 650 2065 705 dissimulandum

499 750 567 803 ita
599 749 739 817 loqui
772 748 957 800 solitos
1005 746 1322 800 Platonicos.
1366 742 1626 797 Aristides
1655 752 1781 796 tom.
1824 742 1863 805 l,
1891 740 1982 796 Or.
2013 743 2065 807 l,

499 855 551 907 p.
584 838 637 905 5,
664 839 729 891 de
763 839 871 890 Deo
897 856 907 891 :
939 838 1171 893 Ἐποίησε
1202 842 1403 909 πρῶτος
1433 836 1583 893 αὐτὸς
1612 834 1787 887 ἑαυτὸν
1813 851 1825 887 :
1863 831 2069 884 Primus

498 930 607 993 ipse
624 943 676 981 se
696 927 832 995 fecit.
857 926 1021 979 Paulo
1048 935 1195 993 post:
1218 924 1336 978 Ὃδε
1362 925 1491 988 Zeti,
1514 924 1716 997 πρῶτός
1732 943 1785 975 τε
1808 925 1892 975 καί
1911 943 2072 996 πρεσ-

502 1018 719 1076 ϐύτατος
750 1021 834 1069 καὶ
863 1018 1153 1090 ἀρχηγέτης
1184 1022 1282 1069 τῶν
1309 1016 1527 1077 πάντων,
1555 1014 1707 1072 αὐτὸς
1739 1015 1787 1076 ἐξ
1808 1014 1960 1066 αὐτοῦ
1986 1034 2068 1084 γε·

499 1106 812 1176 νόμενος.....
845 1108 1146 1176 αὐτοπάτωρ
1174 1125 1226 1159 τε
1262 1108 1345 1158 καὶ
1370 1108 1547 1173 μείζων
1567 1103 1596 1161 ἧ
1626 1105 1677 1166 ἒξ
1698 1101 1845 1157 ἄλλου
1875 1105 2072 1175 γεγονέ-

498 1219 580 1250 ναι
599 1213 611 1225 '
643 1199 726 1250 καὶ
754 1198 929 1270 ὥσπερ
958 1202 1045 1255 τὴν
1070 1198 1270 1253 Ἀθηνᾶν
1309 1194 1410 1269 ἄρα
1444 1198 1497 1249 ἐκ
1529 1203 1621 1254 τῆς
1649 1195 1859 1266 κεφαλῆς
1889 1193 2069 1263 ἔφυσε,

500 1290 585 1341 καὶ
605 1290 771 1359 ’γάμου
798 1287 935 1340 οὐδὲν
954 1285 1261 1359 προσεδεήθη
1292 1289 1361 1344 εἰς
1387 1288 1561 1349 αὐτὴν,
1593 1285 1753 1344 οὕτως
1784 1283 1858 1338 ἔτι
1886 1284 2072 1357 nptias-

501 1395 590 1449 ρον
616 1376 763 1435 αὐτὸς
795 1377 970 1430 ἑαυτὸν
997 1377 1049 1439 ἐξ
1080 1377 1263 1430 ἑαυτοῦ
1294 1377 1522 1432 ἐποίησε.
1557 1373 1656 1426 llic
1684 1383 1755 1425 est
1804 1374 1997 1440 primus
2026 1382 2075 1427 et

500 1467 898 1533 antiquissimus,
929 1474 972 1519 et
993 1469 1216 1518 omnium
1245 1466 1497 1536 princeps,
1530 1465 1636 1531 ipse
1657 1480 1718 1517 ex
1737 1480 1790 1517 se
1815 1467 2070 1533 factus....

504 1564 646 1622 pater
668 1556 747 1608 sui
764 1556 943 1620 ipsius,
964 1564 1010 1606 et
1031 1558 1195 1625 major
1219 1571 1366 1621 quam
1388 1565 1525 1607 utea:
1540 1553 1645 1606 alio
1668 1562 1814 1617 esset,
1838 1562 1883 1605 et
1904 1569 2077 1620 quem-

501 1646 774 1697 admodum
799 1660 922 1696 sane
951 1643 1229 1696 Minervam
1256 1660 1316 1696 ex
1352 1645 1515 1710 capite
1543 1645 1733 1712 genuit,
1767 1659 1857 1695 nec
1890 1645 2077 1709 nuptiis

2168 468 2307 538 quod
2336 469 2447 522 sint
2492 479 2720 536 quatuor
2743 467 3024 530 elementa,
3048 475 3102 520 et
3121 465 3301 533 quinta
3335 467 3598 533 essentia,
3634 482 3726 535 qua

2170 562 2290 615 creti
2321 570 2387 619 et,
2408 560 2682 613 hominum
2717 569 2921 614 mentes
2942 566 3206 613 constant.
3239 558 3420 623 Qualia
3453 557 3727 613 innumera

2170 659 2387 719 possent
2416 650 2559 719 tingi.
2584 648 2688 704 Sed
2721 657 2775 703 et
2816 647 2938 702 audi
2966 647 3289 701 rhetoricum
3343 657 3730 714 argumentmn,

2171 757 2237 795 ne
2279 755 2390 794 sum
2418 740 2545 793 artis
2569 739 2971 792 oblivisceretur
2999 736 3170 791 bonus
3216 736 3461 789 antistes.
3515 733 3737 803 Ideoque

2170 833 2324 887 etiam
2347 848 2461 884 cum
2476 831 2659 884 veritas
2683 832 2946 899 qum-itur,
2970 828 3084 897 plus
3101 842 3254 896 quam
3274 826 3373 878 tria
3398 841 3586 896 genera
3602 841 3737 894 qua!-

2170 922 2391 974 stionum
2413 936 2519 972 esse
2546 935 2647 971 non
2674 927 2881 985 possunt
2908 926 3077 969 utrum
3103 916 3308 969 omnino
3339 917 3426 978 sit,
3450 924 3629 967 utrum
3649 913 3740 967 hoc

2172 1030 2240 1065 an
2282 1013 2425 1065 aliud
2454 1012 2539 1076 sit,
2568 1021 2735 1064 utrum
2763 1008 3145 1078 approbandum
3172 1005 3622 1075 improbandumve
3657 1008 3736 1061 sit.

2172 1104 2364 1172 Quidni
2407 1104 2542 1157 alius
2583 1103 2831 1156 similiter
2869 1110 3097 1169 quatuor
3127 1112 3245 1154 esse
3293 1111 3553 1164 personas
3582 1095 3736 1158 dicat,

2173 1192 2312 1261 quod
2343 1192 2447 1247 sint
2475 1201 2701 1260 quatuor
2730 1189 3012 1245 rhetorica:
3040 1198 3238 1256 partes,
3281 1185 3546 1249 inventio,
3568 1183 3739 1253 dispo-

2174 1284 2319 1348 sitio,
2345 1283 2575 1337 elocutio
2604 1297 2664 1337 ac
2687 1279 3068 1350 pronuntiatio,
3094 1284 3187 1331 aut
3214 1275 3353 1344 quod
3384 1276 3499 1329 sint
3522 1281 3743 1343 quatuor

2177 1373 2358 1442 ligurte
2398 1370 2858 1441 syllogismorum?
2898 1370 2985 1435 At,
3015 1367 3245 1435 inquies,
3280 1364 3613 1433 Augustinus
3639 1361 3744 1415 hinc

2176 1463 2326 1530 quasi
2352 1471 2663 1531 argumenta
2694 1459 2841 1513 lirma
2871 1474 2974 1511 non
3003 1456 3246 1525 protulit,
3270 1454 3363 1507 sed
3392 1452 3575 1521 potius
3601 1451 3743 1520 quasi

2177 1552 2572 1606 illustrationes
2601 1549 2858 1617 quasdam
2907 1546 3300 1617 philosophicas
3346 1557 3409 1596 ac
3455 1540 3746 1596 rhetoricas

2178 1640 2420 1695 veritatis
2450 1639 2662 1693 aliunde
2698 1639 2987 1705 exploratae
3016 1634 3277 1704 profudit;
3304 1641 3357 1687 et
3379 1630 3605 1701 quidem
3633 1629 3745 1691 tiro,

501 1738 611 1805 ejus
639 1750 793 1787 causa
817 1734 1056 1801 indiguit,
1088 1734 1159 1785 sic
1187 1733 1356 1785 adhuc
1386 1734 1528 1800 prius
1553 1734 1661 1799 ipse
1686 1749 1739 1785 se
1773 1749 1833 1786 ea:
1856 1748 1909 1785 se
1935 1733 2069 1801 fecit.
2102 1727 2147 1786 B
2176 1745 2294 1785 cum
2319 1730 2546 1797 primum
2577 1729 2629 1781 in
2662 1726 2898 1781 Africam
2937 1741 3002 1780 ex
3040 1724 3182 1778 Italia
3214 1721 3478 1776 rediisset.
3510 1718 3616 1774 Sed
3649 1718 3749 1786 pri-

502 1824 591 1879 Sic
620 1839 743 1878 vero
772 1823 972 1893 colligit
1003 1823 1323 1892 Augustinus
1353 1825 1703 1877 aeternitatem
1738 1823 1876 1887 Filii,
1907 1838 1972 1876 ex
1996 1822 2075 1875 al-

502 1918 623 1970 latis
654 1916 872 1970 verbis:
906 1914 1074 1988 Igitur
1102 1917 1420 1986 sempitrrnm
1463 1916 1727 1983 sapientia:
1771 1930 1877 1968 suae
1919 1930 2076 1966 causa

503 2016 574 2058 est
603 2006 926 2073 sempiterna,
951 2021 1040 2060 nec
1064 2014 1283 2075 tempore
1312 2007 1451 2075 prior
1473 2015 1565 2070 cst,
1591 2021 1740 2072 quam
1765 2021 1859 2058 sua
1878 2006 2077 2074 sapien-

504 2097 592 2147 tia.
630 2094 768 2148 Idem
799 2095 1100 2164 collegeris,
1128 2096 1171 2148 si
1202 2106 1342 2150 recta
1372 2096 1441 2148 sit
1472 2096 1585 2149 hazc
1616 2095 1973 2159 ratiocinatio,
2006 2095 2072 2148 de

504 2184 720 2253 reliquis
743 2184 990 2238 omnibus
1013 2184 1107 2237 Dei
1132 2185 1414 2238 attributis.
1450 2184 1589 2237 Deus
1619 2186 1761 2239 enim
1794 2188 1895 2239 erit
1919 2200 2075 2239 causa

503 2287 615 2327 sua:
656 2273 929 2338 bonitatis,
978 2287 1088 2326 sua:
1132 2280 1403 2340 potent-az.
1438 2289 1546 2326 sua:
1588 2274 1828 2340 justitize,
1859 2284 1987 2335 etc..
2016 2289 2079 2327 ac

504 2364 727 2431 proinde
754 2364 970 2417 totidem
998 2372 1156 2417 erunt
1182 2364 1300 2417 Filii
1331 2363 1426 2417 Dei
1455 2375 1581 2431 quot
1610 2372 1737 2417 sunt
1777 2365 1895 2431 ejus
1931 2366 2079 2418 attri-

506 2454 653 2517 buta,
685 2467 789 2519 quo
834 2450 964 2505 nihil
995 2453 1280 2508 absurdius
1328 2454 1453 2523 tingi
1500 2461 1693 2521 potest.
1740 2455 2081 2509 Prmstitisset

500 2556 632 2612 ergo
657 2541 926 2597 abstinere
954 2543 1215 2610 ejusmodi
1247 2543 1757 2607 ratiocinationibus,
1785 2544 1978 2612 quibus
2002 2546 2081 2597 ui-

506 2635 583 2689 hil
622 2634 832 2704 probari
858 2643 1064 2705 potest;
1096 2636 1391 2702 praesertim
1415 2636 1465 2689 in
1498 2652 1554 2689 re
1585 2644 1691 2689 tam
1723 2637 1881 2702 seria,
1915 2644 1968 2690 et
2007 2646 2083 2690 tot

507 2724 781 2780 acerrimis
808 2725 1191 2781 controversiis
1216 2739 1382 2794 usque
1405 2726 1539 2780 adeo
1568 2734 1777 2780 vexata.

576 2815 776 2880 Qumst.
813 2814 897 2869 18.
931 2814 1015 2869 Sic
1041 2815 1234 2883 prohat
1254 2815 1566 2869 Trinitatem
1595 2832 1609 2868 :
1638 2816 1797 2868 Omne
1826 2818 1961 2885 quod
1988 2823 2081 2881 est,

509 2904 649 2957 aliud
669 2913 741 2956 est
770 2920 870 2967 quo
899 2912 1113 2972 constat,
1146 2904 1289 2955 aliud
1335 2922 1432 2972 quo
1462 2906 1786 2969 discernitur,
1817 2906 1960 2957 aliud
1984 2921 2083 2973 quo

510 2995 757 3064 congruit.
779 2994 1023 3048 Universa
1038 2995 1192 3063 igitur
1213 3004 1446 3047 creatura
1467 2994 1510 3046 si
1530 3003 1577 3047 et
1598 3003 1670 3047 est
1691 3011 1888 3063 quoquo
1910 2997 2081 3057 modo,

2176 1836 2317 1875 mum
2355 1820 2437 1874 hac
2463 1834 2567 1873 non
2600 1826 2750 1883 sunt,
2781 1817 2823 1871 si
2848 1816 3126 1871 veritatem
3154 1826 3397 1876 amanus,
3437 1808 3748 1864 illustratio-

2178 1926 2291 1975 nes,
2316 1925 2498 1965 verum
2527 1908 2928 1964 obscurationes
2948 1905 3211 1966 veritatis,
3242 1916 3359 1971 quin
3389 1900 3639 1953 futilibus
3660 1897 3749 1949 hu-

2173 2001 2403 2071 jusmodi
2454 1998 2675 2069 argutiis
2708 1997 2930 2051 minime
2978 1995 3197 2063 indiget,
3244 2001 3296 2047 et
3341 1990 3745 2044 dehonestatur.

2181 2092 2464 2154 Praeterea,
2489 2098 2545 2142 ut
2568 2089 2681 2157 ipse
2703 2093 2948 2149 testatur,
2973 2084 3113 2137 hunc
3129 2082 3322 2136 librum
3339 2080 3447 2149 jam
3466 2078 3748 2146 episcopus

2180 2197 2242 2235 ex
2262 2179 2493 2248 antiquis
2515 2177 2728 2231 schedis
2749 2174 2924 2243 colligi
2944 2174 3122 2242 jussit,
3143 2171 3295 2241 cujus
3318 2170 3555 2222 maxima
3586 2178 3747 2235 parte,

2178 2273 2295 2325 sine
2329 2271 2431 2323 ulla
2480 2270 2561 2323 vel
2588 2268 2803 2321 minima
2831 2267 3057 2331 jactura,
3086 2262 3324 2316 Numida:
3352 2268 3646 2327 potuerunt
3670 2270 3749 2310 ca-

2180 2376 2327 2421 rere;
2358 2368 2410 2412 et
2436 2360 2487 2411 in
2519 2357 2668 2411 libris
2693 2357 2823 2423 ipsis
2848 2354 2914 2408 de
2953 2352 3239 2413 Trinitate,
3266 2350 3334 2403 ab
3362 2350 3625 2418 episcopo
3649 2361 3739 2400 ma~

2180 2464 2283 2518 gno
2309 2448 2485 2500 studio
2507 2447 2817 2510 elaboratis,
2852 2444 2974 2497 talia
3013 2442 3179 2496 multa
3209 2450 3350 2494 sunt.

2254 2542 2454 2607 Quaest.
2483 2539 2572 2593 24.
2600 2536 2840 2590 Meritum
2873 2544 3044 2589 autem
3076 2548 3232 2600 poena:
3259 2541 3551 2595 peccatum,
3580 2538 3627 2582 et
3654 2543 3744 2582 me-

2182 2633 2336 2684 ritum
2373 2629 2570 2696 praemii
2598 2640 2730 2681 recte
2761 2630 2951 2695 factum
2977 2623 3094 2694 εει]
3128 2624 3235 2677 Hoc
3264 2631 3345 2676 est
3375 2623 3634 2675 meritum
3656 2628 3742 2681 est,

2181 2737 2289 2792 quo
2319 2734 2472 2789 poena
2520 2718 2858 2773 contrahitur
2897 2726 2952 2771 et
2998 2729 3107 2784 quo
3148 2714 3422 2782 pratmium
3470 2710 3743 2779 accipitur.

2185 2812 2374 2868 Subdit
2400 2829 2414 2865 :
2446 2810 2555 2864 Nec
2585 2818 2844 2878 peccatum
2873 2818 3061 2870 autem,
3089 2823 3179 2861 nec
3204 2815 3339 2860 recte
3368 2807 3569 2871 factum
3593 2805 3746 2869 impu-

2187 2904 2285 2956 tari
2313 2904 2549 2972 cuiquam
2570 2904 2710 2971 juste
2739 2908 2917 2969 potest,
2947 2899 3037 2968 qui
3067 2897 3195 2950 nihil
3224 2897 3397 2966 fecerit
3436 2895 3651 2963 prapria
3670 2908 3745 2946 voc

2187 2994 2398 3046 luntate.
2431 2992 2520 3045 Est
2538 2993 2693 3060 igitur
2714 3000 2757 3042 et
2785 2998 3043 3058 peccatum
3063 2996 3109 3041 et
3131 2998 3261 3041 recte
3287 2987 3477 3054 factum
3501 2986 3559 3037 in
3586 2984 3747 3044 libero,

511 3091 555 3136 et
584 3083 645 3134 ab
673 3098 728 3133 eo
751 3082 886 3148 quod
908 3083 1111 3133 omnino
1136 3082 1265 3133 nihil
1291 3090 1362 3133 est
1393 3083 1668 3149 plurimum
1694 3085 1869 3149 distat,
1904 3094 1952 3136 et
1978 3087 2081 3139 suis
2111 3076 2155 3137 C
2185 3084 2455 3137 voluntatis
2484 3082 2711 3135 arbitrio.
2742 3082 2798 3134 In
2828 3078 3317 3135 Retractationihus
3356 3090 3483 3131 vero
3524 3077 3594 3128 ad
3626 3075 3747 3127 hanc

512 3172 738 3241 partibus
785 3172 981 3224 sibimet
1007 3174 1260 3242 congruit,
1304 3189 1511 3225 causam
1540 3190 1733 3242 quoque
1762 3179 1871 3247 ejus
1900 3178 2081 3231 trinam

512 3279 618 3318 esse
644 3270 836 3332 oportet
863 3277 883 3315 :
908 3280 1008 3332 qua
1035 3263 1119 3326 sit,
1147 3278 1245 3330 qua
1272 3262 1368 3316 hoc
1394 3265 1479 3328 sit,
1507 3281 1605 3333 qua
1633 3265 1730 3319 sibi
1757 3268 1921 3319 amica
1967 3268 2081 3340 sit.]

515 3353 870 3419 Praeterquam
899 3351 1038 3420 quod
1068 3352 1181 3407 lucc
1230 3352 1588 3409 abstractione
1632 3355 1889 3409 duntaxat
1917 3358 2083 3413 animi

513 3441 927 3509 distinguuntur,
956 3457 1016 3498 ac
1046 3444 1272 3512 proinde
1302 3459 1405 3499 non
1436 3459 1569 3513 opus
1617 3447 1815 3501 habent
1859 3448 2083 3504 diversis

515 3533 712 3599 causis,
760 3548 825 3587 an
873 3549 976 3588 non
1010 3535 1276 3589 variarum
1318 3552 1492 3591 rerum
1526 3548 1694 3605 potest
1724 3554 1840 3593 esse
1865 3556 1965 3593 una
1991 3555 2083 3595 ea-

514 3624 740 3691 demque
790 3625 1179 3693 simplicissima
1227 3628 1427 3681 causa?
1457 3627 1568 3682 Nisi
1616 3629 1718 3683 hoc
1747 3630 2080 3697 admittatur,

514 3723 647 3783 quot
668 3714 920 3783 distingui
952 3726 1199 3783 poterunt
1220 3716 1270 3769 in
1298 3717 1559 3771 creaturis
1583 3721 1958 3786 proprietates,
1982 3729 2086 3774 tot-

516 3804 659 3858 idem
711 3812 867 3858 erunt
911 3819 1151 3871 personae
1204 3806 1420 3858 divinae.
1466 3806 1755 3861 llmrcticos
1797 3809 1934 3863 illius
1985 3810 2086 3864 azvi

520 3900 737 3959 oportet
764 3892 918 3945 valde
946 3894 1152 3961 stipites
1205 3894 1390 3957 fuisse,
1435 3895 1478 3948 si
1510 3896 1574 3949 ad
1622 3897 1744 3950 talia
1775 3911 2088 3969 argumenta

517 3982 975 4039 obmutescerent.
1009 3994 1101 4037 aut
1133 3984 1469 4039 adversarios
1497 4001 1602 4040 non
1635 3988 1943 4044 irriderent.
1981 3991 2086 4045 Sed

518 4079 574 4123 et
601 4067 1016 4125 orthodoxorum
1048 4087 1205 4125 aures
1228 4081 1385 4141 atque
1415 4075 1553 4129 oculi
1582 4077 1844 4143 patientes
1877 4078 2088 4133 fuerunt

520 4159 831 4225 quarumvis
857 4174 1156 4216 sermonum
1182 4171 1234 4217 et
1265 4164 1545 4233 librorum,
1578 4167 1621 4221 si
1643 4166 1903 4235 ejusmodi
1932 4170 2091 4222 ratio-

519 4249 872 4305 cinationibus
898 4251 1143 4306 delectati
1174 4263 1315 4307 sunt.
1345 4256 1425 4310 Me
1453 4255 1716 4325 profecto,
1750 4273 1817 4312 ne
1842 4258 1967 4327 quid
1989 4258 2091 4313 dis-

519 4342 1103 4407 simulem,ofl’eudunt,
1129 4362 1248 4399 cum
1278 4359 1467 4415 reputo
1501 4358 1604 4401 tam
1632 4364 1819 4418 graves
1838 4350 2090 4417 qtuestio-

2186 3173 2528 3241 quaestionem
2555 3188 2569 3225 :
2596 3172 2743 3236 Quod
2760 3172 2832 3223 ita
2853 3185 2979 3233 esse,
3002 3168 3193 3237 inquit,
3222 3167 3425 3218 omnino
3448 3165 3747 3217 t‘erissimum

2184 3273 2278 3327 est,
2307 3263 2396 3315 sed
2422 3270 2475 3315 ut
2517 3264 2584 3315 ad
2636 3272 2767 3314 recte
2792 3259 3080 3328 faciendum
3106 3256 3317 3309 liberum
3349 3256 3446 3315 sit,
3476 3252 3571 3305 Dei
3593 3252 3752 3323 gratia

2185 3353 2438 3407 liberetur.
2472 3352 2663 3406 Verum
2687 3351 2787 3404 hac
2804 3358 2887 3405 est
2907 3362 3137 3418 quoque.
3162 3346 3266 3401 Sed
3289 3354 3343 3398 ut
3374 3353 3478 3398 stet
3502 3344 3589 3396 illa
3627 3342 3753 3411 prior

2188 3443 2467 3511 Augustini
2498 3442 2781 3509 responsio
2802 3481 2817 3504 ,
2849 3441 2919 3494 ita
2951 3448 3010 3492 ut
3038 3440 3275 3491 actiones
3303 3436 3577 3490 hominum
3614 3433 3751 3487 malae

2186 3544 2240 3588 et
2268 3534 2419 3588 bona:
2462 3534 2619 3587 tribui
2678 3542 2875 3600 queant
2920 3544 3105 3585 eorum
3160 3528 3329 3582 libero
3378 3526 3624 3588 arbitrio,
3657 3537 3749 3576 non

2188 3632 2389 3678 tantum
2422 3625 2455 3678 ii
2495 3625 2734 3679 homines
2772 3624 2860 3691 qui
2893 3632 3169 3676 servantur
3195 3621 3388 3674 debent
3419 3618 3633 3671 liberari
3665 3614 3747 3668 Dei

2187 3716 2380 3783 gratia,
2404 3714 2496 3768 sed
2521 3723 2575 3767 et
2602 3714 2637 3766 ii
2659 3714 2748 3781 qui
2777 3714 3118 3776 damnantur,
3144 3711 3213 3764 ita
3243 3711 3384 3764 servi
3410 3708 3612 3777 peccati
3640 3706 3749 3759 lacti

2190 3819 2308 3859 esse
2336 3806 2654 3869 debuerunt,
2690 3814 2748 3857 ut
2791 3819 2897 3859 non
2929 3803 3232 3858 necessario
3269 3808 3575 3871 peccarent,
3607 3809 3750 3865 atque

2189 3897 2242 3952 in
2278 3898 2363 3950 illa
2396 3897 2653 3950 servitute
2681 3904 3041 3950 remanerent.
3069 3894 3271 3948 Deinde
3296 3891 3562 3961 quomodo
3591 3889 3748 3943 infan-

2192 3996 2270 4040 tes
2295 3986 2381 4052 qui
2404 3986 2705 4039 moriuntur
2727 4000 2831 4037 non
2865 3984 3140 4052 baptizati,
3163 3991 3219 4037 et
3246 3983 3459 4051 quibus,
3491 3995 3556 4035 ex
3587 3974 3750 4047 Augu-

2190 4080 2316 4134 stiui
2363 4080 2649 4143 sententia,
2678 4093 2849 4147 poena:
2880 4076 3210 4146 inﬂiguntur,
3248 4075 3459 4141 propria
3491 4072 3745 4125 voluntate

2191 4172 2514 4240 pcecarunt?
2561 4172 2637 4226 lla
2664 4170 2947 4238 opiniones
2978 4182 3101 4222 suas
3130 4173 3385 4220 retractat
3414 4162 3743 4232 Augustinus,

2193 4271 2428 4329 utquam
2462 4260 2737 4312 minimum
2770 4258 2821 4311 in
2854 4258 2920 4311 iis
2951 4264 3207 4310 mutatum
3239 4255 3407 4309 videri
3430 4254 3586 4316 velit;
3622 4248 3747 4303 unde

2194 4353 2249 4404 lit
2278 4363 2331 4404 ut
2358 4360 2578 4404 excuset
2605 4364 2749 4417 saepe
2774 4349 3051 4413 nonnulla,
3104 4347 3314 4401 omissis
3358 4345 3478 4398 aliis
3498 4359 3615 4413 qua:
3653 4354 3744 4393 non

522 4446 617 4486 nes
636 4445 800 4501 usque
821 4432 954 4486 adeo
972 4432 1178 4488 levibus
1196 4435 1504 4490 ratiunculis
1520 4438 1749 4504 solvi,ct
1770 4438 2090 4506 theologiam
2122 4431 2169 4489 D
2197 4442 2385 4495 minori
2409 4442 2784 4495 retractatione
2830 4439 3156 4507 indigebant.
3205 4438 3421 4501 Verum,
3453 4438 3549 4488 hac
3584 4435 3630 4486 in
3670 4444 3741 4494 re,

521 4521 876 4577 Christianam
920 4522 982 4576 iis
1013 4524 1390 4593 contaminari,
1434 4540 1497 4580 ac
1540 4526 1770 4580 ludibrio
1817 4528 2084 4580 interdum

523 4616 741 4683 exponi.
769 4615 841 4669 De
866 4615 932 4669 iis
952 4631 1067 4683 qua:
1109 4616 1322 4669 nonnisi
1370 4618 1695 4672 revelatione
1723 4617 1900 4671 divina
1938 4618 2090 4672 inno-

523 4716 771 4773 tueruut,
804 4721 899 4762 nec
940 4708 1143 4762 ratione
1178 4716 1400 4773 possunt
1442 4708 1675 4776 probari,
1712 4708 1878 4761 satius
1907 4708 2005 4761 fuit
2034 4718 2089 4761 et

524 4797 633 4851 sola
662 4798 949 4866 Scriptum
978 4800 1309 4863 auctoritate,
1339 4806 1394 4852 et
1438 4800 1569 4853 solis
1599 4802 1712 4867 ejus
1761 4799 1936 4853 verbis
1987 4798 2085 4852 uti.

525 4884 631 4940 Sed
659 4887 932 4942 audiamus
955 4897 1004 4941 ct
1031 4888 1309 4957 sequentia
1336 4905 1349 4941 :
1378 4886 1636 4942 Creatura:
1661 4898 1828 4941 autem
1858 4904 2086 4955 causam,

527 4974 582 5027 id
622 4985 696 5027 est
726 4975 884 5027 Deum
912 4985 1167 5032 auctorem
1191 4979 1426 5032 dicimus.
1461 4978 1597 5032 Vere
1625 4993 1779 5043 sane,
1831 4978 1924 5032 sed
1964 4978 2089 5047 quid

528 5063 691 5119 inde?
730 5062 940 5130 Oportet
993 5082 1111 5135 ergo
1152 5084 1260 5122 esse
1290 5068 1621 5133 Trinitatem,
1666 5087 1765 5137 qua
1795 5068 1923 5123 nihil
1960 5085 2092 5139 pra:-

444 5216 447 5219 _
527 5156 764 5219 stantius,
795 5155 1155 5224 intelligentius
1174 5167 1218 5211 et
1243 5159 1433 5212 beatius
1461 5161 1684 5213 invenire
1711 5161 1934 5231 perfecta
1958 5161 2091 5213 ratio

528 5255 708 5312 potest.
745 5247 873 5299 lisse
896 5245 1233 5310 Trinitatem,
1267 5247 1488 5313 line-est,
1520 5250 1753 5314 Patrem,
1788 5250 1978 5303 Filium
1998 5291 2010 5314 ,
2037 5259 2093 5304 et

528 5341 783 5410 Spiritum
813 5346 1077 5403 sanctum,
1101 5338 1291 5393 docent
1315 5356 1410 5394 nos
1441 5355 1606 5393 sacra:
1638 5342 1873 5411 paginm;
1904 5343 2092 5411 quibus

527 5433 744 5484 credere
761 5444 857 5484 nos
882 5445 973 5497 par
988 5440 1089 5493 eSI,
1113 5443 1216 5482 non
1238 5429 1408 5482 minus
1426 5444 1581 5497 quam
1605 5431 2094 5486 ratiocinationibus

530 5523 746 5573 nostris.
773 5522 837 5573 At
858 5520 1034 5588 colligi
1058 5534 1120 5572 ex
1145 5518 1604 5583 antecedentibus,
1631 5529 1688 5573 ut
1705 5520 1813 5586 jam
1836 5520 2093 5588 diximus,

533 5611 628 5671 hoc
656 5627 757 5666 non
792 5614 980 5679 potuit.
1014 5612 1259 5685 Alioquin
1290 5609 1474 5665 eodem
1507 5609 1643 5683 jure,
1667 5625 1731 5665 ex
1760 5612 2094 5687 philosophia

2194 4528 2423 4608 δεύτερος
2446 4532 2600 4592 πλοῦς
2633 4545 2741 4584 non
2774 4529 2869 4583 fuit
2902 4528 3123 4583 felicior.

2670 4661 3312 4719 ANIMADVERSIONES

2369 4791 2436 4829 AD
2461 4790 2710 4831 DIVERSAS
2735 4789 3067 4837 0053110355
3105 4790 3171 4828 AD
3200 4787 3583 4828 SIMPLICIANUI.

2264 4884 2425 4940 LtBltO
2447 4872 2483 4939 ἱ.
2508 4886 2687 4952 Quaest
2719 4888 2764 4939 Ι.
2799 4884 2875 4939 Ad
2907 4884 3064 4940 Rom.
3096 4900 3189 4950 vn,
3221 4885 3251 4937 7
3280 4893 3335 4939 et
3368 4897 3519 4953 seqq.
3551 4880 3742 4936 Videtur

2194 4976 2318 5027 mihi
2348 4978 2613 5046 Apostolus
2662 4976 3051 5046 transﬁgurarse
3073 4975 3125 5027 in
3153 4991 3207 5027 se
3247 4975 3495 5027 hominem
3539 4973 3625 5027 sub
3648 4971 3742 5037 lege

2193 5069 2430 5139 positum,
2454 5069 2598 5137 cujus
2620 5067 2776 5121 verbis
2795 5084 2857 5121 ea:
2878 5082 3093 5136 persona
3111 5083 3203 5119 sua
3230 5065 3493 5135 [equitata]
3513 5065 3625 5118 Fuit
3644 5062 3739 5114 haec

2195 5158 2353 5226 vulgo
2398 5166 2507 5211 tum
2538 5160 2791 5226 temporis
2820 5168 3031 5226 recepta
3063 5157 3349 5221 sententia,
3396 5170 3566 5225 eaque
3590 5154 3736 5208 veris-

2197 5250 2356 5311 sima,
2384 5258 2438 5302 et
2461 5264 2616 5316 quam
2661 5266 2929 5318 nunquam
2962 5259 3268 5305 revocasset
3289 5250 3627 5317 Augustinus,
3658 5239 3737 5297 nisi

2198 5353 2382 5411 postea
2413 5350 2628 5394 exortus
2640 5348 2785 5395 esset
2801 5341 3063 5410 Pelagius.
3081 5340 3215 5395 Vide
3237 5340 3302 5395 ad
3330 5350 3459 5394 tom.
3479 5340 3563 5393 lll.
3582 5337 3737 5392 Anim-

2198 5433 2406 5486 advers.
2433 5433 2483 5485 in
2507 5432 2663 5500 epist.
2694 5432 2758 5485 ad
2791 5432 3080 5486 Romanos.

2271 5522 2469 5589 Quaest.
2500 5522 2555 5589 2,
2592 5521 2619 5592 ᾗ
2664 5522 2719 5576 2.
2753 5521 3086 5576 lntentionem
3134 5521 3309 5587 Pauli,
3330 5537 3443 5592 qua:
3484 5537 3570 5591 per
3605 5522 3738 5570 totam

2209 5612 2489 5684 Epistolam
2515 5615 2661 5684 vigrt,
2690 5613 2860 5667 tenebo
2879 5629 3029 5687 quam
3058 5613 3337 5669 (aitsulam.
3364 5611 3488 5666 Πανί
3512 5622 3580 5666 est
3598 5617 3742 5661 autem
