3900 6352
167 269 255 326 H3

812 254 1166 312 VARIORUM
1208 249 1802 308 EXERCITATIONES
1840 249 1904 304 IN
1944 249 2002 305 S.
2044 247 2412 304 AYJGUSTINI
2450 248 2695 304 OPERA.

3290 246 3396 309 4M

162 392 208 436 ut
234 382 290 434 de
313 391 525 449 operum
551 370 735 426 mentis
761 382 906 420 nemo
927 366 1206 436 glorietur;
1249 366 1311 418 de
1346 363 1527 429 quibus
1552 361 1708 412 aude~
1737 363 1786 420 A
1817 375 1917 414 nus
1937 399 1950 421 ,
1993 372 2254 427 prolixam
2294 357 2706 424 disputationem
2739 371 2856 426 qua:
2883 359 3118 426 sequitur
3140 399 3156 423 ,
3184 359 3251 414 de
3289 368 3401 417 ele-

164 472 264 524 bant
288 463 544 520 Israelita:
570 458 798 530 gloriari,
831 455 969 525 quod
1016 455 1148 507 data:
1174 453 1270 506 sibi
1316 450 1414 521 legi
1442 449 1706 502 servissent

160 571 201 616 et
223 576 279 614 et:
306 560 402 609 hac
427 550 767 623 evangelicam
789 547 1009 616 gratiam
1037 555 1276 610 tanquam
1303 542 1521 595 debitam
1560 539 1711 590 meri-

161 651 219 703 tis
236 649 332 703 suis
352 643 712 715 percepissent.
734 638 853 706 quia
872 637 969 704 legi
990 634 1285 688 serviebant.
1307 631 1452 685 Unde
1475 628 1713 682 nolebant

159 739 364 794 eamdem
401 735 624 803 gratiam
654 731 765 782 dari
791 727 1042 800 gentibus,
1073 734 1314 792 tanquam
1341 722 1586 790 indignis.
1620 721 1715 772 ni-i

157 826 362 880 Iudaica
391 829 707 878 sacramenta
728 815 1076 886 susciperent.]
1099 813 1154 868 Si
1185 813 1338 880 paulo
1361 811 1614 865 attentius
1634 809 1712 862 le-

158 924 336 987 gantur
357 913 538 974 priora
566 905 811 960 undecim
842 904 1014 971 capita
1048 901 1298 968 Epistolte
1325 899 1390 952 ad
1422 897 1713 956 Romanos,

158 1008 278 1060 duas
303 1002 634 1071 quaestiones
684 994 992 1063 potissimus
1036 993 1087 1044 in
1120 991 1225 1044 illis
1262 1005 1290 1042 a
1322 990 1483 1043 Paulo
1507 988 1716 1040 tractari

160 1110 304 1150 nemo
331 1109 437 1145 non
475 1089 752 1156 intelliget.
779 1084 930 1137 Prior
957 1083 1186 1150 pertinet
1206 1081 1270 1134 ad
1289 1080 1718 1149 jnstiticationem

163 1184 376 1239 hominis
405 1180 543 1249 apud
579 1180 766 1231 Deum.
806 1172 1214 1227 Contendebant
1239 1169 1409 1224 Judaei
1454 1169 1717 1222 neminem

165 1289 305 1344 posse
328 1274 533 1341 justum
552 1312 566 1336 ,
589 1268 690 1320 hoc
720 1272 824 1330 est,
856 1264 1054 1317 bonum
1087 1261 1270 1315 haberi
1300 1274 1328 1311 a
1358 1259 1489 1323 Deo,
1515 1257 1619 1311 nisi
1645 1257 1721 1309 le-

164 1366 234 1433 gis
255 1362 515 1423 Mosaicae,
545 1371 666 1411 cum
710 1353 776 1407 ad
807 1350 1207 1414 cmrimonialia,
1255 1357 1364 1402 tum
1391 1347 1458 1400 ad
1499 1345 1721 1400 moralia

167 1459 414 1519 pra-cepta
442 1445 582 1516 quod
612 1445 821 1504 attinet,
850 1441 1240 1495 observantem.
1273 1436 1440 1506 Negat
1462 1437 1563 1489 hoc
1590 1434 1724 1486 Pan-

169 1545 241 1595 lus
280 1552 330 1594 et
359 1537 541 1591 multis
567 1533 831 1596 ostendit,
882 1531 1000 1584 sine
1031 1529 1161 1598 legis
1189 1527 1432 1580 Mosaicae
1471 1525 1723 1579 observa-

171 1630 298 1683 tione
343 1626 588 1680 homines
634 1620 937 1691 justiﬁcari,
981 1632 1078 1672 seu
1103 1619 1274 1686 justos
1313 1615 1474 1669 aDeo
1505 1613 1718 1676 haberi;

1814 449 1991 502 ctione
2053 446 2385 516 singulorum
2456 446 2729 499 hominum
2796 447 3094 514 compendii
3163 447 3397 516 fecisset,

1815 540 2011 609 quippe
2038 554 2155 608 quae
2187 538 2344 606 plane
2372 546 2520 590 extra
2558 551 2669 590 rem
2696 543 2799 590 est.
2833 536 3111 603 Liquidum
3146 538 3286 590 enim
3317 550 3400 592 est

1816 629 2065 683 Iacobum
2109 638 2162 682 et
2194 629 2557 690 Esauungnon
2597 627 2826 693 spectari
2868 626 2952 680 hic
2986 626 3135 695 quasi
3166 626 3402 694 singulos

1818 722 2072 788 quosdam
2107 721 2350 772 homines
2374 760 2389 782 ,
2421 719 2488 772 de
2509 734 2734 788 quorum
2765 721 3112 773 conversione
3142 719 3404 774 deliberet

1823 814 1991 873 Deus;
2025 811 2117 863 sed
2142 809 2290 877 quasi
2322 809 2627 864 conditores
2653 809 2873 862 duarum
2895 810 3152 877 gentium,
3177 823 3400 877 quorum

1823 902 1980 965 hanc,
2011 916 2116 953 non
2151 900 2294 951 illam
2328 898 2392 951 ad
2424 898 2501 951 sui
2540 900 2894 966 cognitionem
2943 906 3228 950 vocaturus
3256 898 3322 950 sit
3350 906 3405 951 et

1821 1005 1921 1058 pro
1959 987 2152 1056 populo
2179 1001 2278 1038 suo
2319 986 2614 1039 habiturus.
2659 986 2786 1038 Tota
2827 985 2994 1038 series
3024 986 3280 1037 orationis
3308 998 3404 1037 oc-

1821 1080 2070 1146 casioque
2103 1075 2478 1144 disputationis
2521 1075 2620 1128 hoc
2656 1076 2916 1138 clamant;
2964 1074 3056 1128 sed
3089 1083 3142 1128 et
3168 1073 3282 1141 ipsa
3315 1073 3402 1125 illa

1824 1170 2008 1231 verba,
2040 1169 2206 1235 major
2235 1167 2410 1220 serviet
2441 1168 2642 1228 minori,
2676 1166 2809 1219 Gen.
2842 1181 2967 1231 xxv,
2999 1165 3088 1232 9.5,
3122 1164 3408 1218 manifesto

1825 1261 2148 1320 ostendunt;
2197 1272 2317 1310 nam
2352 1257 2465 1310 haec
2494 1257 2655 1310 verba
2684 1257 2932 1309 dicuntur
2954 1270 3058 1309 non
3089 1255 3156 1309 de
3178 1255 3408 1308 homini-

1825 1352 1922 1404 bus
1948 1392 1962 1414 ,
1994 1349 2086 1403 sed
2122 1349 2188 1402 de
2231 1346 2460 1417 pepulis.
2505 1346 2633 1400 Ilua:
2673 1358 2842 1417 gentes
2865 1357 3023 1408 sunt,
3073 1348 3241 1414 inquit
3270 1347 3409 1399 Deus

1824 1440 2098 1494 suscitanti
2144 1438 2438 1501 Rebeccae,
2481 1438 2533 1490 in
2561 1449 2702 1492 utero
2750 1448 2864 1501 tuo,
2906 1446 2953 1490 et
2991 1438 3092 1490 duo
3131 1437 3309 1503 papuli
3347 1453 3408 1489 ex

1824 1541 1992 1586 ventre
2019 1539 2107 1583 tuo
2144 1530 2432 1582 dividentur
2458 1571 2472 1593 ,
2505 1530 2823 1598 papulusque
2861 1529 3104 1597 populum
3132 1528 3408 1595 superabit,

1826 1631 1871 1675 et
1900 1625 2064 1692 major
2082 1621 2258 1674 serviet
2281 1621 2486 1672 minori.
2518 1620 2595 1673 Ac
2622 1633 2750 1673 sane
2771 1620 3006 1682 Idumaei,
3030 1633 3254 1686 quorum
3277 1633 3409 1688 opes

169 1720 390 1787 adeoque
412 1713 854 1783 justiﬁcationem
897 1708 1130 1764 obtineri
1169 1723 1275 1761 non
1321 1706 1594 1776 operibus,
1627 1703 1718 1758 δρᾶ
1753 1717 1801 1775 Β
1826 1714 1983 1767 citius
2011 1711 2393 1766 convaluerant
2421 1723 2578 1778 quam
2603 1709 2984 1772 lsraelitarum,
3015 1718 3200 1776 postea
3232 1717 3410 1762 tamen

170 1808 343 1876 gratia,
374 1807 476 1859 hoc
499 1813 584 1859 est
609 1799 974 1856 misericordia
1003 1799 1127 1864 Dei;
1163 1813 1264 1867 qua
1303 1798 1472 1851 bonus
1504 1795 1729 1849 habetur

173 1899 212 1952 is
233 1899 316 1968 qui
341 1898 507 1965 legem
541 1907 812 1961 nunquam
836 1889 1159 1952 observavit,
1184 1890 1226 1941 si
1256 1887 1416 1941 modo
1438 1883 1730 1953 Evangelio

173 1987 335 2042 credat
355 1987 508 2054 eique
537 1985 588 2037 in
615 1992 890 2052 posterum
919 1980 1267 2047 obsequatur.
1291 1975 1561 2030 Posterior
1582 1989 1727 2041 qua:-

175 2079 266 2130 stio
309 2085 388 2130 est
415 2084 590 2128 utrum
620 2086 649 2125 a
696 2072 805 2125 Deo
829 2078 1014 2139 gentes
1043 2068 1391 2122 idololatricze
1419 2075 1636 2136 possent
1664 2063 1728 2117 ad

176 2165 426 2234 Evangelii
449 2163 803 2232 cognitionem
826 2158 1026 2220 vocari,
1052 2169 1104 2211 et
1129 2157 1353 2225 populus
1375 2155 1491 2222 ejus
1515 2154 1725 2218 haberi,

179 2259 321 2312 etiam
372 2255 626 2325 neglectis
657 2252 876 2307 Iudaeis.
909 2249 1186 2318 Negabant
1235 2249 1337 2301 hoc
1364 2245 1557 2309 Judaei,
1587 2242 1730 2297 afﬁr-

182 2349 339 2399 mabat
367 2346 581 2408 Paulus,
617 2343 705 2403 qui
737 2340 969 2393 ostendit
994 2339 1182 2400 Deum,
1215 2338 1266 2389 in
1299 2334 1550 2390 vocandis
1572 2348 1732 2402 popu-

182 2438 238 2491 Ιίς
265 2439 322 2490 ad
353 2438 430 2490 sui
458 2435 841 2504 cognitionem,
874 2433 1071 2486 nullam
1094 2432 1351 2485 rationem
1385 2428 1582 2482 habere
1602 2441 1729 2493 ope-

183 2543 283 2580 rum
322 2544 410 2582 seu
459 2527 794 2585 meritorum,
835 2526 928 2577 sed
979 2521 1232 2576 beneﬁcia
1288 2534 1382 2573 sua
1433 2519 1484 2571 in
1512 2517 1730 2585 quosvis

182 2618 418 2682 conferre,
440 2617 682 2685 quamvis
711 2613 980 2681 indignos,
1005 2611 1070 2664 iis
1099 2610 1312 2664 omissis
1341 2610 1428 2676 qui
1454 2606 1731 2661 beneﬁciis

187 2709 363 2761 divinis
388 2708 708 2776 indigniores
738 2703 948 2758 ett-teris
985 2717 1087 2755 non
1121 2709 1292 2754 erant.
1323 2700 1447 2752 llaec
1476 2706 1598 2750 sunt
1624 2696 1730 2748 duo

183 2813 369 2851 summa
393 2799 586 2867 capita,
605 2797 669 2850 ad
694 2811 812 2865 qua:
835 2803 942 2847 tota
965 2792 1256 2860 disputatio
1277 2789 1421 2843 Pauli
1454 2786 1729 2843 referenda

179 2898 276 2950 est,
305 2905 401 2941 non
430 2887 569 2957 quod
599 2887 685 2940 hic
716 2885 876 2939 habet
906 2882 1249 2950 Augustinus.
1283 2881 1466 2948 Itaque
1496 2878 1630 2931 nihil
1664 2876 1728 2929 ad

181 2993 278 3030 rem
311 2979 426 3031 facit
452 2977 591 3046 quod
614 2976 853 3044 sequitur
890 2973 1029 3040 apud
1062 2971 1316 3026 eumdem
1347 2987 1358 3021 :
1400 2967 1580 3021 Multis
1607 2967 1730 3020 locis

1834 1803 1900 1855 iis
1930 1801 2258 1863 servierunt;
2290 1798 2383 1852 sed
2417 1799 2529 1866 ipse
2559 1799 2762 1852 Esauus
2790 1813 3056 1866 nunquam
3085 1797 3286 1851 Jacobo
3314 1798 3409 1850 ob-

1839 1890 2031 1944 noxius
2060 1889 2175 1953 fuit,
2203 1889 2289 1944 cui
2323 1889 2508 1943 terrori
2542 1891 2717 1958 ponus
2743 1898 2886 1953 erat;
2921 1898 2977 1943 ut
2995 1890 3060 1943 ad
3092 1904 3210 1942 eum
3237 1889 3409 1944 Gene-

1831 1995 1953 2034 seos
1985 1980 2156 2032 locum
2183 1978 2653 2033 ostenditloannes
2675 1980 2918 2034 Clericus.
2949 1980 3109 2048 Igitur
3127 1977 3410 2053 ἀπροσδιὸ-

1833 2091 1965 2124 νυσα
1992 2078 2118 2122 sunt
2140 2081 2257 2136 qua:
2285 2068 2474 2135 quterit
2513 2077 2692 2136 postea
2725 2069 3050 2136 Augustinus
3076 2108 3090 2130 ,
3122 2082 3186 2121 an
3217 2068 3411 2122 electio

1833 2160 2013 2214 Jacobi
2047 2159 2115 2214 sit
2159 2174 2223 2214 ex
2271 2159 2606 2229 praescientia
2633 2159 2794 2225 ﬁdei,
2829 2173 2891 2212 ac
2920 2159 3224 2226 reprobatio
3251 2159 3408 2212 Esaui

1835 2266 1898 2304 ex
1931 2254 2262 2320 prtescientia
2291 2249 2669 2313 contumaciae,
2701 2264 2766 2301 an
2797 2248 2928 2302 ﬁdes
2959 2249 3098 2302 inter
3125 2247 3262 2302 dona
3294 2263 3411 2316 gra-

1834 2341 1920 2395 tiae
1949 2352 2294 2403 numeretur,
2329 2349 2434 2395 etc.
2481 2340 2727 2393 Attamen
2775 2338 2898 2393 dum
2949 2348 3106 2393 extra
3154 2338 3298 2392 oleas
3340 2339 3409 2392 ita

1831 2444 2051 2502 vagatur
2079 2435 2354 2488 oraculum
2401 2431 2684 2493 Numidiae,
2718 2432 2937 2494 invenit,
2969 2444 3073 2482 non
3100 2445 3165 2482 ex
3196 2427 3406 2482 institu-

1833 2525 1978 2579 tione
1998 2525 2352 2580 ecclesiastica
2376 2564 2392 2587 ,
2419 2537 2590 2591 neque
2619 2537 2682 2577 ex
2715 2522 2900 2584 Paulo,
2932 2521 3020 2590 qui
3049 2535 3110 2574 ea
3141 2520 3206 2574 de
3238 2535 3296 2574 re
3326 2520 3411 2574 hic

1831 2616 2045 2682 quidem
2094 2616 2226 2669 nihil
2259 2616 2448 2679 habet,
2477 2614 2630 2680 ﬁdem
2659 2629 2766 2665 esse
2794 2617 2981 2665 donum
3016 2613 3147 2677 Dei;
3180 2612 3280 2665 hoc
3307 2621 3407 2674 est,

1832 2718 1897 2756 ex
1945 2703 2061 2769 ejus
2108 2704 2372 2757 sententia
2399 2744 2414 2765 ,
2447 2703 2590 2755 nasci
2618 2717 2733 2755 eam
2776 2717 2838 2755 ex
2882 2702 3091 2755 interno
3118 2701 3297 2753 afﬂatu
3327 2703 3411 2754 cui

1834 2794 2081 2847 reluctari
2140 2810 2242 2847 non
2289 2794 2449 2857 licet,
2481 2802 2536 2847 et
2578 2795 2664 2862 qui
2697 2794 2935 2861 pauculis
2976 2803 3177 2848 tantum
3227 2794 3413 2848 electis

1834 2884 2149 2939 conceditur
2172 2926 2184 2949 ,
2235 2884 2474 2951 quamvis
2519 2884 2635 2937 sine
2673 2897 2736 2937 eo
2765 2899 2922 2938 nemo
2967 2885 3133 2951 possit
3162 2885 3316 2938 ﬁdem
3345 2885 3412 2938 ad

1836 2974 1991 3028 ﬁnem
2023 2989 2192 3042 usque
2242 2975 2364 3028 vitae
2405 2975 2691 3042 Evangelia
2733 2975 2951 3030 habere.
3003 2976 3286 3045 Presbyter
3313 2975 3415 3030 hoc

180 3066 263 3118 hoc
295 3084 420 3134 scepe
445 3076 674 3129 testatur,
725 3065 844 3131 fidei
869 3064 1082 3133 gratiam
1129 3075 1424 3129 pratponens
1453 3057 1687 3125 operibus
1708 3095 1722 3118 ,

1835 3074 1936 3118 tam
1966 3065 2166 3134 grande
2195 3080 2448 3119 arcanum
2482 3065 2794 3123 nescivcrat,
2824 3067 2898 3118 uti
2933 3081 3031 3120 nec
3057 3081 3176 3118 cum
3207 3067 3416 3132 episco-

179 3173 268 3208 non
287 3167 338 3208 ut
366 3175 512 3226 opera
537 3158 847 3225 exstinguat,
873 3153 960 3206 sed
986 3161 1040 3204 ut
1061 3150 1292 3204 ostendat
1321 3164 1422 3202 non
1453 3164 1558 3201 esse
1579 3163 1733 3213 opera

178 3249 494 3314 praeedentia
523 3248 762 3316 gratiam,
786 3245 874 3296 sed
901 3241 1284 3308 consequentia;
1303 3250 1377 3304 ut,
1401 3237 1608 3300 scilicet,
1633 3252 1733 3288 non

177 3356 223 3391 se
245 3343 444 3407 quisque
472 3341 745 3392 arbitretur
766 3338 878 3389 ideo
905 3336 1184 3403 percepisse
1210 3333 1449 3400 gratiam,
1469 3331 1590 3398 quia
1613 3330 1735 3380 bene

175 3441 398 3495 operatus
422 3443 531 3493 est;
560 3431 648 3483 sed
668 3432 789 3482 bene
809 3427 1009 3492 onerari
1038 3441 1136 3478 non
1159 3441 1322 3495 posse,
1353 3423 1449 3476 nisi
1472 3438 1562 3490 per
1582 3421 1735 3487 [idem

175 3520 436 3590 perceperit
459 3523 698 3590 gratiam.
729 3519 915 3581 Incipit
957 3525 1123 3568 autem
1151 3515 1302 3566 homo
1341 3513 1594 3582 percipere
1613 3527 1734 3578 gra-

175 3613 310 3673 tiam,
340 3629 400 3664 es
415 3627 511 3677 quo
532 3610 710 3677 incipit
736 3609 839 3661 Deo
862 3608 1095 3669 credere;
1122 3605 1196 3657 vel
1215 3605 1413 3656 interna
1436 3601 1510 3654 vel
1531 3609 1736 3655 externa

174 3703 506 3754 admonitione
564 3711 728 3753 motus
774 3700 841 3750 ad
887 3699 1060 3765 ﬁdem.
1112 3695 1241 3749 Nolo
1303 3695 1414 3747 Itmc
1459 3704 1732 3754 excutere,

174 3793 258 3843 sed
286 3807 511 3860 pernego
558 3791 775 3844 Paulum
822 3789 1106 3856 quidquam
1155 3785 1415 3852 ejusmodi
1452 3783 1734 3851 cogitasse,

173 3896 283 3935 cmn
322 3885 612 3951 disputaret.
640 3890 822 3934 contra
858 3879 1088 3932 .ludzeos.
1114 3877 1220 3930 Nec
1265 3875 1316 3928 bi
1343 3872 1738 3928 contendebant

174 3976 382 4037 gratiam
432 3975 554 4027 ﬁdei
581 3973 678 4026 sibi
711 3982 800 4024 aut
831 3971 919 4023 u'li
947 3970 1036 4021 alii
1074 3969 1280 4029 deberi,
1315 3982 1413 4020 nec
1451 3965 1738 4034 Apostolus

173 4069 489 4118 contrarium
548 4063 754 4130 probat.
802 4061 966 4115 Adeztt
1009 4060 1175 4113 lector
1229 4057 1457 4126 optimos
1500 4069 1739 4123 quosque

175 4153 310 4208 Pauli
345 4156 694 4223 interpretes,
728 4152 818 4205 sed
852 4151 1146 4217 prmsertim
1178 4149 1292 4215 ipse
1326 4147 1542 4199 Paulum
1578 4145 1734 4212 legat,

174 4244 532 4314 intelligetqne
581 4244 648 4297 ab
696 4243 992 4310 Augustino
1035 4239 1273 4306 Apostoli
1323 4251 1540 4302 scopum
1592 4236 1739 4287 nullo

169 4334 325 4387 modo
372 4333 796 4386 animadversum
833 4330 1014 4382 fuisse.
1048 4331 1123 4382 Ac
1168 4343 1298 4380 sane
1337 4326 1615 4378 obscurior
1658 4333 1739 4378 est

1839 3170 1935 3222 pus
1980 3156 2206 3224 primum
2239 3155 2410 3208 factus
2441 3164 2522 3208 est
2549 3197 2562 3220 ,
2597 3155 2687 3208 sed
2721 3155 2848 3208 dum
2876 3155 3160 3210 meditatur
3188 3156 3300 3210 haec
3329 3171 3416 3209 re-

1837 3261 2030 3316 sponsa
2051 3248 2116 3301 ad
2137 3247 2563 3314 Simplicianum,
2594 3247 2828 3310 invenit;
2861 3255 3019 3315 atque
3046 3247 3110 3300 ad
3137 3247 3236 3300 hoc
3258 3259 3412 3300 suum

1836 3340 2026 3407 dogma
2059 3349 2240 3405 postea
2271 3339 2624 3406 Scripturam,
2657 3339 3006 3392 reluctantem
3043 3337 3183 3402 licet,
3216 3341 3412 3402 traxit;

1838 3431 1982 3484 nulla
2015 3430 2191 3483 habita
2223 3432 2429 3482 ratione
2459 3444 2631 3483 nexus
2661 3432 2941 3492 orationis,
2982 3430 3307 3497 signiﬁcatus
3331 3439 3416 3486 re-

1837 3518 1974 3585 cepti
2005 3519 2290 3571 verborum
2314 3555 2328 3579 ,
2361 3519 2817 3585 quaestionumque
2844 3533 2905 3571 ac
2935 3521 3416 3573 controversiarum

1836 3624 1956 3677 qua:
1991 3609 2129 3662 inter
2159 3608 2438 3675 apostolos»
2459 3615 2514 3660 et
2538 3607 2753 3660 Judazos
2783 3608 3136 3676 agitabantur.
3169 3610 3241 3663 lta
3271 3611 3416 3677 lege-

1840 3699 1929 3752 bat
1956 3698 2284 3766 Scripturam
2312 3739 2327 3763 ,
2361 3698 2510 3764 quasi
2541 3698 2761 3766 singu'aa
2793 3697 2994 3766 periodi
3024 3709 3115 3752 aut
3141 3703 3418 3756 sententiae

1839 3798 2019 3844 essent
2039 3788 2304 3843 axiomata
2333 3789 2574 3857 quaedam
2604 3789 2997 3856 mathematica,
3027 3805 3146 3844 cum
3176 3793 3418 3860 superio-

1843 3882 1991 3935 ribus
2037 3897 2100 3936 ac
2163 3881 2510 3950 sequentibus
2568 3881 2787 3936 minime
2834 3896 3114 3947 connexa,
3159 3887 3251 3938 sed
3301 3901 3419 3953 qua:

1840 3971 2060 4026 seorsim
2085 3981 2136 4025 et
2165 3987 2259 4040 per
2284 3987 2343 4026 se
2371 3979 2588 4041 possent
2613 3971 2894 4040 explicari;
2927 3981 2982 4026 et
3010 3973 3052 4025 si
3083 3973 3206 4043 quid
3234 3988 3419 4028 occur-

1841 4071 1982 4116 reret
2029 4061 2169 4130 quod
2221 4063 2475 4130 speciosae
2534 4063 3025 4118 declamatiuncula:
3084 4066 3417 4119 occasionem

1842 4151 2106 4219 prmberet
2131 4159 2218 4204 aut
2246 4151 2486 4220 przebere
2523 4151 2824 4214 videretur,
2866 4153 2916 4205 id
2947 4169 3075 4207 vero
3104 4155 3256 4208 avide
3283 4157 3419 4208 arri-

1821 4243 2052 4320 ‘piebat,
2089 4253 2142 4296 et
2175 4242 2386 4296 Punicm
2431 4243 2751 4310 eloquentia:
2782 4244 2892 4296 vela
2927 4245 3213 4312 pandebat.
3266 4246 3422 4298 Nullo

1843 4335 1894 4386 in
1919 4347 2080 4399 opere
2109 4333 2374 4401 specimen
2405 4332 2548 4386 dedit
2577 4332 2832 4387 illustrius
2863 4335 3096 4387 miriﬁca:
3129 4334 3266 4386 illius
3292 4349 3420 4388 eon-

169 4423 404 4490 Epismla
435 4424 499 4476 ad
534 4424 800 4475 Romanos
832 4435 988 4486 quam
1029 4429 1085 4471 ut
1126 4432 1155 4469 a
1187 4418 1592 4484 semiplatouico
1620 4417 1729 4470 rhe-

1847 4426 2173 4488 suetudinis,
2203 4442 2359 4494 quam
2391 4428 2441 4479 in
2476 4428 2615 4491 hoc;
2670 4442 2733 4481 ex
2776 4443 2881 4495 quo
2925 4439 3098 4480 tamen
3133 4436 3310 4495 postea
3346 4436 3420 4481 tot

170 4523 300 4578 tore,
335 4516 537 4570 critica:
565 4517 717 4582 plane
748 4514 1010 4578 imperito,
1041 4511 1441 4578 intelligeretur.

236 4607 392 4670 lbid.,
429 4607 455 4677 §
483 4609 533 4661 4.
567 4605 756 4659 Allatis
789 4604 964 4658 verbis
996 4602 1143 4656 Pauli
1175 4603 1329 4656 Rom.
1378 4618 1431 4656 Ix
1455 4645 1470 4668 ,
1507 4603 1593 4662 Η.
1649 4601 1732 4654 1:2.

175 4693 314 4750 Unde
334 4739 347 4761 ,
378 4699 583 4766 inquit,
617 4697 834 4749 occurrit
863 4697 1032 4746 animo
1056 4710 1280 4761 qutcrere
1309 4709 1400 4745 cur
1430 4694 1611 4745 dixerit
1635 4709 1653 4745 .'
1681 4702 1738 4746 ut

179 4789 453 4840 secundum
482 4788 796 4841 electionem
829 4786 1155 4853 propositum
1184 4786 1274 4837 Dei
1300 4786 1567 4836 maneret?
1595 4785 1736 4849 ρηο-

179 4879 313 4930 modo
349 4889 420 4930 est
446 4879 578 4929 enim
602 4880 768 4947 justo,
794 4885 883 4927 aut
907 4875 1273 4942 qualiscunque
1297 4876 1501 4926 omnino
1541 4876 1733 4934 electio,

183 4967 247 5018 ubi
270 4971 410 5021 nulla
432 4969 677 5020 distantia
703 4967 809 5019 est?
836 4966 897 5020 Si
927 4966 1058 5017 enim
1090 4965 1233 5017 nullo
1257 4965 1432 5016 merito
1458 4963 1642 5028 electus
1663 4973 1737 5016 est

182 5052 344 5121 locob,
372 5059 594 5110 nondum
623 5067 772 5109 natus
817 5068 862 5108 et
905 5054 1032 5107 nihil
1081 5062 1346 5119 operatus,
1400 5069 1489 5104 nec
1534 5054 1737 5105 omnino

184 5145 282 5213 eligi
318 5153 479 5217 potuit
519 5149 662 5202 nulla
687 5150 952 5202 exsistente
973 5146 1288 5213 differentia,
1321 5161 1421 5212 qua
1444 5146 1734 5215 eligeretur.

183 5230 296 5293 llem
319 5245 362 5294 si
387 5241 529 5294 nullo
559 5242 736 5292 merito
771 5238 1084 5300 improbatus
1117 5247 1190 5290 est
1222 5235 1384 5298 Esau,
1411 5237 1529 5302 quia
1549 5245 1595 5288 et
1631 5237 1740 5300 ipse

185 5333 386 5384 nondum
416 5341 562 5383 natus
599 5340 644 5382 et
676 5327 802 5381 nihil
825 5336 1063 5394 aperatus
1087 5335 1215 5391 erat,
1259 5341 1373 5376 cum
1412 5326 1660 5376 diceretur
1689 5332 1740 5376 et

185 5421 334 5490 major
361 5421 554 5475 serviet
594 5420 784 5472 minori
812 5457 826 5480 ,
859 5416 1108 5482 quomodo
1132 5419 1244 5484 ejus
1277 5415 1575 5483 improbatio
1597 5416 1741 5484 justa

177 5507 268 5567 diei
287 5524 444 5582 potest
464 5515 488 5566 ?
507 5510 636 5580 ουκ]
667 5512 719 5565 Si
749 5510 887 5562 hunc
912 5508 1082 5576 ipsum
1106 5507 1278 5560 locum
1306 5508 1461 5574 paulo
1489 5506 1742 5559 attentius

174 5610 240 5670 et,
271 5613 326 5660 ut
353 5604 422 5657 ita
450 5602 646 5668 dicam,
683 5601 1046 5680 xptttzwripﬂc
1076 5596 1466 5657 considerasset
1499 5597 1742 5673 Augusti-

1845 4518 2047 4572 ﬂuxere
2073 4518 2478 4571 allucinationes
2503 4558 2518 4581 ,
2549 4535 2668 4586 quae
2704 4519 2812 4571 tolli
2845 4519 3134 4586 pntuissent
3159 4557 3174 4580 ,
3208 4518 3305 4569 nisi
3338 4518 3419 4570 vis

1843 4618 1896 4661 et
1934 4607 2224 4661 auctoritas
2266 4607 2516 4662 remediis
2563 4609 2785 4662 fuissent
2833 4608 3074 4675 objectzr.
3134 4607 3422 4659 llumilinm

1844 4698 1986 4752 enim
2015 4700 2221 4754 scilicet
2253 4708 2521 4753 oratorum
2556 4701 2695 4754 illius
2721 4701 2816 4752 arvi
2851 4700 2962 4752 hare
2990 4697 3084 4749 fuit
3109 4697 3333 4761 indoles,
3364 4707 3421 4752 ut

1842 4788 1905 4840 ad
1955 4789 2274 4856 loquendum
2323 4789 2389 4843 de
2438 4790 2498 4842 iis
2539 4805 2656 4857 qua:
2691 4804 2792 4839 non
2826 4785 3185 4852 intelligebant
3214 4827 3227 4848 ,
3277 4789 3424 4842 nullo

1842 4878 2084 4942 quamvis
2130 4879 2374 4945 prtesidio
2423 4879 2580 4931 cincti
2629 4875 2875 4928 facillime
2919 4874 3276 4941 accederent;
3327 4878 3422 4931 sed

1841 4967 2153 5019 difﬁcillime
2181 4982 2208 5018 a
2244 4967 2624 5034 prtecouceptis
2651 4965 2814 5017 semel
2844 4965 3178 5032 opinionibus
3207 4978 3422 5035 possent

1842 5056 2116 5117 revocari,
2171 5069 2303 5121 quas
2363 5053 2789 5108 anathematibus
2831 5064 2885 5108 et
2930 5056 3117 5110 edictis
3160 5058 3422 5113 acerrime

1843 5145 2145 5209 tuebantur,
2178 5144 2222 5196 si
2254 5144 2372 5213 quis
2399 5159 2490 5197 eas
2520 5159 2825 5213 uppngnare
2853 5147 3094 5201 auderet.

1916 5236 2076 5288 Ltnno
2107 5251 2162 5288 tt.
2195 5234 2395 5299 Qumst.
2428 5233 2493 5297 4,
2523 5233 2548 5303 §
2576 5235 2631 5287 2.
2676 5234 2754 5288 Ad
2781 5238 3128 5304 quaestionem
3157 5238 3420 5307 quomodo

1845 5324 2052 5380 Samuel
2083 5341 2176 5394 per
2206 5325 2570 5395 pythonissam
2603 5329 2811 5380 evocari
2846 5330 3109 5396 potuerit,
3143 5336 3418 5396 postquam

1847 5414 1980 5466 dixit
2007 5415 2269 5468 Samuelis
2295 5414 2457 5482 ipsius
2486 5416 2718 5468 animum
2750 5418 2984 5484 potuisse
3022 5417 3155 5468 forte
3182 5415 3418 5480 evocari,

1848 5504 2057 5572 subjicit
2094 5521 2106 5557 :
2144 5506 2443 5574 Quanquam
2476 5506 2529 5558 in
2562 5508 2653 5560 ltOC
2693 5508 2827 5575 facto
2859 5514 3020 5574 potest
3053 5519 3157 5557 esse
3184 5505 3315 5557 alius
3343 5506 3424 5573 [a-

1849 5595 1993 5656 cilior
2021 5597 2185 5650 exitus
2215 5606 2260 5650 et
2290 5597 2569 5664 expeditior
2591 5599 2891 5662 intellectus,
2929 5605 2980 5647 ut
3009 5612 3106 5650 non
3137 5612 3246 5650 rere
3272 5599 3422 5667 spiri~
