3900 6310
553 296 659 353 413

1445 285 1993 343 SUPI’LEMENTUM
2036 285 2127 338 AD
2166 283 2395 339 OPERA
2435 283 2493 337 S.
2536 281 2925 338 AUGUSTINI.

3674 292 3751 347 116

554 421 661 461 tum
687 404 942 461 Samuelis
966 404 1238 457 excitatum
1265 418 1296 453 a
1320 400 1486 466 requ'e
1507 416 1599 451 sua
1625 398 1910 462 credamus,
1940 396 2026 450 sed
2045 396 2148 448 ali-
2174 397 2224 454 Α
2251 394 2341 464 qui
2372 408 2431 449 se
2458 395 2572 463 ipse
2601 411 2704 448 non
2733 394 2909 457 semel
2931 393 3185 447 cxscribit
3203 436 3219 461 ,
3248 395 3299 449 in
3326 398 3579 466 superiore
3596 400 3750 472 libello,

552 499 691 563 quod
721 500 1021 567 phantasma
1043 505 1086 549 et
1114 492 1477 563 imaginariam
1506 490 1792 541 illusionem
1818 488 2005 539 diaboli
2038 502 2146 537 ma-

557 585 929 639 chinationibus
953 590 1160 652 factum,
1186 598 1337 649 quam
1364 589 1629 649 prapterea
1652 578 1921 644 Scriptura
1944 578 2146 628 nomine

561 678 814 730 Samuelis
846 674 1070 742 appellat
1095 713 1108 733 ,
1141 671 1260 740 quia
1290 669 1453 722 solent
1494 656 1736 736 iinagines
1766 684 1934 720 rerum
1967 681 2143 718 earum

559 766 843 819 nominibus
872 763 1153 831 appellari,
1187 776 1399 829 quarum
1439 760 1685 826 imagines
1712 754 1872 826 sunt]
1907 756 2013 810 Cur
2038 772 2143 808 non

559 869 731 923 ponus
756 854 889 905 dixit
916 851 1058 919 loqui
1089 851 1415 917 Scripturam
1441 849 1549 901 illic
1572 866 1634 901 ex
1660 848 1922 901 sententia
1944 847 2139 912 Saulis,

556 946 645 1013 qui
680 960 861 997 revera
894 942 1197 996 Samnelem
1227 948 1502 993 evocatum
1536 939 1797 991 credidit?
1846 939 1952 989 (Zur
1983 936 2141 989 etiam

556 1035 688 1087 nihil
721 1035 786 1086 de
834 1032 1021 1085 fraude
1054 1030 1381 1099 pylltOniSStB
1410 1029 1525 1081 viro
1556 1038 1709 1081 acuto
1739 1028 1989 1091 suboluil,
2023 1044 2143 1095 quae

558 1136 735 1177 tamen
780 1127 937 1193 plane
985 1124 1195 1176 videtur
1234 1138 1293 1174 os
1325 1122 1541 1175 credqu
1589 1132 1641 1175 et
1686 1122 1969 1189 perterrito
1997 1121 2141 1176 Sauli

554 1214 890 1267 sublevisse?
929 1214 1069 1265 Sane
1102 1227 1167 1265 ne
1194 1211 1306 1279 ipse
1338 1210 1547 1279 quidem
1577 1209 1699 1262 Sani
1730 1210 1923 1261 vidisse
1954 1225 2140 1263 narra-

555 1318 640 1360 tur
684 1318 949 1376 spectrnm
984 1307 1083 1358 hoc
1107 1347 1121 1370 ,
1154 1305 1306 1372 cujus
1347 1304 1564 1357 nomine
1592 1304 1733 1372 loqui
1782 1302 1933 1355 facile
1975 1304 2143 1369 potuit

556 1398 879 1450 subornatus
922 1397 1011 1463 qui
1038 1402 1136 1448 tam
1190 1395 1383 1448 nebulo
1427 1410 1455 1447 a
1507 1394 1836 1464 pythonissa.
1887 1394 1991 1449 Sed
2021 1395 2141 1449 vide

554 1490 655 1543 hac
685 1491 750 1542 de
793 1506 849 1543 re
878 1500 1090 1544 acutum
1124 1502 1281 1559 atque
1330 1490 1595 1543 eruditum
1627 1490 1799 1542 virum
1850 1490 2138 1541 Antonium

554 1579 669 1633 Van
704 1581 826 1635 [tale
852 1626 866 1649 ,
917 1583 966 1635 in
1008 1581 1385 1636 dissertatione
1413 1579 1480 1634 de
1514 1579 1938 1633 Divinationibus
1970 1579 2140 1633 idolo-

553 1674 754 1731 latricis
787 1677 883 1729 sub
913 1676 975 1730 V.
1010 1676 1095 1737 T.,
1128 1691 1248 1743 cap.
1279 1675 1333 1729 9.
1386 1726 1391 1735 ,

1020 1764 1669 1822 ANIMADVERSIONES

734 1877 783 1914 IN
811 1877 1000 1915 ιιιιιιωι
1032 1877 1095 1914 ΒΕ
1124 1875 1260 1914 OCTO
1289 1875 1520 1915 DULCITII
1549 1873 1957 1922 QUESTIONIBUS.

623 1954 825 2018 QUIESL
868 1953 927 2017 1,
963 1954 988 2023 §
1022 1953 1075 2006 6.
1112 1953 1191 2006 Ad
1224 1954 1400 2007 locum
1447 1952 1463 2004 ι
1502 1950 1628 2007 Cor.
1674 1968 1765 2016 Ill,
1811 1954 1868 2005 11
1912 1961 1966 2007 et
1999 1967 2140 2021 seq.,

552 2047 739 2098 statuit
765 2046 1150 2114 fundamentum
1179 2060 1298 2099 esse
1329 2044 1485 2099 fidem
1517 2045 1569 2098 in
1620 2043 1889 2098 Christum
1911 2086 1926 2107 ,
1958 2061 2143 2097 aurum

552 2150 714 2203 vero,
746 2146 1012 2207 argentum
1040 2146 1095 2190 et
1125 2138 1322 2206 lapides
1356 2139 1602 2202 pretiosos
1629 2151 1750 2189 esse
1777 2136 1967 2191 eximia
1996 2152 2145 2205 quaa-

554 2228 673 2281 dam
719 2228 855 2282 bona
902 2243 1096 2296 opera;
1131 2228 1273 2297 ligna
1306 2242 1436 2280 vero
1460 2267 1476 2291 ,
1518 2231 1690 2293 fenum
1722 2236 1775 2278 et
1810 2226 2052 2292 stipulam
2082 2241 2142 2280 ea

554 2332 677 2370 esse
706 2318 901 2384 quibus
947 2318 1160 2371 carnale
1204 2317 1400 2383 aliquid
1432 2315 1725 2369 admissum
1757 2327 1857 2367 est.
1907 2315 2069 2368 Miror
2097 2315 2145 2368 ei

555 2408 607 2461 in
650 2417 884 2460 tuentem
917 2424 1020 2461 non
1053 2411 1263 2462 venisse
1308 2407 1393 2460 hic
1436 2407 1521 2472 agi
1566 2406 1631 2458 de
1664 2405 1905 2459 doetrina
1933 2448 1946 2471 ,
1982 2416 2037 2459 et
2071 2414 2149 2459 tot

556 2498 860 2566 propositas
893 2500 1219 2565 quaestiones
1260 2496 1462 2550 homini
1490 2494 1581 2563 qui
1612 2495 1661 2546 in
1688 2511 1746 2547 re
1790 2494 1944 2561 plana
1978 2508 2147 2561 usque

556 2590 1011 2659 adcocespitabat
1040 2630 1057 2655 ,
1089 2600 1177 2643 aut
1208 2605 1328 2644 cum
1379 2596 1485 2641 tam
1538 2587 1726 2641 leviter
1774 2587 1826 2639 in
1868 2585 2144 2654 Scriptura

556 2694 824 2737 versatum
850 2692 927 2738 tot
955 2684 1193 2752 quaesitis
1241 2679 1570 2747 resp0ndere
1599 2678 1938 2732 sustinuisse.
1987 2678 2030 2731 Ο
2059 2693 2150 2729 va-

558 2790 710 2828 cuam
734 2776 988 2829 SllltliUSlS
1009 2775 1298 2841 Scriptura:
1322 2770 1554 2825 Africam
1583 2770 1595 2822 !
1626 2766 1669 2823 Ο
1692 2768 1932 2835 stupidos
1958 2768 2149 2836 quibus

561 2866 677 2921 hcc
709 2867 1052 2921 admirationi
1083 2876 1239 2920 erant
1275 2875 1329 2918 et
1358 2865 1447 2932 qui
1492 2874 1594 2915 tam
1631 2863 1886 2915 verbosas
1917 2862 2151 2929 disputa—

561 2960 753 3022 tiones,
784 2970 835 3012 ιιι
870 2960 999 3012 nihil
1031 2958 1322 3019 discerent,
1356 2957 1534 3023 legere
1559 2954 1932 3007 sustinebant!

592 3050 660 3117 ,ᾗ
698 3050 782 3104 13.
828 3048 953 3101 Tale
992 3048 1185 3117 aliquid
1220 3057 1331 3117 post
1358 3047 1487 3099 hanc
1527 3044 1677 3096 vitam
1709 3046 1820 3112 ﬁeri
1858 3045 2152 3099 incredibile

2248 499 2354 553 quo
2381 484 2591 538 Dulcitii
2625 483 3010 553 quaastionibus
3041 484 3347 551 respondet.

2317 575 2445 643 Cap.
2496 575 2552 638 1,
2589 575 2616 644 §
2655 576 2709 630 3.
2752 574 2897 628 Certe
2924 561 3057 627 enim
3097 577 3144 627 si
3175 576 3319 628 rebus
3346 592 3443 630 non
3469 579 3575 632 visis
3603 585 3754 639 credere

2247 683 2348 719 non
2373 667 2629 730 debemus,
2657 668 3064 735 quandoquidem
3086 677 3133 719 et
3161 669 3380 720 nondum
3400 671 3566 723 certius
3585 676 3753 739 probatis

2246 763 2525 814 amicorum
2566 761 2804 815 cordibus
2843 760 3122 823 credimus,
3155 768 3203 812 et
3235 776 3346 812 cum
3380 777 3436 813 ea
3460 764 3593 816 malis
3616 771 3753 818 nostris

2247 854 2378 905 bona
2403 854 2806 922 probaverimus,
2831 853 2985 904 etiam
3008 861 3124 903 tunc
3153 867 3331 905 eorum
3357 869 3468 922 erga
3492 869 3571 906 nos
3597 854 3755 907 benevo-

2246 942 2459 995 lentiam
2508 942 2761 994 credimus
2803 941 2971 1009 potius
3018 956 3171 1008 quam
3218 940 3486 1011 videmus.]
3528 943 3756 998 Ascribunt

2245 1031 2480 1085 editores
2526 1031 2854 1084 Parisienses
2905 1028 3123 1096 margini
3176 1029 3343 1082 locum
3366 1030 3492 1082 hunc
3524 1034 3756 1099 perplexum

2245 1140 2353 1177 esse
2373 1134 2420 1178 et
2450 1126 2711 1187 vitiatum;
2738 1123 2829 1177 sed
2862 1122 3039 1176 omnis
3068 1121 3372 1185 difﬁcultas,
3398 1122 3491 1176 nisi
3511 1122 3657 1188 fallor,
3680 1126 3756 1178 tol-

2244 1216 2383 1269 letur
2408 1215 2449 1268 si
2480 1230 2578 1283 pro
2608 1215 2809 1283 quando
2829 1254 2843 1278 ,
2879 1215 3116 1280 legamus
3145 1217 3395 1279 quoniam
3414 1259 3426 1282 ,
3454 1224 3504 1269 et
3530 1225 3677 1269 notam
3699 1217 3783 1269 in-.

2247 1304 2623 1373 terrogationis
2675 1305 2766 1357 ﬁni
2814 1304 3013 1371 periodi
3062 1303 3321 1357 addamus
3354 1322 3366 1355 :
3397 1305 3487 1356 nisi
3524 1306 3627 1372 quia
3656 1314 3761 1358 tanta

2245 1395 2371 1460 ﬁdes
2400 1411 2470 1447 est
2499 1395 2817 1463 (sequuntur
2839 1393 2952 1447 hinc
2979 1394 3221 1459 proxime
3249 1393 3402 1446 allata
3438 1394 3601 1460 verba)
3627 1405 3669 1447 ut
3688 1412 3758 1447 non

2243 1487 2631 1555 incongruenter
2676 1486 2975 1552 quibusdam
3035 1486 3198 1537 oculis
3249 1486 3357 1554 ejus
3403 1502 3488 1538 nos
3536 1486 3758 1553 iudicemus

2241 1577 2411 1629 uidere
2430 1577 2569 1643 quod
2593 1578 2873 1633 credimus:
2900 1592 3013 1627 cum
3037 1585 3299 1642 propterea
3325 1577 3515 1628 credere
3532 1576 3757 1641 debeamus,

2242 1670 2362 1733 quia
2387 1670 2554 1721 videre
2575 1686 2673 1721 non
2705 1684 2977 1736 possumus
3000 1669 3025 1719 .9
3068 1668 3159 1720 Sic
3200 1667 3374 1719 Omnia
3407 1676 3519 1720 sunt
3545 1668 3698 1735 plana,
3719 1676 3760 1721 ut

2175 1757 2219 1815 Β
2249 1758 2506 1826 intelliget
2565 1761 2805 1830 quisquis
2853 1759 3133 1827 periodum
3184 1759 3439 1827 integram
3489 1760 3640 1828 legere
3684 1773 3759 1812 non

2245 1853 2565 1923 gravabitur.

2316 1944 2447 2009 Cap.
2479 1942 2533 2006 2,
2568 1943 2594 2013 ς)
2622 1944 2674 1995 4.
2709 1942 2899 1995 Omitto
2930 1942 3098 1994 dicere
3130 1956 3285 2009 quam
3318 1941 3472 1992 multa
3497 1940 3587 2002 isti,
3605 1940 3675 2007 qui
3695 1954 3758 1990 nos

2248 2035 2641 2101 reprehendunt,
2668 2033 2788 2100 quia
2818 2033 3069 2084 credimus
3092 2047 3208 2100 qua:
3242 2048 3340 2082 non
3364 2032 3588 2095 videmus,
3607 2029 3758 2081 credant

2246 2127 2401 2193 [uince
2421 2135 2466 2179 et
2487 2124 2735 2186 historice,
2766 2123 2841 2175 vel
2867 2122 2927 2174 de
2953 2122 3076 2175 locis
3102 2122 3193 2174 ubi
3217 2122 3313 2188 ipsi
3345 2137 3441 2173 non
3476 2123 3758 2187 fuerunt;mc

2250 2218 2420 2269 dicant
2446 2232 2462 2267 :
2490 2231 2588 2267 non
2613 2214 2885 2277 credimus,
2919 2213 3039 2279 quia
3062 2228 3168 2264 non
3192 2208 3457 2279 videmus]
3491 2208 3560 2262 Ad
3591 2210 3671 2260 hoc
3693 2205 3759 2258 fuit

2249 2307 2568 2375 palmarium
2587 2314 2982 2373 argumentum,
3002 2318 3107 2371 quo
3126 2302 3452 2357 adversarios
3472 2297 3531 2352 ad
3550 2296 3755 2352 silentium

2249 2394 2468 2462 adigere
2496 2396 2650 2450 facile
2675 2396 2867 2462 potuit,
2898 2394 3056 2462 idque
3083 2393 3157 2447 ab
3186 2394 3426 2447 omnibus
3456 2406 3550 2443 non
3571 2387 3757 2457 agrein-

2252 2488 2598 2553 telligendum
2628 2529 2643 2553 ,
2676 2497 2727 2541 et
2769 2487 2844 2540 rei
2878 2502 2996 2555 qua:
3028 2485 3116 2538 hic
3150 2486 3322 2552 agitur
3350 2476 3755 2537 accommodatissi-

2251 2595 2395 2633 mum
2420 2595 2433 2640 ;
2461 2576 2913 2644 quandoquidem,
2936 2577 2978 2628 si
3006 2590 3119 2629 rem
3148 2575 3311 2643 probe
3338 2573 3642 2640 pensitemus,
3666 2566 3755 2619 ﬁdes

2254 2681 2433 2725 rostra
2473 2672 2660 2724 nititur
2695 2669 3031 2736 potissimum
3073 2666 3395 2735 evangelica:
3430 2662 3635 2717 historia:
3662 2655 3755 2708 veri.

2253 2772 2381 2816 tate.
2432 2762 2535 2816 Sed
2583 2760 2760 2814 nescio
2805 2757 3075 2827 quomodo
3125 2765 3334 2810 veteres
3374 2768 3486 2822 quae
3522 2747 3756 2804 ﬁrmissima

2254 2866 2408 2909 erant
2435 2854 2508 2909 rei
2534 2852 2853 2907 Christianae
2883 2850 3228 2904 fundamenta
3275 2862 3411 2913 sa‘pe
3454 2844 3599 2898 ferme
3636 2835 3754 2906 neglio

2255 2958 2405 3014 gnnt,
2440 2955 2528 2998 aut
2560 2945 2734 2997 obiter
2762 2953 2909 2997 certe
2935 2942 3233 3009 attingunt;
3273 2939 3393 2993 dum
3418 2948 3617 3006 operose
3637 2944 3754 2997 espo-

2258 3048 2390 3092 nnnt
2419 3052 2534 3104 qua:
2565 3037 2700 3103 apud
2731 3033 3031 3087 incredulos
3060 3032 3173 3083 vim
3206 3030 3397 3083 nullam
3423 3026 3598 3079 habere
3622 3028 3754 3087 potue-

561 3156 663 3190 non
686 3150 790 3200 est,
815 3150 860 3192 et
890 3148 1059 3191 utrum
1080 3140 1150 3190 ita
1177 3140 1241 3190 sit
1276 3139 1435 3204 quaeri
1466 3146 1625 3204 potest
1655 3153 1672 3199 ;
1712 3148 1758 3189 et
1797 3148 1887 3189 aut
1926 3140 2149 3192 invenire

2254 3138 2397 3181 runt.
2431 3127 2521 3180 Sic
2550 3125 2871 3193 Augustinus
2912 3120 3285 3189 copiosissime
3327 3118 3391 3172 de
3416 3111 3755 3186 prophetiisai“

563 3236 651 3279 aut
682 3228 869 3292 latere,
901 3228 1176 3280 nonnullos
1205 3228 1378 3294 ﬁdeles
1412 3245 1499 3297 per
1531 3229 1701 3298 ignem
1736 3230 2003 3297 quemdam
2029 3246 2152 3297 pur-

563 3318 838 3388 gatarinm,
862 3328 1051 3386 quanto
1073 3320 1256 3388 magis,
1280 3319 1508 3371 minusve
1527 3318 1658 3371 bona
1684 3322 1945 3389 pereuntia
1966 3320 2155 3372 dilexe-

565 3421 723 3475 runt,
754 3422 893 3464 tanta
930 3412 1124 3464 tardius
1168 3413 1376 3465 citiusve
1425 3412 1524 3480 (sic
1556 3412 1670 3476 lego
1698 3454 1711 3476 ,
1750 3428 1853 3467 non
1886 3415 2152 3481 citusque)

563 3505 750 3557 salvari
767 3521 785 3569 ;
815 3520 915 3557 non
937 3514 1106 3557 tamen
1128 3505 1253 3559 tales
1276 3504 1338 3557 de
1360 3506 1538 3573 quibus
1561 3506 1753 3557 dictum
1782 3514 1855 3556 est
1888 3521 1906 3557 :
1934 3520 2150 3573 regnum

567 3597 661 3652 Dei
692 3612 797 3651 non
833 3596 1224 3667 possidebunt.]
1267 3597 1461 3666 Maiore
1492 3612 1613 3650 cum
1649 3597 1837 3651 ﬁducia
1870 3599 1969 3651 hac
1997 3598 2063 3650 de
2094 3613 2153 3650 re

564 3689 797 3758 loquitur
826 3689 877 3743 in
907 3704 1071 3757 opere
1098 3689 1165 3743 de
1192 3687 1419 3742 Civitate
1463 3688 1555 3741 Dei
1602 3688 1694 3740 lib.
1737 3703 1824 3740 xx:
1851 3729 1865 3752 ,
1913 3702 2031 3755 cap.
2066 3688 2149 3741 l3.

564 3780 697 3835 Vide
722 3792 771 3836 et
798 3797 917 3850 quae
946 3783 1279 3850 collegerunt
1307 3780 1639 3835 Benedictini
1670 3779 1723 3832 in
1750 3780 2058 3847 prafatione
2087 3780 2151 3833 ad

566 3875 825 3928 Hilarium
855 3890 975 3941 cap.
1010 3877 1063 3929 8.
1119 3877 1261 3929 Sane
1292 3875 1357 3927 ad
1389 3875 1763 3928 afﬁrmandum
1810 3891 1930 3931 esse
1977 3878 2151 3946 ignem

567 3962 931 4031 purgatorium
957 3972 1099 4017 recta
1124 3964 1421 4019 deducebat
1447 3966 1776 4019 consuetudo
1802 3966 1910 4034 jam
1938 3977 2151 4036 recepta

566 4071 634 4108 eo
665 4065 904 4120 tempore
934 4057 1119 4110 orandi
1155 4071 1249 4124 pro
1280 4058 1505 4111 mortuis
1531 4097 1545 4119 ,
1590 4056 1656 4110 de
1686 4073 1785 4123 qua
1828 4060 2152 4124 Augustinus

566 4145 631 4199 ad
667 4145 1015 4213 qumsdnnem
1046 4157 1382 4215 sequentem.
1408 4148 1763 4215 Quamobrem
1797 4148 2007 4202 tandem
2039 4150 2154 4217 opi-

566 4238 657 4291 nio
679 4236 744 4290 de
776 4238 947 4304 poenis
971 4239 1308 4305 purgatoriis,
1333 4240 1468 4308 apud
1496 4239 1776 4309 plerosque
1798 4238 2169 4305 Christianos,

566 4328 801 4383 decretis
848 4328 1173 4398 synodorum
1228 4339 1541 4385 consecrata
1591 4340 1719 4395 est;
1787 4346 1854 4385 ne
1900 4331 2153 4385 Ecclesia:

566 4436 754 4488 preces
776 4419 1087 4473 viderentur
1115 4422 1339 4475 mortuis
1364 4421 1599 4487 inutiles,
1627 4424 1819 4492 quippe
1847 4439 1966 4492 qua:
1994 4423 2149 4476 nullis

568 4516 739 4582 poenis
761 4529 857 4568 eos
880 4513 1186 4567 liberarent.
1220 4513 1294 4567 De
1317 4515 1382 4568 iis
1412 4514 1659 4583 precibus
1680 4529 1778 4568 suo
1809 4515 1924 4568 loco
1951 4512 2149 4583 aliquid

563 4609 826 4661 dicemus.

634 4701 713 4765 Qu
732 4711 833 4755 ost.
869 4699 920 4765 6,
955 4699 980 4767 ἓ
1010 4698 1062 4752 2.
1095 4699 1223 4753 Item
1252 4700 1457 4769 quaeris,
1491 4700 1719 4769 inquam,
1744 4708 1915 4751 utrum
1941 4699 2151 4767 spiritrs

564 4793 883 4856 immundus,
916 4795 1004 4864 qui
1041 4805 1147 4849 erat
1179 4797 1229 4848 in
1271 4794 1567 4864 pytlionissa
1592 4833 1606 4857 ,
1643 4794 1857 4859 potuerit
1902 4810 2053 4865 agere
2096 4804 2149 4845 ut

569 4881 779 4935 Samuel
809 4903 837 4936 a
865 4885 1024 4941 Saule
1053 4889 1324 4950 videretur,
1355 4884 1487 4956 etc.]
1528 4884 1662 4940 Vide
1693 4894 1868 4938 notata
1900 4886 1963 4938 ad
1993 4885 2085 4940 lib.
2115 4901 2151 4938 ιι

566 4973 896 5028 diversarum
930 4977 1293 5043 Quaestionum
1328 4978 1391 5031 ad
1424 4976 1828 5047 Simplicianum
1872 4984 2061 5047 quiest.
2095 4979 2147 5030 4.

876 5109 1213 5167 DESIDERII
1245 5115 1502 5170 ERASMI
1530 5113 1845 5171 CENSURA

1145 5220 1281 5257 LIBIII
1324 5222 1388 5258 DF.
1422 5223 1560 5260 FIDE.

564 5293 800 5351 Libellus
848 5294 935 5349 hic
963 5309 1027 5349 ex
1059 5293 1287 5349 diversis
1319 5297 1597 5365 Augustini
1647 5296 1887 5363 epistolis
1925 5308 2147 5349 consar-

634 5370 842 5420 cinatus
887 5376 1009 5427 est,
1050 5367 1280 5420 maxime
1324 5367 1465 5435 quod
1508 5366 1572 5418 ad
1613 5368 1907 5419 sententias
1939 5367 2145 5418 attinet.

635 5437 916 5492 Probabile
945 5448 1026 5492 est
1061 5439 1199 5489 hunc
1227 5451 1348 5491 esse
1378 5437 1616 5505 llugonis
1647 5436 1923 5490 Victorini.
2010 5456 2013 5459 ν

632 5530 703 5582 At
729 5530 863 5585 hanc
888 5529 1091 5584 Erasmi
1120 5542 1402 5583 censuram
1430 5534 1577 5580 recte
1605 5525 1949 5580 confutarunt
1975 5525 2149 5578 Bene-

560 5617 769 5674 tlictini.
808 5621 960 5687 Quod
1009 5622 1051 5675 si
1081 5620 1205 5691 quid
1237 5619 1547 5687 decerptum
1580 5616 1664 5670 hic
1694 5626 1776 5670 est
1811 5631 1876 5670 ex
1905 5613 2149 5683 epistolis

562 5710 876 5781 Augusnni,
919 5712 1047 5765 nihil
1078 5723 1217 5767 vetat
1261 5711 1311 5767 id
1343 5710 1407 5766 ab
1435 5709 1551 5778 ipso
1578 5705 1875 5777 Augustino
1907 5704 2100 5760 factum
2129 5718 2142 5767 ;

2255 3222 2307 3274 in
2338 3221 2707 3288 sequentibus,
2739 3216 3005 3284 habetque
3026 3229 3151 3281 quae
3185 3210 3321 3282 apud
3354 3205 3646 3264 Christianos
3672 3210 3753 3251 Clllll

2255 3313 2428 3367 fructu
2452 3314 2553 3369 dici
2581 3320 2847 3383 poterant,
2873 3309 2964 3363 sed
2991 3308 3131 3377 apud
3161 3306 3452 3363 incredulos
3478 3298 3653 3371 pondus
3669 3292 3752 3346 nul-

2257 3405 2365 3459 lum
2398 3405 2683 3466 habebant,
2706 3416 2827 3455 cum
2850 3401 2936 3453 vix
2960 3414 3199 3467 unquam
3222 3414 3287 3451 ex
3324 3398 3371 3450 vi
3395 3406 3563 3448 vocum
3585 3397 3628 3440 et
3659 3395 3757 3438 nexu

2255 3498 2534 3562 orationis,
2565 3496 2608 3549 si
2638 3510 2756 3548 cum
2789 3492 3004 3546 homine
3030 3491 3310 3545 veritatem
3337 3476 3553 3543 Judaicze
3578 3488 3623 3534 et
3649 3472 3757 3529 Chrio

2256 3587 2442 3642 stiana:
2465 3585 2740 3653 religionis
2770 3591 2996 3652 negante
3026 3582 3093 3634 sit
3117 3581 3275 3634 nobis
3300 3578 3568 3643 negotium,
3590 3565 3756 3637 probare

2257 3679 2525 3747 possimus
2554 3693 2614 3730 ea
2644 3676 2892 3729 vaticinia
2938 3672 3002 3726 ad
3032 3672 3303 3725 Christum
3334 3668 3597 3737 pertinere.
3630 3658 3757 3747 itaque

2256 3745 2394 3837 apud
2433 3768 2735 3823 incredulos
2765 3767 2847 3820 bis
2874 3765 3053 3833 potius
3098 3762 3423 3834 argumentis
3458 3745 3756 3810 abstinendum

2257 3861 2354 3914 fuit
2379 3903 2392 3925 ,
2427 3860 2769 3926 historiisque
2802 3857 3059 3911 utendum
3087 3898 3102 3923 ,
3136 3854 3330 3923 quibus
3369 3849 3489 3906 nihil
3525 3853 3678 3902 sanum
3701 3847 3757 3887 re-

2258 3953 2379 4021 poni
2411 3951 2479 4006 ab
2506 3951 2567 4003 iis
2599 3958 2827 4019 poterat.

2488 4044 2493 4045 ⁷
2730 4033 3369 4095 ANIMADVERSIONES

2599 4149 2645 4187 IN
2679 4146 2869 4185 LIBRUM
2908 4144 2976 4183 DE
3011 4143 3132 4182 FIDE
3166 4143 3231 4180 ET
3260 4133 3496 4177 εγιιιιοω.

2327 4226 2453 4291 Cap.
2487 4225 2539 4284 3,
2572 4222 2598 4291 §
2627 4225 2677 4276 5.
2721 4220 2936 4273 Verbum
2964 4226 3130 4269 autem
3174 4214 3343 4267 Patris
3380 4210 3485 4262 ideo
3512 4204 3671 4291 dictum
3694 4198 3757 4250 est.

2256 4318 2372 4386 quia
2406 4333 2496 4383 per
2522 4316 2687 4385 ipsum
2715 4310 2979 4364 innotescit
3012 4307 3188 4361 Pater.
3229 4306 3373 4361 Sicut
3398 4301 3520 4353 enim
3546 4291 3760 4389 1‘”thle

2256 4411 2370 4464 stris
2399 4410 2451 4460 id
2475 4409 2695 4477 agimus,
2732 4421 2843 4457 cum
2871 4418 3040 4454 verum
3070 4400 3347 4467 loquimur,
3377 4401 3428 4446 ut
3447 4397 3596 4442 noster
3613 4387 3759 4477 animus

2257 4471 2538 4554 innotescth
2570 4496 2819 4557 audienti,
2849 4501 2892 4546 et
2915 4490 3166 4560 quidquid
3188 4495 3428 4540 secretum
3451 4481 3496 4532 in
3517 4471 3644 4527 corde
3666 4477 3759 4533 gen'

2258 4608 2370 4643 mus
2390 4630 2404 4652 ,
2435 4605 2524 4658 pir
2545 4589 2690 4657 signa
2719 4581 3015 4652 huiusmodi
3040 4580 3107 4631 ad
3138 4576 3468 4658 cognitionem
3485 4562 3660 4619 αιιαὶιιε

2256 4646 2452 4753 feratur
2485 4695 2503 4733 :
2530 4646 2612 4731 sic"
2641 4677 2734 4731 illa
2778 4674 3046 4741 Sapientia
3083 4685 3240 4741 quant
3283 4667 3417 4720 Deus
3449 4657 3590 4753 [inter

2254 4743 2492 4842 quoniam
2523 4785 2610 4839 per
2637 4769 2800 4836 ipsam
2835 4761 3101 4817 inualescit
3134 4758 3303 4827 dignis
3340 4749 3511 4805 animis
3550 4743 3758 4842 scerellifl;

2523 4814 2596 4839 ν-.
2639 4814 2798 4836 τη.-
3190 4814 3212 4827 ν
3603 4832 3610 4841 .

2256 4814 2366 4918 ἐιυς
2388 4862 2544 4916 Pater
2565 4903 2579 4925 ,
2619 4859 2837 4913 Verbum
2874 4859 2984 4925 ejus
3012 4846 3470 4905 convenientissime
3495 4814 3755 4925 tiontinttltlr:l

2254 4951 2830 5011 Mironcatechumenis
2856 4946 3155 5017 propositas
3178 4955 3264 4995 res
3286 4948 3446 5005 usque
3464 4928 3583 4984 adeo
3598 4918 3753 5017 dubias:

2253 5049 2401 5119 quasi
2445 5047 2570 5100 ﬁdei
2608 5044 2804 5109 capita.
3022 5037 3065 5091 Si
3095 5035 3210 5104 quis
3253 5031 3491 5098 negasset
3521 5013 3756 5119 ,Αυευςὲῗῗ

2256 5105 2439 5193 vocem
2470 5138 2611 5207 λόγος
2641 5132 2778 5200 apud
2810 5131 3070 5185 Joannem
3104 5120 3409 5180 vertendam
3435 5105 3755 5207 verbum.

2254 5232 2617 5298 tendissetque
2665 5240 2785 5280 esse
2838 5223 3082 5276 rationem
3117 5262 3131 5287 ,
3180 5208 3444 5285 quomodo
3496 5192 3753 5314 contriilgn";

2255 5324 2483 5394 probare
2515 5284 2717 5390 potuit?
2765 5314 3014 5383 Quinimo
3045 5306 3453 5365 Platonicorum,
3484 5284 3753 5394 quo-mai"?

2253 5372 2482 5470 iaciebat
2500 5372 2529 5476 ,ι
2559 5409 2859 5475 similiaque
2881 5399 3195 5458 Christianis
3219 5397 3318 5449 hac
3346 5393 3396 5446 in
3424 5400 3475 5441 re
3499 5382 3666 5484 senuit?

2252 5507 2417 5569 tabat,
2447 5494 2763 5556 auctoritate
2790 5497 2957 5566 premi
2991 5492 3180 5563 potuit.
3210 5487 3464 5541 Praeterea

2251 5608 2431 5673 gassct
2454 5611 2650 5653 munus
2679 5609 2799 5652 esse
2829 5593 2974 5657 Filii,
3005 5599 3063 5645 ut
3087 5588 3293 5643 animos
3319 5594 3405 5684 per
3432 5563 3747 5691 εξ

2252 5652 2506 5753 ἓξῖιῖὸιιο
2528 5705 2684 5763 quem
2709 5687 2835 5745 dicit
2866 5652 3222 5757 Augustinus;
3252 5673 3337 5747 qui
3369 5664 3571 5740 probare
3594 5652 3705 5721 Ρυίυέ
