3900 6328
223 347 289 398 lli
860 332 1212 390 VARIORUM
1250 331 1846 387 EXERCITATIONES
1886 331 1952 384 ΙΝ
1992 332 2051 386 S.
2094 333 2462 388 AUCUSTINI
2501 336 2746 392 OPERA.

3319 343 3419 397 418

225 463 275 508 set
296 451 421 521 quod
454 450 541 504 hic
567 447 867 510 contendit,
907 448 1004 501 nisi
1036 447 1171 499 forte
1208 460 1269 498 ex
1302 444 1415 498 suis
1444 443 1750 507 Platonicis,
1777 452 1828 507 ,Α
1858 454 2000 496 recta
2033 445 2197 507 ratio,
2237 447 2571 515 postulatque
2606 447 2851 501 humanae
2882 451 3148 507 societatis
3181 454 3420 524 felicitas,

225 544 283 612 qui
308 544 544 597 homines
572 539 855 595 rationales
880 553 998 595 esse
1025 537 1316 607 putabant,
1353 536 1752 604 participatione

225 642 286 689 τοῦ
319 634 467 704 Λόγου
498 673 513 698 ,
563 644 699 698 quos
730 639 904 683 tamen
949 627 1134 682 audire
1164 626 1417 679 noluisset
1447 624 1512 678 de
1542 624 1752 691 propria

227 725 337 791 hujus
355 724 500 776 vocis
528 719 949 790 signiﬁcatione?
984 717 1141 771 Multa
1172 716 1272 770 alia
1303 715 1405 769 dici
1444 723 1749 783 potuerunt,

224 828 307 880 qua:
329 811 511 865 omitto
543 820 597 864 et
623 825 742 879 qua:
769 809 870 877 legi
902 814 1186 875 potuerunt
1231 802 1370 872 apud
1416 802 1633 856 Joannis
1674 802 1753 853 in-

227 912 436 968 terpretes
463 900 528 952 ad
552 914 671 967 cap.
699 914 737 963 l,
767 897 817 950 1.
842 899 909 950 At
929 911 993 950 eo
1016 905 1275 963 tempore,
1300 894 1346 947 si
1372 908 1552 946 verum
1576 893 1754 945 dicere

223 991 419 1057 tulimus,
447 1004 554 1042 non
583 988 920 1057 quaerebatur
946 997 1049 1039 tam
1078 984 1203 1053 quid
1235 993 1377 1037 esset
1403 998 1605 1045 verum,
1634 996 1755 1049 pos-

223 1088 361 1148 setque
386 1087 574 1131 contra
623 1076 841 1144 qu0svis
884 1074 1227 1128 adversarios
1266 1073 1433 1125 ﬁrmis
1462 1072 1753 1124 rationibus

223 1168 387 1224 delendi
416 1208 431 1231 ,
464 1182 623 1235 quam
670 1166 813 1235 quod
852 1167 932 1219 vel
966 1166 1066 1219 levi
1118 1163 1489 1233 probabilitate
1535 1163 1753 1215 tinctum

222 1269 319 1324 erat,
345 1269 394 1312 et
421 1260 561 1326 apud
585 1271 741 1311 aures
769 1258 946 1310 omnia
974 1257 1254 1309 admittere
1279 1264 1489 1323 paratas
1513 1254 1755 1322 speciose

222 1350 297 1403 dici
320 1349 502 1419 potuit.
552 1347 821 1422 Legantur
851 1345 1157 1415 sequentia,
1187 1345 1659 1412 expendunturun
1688 1342 1755 1397 ab

221 1441 358 1493 animo
380 1440 623 1493 veritatis
653 1447 885 1499 amante,
916 1450 969 1491 et
1001 1438 1053 1491 ni
1087 1450 1268 1490 verum
1298 1436 1478 1489 tulisse
1498 1436 1752 1504 judicium

224 1532 356 1595 dicar,
382 1529 699 1596 abjiciantur
728 1528 807 1580 Ine
836 1528 1053 1590 chartae,
1091 1527 1350 1594 tineisque
1374 1534 1429 1579 et
1456 1527 1632 1580 blattis
1661 1527 1755 1582 de-

221 1624 431 1678 voranda:
458 1623 849 1690 permittantur.

270 1715 381 1782 Cap.
408 1688 470 1779 5,:
494 1712 519 1783 ς
547 1714 599 1767 8.
633 1711 779 1765 Dono
801 1713 933 1765 enim
958 1688 1074 1775 ‘Dei,
1101 1712 1196 1764 hoc
1215 1721 1307 1774 est,
1333 1720 1504 1763 sancto
1528 1711 1749 1779 Spiritu,

1852 545 1998 586 recta
2022 544 2143 587 sunt
2158 543 2212 587 et
2228 535 2332 588 Deo
2346 537 2574 604 placent,
2591 538 2678 605 qui
2701 546 2859 591 recta:
2876 541 3091 595 rationis
3107 550 3160 595 et
3184 543 3423 598 humanae

1854 624 2125 676 societatis
2165 639 2269 675 non
2313 626 2486 678 minus
2524 636 2711 679 auctor
2750 636 2831 679 e:t
2866 644 3021 697 quam
3064 631 3421 686 revelationis.

1854 712 1953 777 Qui
1987 714 2104 766 sine
2144 715 2467 769 revelatione
2505 725 2726 784 possunt
2770 717 3011 773 damnari
3049 721 3117 775 ob
3146 720 3336 774 delicta
3373 723 3423 776 in

1856 813 2052 855 rectam
2078 805 2334 859 rationem
2358 806 2606 869 admissa,
2627 808 2839 860 eosdem
2865 824 3083 864 necesse
3100 820 3181 865 est
3196 825 3245 866 et
3272 827 3425 880 posse

1856 895 2099 960 absolvi,
2144 897 2186 948 si
2234 906 2377 950 recte
2419 900 2608 952 rationi
2652 900 3037 967 obsequantur;
3090 905 3228 971 quod
3272 906 3426 959 docet

1854 984 2013 1038 etiam
2036 985 2231 1038 Paulus
2264 988 2418 1039 ltom.
2456 1004 2511 1055 ιι,
2543 990 2630 1055 14,
2666 990 2749 1043 15.
2784 991 2946 1044 Nemo
2975 992 3065 1060 qui
3091 1008 3200 1047 rem
3229 1008 3427 1062 expen-

1856 1075 1995 1128 derit
2025 1076 2122 1129 sibi
2152 1078 2489 1142 persuadebit
2512 1078 2680 1148 legem
2706 1091 2906 1135 natura:
2926 1096 2955 1135 a
2983 1082 3091 1137 Deo
3114 1099 3206 1152 per
3227 1096 3428 1139 rectam

1856 1170 2116 1220 rationem
2141 1169 2321 1234 latam,
2344 1180 2397 1222 et
2420 1184 2511 1237 per
2543 1172 2708 1238 ipsam
2734 1172 2979 1226 humanas
3010 1184 3211 1229 natura:
3232 1177 3427 1230 consti-

1856 1258 2109 1310 tutionem
2151 1258 2515 1312 conﬁrmatam
2542 1300 2558 1325 ,
2610 1262 2925 1326 perfractam
2966 1272 3058 1317 aut
3094 1266 3427 1321 observatam

1856 1347 2054 1413 pariter
2089 1347 2371 1415 damnare;
2417 1365 2514 1402 nec
2558 1352 2699 1417 pium
2729 1365 2853 1420 erga
2892 1364 3135 1419 parentes
3172 1369 3291 1409 esse
3322 1357 3428 1411 Deo

1854 1437 2139 1505 gratiorem
2183 1453 2337 1506 quam
2383 1441 2724 1507 parricidam.
2775 1441 3005 1495 Monstra
3059 1453 3183 1498 sunt
3234 1446 3321 1499 illa
3362 1460 3428 1500 ex

1855 1528 2213 1581 contendendi
2249 1540 2302 1582 et
2333 1531 2593 1598 paradoxa
2622 1532 2937 1587 defendendi
2968 1535 3183 1590 libidine
3209 1548 3350 1591 nata.

1924 1620 2053 1686 Cap.
2088 1619 2183 1684 l5,
2217 1619 2243 1688 §
2270 1620 2361 1675 24.
2405 1604 2727 1688 ρᾶαρνοριεν
2749 1622 3017 1690 diligenler
3043 1634 3237 1690 oportet
3265 1637 3430 1680 atten-

1857 1709 1972 1760 dere
1992 1711 2244 1776 quomodo
2278 1709 2570 1774 accipienda
2595 1712 2658 1762 sit
2685 1713 2902 1777 apostoli
2930 1710 3085 1766 Pauli
3111 1714 3202 1765 illa
3227 1726 3429 1768 senten-

218 1817 414 1855 concessa
443 1801 585 1854 nobis
620 1811 693 1853 est
722 1809 863 1853 tanta
896 1800 1156 1852 humilitas
1193 1802 1316 1852 tanti
1353 1799 1480 1866 Dei,
1511 1812 1565 1852 ut
1598 1811 1753 1853 totum
1784 1801 1829 1858 B
1858 1800 1926 1849 tia
1953 1799 2102 1865 plane
2128 1800 2194 1848 ad
2240 1797 2621 1867 intelligendum
2651 1798 2892 1865 difﬁcilis,
2926 1801 3008 1851 ubi
3057 1802 3126 1853 ait
3154 1818 3173 1854 :
3221 1802 3428 1857 Funda-

215 1891 431 1943 hominem
450 1891 702 1959 suscipere
728 1889 1066 1960 dignaretur.|
1096 1888 1220 1945 Scio
1248 1898 1301 1943 et
1329 1890 1461 1942 alios
1498 1890 1573 1942 sic
1606 1891 1754 1943 locu-

213 1990 297 2045 tos,
320 1983 405 2036 sed
435 1982 674 2051 profecto
704 1990 758 2035 et
783 1981 1068 2049 Scriptura:
1094 1995 1259 2035 sacra:
1297 1988 1351 2035 et
1381 1989 1525 2035 recte
1561 1981 1752 2034 rationi

210 2071 343 2138 plane
370 2072 691 2123 contrarium
720 2079 803 2124 est
832 2071 1166 2122 humilitatem
1195 2070 1386 2123 divinae
1430 2079 1630 2123 naturae
1662 2070 1753 2122 tri-

208 2159 372 2214 bucre.
410 2159 592 2213 Virtus
636 2168 718 2212 est
768 2159 995 2214 hominis
1020 2174 1136 2227 qua:
1181 2174 1209 2211 a
1257 2157 1461 2212 Latinis
1509 2159 1755 2213 modestia

204 2248 375 2303 dicitur
395 2290 409 2315 ,
442 2249 533 2303 sed
565 2264 683 2317 qua:
709 2248 819 2303 Deo
847 2250 1002 2304 tribui
1032 2265 1133 2302 non
1162 2257 1337 2317 potest
1360 2250 1474 2302 sine
1505 2249 1754 2317 blasphe-

200 2341 309 2391 mia:
334 2338 555 2407 quadam
586 2338 765 2406 specie
784 2379 798 2403 ,
837 2339 990 2407 cujus
1020 2347 1192 2393 tamen
1226 2340 1472 2393 incusare
1501 2341 1751 2408 Augusti~

197 2441 311 2479 num
342 2428 525 2480 nolim.
570 2427 768 2481 Locum
799 2428 864 2481 ad
895 2429 1255 2497 Philippenses
1285 2445 1354 2493 ιι,
1388 2429 1449 2491 6,
1482 2430 1567 2496 qui
1594 2428 1755 2497 objici

193 2515 323 2571 forte
345 2527 538 2585 posset,
574 2518 968 2586 intelligendum
998 2519 1063 2572 de
1091 2527 1275 2572 natura
1302 2522 1527 2572 humana
1553 2520 1753 2575 Christi

190 2607 531 2660 attenderunt
583 2607 730 2676 llugo
779 2606 989 2661 Grotius
1032 2620 1086 2663 et
1135 2609 1368 2662 Joannes
1420 2606 1654 2662 Clericus
1698 2609 1753 2662 in

184 2693 556 2748 additamentis
585 2695 650 2748 ad
693 2695 758 2749 Η.
788 2695 1103 2749 llamtnondi
1139 2697 1521 2750 Adnotationes
1552 2686 1620 2750 ad
1648 2696 1754 2751 No-

180 2799 307 2839 vum
338 2786 761 2841 Testamentum.
793 2788 942 2855 Quod
971 2792 1161 2840 factum
1193 2787 1261 2840 ab
1294 2798 1488 2841 aeterna
1524 2788 1751 2853 ratione,

175 2876 396 2941 quando
421 2893 539 2929 caro
569 2878 704 2943 facta
733 2888 829 2943 est,
859 2878 910 2931 id
936 2893 1038 2931 non
1068 2878 1379 2930 humilitatis
1400 2918 1413 2939 ,
1445 2877 1613 2931 absit!
1656 2878 1751 2933 sed

172 2978 407 3019 summa:
434 2967 683 3020 bonitatis
711 2976 765 3020 et
795 2968 1165 3021 muniﬁcentia:
1190 2969 1454 3035 specimen
1484 2966 1597 3019 fuit.

246 3054 385 3121 Cap.
408 3057 458 3119 5,
485 3055 511 3126 §
538 3056 625 3109 ll.
655 3055 917 3108 Credimus
941 3057 1108 3123 itaque
1136 3058 1187 3108 in
1209 3072 1323 3109 eum
1345 3056 1428 3123 qui
1450 3058 1542 3109 sub
1568 3056 1752 3111 Pontio

1856 1897 2091 1941 mentum
2122 1888 2260 1941 enim
2289 1889 2429 1941 aliud
2458 1904 2613 1941 nemo
2642 1897 2812 1955 potest
2845 1904 3069 1957 ponere,
3115 1901 3211 1946 etc.
3246 1894 3263 1947 Ι
3303 1894 3428 1948 Cor.

1856 1992 1940 2042 ιιι,
1978 1978 2032 2031 Η
2067 1988 2120 2030 et
2150 1975 2323 2046 seqq.]
2351 1976 2466 2030 Jam
2498 1977 2563 2031 de
2605 1978 2704 2031 hoc
2742 1978 2857 2031 loco
2892 1979 3000 2048 egit
3052 1981 3104 2032 in
3154 1981 3334 2036 libello
3363 1985 3429 2036 de

1856 2066 2245 2131 QuaeStionibus
2284 2067 2511 2130 Dulcitii,
2546 2081 2643 2120 nec
2672 2076 2846 2120 tamen
2877 2066 2963 2120 hic
2994 2070 3162 2136 potuit
3190 2085 3309 2124 sese
3336 2087 3429 2125 es-

1858 2158 2038 2225 petlire
2065 2158 2413 2219 diflicultate,
2473 2171 2590 2225 quae
2643 2173 2830 2226 magna
2879 2173 2997 2214 esse
3054 2175 3161 2213 non
3215 2170 3431 2230 potest,

1858 2248 1956 2301 nisi
2003 2249 2271 2302 oscitanti.
2324 2248 2513 2315 Liquet
2560 2248 2702 2300 enim
2759 2248 2975 2301 Paulum
3012 2264 3167 2316 agere
3195 2250 3298 2303 illic
3325 2266 3431 2306 non

1854 2338 1921 2392 de
1952 2338 2217 2403 moribus,
2240 2337 2331 2391 sed
2363 2337 2429 2389 de
2475 2336 2828 2403 dogmatibus,
2874 2352 2992 2392 cum
3044 2353 3220 2393 sermo
3252 2340 3322 2393 sit
3362 2340 3432 2395 de

1854 2431 2160 2484 doctoribus
2186 2446 2201 2493 ;
2232 2431 2404 2499 qualis
2432 2431 2545 2496 ipse
2574 2438 2732 2499 atque
2774 2429 2985 2499 Apollo,
3014 2448 3238 2509 quorum
3268 2450 3324 2489 se
3351 2435 3432 2489 di-

1854 2521 2088 2588 scipulos
2126 2521 2374 2574 dicebant
2414 2519 2705 2586 Corinthii,
2737 2532 3124 2592 prOptercaque
3164 2526 3213 2578 in
3253 2536 3430 2594 partes

1854 2609 2019 2662 ibant.

2321 2688 2969 2754 ANIMADVERSICNES

2166 2803 2217 2841 ΙΝ
2256 2792 2586 2841 ENCHIBIDION
2640 2804 2707 2841 AD
2754 2804 3106 2842 ιΑυιιεΝιιιιιι.

1926 2880 2054 2948 Cap.
2086 2876 2143 2931 11
2166 2918 2180 2940 ,
2208 2878 2235 2947 §
2287 2877 2338 2931 4.
2384 2876 2518 2941 Quid
2545 2885 2616 2929 est
2646 2877 2789 2929 aliud
2815 2879 2951 2946 quod
2996 2881 3184 2931 nmium
3212 2883 3419 2951 dicitur,

1852 2970 1952 3023 nisi
1974 2970 2188 3040 privatio
2213 2964 2381 3037 boni?]
2430 2966 2627 3021 Eodem
2666 2966 2785 3034 jure
2814 2967 2959 3021 dicas
2989 2968 3152 3022 Pmno
3182 2972 3421 3037 philoso-

1856 3063 1995 3129 pho:
2027 3062 2152 3130 quid
2183 3070 2265 3115 est
2294 3060 2433 3114 aliud
2454 3056 2600 3128 quod
2632 3061 2796 3113 virtus
2825 3060 3032 3125 dicitur,
3068 3064 3165 3116 nisi
3201 3067 3427 3133 pr'.vatio

171 3141 363 3195 Pilato
393 3146 667 3212 cruciﬁxus
688 3155 757 3199 est
789 3154 836 3197 et
870 3148 1112 3215 sepultus.
1155 3147 1459 3199 Addendum
1485 3149 1615 3200 enim
1647 3156 1754 3201 erat
1784 3139 1829 3202 C
1859 3150 2014 3205 vitii?
2058 3149 2187 3203 Nam
2232 3164 2360 3202 sane
2398 3149 2586 3212 virtus,
2618 3149 2841 3217 exempli
2873 3164 3051 3215 causa,
3090 3153 3251 3220 ﬁdes,
3286 3170 3431 3221 spes,

168 3235 375 3301 iudicis
418 3253 630 3301 nomen,
671 3246 875 3305 propter
907 3249 1185 3306 temporum
1224 3242 1588 3309 cognitionem,
1625 3240 1754 3312 etc.]

168 3324 316 3379 Tum
345 3329 484 3380 nulla
514 3329 784 3383 mentione
815 3328 949 3382 facta
977 3329 1243 3381 descensus
1270 3330 1336 3381 ad
1368 3331 1556 3399 inferos
1577 3370 1591 3395 ,
1630 3346 1756 3399 pro-

165 3416 326 3470 xime
354 3418 635 3486 sobjicitur
668 3436 681 3471 :
711 3419 962 3471 credimus
1000 3419 1149 3471 etiam
1185 3421 1331 3471 illum
1370 3422 1524 3474 tertio
1558 3421 1646 3474 die
1675 3435 1759 3476 re-

165 3509 485 3562 surrexisse
512 3524 541 3561 a
573 3512 796 3562 mortuis
815 3548 830 3573 ,
862 3511 1249 3580 primogenitum
1278 3513 1616 3564 consecuturis
1650 3513 1760 3581 fra-

164 3597 374 3664 tribus,
403 3608 505 3653 etc.
549 3598 699 3652 Unde
730 3599 894 3667 liquet
917 3613 983 3653 eo
1025 3607 1263 3665 tempore
1302 3600 1352 3652 in
1384 3600 1635 3670 Symbolo
1663 3599 1763 3654 Ec-

168 3684 369 3739 clesia:
396 3687 689 3749 Africaine,
722 3697 777 3740 ut
814 3698 866 3741 et
904 3689 953 3740 in
986 3687 1225 3742 Romano
1250 3689 1501 3759 aliisque,
1531 3690 1763 3745 abfuisse

170 3786 352 3844 caput
381 3779 444 3831 de
473 3781 717 3831 descensu
743 3779 810 3831 ad
845 3778 1072 3848 inferos;
1099 3779 1239 3848 quod
1270 3789 1446 3834 tamen
1473 3788 1655 3848 postea
1684 3791 1763 3835 te-

171 3882 342 3922 mere
367 3870 705 3937 conjunctum
730 3877 829 3923 est.
865 3869 991 3924 Vide
1017 3885 1135 3938 quas
1164 3871 1499 3926 doctissimus
1530 3875 1764 3927 omnium

178 3958 543 4025 interpretum
578 3960 814 4029 Sytnholi
845 3959 1079 4014 Joannes
1102 3959 1400 4015 Pearsonus
1428 4005 1443 4029 ,
1489 3966 1587 4016 hac
1616 3964 1682 4018 de
1707 3979 1766 4019 re

178 4045 236 4099 in
270 4050 495 4119 Angliea
534 4052 969 4113 interpretatione
996 4052 1231 4121 Symboli
1262 4054 1493 4121 scripsit.

664 4140 1309 4196 ANIMADVEKSIONES

515 4246 563 4282 IN
593 4245 780 4282 LIBBUJI
823 4245 890 4282 DE
922 4245 1040 4282 FIDE
1077 4247 1143 4284 ET
1170 4246 1440 4284 OPERIBUS.

261 4315 399 4385 Cap.
419 4320 470 4382 7,
494 4318 521 4388 §
547 4319 631 4371 il.
660 4320 918 4387 Quidquid
939 4321 1067 4372 enim
1089 4319 1239 4371 homo
1259 4322 1409 4373 veluti
1430 4329 1557 4374 recte
1578 4322 1769 4391 fecerit,

190 4404 292 4456 nisi
318 4406 387 4459 ad
408 4409 644 4474 pietatem
667 4425 779 4472 qua:
805 4411 870 4460 ad
895 4409 1055 4463 Deum
1078 4420 1147 4463 est
1170 4414 1436 4477 ναίει-(λίαν,
1463 4420 1651 4462 rectum
1673 4412 1773 4464 dici

1855 3242 2069 3305 caritas,
2098 3248 2200 3292 etc.
2224 3280 2237 3303 ,
2272 3253 2372 3292 non
2397 3248 2477 3292 est
2504 3239 2670 3306 magis
2700 3239 2911 3292 habitus
2933 3241 3092 3293 animi
3125 3245 3314 3308 nostri,
3346 3260 3431 3298 re-

1858 3332 2037 3401 petitis
2064 3332 2268 3383 artibus
2315 3341 2672 3398 comparatus,
2723 3344 2879 3396 quam
2930 3331 3292 3397 incredulitas,
3342 3334 3437 3390 dc-

1858 3422 2089 3490 speratio
2128 3430 2182 3472 et
2230 3418 2407 3470 odium
2467 3418 2735 3484 proximi;
2790 3433 2886 3471 ncc
2936 3419 3155 3473 eﬁ'eotus
3188 3422 3435 3475 vitiorum

1859 3519 1983 3563 Sunt
2003 3511 2176 3560 ntinus
2209 3508 2381 3574 magni
2410 3522 2567 3573 quam
2594 3506 2866 3558 virtutum.
2899 3508 3048 3570 Quod
3082 3509 3125 3559 si
3149 3509 3314 3571 dicas,
3345 3511 3437 3564 dea

1861 3607 2029 3651 tracto
2058 3596 2205 3660 vitio,
2241 3594 2362 3661 poni
2416 3595 2695 3655 virtutem;
2731 3594 2979 3646 similiter
3010 3595 3215 3658 dixero,
3251 3596 3429 3650 detra-

1861 3698 1944 3743 cta
1976 3689 2187 3750 virtute,
2217 3687 2339 3753 poni
2373 3683 2577 3737 vitium.
2606 3681 2884 3736 Contraria
2921 3688 3030 3737 lucc
3057 3685 3269 3751 quidem
3292 3695 3429 3753 sunt,

1863 3776 1957 3831 sed
1981 3790 2084 3828 non
2109 3776 2372 3843 opposita,
2428 3783 2486 3827 ut
2535 3774 2759 3841 privatio
2790 3772 3099 3837 etltabitus,
3146 3776 3441 3844 ignorantia

1865 3880 1918 3924 et
1946 3869 2188 3923 scientia.
2220 3867 2412 3920 Verum
2443 3866 2768 3934 Augustinus
2807 3867 3204 3934 comparatione
3234 3869 3369 3923 hanc
3390 3870 3445 3928 in

1866 3977 1980 4015 rem
2018 3961 2198 4023 utitur,
2227 3974 2328 4028 qua
2356 3959 2490 4012 forte
2520 3959 2780 4026 quispiam
2827 3961 3094 4028 negotium
3124 3960 3427 4016 confectum

1867 4060 2035 4121 putet.
2078 4049 2190 4103 Non
2220 4049 2388 4102 dicam
2417 4053 2817 4116 comparatione
2869 4066 2975 4102 rem
3010 4066 3189 4104 veram
3218 4062 3271 4106 et
3313 4067 3441 4120 pro-

1870 4144 2047 4195 hatam
2095 4139 2351 4193 illustrari
2403 4147 2627 4205 tantum,
2658 4149 2747 4192 aut
2774 4140 2931 4193 altius
2963 4145 3233 4195 memoriae
3262 4143 3444 4213 inﬁgi;

1874 4247 1979 4284 non
2008 4245 2156 4291 vero,
2188 4231 2234 4283 si
2260 4230 2415 4282 dubia
2449 4237 2553 4293 est,
2585 4229 2836 4297 probari;
2864 4230 2955 4282 sed
2986 4232 3150 4298 ipsam
3175 4245 3423 4298 compara

1875 4323 2070 4375 tionem
2118 4321 2439 4388 expendam.
2492 4318 2629 4372 Nam
2659 4320 2820 4386 sicut,
2894 4320 3099 4386 inquit,
3153 4322 3443 4388 corporibus

1877 4415 2180 4466 animalium
2226 4413 2356 4465 nihil
2410 4421 2481 4465 est
2508 4410 2653 4465 aliud
2681 4413 2867 4465 morbis
2892 4422 2936 4464 et
2964 4412 3253 4465 vulneribus
3290 4413 3451 4480 afﬁci,

196 4508 300 4546 non
332 4496 581 4568 oportet.]
625 4498 903 4564 Quomodo
937 4499 1049 4553 hmc
1080 4499 1399 4553 intellexerit
1429 4494 1771 4567 Augustinus,
1808 4483 1856 4541 Ῑ)
1882 4522 2033 4574 quam
2059 4505 2275 4556 sanitate
2293 4505 2513 4571 privari:
2540 4504 2612 4555 ita
2639 4514 2686 4557 et
2713 4505 2996 4556 animorum
3020 4518 3326 4571 quazcunque
3350 4504 3450 4558 sin,

196 4592 254 4636 et
295 4588 487 4655 quibus
531 4590 824 4644 rationibus
872 4591 1037 4645 fretus
1069 4596 1137 4645 ita
1170 4594 1374 4647 locutus
1400 4597 1505 4655 sit,
1539 4594 1776 4661 quisquis

201 4677 342 4733 seire
368 4683 560 4746 avehit,
588 4681 742 4735 adeat
766 4692 907 4736 tomo
940 4682 983 4735 Χ
1008 4684 1195 4736 librum
1225 4700 1274 4737 tv
1304 4698 1483 4738 contra
1510 4682 1774 4737 Julianum

202 4782 320 4836 cap.
355 4772 422 4836 ὅ,
460 4773 546 4826 ubi
579 4774 758 4825 multis
806 4773 902 4826 hac
940 4774 1006 4827 de
1045 4790 1104 4828 re
1144 4775 1271 4843 agit.
1318 4773 1685 4827 Consulendus
1722 4779 1777 4827 et

206 4862 536 4919 eminentiss.
588 4864 875 4921 cardinalis
917 4866 1078 4920 Henr.
1122 4867 1358 4920 Norisius
1415 4867 1467 4919 in
1533 4867 1781 4920 Vindiciis

219 4952 602 5021 engustinianis
630 4971 840 5024 paragr.
863 4957 916 5008 4.
945 4961 1213 5019 Attamen,
1240 4958 1282 5009 si
1310 4972 1494 5009 verum
1516 4970 1779 5022 amamus,

219 5045 401 5098 temini
423 5046 557 5099 hanc
574 5061 723 5099 suam
741 5047 1056 5100 sententiam
1080 5046 1417 5117 persuadebit
1436 5047 1779 5115 Augustinus.

219 5139 293 5201 tui
321 5140 530 5207 quidem
555 5141 606 5193 in
634 5140 775 5194 nuda
806 5140 921 5207 ejus
960 5142 1272 5195 auctoritate
1310 5154 1416 5194 non
1459 5138 1797 5206 acquiescat,‘

216 5232 299 5279 sed
325 5234 556 5286 rationes
596 5232 883 5300 expendat.
928 5232 1057 5285 Nam
1099 5242 1301 5286 certum
1343 5241 1423 5285 est
1454 5243 1780 5298 qumcunque

216 5319 337 5374 tiunt
356 5323 647 5377 secundum
675 5333 876 5379 naturae
896 5333 951 5378 et
971 5324 1188 5376 rationis
1213 5331 1370 5376 rectae
1390 5321 1697 5388 impulsum,
1719 5332 1782 5371 ea

214 5427 321 5465 esse
346 5414 506 5479 bona,
537 5415 781 5482 quamvis
802 5413 1056 5468 revelatio
1077 5428 1183 5467 non
1208 5411 1515 5466 accesserit.
1540 5409 1784 5477 Exempli

206 5515 381 5565 causa,
414 5504 593 5557 colere
631 5514 909 5571 parentes,
953 5517 1153 5571 eosque
1190 5502 1334 5554 omni
1375 5515 1476 5566 ope
1511 5500 1783 5566 adjuvare,

206 5594 524 5647 miscrorum
557 5595 709 5647 malis
734 5596 873 5663 tangi
899 5603 951 5648 et
972 5592 1243 5661 opitulari,
1266 5590 1558 5644 castitatem
1582 5590 1783 5655 colere,

205 5685 396 5751 pudice
419 5686 673 5739 familiam
702 5685 926 5739 educare
945 5694 998 5739 et
1029 5692 1279 5737 sexcenta
1303 5682 1425 5735 talia
1455 5695 1571 5749 quae
1596 5680 1781 5735 suadet

1881 4597 2021 4661 vitia,
2053 4596 2365 4647 naturalium
2400 4602 2513 4647 sunt
2553 4595 2856 4663 privationes
2901 4593 3167 4655 bonorum,
3198 4606 3309 4659 qua:
3335 4606 3451 4645 cum

1882 4698 2128 4741 sanantur
2176 4705 2276 4741 non
2329 4687 2499 4757 aliqua
2538 4691 2946 4755 transferuntur;
2999 4682 3088 4733 sed
3132 4698 3190 4733 ea
3229 4697 3341 4749 qua:
3380 4681 3451 4734 ibi

1884 4788 2029 4831 erant
2059 4794 2305 4848 nusquam
2324 4787 2491 4843 erunt,
2519 4778 2727 4846 quando
2748 4776 2799 4825 in
2820 4774 2910 4825 illa
2930 4771 3144 4823 sanitate
3160 4787 3259 4823 non
3282 4778 3452 4826 erunt.

1884 4874 1953 4922 At
2002 4868 2174 4921 morbi
2199 4875 2287 4919 aut
2318 4867 2541 4918 vulnera
2587 4880 2693 4917 non
2735 4870 2859 4913 sunt
2904 4868 3103 4911 tantum
3134 4860 3455 4929 privationes

1883 4958 2155 5020 sanitatis;
2187 4957 2285 5009 nisi
2315 4957 2433 5023 quis
2459 4955 2598 5007 dicat
2628 4951 2840 5015 febrim,
2869 4952 3099 5018 exempli
3142 4967 3324 5018 causa,
3358 4968 3453 5005 cu-

1882 5048 1970 5114 jus
2015 5052 2141 5098 sunt
2172 5053 2246 5096 tot
2276 5058 2491 5109 genera,
2538 5051 2592 5094 et
2638 5051 3011 5111 symptomata,
3045 5056 3308 5110 quamque
3334 5056 3453 5093 om-

1888 5152 1982 5191 nes
2014 5142 2206 5188 norunt
2234 5136 2388 5187 sitam
2421 5147 2539 5185 esse
2565 5141 2622 5185 ut
2645 5130 2926 5200 plurimum
2960 5130 3008 5182 in
3041 5141 3186 5184 motu
3216 5141 3453 5184 extraor-

1887 5227 2092 5281 dinario
2119 5224 2411 5292 sanguinis,
2446 5237 2644 5276 meram
2685 5237 2804 5277 esse
2847 5221 3227 5289 privationem;
3268 5232 3455 5285 quem-

1888 5319 2174 5373 admodum
2205 5327 2402 5381 motus,
2430 5316 2671 5385 quamvis
2718 5315 3005 5376 violentus,
3040 5326 3182 5365 mera
3235 5316 3315 5360 est
3347 5307 3452 5373 pri-

1888 5411 2026 5462 vatio
2054 5407 2266 5475 quietis.
2310 5406 2440 5472 Quis
2489 5406 2651 5460 ferret
2698 5422 2763 5459 eo
2803 5404 2960 5457 modo
3009 5400 3456 5453 ratiocinantem?

1889 5501 2016 5565 Quis
2036 5497 2175 5550 dicat
2219 5498 2511 5550 sectionem
2557 5497 2784 5550 musculi
2814 5503 2904 5547 aut
2934 5492 3116 5554 nervi,
3140 5488 3453 5541 elfusionem

1888 5586 2175 5656 sanguinis,
2199 5586 2517 5639 laxationem
2540 5596 2629 5639 aut
2651 5586 2962 5638 lractionem
2985 5580 3118 5634 ossis
3139 5591 3312 5632 meras
3337 5590 3457 5628 esse

1892 5677 2214 5749 privationes
2243 5689 2426 5731 eorum
2459 5690 2576 5743 quas
2608 5681 2763 5730 antea
2803 5670 2997 5728 erant?
3027 5666 3376 5738 Capritnulgis
3405 5676 3459 5718 ct
