3900 6310
556 402 658 457 419

557 515 855 573 fossoribus
888 511 1004 566 hate
1048 507 1382 578 philosomiia
1413 505 1669 572 tradatur,
1700 518 1806 557 non
1833 502 2135 557 hominibus

558 607 853 662 litterarum
907 598 1097 653 studiis
1121 596 1389 665 expolitis.
1440 592 1591 660 Quod
1630 591 1778 645 addit
1820 591 1967 653 vitia,
2009 604 2128 644 cum

558 704 833 757 sanantur,
855 706 959 746 non
985 691 1088 743 alio
1109 686 1404 750 transferri,
1439 686 1532 739 sed
1564 697 1820 753 nusquam
1850 697 1989 748 esse,
2024 692 2128 734 tam

559 787 700 841 valet
750 783 814 837 ad
867 778 1197 849 probandum
1252 776 1501 829 virtutem
1542 786 1662 827 esse
1680 772 1831 838 nihil,
1878 786 2036 841 quam
2065 768 2131 823 ad

559 871 944 929 ostendendum
975 868 1158 921 vitium
1205 878 1407 918 meram
1440 877 1558 916 esse
1589 860 1976 928 privationem;
2008 873 2130 911 nam

560 965 750 1026 virtus,
783 976 938 1028 quam
955 957 1213 1026 quispiam
1239 955 1508 1008 contrario
1530 950 1659 1006 vitio
1682 960 1869 1013 mutat,
1904 964 2009 1003 non
2038 949 2135 1001 ali-

559 1068 667 1123 quo
693 1051 1037 1113 transfertur,
1067 1046 1159 1101 sed
1201 1060 1460 1113 nusquam
1492 1054 1592 1099 est.
1622 1042 1751 1109 Quis
1778 1042 1830 1095 in
1855 1040 2134 1110 metaphy-

561 1143 687 1199 sicis
707 1139 945 1195 nonnihil
972 1138 1295 1193 exercitatus
1322 1136 1493 1187 nescit
1522 1131 1819 1186 accidentia
1837 1146 1941 1183 non
1965 1138 2135 1183 trans-

561 1234 725 1298 ferri,
752 1246 872 1287 cum
900 1238 1173 1286 mutantur
1213 1238 1303 1280 aut
1344 1226 1633 1286 intereunt,
1666 1237 1765 1278 nec
1799 1231 1976 1276 tamen
2018 1234 2137 1274 esse

561 1341 765 1381 merum
793 1324 958 1378 nihil?
988 1323 1157 1389 Quam
1204 1320 1308 1372 hoc
1354 1318 1421 1373 sit
1473 1316 1814 1371 manifestum
1844 1329 2001 1370 nemo
2032 1330 2135 1367 non

562 1420 725 1481 videt.
757 1431 857 1471 nec
885 1431 951 1470 eo
981 1415 1154 1468 secius
1184 1413 1237 1465 in
1268 1422 1373 1466 tam
1414 1411 1636 1465 mirifica
1670 1410 1873 1479 argutia
1898 1410 1996 1464 sibi
2030 1409 2139 1478 pla-

562 1520 650 1564 cet
693 1504 1036 1575 Augustinus,
1065 1502 1155 1571 qui
1185 1503 1322 1555 inter
1365 1501 1471 1553 duo
1503 1499 1741 1553 membra
1779 1498 1953 1553 allata:
1989 1512 2137 1551 com-

562 1595 852 1666 parationis
884 1593 1019 1646 hanc
1049 1590 1395 1659 parenthesin
1434 1588 1689 1641 infarcit:
1722 1585 1899 1656 Neque
1927 1586 2060 1638 enim
2087 1586 2140 1637 id

560 1688 753 1757 agitur,
768 1701 881 1737 cum
900 1682 1167 1736 adhibetur
1190 1681 1406 1744 curatio,
1428 1688 1483 1731 ut
1511 1680 1647 1731 ntala
1667 1679 1763 1730 ista
1784 1692 1898 1745 qua:
1917 1676 2137 1741 inerant,

563 1780 617 1831 id
642 1789 713 1832 est
742 1776 901 1830 morbi
928 1790 986 1827 ac
1020 1773 1253 1840 vulnera,
1296 1772 1535 1825 recedant
1585 1770 1724 1835 hinc,
1770 1778 1818 1821 et
1846 1766 1971 1820 alibi
2014 1767 2139 1831 sint,

565 1870 653 1923 sed
678 1870 869 1936 utique,
906 1874 960 1918 ut
990 1880 1093 1917 non
1120 1864 1242 1916 sint.
1276 1862 1396 1915 Non
1420 1861 1559 1914 enim
1595 1859 1703 1912 ulla
1730 1858 2032 1925 substantia,
2058 1857 2145 1910 sed

561 1957 787 2012 carnalis
814 1955 1110 2010 substantia'
1138 1954 1314 2006 vilium
1341 1960 1411 2005 est
1432 1952 1617 2004 vulnus
1643 1958 1731 2003 aut
1759 1947 2002 2010 morbus;
2030 1961 2146 1998 cum

563 2068 684 2105 caro
719 2051 782 2104 sit
806 2051 918 2117 ipsa
945 2047 1247 2105 substantia,
1288 2044 1516 2115 profecto
1560 2041 1769 2111 aliquod
1807 2043 2017 2105 bonum,
2063 2038 2145 2091 cui

560 2141 804 2194 accidunt
831 2140 929 2192 ista
952 2140 1113 2199 mala,
1163 2136 1218 2188 id
1247 2144 1317 2187 est
1348 2134 1651 2203 prirationes
1675 2134 1786 2202 ejus
1815 2130 1966 2193 boni,
2007 2127 2145 2197 quod

564 2234 751 2285 dicitur
766 2232 982 2283 sanitas.
1007 2227 1213 2280 Pariter
1244 2223 1550 2277 ratiocinari
1582 2237 1776 2289 queam
1803 2230 1858 2275 ut
1887 2220 2140 2289 probem,

564 2329 749 2375 contra
773 2318 1148 2388 Augustinum,
1200 2315 1479 2368 sanitatem
1507 2326 1627 2366 esse
1657 2321 1861 2364 tantum
1894 2306 2145 2376 privatio-

564 2425 687 2464 nem
718 2408 921 2470 morbi;
953 2422 1071 2459 nam
1102 2402 1313 2473 quando
1340 2402 1671 2470 propinatur.
1704 2398 1938 2467 exempli
1959 2411 2140 2459 causa,

565 2505 880 2553 venenatum
932 2494 1216 2563 poculum,
1270 2502 1327 2546 ut
1374 2491 1574 2544 sanitas
1624 2488 1993 2553 labefactetur,
2043 2489 2144 2542 hoc

565 2606 671 2644 non
697 2590 765 2641 sit
795 2595 852 2641 ut
874 2585 996 2640 alibi
1027 2585 1097 2639 sit
1127 2585 1347 2650 sanitas,
1405 2582 1499 2636 sed
1535 2597 1601 2636 ne
1643 2582 1867 2636 omnino
1895 2583 1984 2637 sit.
2011 2580 2144 2647 Quis

562 2687 820 2749 praeterea
866 2691 969 2730 non
1011 2675 1234 2728 miretur
1274 2683 1515 2727 nostrum
1548 2672 1688 2726 hunc
1719 2672 2098 2741 philosophum
2124 2714 2141 2739 ,

563 2784 721 2839 quem
749 2782 915 2837 usque
931 2766 1061 2821 adeo
1076 2775 1286 2819 acutmn
1319 2763 1469 2818 multi
1489 2772 1699 2832 putant,
1734 2764 1805 2817 ita
1821 2763 1963 2832 loqui
1988 2764 2142 2832 quasi

561 2860 702 2915 inter
718 2857 1062 2913 substantiam
1083 2864 1140 2910 et
1165 2855 1297 2909 nihil
1325 2869 1421 2908 ens
1448 2854 1675 2917 nullum,
1702 2862 1759 2905 ut
1774 2852 2143 2922 philosophice

564 2950 773 3019 loquar,
802 2949 1107 3008 interesset,
1134 2943 1534 3011 occidentisque
1554 2942 1732 2996 omnia
1759 2957 1854 3009 pro
1869 2943 2037 2997 nihilo
2058 2958 2144 2998 es-

542 3037 1064 3097 â€œsent,habenda?Si
1105 3049 1289 3088 verum
1336 3034 1435 3086 hoc
1460 3042 1627 3095 esset,
1658 3034 1852 3086 sanitas
1892 3042 1948 3088 et
1986 3035 2141 3088 virtus

566 3125 803 3181 habenda
826 3126 983 3179 etiam
1013 3132 1193 3177 essent
1227 3121 1441 3175 nomina
1472 3122 1605 3175 meri
1634 3120 1813 3187 nihili,
1848 3130 1972 3175 sunt
1996 3123 2139 3177 enim

564 3213 918 3269 accidentium
944 3211 1220 3265 vocabula.
1262 3208 1453 3264 Nescio
1485 3209 1611 3279 quid
1644 3210 1790 3264 hisee
1819 3220 2141 3278 reponerent

568 3303 882 3368 Manicbzei;
914 3303 1007 3358 sed
1049 3302 1094 3356 si
1124 3301 1195 3355 ita
1223 3316 1281 3356 se
1310 3301 1573 3357 confutari
1613 3302 1754 3357 taciti
1784 3303 2136 3371 patiebantur,

568 3394 723 3449 valde
751 3392 976 3448 stolidos
1004 3392 1168 3447 fuisse
1189 3402 1420 3461 oportet.
1445 3393 1601 3448 Iliscc
1627 3404 1802 3449 tamen
1826 3410 1994 3465 usque
2008 3396 2143 3450 adeo

568 3499 675 3540 non
702 3485 1035 3550 immorarer,
1069 3483 1170 3537 nisi
1200 3484 1435 3538 viderem
1457 3494 1515 3539 et
1543 3485 1891 3541 scholasticos
1920 3496 1976 3541 et
2008 3488 2142 3544 alios

564 3575 833 3630 acutiores
842 3574 1209 3643 phiIOSOphus,
1227 3574 1276 3627 in
1299 3584 1518 3643 accepto
1537 3575 1638 3629 hoc
1662 3590 1692 3629 a
1705 3578 1977 3632 veteribus
1991 3594 2143 3633 eom-

568 3677 768 3732 mento,
801 3667 963 3722 veluti
993 3666 1060 3721 de
1087 3680 1245 3719 manu
1276 3666 1327 3719 in
1357 3680 1602 3729 manum,
1634 3668 1979 3736 acquievisse.
2012 3668 2143 3723 Pro.

568 3770 748 3828 pterea
801 3757 1035 3825 argutias
1091 3754 1486 3823 philosophicas
1531 3769 1651 3821 quae
1692 3766 1987 3823 sequuntur
2034 3774 2142 3812 non

569 3862 768 3910 moror,
789 3845 1030 3912 quamvis
1057 3858 1238 3910 parum
1268 3842 1459 3896 idoneo
1488 3843 1605 3895 loco
1631 3842 1739 3895 sint
1758 3844 2029 3900 collocata:
2052 3862 2066 3901 :
2088 3847 2142 3900 in

569 3935 879 3992 Enchiridio
907 3934 1126 4001 quippe,
1167 3949 1270 4000 quo
1300 3932 1614 3987 Laurentius
1641 3933 1853 3988 volebat
1895 3952 2001 3990 non
2031 3952 2145 3991 me-

571 4026 874 4096 tapbysieas
902 4023 1401 4091 contemplationes.
1427 4023 1519 4077 sed
1543 4023 1853 4090 religionem
1884 4023 2143 4081 Christia-

570 4131 691 4170 nam
720 4114 772 4167 iu
793 4128 996 4167 summa
1023 4112 1194 4181 capita
1223 4121 1570 4178 contractam,
1603 4112 1943 4183 breviterque
1969 4118 2144 4184 expli-

567 4212 740 4260 catam
768 4202 983 4256 habere.
1016 4200 1120 4255 Sed
1150 4202 1252 4261 hoc
1289 4211 1372 4257 est
1410 4201 1685 4256 hominum
1730 4201 2030 4270 loquacium
2060 4205 2143 4258 in-

564 4292 802 4364 genium,
830 4301 886 4344 ut
914 4290 1121 4360 quidvis
1159 4292 1300 4357 quod
1342 4305 1461 4346 sese
1495 4291 1673 4345 animo
1713 4291 1911 4360 objicit,
1954 4295 2142 4363 quovis

568 4394 809 4452 tempore
829 4390 884 4435 et
911 4381 1032 4434 loco
1061 4378 1353 4434 eï¬‚â€˜undant.

638 4473 772 4541 Cap.
800 4471 905 4533 21,
939 4469 967 4540 Ï‚
996 4469 1051 4525 7.
1093 4468 1159 4521 In
1192 4469 1375 4538 quibus
1405 4479 1571 4523 autem
1604 4472 1752 4525 rebus
1783 4473 1910 4525 nihil
1937 4475 2139 4528 interest

565 4564 635 4618 ad
662 4561 1019 4633 capessendum
1047 4558 1143 4613 Dei
1164 4574 1394 4630 regnum,
1426 4568 1597 4613 utrum
1615 4561 1889 4614 credantur
1917 4580 1983 4617 an
2005 4581 2137 4627 non;

565 4655 640 4710 vel
666 4644 840 4708 utrum'
861 4667 979 4706 vera
1005 4650 1107 4705 sive
1136 4650 1255 4715 sint,
1280 4650 1381 4703 sive
1403 4659 1663 4719 putentur,
1694 4670 1759 4704 an
1789 4653 1956 4721 falsa;
1986 4657 2038 4708 in
2062 4658 2141 4712 his

565 4762 752 4812 errare,
775 4744 829 4798 id
854 4753 929 4798 est
953 4742 1097 4796 aliud
1114 4757 1208 4810 pro
1224 4741 1327 4795 alio
1347 4730 1544 4811 putare,
1572 4757 1670 4794 non
1692 4744 2040 4798 arbitrantium
2066 4757 2141 4801 est

565 4849 671 4886 esse
691 4842 981 4900 peccatum;
1010 4842 1096 4886 aut
1117 4832 1160 4886 si
1188 4840 1279 4897 est,
1303 4831 1570 4888 minimum
1588 4848 1692 4885 esse
1710 4833 2134 4908 aclevissimum.)

565 4921 623 4976 Si
651 4931 907 4991 peccatum
935 4922 1039 4977 dici
1062 4931 1219 4991 queat
1241 4935 1395 4977 error
1414 4936 1519 4990 quo
1546 4921 1722 4977 minus
1752 4923 1844 4977 Dei
1868 4923 2137 4993 timentes,

566 5025 630 5065 ac
658 5021 1039 5078 praeceptorum
1065 5013 1181 5081 ejus
1220 5011 1397 5066 minus
1426 5012 1776 5069 observantes
1806 5029 1909 5069 non
1940 5017 2135 5085 limus;

566 5108 649 5154 est
688 5106 971 5167 peccatum,
1001 5109 1058 5153 ut
1096 5102 1165 5154 ita
1193 5101 1397 5169 loquar,
1431 5102 1863 5172 philosOphicum,
1908 5106 2008 5162 hoc
2054 5119 2139 5165 est

564 5189 817 5245 delictum
857 5188 910 5242 in
951 5188 1094 5257 leges
1137 5190 1353 5257 logicas,
1385 5206 1526 5261 quae,
1571 5193 1617 5247 si
1660 5208 1874 5265 semper
1900 5210 1929 5249 a
1984 5199 2138 5256 nobis

562 5282 996 5344 observarentur,
1029 5294 1127 5335 nos
1151 5279 1218 5333 ab
1241 5295 1424 5336 errore
1445 5282 1711 5339 immunes
1732 5300 2133 5345 conservarent.

561 5371 670 5427 Sed
711 5372 841 5427 talia
880 5378 1116 5441 peccata,
1168 5369 1357 5438 quibus
1400 5387 1505 5424 non
1538 5374 1597 5425 lit
1642 5382 1699 5426 ut
1723 5373 1789 5429 de
1820 5376 1928 5431 Deo
1964 5380 2139 5435 minus

564 5462 845 5531 magniï¬ce
865 5460 1177 5525 sentiamus,
1205 5460 1287 5514 vel
1315 5470 1371 5515 ut
1388 5461 1708 5530 evangelicis
1737 5463 1941 5532 legibus
1964 5469 2137 5524 minus

564 5552 734 5604 teneri
773 5566 869 5605 nos
896 5561 1162 5621 putemus,
1195 5565 1303 5609 non
1347 5560 1472 5605 sunt
1510 5566 1574 5606 ca
1603 5553 1793 5621 quibus
1826 5559 2136 5626 evangelica

562 5640 801 5693 doctrina
826 5658 1008 5709 pmnas
1040 5646 1289 5699 minatur.
1323 5642 1503 5712 Itaque
1528 5654 1673 5699 recte
1713 5645 1766 5701 in
1793 5651 2136 5717 sequentibus

562 5729 909 5798 Augustinus,
943 5734 1246 5789 memoratis
1274 5734 1540 5793 nonnullis
1565 5735 1805 5791 innocuis
1825 5739 2127 5795 erroribus:

1443 388 1993 447 SLâ€˜PIâ€˜LEMENTUM
2034 388 2123 442 AD
2160 386 2381 442 OPERA
2426 387 2485 440 S.
2526 384 2908 441 AUGUSTINI.

3670 391 3742 447 Bt

2164 504 2212 561 Î‘
2241 497 2306 552 In
2331 498 2411 553 his
2446 508 2597 567 atque
2625 498 2924 569 hujusmodi
2969 496 3272 567 falsitatibus
3300 498 3435 551 salua
3459 500 3553 568 ï¬de
3578 516 3672 569 qua
3706 507 3746 557 in

2236 590 2396 643 Deum
2422 589 2563 643 nobis
2592 599 2686 653 est,
2718 588 2975 658 fallimur,
3004 596 3055 641 et
3082 588 3158 640 via
3179 603 3282 641 non
3307 588 3476 642 relicta
3502 606 3605 659 qua:
3626 596 3679 643 ad
3701 594 3747 646 il-

2233 685 2337 735 lum
2372 682 2531 746 ducit,
2568 695 2830 744 erramus;
2874 678 2963 748 qui
2992 693 3209 742 errores,
3255 679 3446 731 etiamsi
3474 690 3655 747 peccata
3674 697 3747 734 non

2231 782 2370 837 sunt,
2403 781 2571 825 tamen
2600 770 2654 823 in
2684 768 2833 823 malis
2854 768 3009 839 hujus
3055 769 3166 823 vita:
3193 770 3465 839 deputandi
3500 779 3635 834 sunt;
3664 787 3749 839 qua

2232 862 2303 914 ita
2330 862 2554 931 subjecta
2596 870 2670 914 est
2698 860 2942 924 vanitati,
2976 867 3030 911 ut
3059 857 3401 927 approbentur
3438 859 3514 910 hic
3544 860 3657 927 falsa
3679 876 3749 927 pro

2233 951 2383 1017 veris,
2411 959 2717 1015 respuantur
2746 965 2863 1003 vera
2886 964 2981 1019 pro
3002 949 3174 1018 falsis,
3215 956 3474 1001 teneantur
3498 949 3663 1002 incerta
3683 966 3749 1016 pro

2234 1038 2403 1092 certis.
2436 1039 2560 1092 Hinc
2589 1048 2836 1109 reputare
2876 1053 3055 1093 secum
3100 1036 3360 1092 deberent
3401 1039 3610 1108 theologi
3648 1054 3749 1094 non-

2238 1128 2384 1196 nulli,
2402 1128 2504 1197 'qui
2529 1144 2649 1184 cum
2679 1129 2854 1198 magni
2904 1127 3259 1196 Augustinum
3307 1127 3482 1182 facere
3504 1129 3649 1183 videri
3684 1145 3749 1185 ve-

2237 1219 2357 1286 lint,
2388 1228 2624 1274 attamen
2652 1220 2979 1275 contendunt
2997 1233 3185 1274 omnes
3207 1233 3539 1275 erroresesse
3563 1230 3749 1287 peccata,

2237 1313 2521 1380 omniaque
2568 1320 2826 1389 peccata,
2872 1321 2929 1365 ut
2979 1309 3180 1366 scholae
3229 1309 3458 1378 theologi
3497 1310 3748 1378 loquuntur,

2237 1418 2359 1458 esse
2387 1403 2659 1468 mortalia;
2689 1402 2851 1468 unde,
2883 1411 2941 1455 ut
2971 1410 3180 1471 putant,
3202 1401 3439 1469 sequitur
3456 1401 3612 1454 nullos
3634 1416 3749 1454 erro-

2240 1508 2326 1547 res
2357 1492 2482 1547 ferri
2510 1503 2782 1561 oportere,
2803 1491 3231 1562 quandoquidem
3255 1491 3396 1545 nulla
3423 1489 3638 1545 letbitera
3661 1505 3749 1559 pec-

2243 1594 2362 1638 cata
2393 1583 2609 1639 ferenda
2630 1591 2774 1637 sunt.

2314 1672 2535 1737 Ibidem,
2569 1684 2843 1741 postquam
2874 1671 3118 1741 probavit
3141 1685 3305 1725 omne
3339 1671 3641 1725 mendacium
3661 1683 3749 1724 esse

2246 1773 2545 1829 peccatum,
2577 1763 2856 1830 plurimum
2899 1761 3126 1832 quidem,
3175 1762 3366 1832 inquit.
3394 1763 3459 1815 ad
3483 1764 3642 1816 bonum
3664 1777 3749 1830 pra-

2177 1845 2222 1903 B
2244 1856 2424 1925 fecisse
2450 1855 2698 1920 homines,
2726 1854 2811 1923 qui
2840 1869 2944 1906 non
2986 1854 3086 1907 nisi
3114 1870 3208 1923 pro
3233 1853 3395 1908 salute
3431 1852 3623 1906 hominis
3647 1867 3749 1903 mett-

2246 1946 2462 2006 tiuntur,
2490 1959 2592 1996 non
2612 1953 2686 1996 est
2717 1942 3041 2013 negandum;
3067 1943 3156 1996 sed
3179 1944 3232 1996 in
3252 1958 3423 1997 eorum
3449 1942 3536 1995 tali
3555 1942 3747 2011 profectu,

2245 2037 2422 2090 merito
2460 2035 2723 2099 laudatur,
2772 2034 2850 2088 vel
2882 2034 3039 2088 etiam
3085 2036 3429 2104 temporaliter
3462 2040 3749 2087 remuneratur

2245 2124 2602 2188 benevolentia,
2631 2139 2734 2176 non
2780 2124 3011 2194 fallacia,
3048 2139 3163 2193 qua:
3206 2133 3261 2177 ut
3296 2124 3567 2193 ignoscatur
3598 2131 3747 2183 satest,

2245 2232 2347 2269 non
2380 2226 2433 2269 ut
2463 2217 2614 2270 etiam
2640 2215 2962 2285 pradicetur,
2992 2213 3122 2287 etc.]
3152 2215 3373 2271 Videtur
3390 2215 3673 2285 Augustinus
3694 2214 3750 2267 Î™Î¸Î¿

2244 2306 2335 2374 qui
2366 2306 2433 2359 de
2458 2306 2626 2359 salute
2655 2314 2880 2373 aeterna,
2926 2305 2994 2359 ad
3023 2320 3186 2375 quam
3214 2305 3480 2360 nonnullis
3518 2304 3748 2359 conciliari.

2244 2397 2366 2449 dam
2402 2395 2549 2449 multi
2599 2404 2725 2450 tunc
2772 2397 3029 2466 temporis
3074 2397 3482 2462 mentiebantur,
3520 2394 3748 2451 innumeris

2246 2487 2513 2541 miraculis
2539 2486 2814 2553 confictis;
2842 2501 2985 2553 eum,
3018 2494 3075 2542 ut
3098 2486 3373 2554 dicebant,
3402 2488 3633 2543 duntaxat
3651 2487 3688 2539 in
3706 2484 3747 2538 tiâ€”

2243 2596 2389 2643 nem,
2437 2592 2496 2634 ut
2540 2581 2781 2636 infideles
2812 2582 2879 2636 ad
2911 2581 3070 2638 fidem
3099 2582 3506 2639 adducerentur.
3551 2582 3639 2636 Eos
3673 2594 3746 2633 non

2245 2673 2424 2727 laudat
2454 2673 2795 2742 Augustinus,
2835 2674 2927 2728 sed
2956 2672 3111 2729 facile
3137 2674 3208 2729 iis
3239 2675 3484 2744 ignoscit;
3511 2672 3631 2743 quod
3668 2671 3745 2725 fre-

2244 2778 2431 2832 quens,
2461 2773 2519 2816 ut
2546 2763 2759 2831 quidem
2785 2763 3015 2829 videtur,
3067 2764 3271 2818 malum
3314 2772 3450 2819 esset
3478 2764 3600 2817 inter
3618 2762 3744 2816 eccle-

2242 2854 2487 2908 siasticos
2513 2854 2757 2908 homines
2800 2854 2943 2908 illius
2982 2856 3105 2908 azvi.
3135 2854 3247 2910 Sed
3273 2855 3480 2925 dignum
3506 2864 3577 2908 est
3607 2853 3744 2908 obstet.

2244 2956 2391 3008 vatu.
2442 2945 2666 3013 primum
2693 2960 2788 3000 eos
2814 2946 2904 3015 qui
2930 2946 3181 3002 servandi
3216 2948 3441 3017 proximi
3465 2959 3605 3002 causa
3636 2958 3746 2998 tuen-

2239 3036 2532 3099 tiebantur,
2560 3035 2855 3104 sa-pissime
2884 3051 2955 3091 ex
2988 3037 3080 3091 illo
3119 3037 3401 3093 mendacio
3440 3050 3533 3091 non
3556 3044 3745 3091 contem-

2244 3126 2475 3181 nendum
2507 3126 2712 3180 lucrum
2730 3125 2939 3183 fecisse.
2967 3127 3214 3196 Exempli
3241 3142 3415 3194 causa,
3432 3128 3514 3197 qui
3541 3124 3745 3193 ï¬ngebant

2240 3225 2323 3270 tot
2346 3215 2601 3269 miracula
2627 3217 2680 3270 in
2711 3216 2821 3271 suis
2847 3218 3090 3273 ecclesiis
3119 3220 3241 3274 fieri
3268 3234 3368 3288 ope
3394 3218 3687 3286 reliquiarum
3706 3210 3744 3265 S.

2242 3306 2516 3376 Stephani,
2543 3306 2579 3361 ii
2600 3307 2671 3361 ita
2702 3323 2759 3363 se
2778 3307 3036 3375 gerebant
3064 3318 3120 3362 ut
3144 3308 3388 3364 inï¬deles
3407 3317 3489 3361 aut
3509 3306 3746 3361 dubitantes

2244 3399 2312 3453 de
2342 3399 2444 3454 fide
2474 3399 2878 3463 lueritacerent;
2910 3399 3003 3455 sed
3027 3399 3222 3454 eadem
3242 3415 3400 3469 opera
3423 3398 3679 3453 oblationes
3698 3391 3743 3443 ab

2245 3489 2309 3543 iis
2355 3490 2686 3558 accipiebant
2723 3490 2946 3544 minime
3000 3491 3368 3559 spernendas;
3412 3489 3521 3558 quis
3566 3486 3696 3543 enim,
3716 3479 3745 3532 si

2244 3581 2403 3634 modo
2431 3590 2627 3646 posset,
2661 3594 2765 3634 non
2794 3578 2990 3649 aliquid
3025 3581 3341 3634 contulisset
3368 3581 3416 3633 in
3461 3593 3594 3632 usum
3617 3570 3744 3628 eccleo

2245 3670 2360 3734 site,
2391 3686 2549 3739 quam
2582 3678 2659 3724 tot
2684 3685 2746 3724 ac
2792 3670 2952 3725 tantis
2978 3670 3256 3726 miraculis
3282 3669 3573 3739 dignabatur
3612 3666 3745 3717 beatus

2245 3761 2592 3831 Stephanus?
2644 3761 2828 3832 Itaque
2871 3763 2988 3818 sine
3017 3763 3182 3818 nimia
3230 3764 3564 3832 malignitate.
3607 3754 3746 3811 tuenti-

2247 3863 2327 3907 tos
2345 3866 2442 3906 eos
2462 3852 2683 3917 dixeris,
2710 3869 2816 3907 non
2856 3854 3037 3909 minus
3056 3870 3152 3923 spe
3168 3856 3312 3911 .lueri
3343 3870 3490 3924 quam
3519 3849 3745 3915 cupiditate

2244 3942 2487 3998 servandi
2516 3942 2761 4011 proximi.
2794 3943 2954 3999 Certe
2982 3946 3075 4014 qui
3094 3946 3163 3999 ita
3186 3948 3505 4001 mentiuntur
3537 3940 3653 4010 digni
3668 3950 3744 3989 non

2245 4044 2368 4089 sunt
2396 4034 2486 4104 qui
2520 4034 2772 4090 meliores
2818 4051 2849 4090 a
2893 4036 3048 4092 nobis
3097 4048 3371 4106 putentur.
3417 4034 3633 4093 Secundo
3660 4031 3745 4083 loco

2244 4124 2616 4193 gravissimum
2647 4134 2730 4180 est
2755 4137 3032 4194 peccatum
3069 4127 3121 4195 in
3153 4128 3321 4184 Deum
3342 4131 3493 4198 inque
3521 4126 3743 4179 humanum

2243 4228 2443 4281 genus,
2471 4229 2592 4268 cum
2621 4216 2952 4272 certissimas
2978 4218 3224 4274 rationes
3255 4223 3445 4274 habeas
3465 4216 3631 4285 quibus
3660 4208 3745 4263 inli-

2242 4302 2410 4370 deles,
2441 4303 2488 4357 si
2515 4302 2626 4358 ï¬eri
2657 4304 2710 4358 id
2738 4307 2926 4374 possit,
2956 4306 3024 4361 ad
3044 4309 3370 4365 credendum
3400 4308 3627 4364 adducas,
3651 4313 3745 4353 conâ€˜

2246 4393 2424 4462 fugere
2443 4394 2509 4448 ad
2526 4396 2795 4451 mendacia
2817 4414 2831 4463 ;
2863 4397 3183 4456 dehonestas
3203 4405 3344 4457 enim
3368 4402 3509 4470 plane
3532 4398 3743 4461 veritate"-

2166 4536 2221 4595 Î’
2243 4484 2706 4551 quam'mendacio
2738 4488 2935 4554 tueris;
2958 4489 3150 4546 deinde
3174 4508 3294 4546 eam
3327 4493 3377 4546 in
3409 4504 3553 4559 grave
3582 4484 3739 4553 pericu-

2247 4573 2347 4595 1....-
2381 4573 2595 4595 Î‘Î‘-ÎžÎžÎ‘Îž.-
2649 4577 2758 4595 ___!-
2798 4577 2836 4595 -9
2863 4578 2903 4595 Î¹Î¹,
2934 4588 2986 4595 ,.,
3158 4580 3169 4595 Î¹
3241 4581 3253 4593 Î¿
3367 4589 3378 4595 -
3487 4594 3493 4595 ,
3516 4582 3726 4595 ,-_.x_..:uâ€”

2245 4573 2349 4626 lum
2377 4573 2616 4641 conjicis,
2643 4577 2765 4645 quia
2794 4577 2839 4631 si
2861 4578 2996 4633 forte
3012 4580 3345 4636 mendacium
3366 4582 3740 4638 tuumretegamr.

2245 4660 2438 4715 veritas
2468 4662 2580 4729 ipsa
2605 4663 2658 4717 in
2680 4664 2893 4721 dubium
2916 4669 3273 4723 revocabitur.
3297 4669 3401 4724 Sed
3427 4659 3650 4720 mendacii
3665 4669 3740 4707 tam

2244 4748 2486 4805 inimicus
2515 4767 2619 4805 non
2649 4762 2763 4807 erat
2792 4756 3120 4825 Augustinus
3149 4772 3307 4827 quam
3335 4756 3533 4811 volebat
3558 4746 3705 4802 videri-

2312 4838 2441 4909 Cap.
2467 4840 2554 4895 50.
2596 4842 2724 4897 Hier
2745 4861 2862 4913 pars
2890 4845 3102 4902 humani
3120 4849 3338 4918 generis,
3361 4847 3439 4899 cui
3462 4839 3739 4897 liberationem

2248 4929 2407 4998 Deus,
2438 4948 2748 5004 regnumque
2769 4939 2999 5006 promisit
3035 4949 3298 5003 internum,
3350 4932 3563 5007 nunquid
3596 4920 3738 4981 meruit

2246 5039 2454 5093 operum
2490 5043 2700 5079 suorum
2741 5029 2971 5097 reparari
3000 5032 3202 5096 potest?
3240 5028 3420 5100 Absin]
3455 5025 3571 5093 Quis
3607 5019 3737 5081 Î‘Ï…ÎµÏ…Î‡

2244 5113 2383 5167 stino
2408 5129 2513 5168 non
2560 5117 2911 5184 astipuletur?
2938 5118 3094 5173 Nulla
3139 5120 3279 5174 enim
3310 5125 3516 5188 possunt
3538 5123 3637 5165 esse
3660 5115 3736 5155 me-

2244 5204 2343 5257 rita
2396 5205 2673 5269 malorum,
2708 5209 2831 5260 dum
2878 5209 3003 5262 mali
3048 5219 3187 5273 sunt,
3233 5227 3348 5278 qua:
3376 5210 3477 5261 Deo
3503 5204 3734 5271 gratamssa

2241 5303 2455 5361 quem".
2484 5295 2556 5348 ila
2586 5305 2641 5347 Î¹Î¹Î¹
2680 5306 2957 5366 propterea
2999 5299 3066 5355 de
3119 5301 3183 5354 iis
3227 5301 3293 5352 ad
3342 5314 3398 5352 se
3434 5281 3733 5349 convettcttdis

2240 5385 2516 5439 consilium
2533 5388 2723 5456 capiat.
2750 5389 2927 5459 Pergit
2948 5407 2964 5445 :
2992 5392 3127 5457 Quid
3143 5393 3275 5445 enim
3299 5390 3411 5444 boni
3429 5393 3632 5455 operatur
3652 5386 3723 5438 ttâ€œ

2241 5475 2394 5537 ditus,
2424 5476 2520 5529 nisi
2541 5488 2782 5545 quantum
2807 5483 2961 5544 fuerit
2984 5498 3016 5533 a
3046 5483 3325 5550 perditione
3341 5470 3591 5531 liberatus?
3613 5461 3731 5517 ÎÎ±Ï€-

2236 5564 2359 5633 quid
2390 5565 2545 5619 libero
2574 5569 2847 5622 voluntatis
2879 5570 3127 5625 arbitrio?
3155 5571 3217 5625 Et
3243 5574 3333 5621 Itoc
3357 5567 3493 5620 absit.
3522 5560 3627 5614 Ilaec
3647 5563 3730 5603 otllâ€˜

2238 5654 2323 5707 nia
2352 5669 2475 5708 vera
2503 5667 2655 5719 sunt,
2691 5674 2846 5713 nemo
2875 5660 3015 5715 enim
3045 5664 3214 5717 malus
3242 5667 3380 5713 recte
3404 5653 3647 5725 quidquam
3674 5639 3727 5687 laâ€”

2236 5745 2305 5799 cit
2335 5758 2592 5817 quatenus
2621 5752 2788 5804 malus
2814 5761 2913 5807 est.
2963 5752 3128 5809 Nemo
3176 5753 3327 5810 etiam
3371 5747 3453 5816 qui
3480 5756 3571 5798 non
3608 5734 3725 5802 Î¡Â¹Â³Â¹Â¹â¸

2165 3179 2211 3240 C
