3900 6312
187 380 274 434 ili

858 375 1202 435 VARIORUM
1241 368 1835 432 EXERCITATIONES
1873 369 1939 425 ΙΝ
1978 370 2037 428 S.
2078 371 2445 429 AUGUSTENI
2486 375 2736 431 OPERA.

3321 381 3428 437 422

182 488 341 541 malus
377 494 464 540 est
494 485 648 540 liberi
678 487 882 541 arbitrii
909 490 989 543 sui
1037 489 1224 541 nteritis
1264 489 1491 554 reparari
1534 493 1744 554 potest,
1777 486 1823 542 Α
1851 492 2162 547 revocatur;
2195 485 2318 553 quia
2347 501 2504 540 nemo
2529 496 2677 555 putat
2713 503 2833 541 eum
2863 489 2967 543 ulla
2999 494 3316 550 necessitate
3349 506 3427 551 tc-

183 575 316 630 nulla
340 575 484 629 enim
525 576 637 630 illic
662 585 786 631 sunt
824 577 1031 641 merita,
1064 577 1108 629 si
1140 576 1305 644 rigide
1331 576 1627 643 loquamur,
1659 573 1745 627 ubi

186 668 325 721 venia
350 682 487 734 opus
526 675 632 732 est,
661 682 759 722 nec
787 667 878 720 ulli
906 667 1105 722 homini
1142 667 1282 721 Deus
1311 667 1536 721 salutem
1566 665 1742 719 debet.

180 759 422 826 Speciosa
453 757 569 812 haec
590 768 714 813 sunt
735 758 1002 827 dogmata,
1025 758 1315 825 eademque
1330 759 1626 822 verissima,
1650 757 1746 812 sed

179 847 462 902 videndum
493 863 560 901 an
587 850 858 917 sequentia
885 851 964 903 eis
998 850 1392 919 respondeant:
1425 865 1545 902 nam
1566 849 1739 914 libero,

178 936 359 1003 inquit,
386 936 599 988 arbitrio
627 937 758 988 male
777 944 922 990 utens
936 936 1087 990 homo
1106 946 1151 990 et
1171 953 1225 991 se
1240 937 1462 1006 perdidit
1483 947 1530 990 et
1552 937 1740 1004 ipsum.

177 1025 407 1079 Adamus
436 1025 673 1092 quidem,
698 1023 789 1092 qui
821 1025 1024 1092 primus
1052 1025 1190 1079 male
1213 1039 1339 1079 usus
1359 1033 1441 1078 est
1465 1025 1632 1080 libero
1658 1041 1746 1077 ar-

177 1114 330 1167 bitrio
358 1114 499 1182 (imo
525 1127 655 1168 vero
678 1113 853 1178 solus,
886 1114 930 1167 si
961 1114 1309 1182 Augustinum
1339 1113 1656 1183 audiamus),
1687 1129 1745 1168 se

176 1202 311 1255 malo
334 1201 428 1256 illo
460 1216 556 1256 usu
584 1202 635 1255 in
665 1211 921 1256 :eternum
951 1202 1285 1270 perdidisset,
1314 1203 1413 1256 nisi
1435 1203 1610 1256 divina
1642 1202 1744 1255 mi-

178 1294 466 1348 sericordia
495 1294 746 1348 delictum
784 1294 912 1347 illud
944 1295 992 1346 ei
1022 1295 1337 1363 ignovisset;
1381 1295 1473 1349 sed
1504 1309 1600 1348 nec
1627 1310 1746 1362 per-

177 1383 304 1437 didit
333 1383 563 1437 liberum
593 1384 893 1446 arbitrium,
925 1399 1093 1452 neque
1119 1386 1258 1438 enim
1293 1400 1353 1439 ea
1385 1386 1495 1438 sola
1537 1386 1744 1439 actione

177 1473 251 1526 sic
281 1474 588 1526 necessario
626 1483 873 1539 peccator
913 1473 1080 1526 factus
1104 1484 1208 1537 est,
1240 1483 1298 1526 ut
1325 1475 1450 1527 nihil
1481 1473 1602 1528 boni
1630 1489 1744 1527 am-

181 1561 328 1629 plius,
357 1561 462 1615 nisi
491 1562 811 1615 ineluctabili
841 1562 933 1616 Dei
956 1562 1122 1630 gratia
1152 1563 1382 1631 adjutus,
1408 1564 1584 1619 lacere
1615 1580 1742 1632 pos-

180 1659 273 1705 set.
314 1651 474 1705 Nullo
518 1651 620 1704 hoc
647 1651 935 1719 Scriptura:
965 1651 1081 1705 loco
1109 1662 1335 1716 constat,
1386 1669 1483 1707 nec
1534 1656 1742 1708 ratione

179 1740 280 1795 ulla
302 1741 509 1794 nititur.
563 1741 766 1794 Posteri
813 1741 928 1808 ejus
969 1741 1126 1794 etiam
1158 1756 1261 1795 non
1300 1743 1370 1796 ita
1411 1744 1734 1812 amiserunt,

1851 573 1970 627 neri
1998 574 2282 640 quominus
2311 577 2464 629 malis
2492 578 2728 630 moribus
2756 578 3032 634 valedicat.

1918 661 2096 731 Pergit
2125 664 2448 732 Augustinus
2480 682 2492 717 :
2529 665 2672 720 Petri
2694 677 2827 720 certe
2850 670 3068 736 apostoli
3089 681 3162 724 est
3196 671 3290 724 ista
3317 690 3427 726 sen-

1847 755 2021 819 tentia,
2061 770 2174 822 qua:
2198 771 2312 807 cum
2353 772 2465 808 vera
2494 759 2577 822 sit,
2610 759 2774 826 qualis
2797 775 2969 828 quwso
2990 771 3146 829 potest
3180 765 3308 815 servi
3333 766 3427 817 ad-

1849 844 1972 896 dicti
1999 860 2105 896 esse
2137 845 2365 910 libertas,
2396 847 2495 898 nisi
2519 848 2722 915 quando
2767 865 2875 900 eum
2913 866 3119 917 peccare
3175 852 3426 911 delectat?

1847 932 2147 985 Liberaliter
2172 936 2304 986 enim
2346 937 2521 999 servit,
2547 937 2632 1004 qui
2672 938 2753 988 sui
2790 937 2997 991 Domini
3025 939 3333 992 voluntatem
3361 943 3426 994 li-

1848 1026 2018 1078 benter
2047 1027 2205 1094 facit;
2253 1043 2314 1078 ac
2366 1045 2455 1095 per
2483 1028 2578 1080 hoc
2626 1031 2694 1081 ad
2735 1031 3049 1095 peccandum
3079 1032 3203 1084 liber
3241 1043 3312 1084 est
3340 1034 3426 1100 qui

1848 1117 2040 1183 peccati
2070 1131 2241 1169 servus
2285 1127 2378 1170 est.
2420 1118 2490 1170 At
2518 1133 2624 1186 quo
2654 1109 2901 1173 libentius
2945 1130 3160 1189 peccato
3189 1123 3425 1175 serviunt

1849 1207 2114 1272 homines,
2145 1221 2210 1261 eo
2240 1209 2411 1276 magis
2437 1209 2486 1261 ei
2515 1219 2640 1262 sunt
2670 1210 2864 1262 adchti
2897 1221 2949 1264 et
2980 1211 3290 1280 mancipati;
3329 1213 3424 1265 sed

1847 1315 1965 1352 eam
1992 1299 2299 1353 servitutem
2344 1300 2542 1353 sensim
2586 1313 2835 1354 excutere
2883 1314 3123 1367 possunt.
3156 1302 3311 1354 Aliud
3342 1310 3426 1356 est

1847 1390 2119 1442 liberaliter
2145 1390 2263 1442 hero
2303 1391 2505 1453 servire,
2536 1391 2676 1443 aliud
2708 1389 2863 1442 libere
2889 1393 3092 1444 servire.
3126 1392 3277 1444 Prius
3306 1408 3427 1446 esse

1848 1491 2042 1549 potest,
2075 1482 2118 1534 si
2150 1495 2336 1534 servus
2365 1481 2548 1534 herum
2572 1494 2733 1546 amet,
2767 1482 2986 1548 ejusque
3013 1483 3233 1536 caritate
3256 1481 3426 1536 liben-

1846 1584 1927 1627 ter
1957 1574 2020 1627 ad
2045 1574 2333 1642 parendum
2356 1574 2680 1638 adducatur;
2714 1581 2768 1625 at
2790 1574 3050 1639 posterius
3073 1588 3193 1628 esse
3217 1574 3420 1641 nequit,

1845 1666 1966 1733 quia
2011 1675 2267 1732 repugnat
2299 1663 2524 1716 liberum
2565 1677 2684 1716 esse
2711 1663 2800 1729 qui
2844 1663 3010 1715 servit
3051 1663 3124 1715 ita
3165 1672 3222 1715 ut
3249 1660 3426 1715 servi-

1848 1756 1972 1807 tutis
1997 1756 2180 1822 jugum
2211 1763 2465 1808 excutere
2493 1768 2599 1806 non
2633 1752 2817 1820 possit.
2856 1753 3036 1818 Itaque
3075 1768 3138 1803 ex
3164 1752 3426 1804 sententia

182 1830 556 1886 consuetudine
577 1829 852 1898 peccandi,
893 1832 1218 1895 libertatem,
1252 1840 1307 1884 ut
1335 1833 1532 1887 sensim
1557 1835 1739 1902 jugum
1772 1832 1819 1890 B
1850 1844 2124 1912 Augustini
2158 1843 2455 1913 negandum
2505 1852 2586 1895 est
2628 1856 2845 1895 servum
2886 1839 3088 1907 peccati
3134 1840 3241 1892 ullo
3267 1840 3427 1893 modo

186 1919 405 1989 peccati,
455 1920 674 1974 meliore
720 1927 988 1974 contracta
1033 1921 1438 1986 consuetudine,
1488 1932 1739 1976 excutere

185 2025 281 2064 non
314 2011 537 2078 possint,
567 2010 665 2063 nisi
685 2009 866 2063 afﬂatu
885 2011 1090 2064 interno
1107 2011 1189 2064 cui
1210 2012 1456 2065 resistere
1477 2020 1742 2080 nequeant

183 2103 506 2168 adjuventur.
546 2101 760 2155 Frustra
787 2104 925 2155 enim
956 2102 1151 2170 alioqui
1189 2102 1327 2158 Deus
1350 2103 1426 2156 eis
1465 2104 1606 2170 leges
1632 2102 1739 2158 ler-

183 2200 261 2244 ret
301 2190 531 2244 sancitas
577 2191 810 2257 praemiis
838 2199 892 2243 et
943 2191 1142 2257 pinnis,
1175 2207 1304 2259 quas
1332 2193 1399 2246 ab
1433 2193 1495 2246 iis
1523 2193 1741 2248 minime

185 2296 334 2349 posse
359 2281 629 2334 observari
661 2282 824 2348 probe
851 2291 1046 2347 nosset,
1073 2282 1174 2336 nisi
1204 2298 1296 2337 eos
1326 2293 1632 2338 constanter
1662 2285 1741 2337 al—

186 2371 346 2433 tlaret,
375 2370 515 2438 quod
548 2379 721 2423 tamen
749 2384 874 2438 erga
900 2385 1085 2424 omnes
1113 2370 1287 2425 facere
1310 2371 1524 2426 minime
1547 2372 1741 2426 consti-

183 2460 298 2515 tuit.
331 2459 523 2513 Verum
556 2459 641 2512 hic
674 2473 778 2512 non
806 2468 885 2512 est
927 2459 1072 2512 locus
1109 2460 1446 2514 confutanda:
1474 2461 1589 2528 ejus
1618 2476 1742 2515 sen-

185 2553 391 2616 tentiae;
421 2552 520 2606 hoc
539 2561 739 2605 tantum
761 2551 1042 2621 diligenter
1063 2553 1335 2606 memorias
1359 2553 1737 2620 mandandum,

184 2642 594 2708 quotiescunque
625 2641 949 2709 Augustinus
978 2641 1189 2694 liberum
1214 2644 1481 2696 hominem
1507 2645 1743 2710 agnoscit

183 2729 238 2781 in
265 2729 403 2783 libris
430 2740 550 2799 post
579 2732 970 2785 controversias
1001 2732 1308 2798 Pelagianas
1330 2731 1662 2799 conscriptis,
1689 2732 1741 2785 id

178 2835 244 2873 ex
266 2821 379 2888 ejus
403 2821 665 2876 sententia
689 2821 843 2876 valde
865 2822 1152 2891 improprie
1176 2822 1591 2890 intelligendum,
1620 2837 1741 2878 cum

176 2910 264 2964 hic
294 2913 638 2967 disertissime
681 2912 868 2967 doceat
915 2914 1182 2966 hominem
1211 2921 1266 2965 et
1313 2927 1372 2966 se
1417 2921 1472 2967 et
1514 2913 1741 2968 liberum

175 3002 450 3056 arbitrium
480 3003 798 3072 perdidisse.
846 3002 1139 3058 Audiamus
1177 3012 1231 3057 et
1253 3012 1563 3072 sequentem
1589 3019 1740 3058 com-

176 3094 502 3160 parationem
535 3111 549 3146 :
583 3092 728 3148 Sicut
752 3094 906 3159 enim,
933 3094 1122 3161 inquit,
1149 3094 1236 3162 qui
1257 3110 1311 3147 se
1331 3095 1536 3160 occidit,
1569 3095 1741 3163 utique

1843 1937 2069 1990 liberum
2101 1951 2242 2001 esse,
2296 1937 2338 1988 si
2389 1934 2606 2003 proprie
2653 1931 2796 2000 loqui
2836 1931 3078 1984 velimus.
3115 1930 3306 1984 Verum
3338 1929 3427 1983 ille

1843 2042 1984 2094 saepe
2006 2025 2294 2093 imprOprie
2318 2025 2654 2092 loquebatur,
2683 2021 2803 2090 quia
2832 2035 3119 2089 paucorum
3152 2035 3307 2075 aures
3329 2019 3426 2074 ali-

1844 2125 1924 2168 ter
1954 2115 2254 2182 loquentem
2284 2112 2426 2167 ferre
2458 2120 2719 2180 poterant.

1918 2203 2086 2268 Unde,
2116 2196 2315 2270 inquit,
2346 2202 2414 2253 ad
2425 2205 2568 2271 juste
2592 2200 2885 2269 faciendum
2915 2199 3041 2252 liber
3061 2215 3161 2252 non
3188 2200 3302 2264 erit,
3326 2198 3428 2250 nisi

1842 2308 1873 2344 a
1902 2301 2104 2360 peccato
2126 2292 2364 2344 liberatus
2382 2307 2490 2344 esse
2501 2291 2720 2361 justitite
2747 2290 2951 2360 caperit
2977 2306 3163 2342 servus.
3199 2288 3320 2357 Ipsa
3351 2297 3426 2340 est

1841 2395 1958 2432 vera
2002 2379 2226 2445 libertas,
2279 2388 2485 2448 prapter
2513 2389 2646 2432 recte
2683 2379 2806 2447 facti
2858 2379 3114 2430 libentium
3142 2377 3426 2446 (assentior

1841 2470 1980 2523 enim
2038 2469 2394 2523 Benedictinis
2428 2470 2498 2521 ita
2539 2469 2862 2536 legentibus,
2911 2482 3008 2536 pro
3053 2467 3283 2520 ltetitiam
3333 2476 3427 2518 aut

1842 2560 2117 2632 licentiam,
2146 2568 2204 2612 ut
2232 2558 2425 2611 habent
2453 2559 2570 2610 alite
2598 2558 2859 2611 editiones
2892 2565 2947 2609 et
2981 2557 3148 2624 libri),
3184 2556 3336 2608 simul
3376 2565 3426 2607 et

1843 2651 1930 2714 pia
1956 2649 2185 2711 semitas,
2215 2657 2418 2715 propter
2447 2647 2683 2715 praecepti
2720 2647 3074 2698 obedientiam.
3111 2645 3245 2697 Hinc
3273 2645 3425 2697 vide-

1843 2752 1962 2792 mus
2005 2747 2473 2807 regeneratorum,
2521 2738 2610 2806 qui
2636 2775 2652 2802 ,
2698 2751 2764 2790 ex
2793 2737 3072 2803 Augustini
3128 2735 3415 2798 sententia,

1844 2827 2169 2883 ineluctabili
2211 2828 2390 2880 afﬂatu
2433 2835 2680 2895 aguntur,
2715 2826 2913 2879 nullam
2944 2825 3104 2879 etiam
3133 2840 3256 2878 esse
3299 2839 3426 2890 pro-

1844 2918 1958 2988 prie
1984 2918 2183 2972 dictam
2233 2919 2555 2978 libertatem,
2587 2919 2629 2968 si
2664 2915 2737 2968 illi
2768 2914 3052 2979 credimus,
3087 2913 3180 2966 sed
3223 2921 3426 2968 tantum

1843 3012 2059 3082 parendi
2089 3010 2378 3076 libentium,
2410 3024 2529 3078 quae
2559 3009 2843 3071 rhetorice,
2878 3021 2980 3059 non
3007 3020 3154 3071 vere,
3202 3004 3423 3058 libertas

1848 3103 1955 3157 dici
2001 3109 2192 3170 potest.
2225 3099 2337 3153 Vox
2368 3099 2576 3152 libentia
2602 3097 2833 3150 occurrit
2886 3095 3025 3164 apud
3076 3097 3141 3149 A.
3194 3094 3426 3150 Gellium

175 3183 384 3235 vivendo
412 3200 462 3237 se
489 3183 689 3247 occidit,
717 3184 806 3237 sed
828 3200 881 3237 se
908 3184 1183 3238 occidendo
1230 3200 1334 3236 non
1370 3185 1508 3248 vivit,
1553 3201 1642 3238 nec
1669 3201 1747 3239 se-

1853 3194 1946 3249 lib.
1974 3168 2060 3257 xv,
2082 3207 2198 3260 cap.
2231 3191 2266 3244 ‘2
2289 3207 2302 3243 :
2328 3189 2420 3244 Cui
2439 3190 2656 3242 libentia:
2676 3189 2955 3257 gratiaeque
2980 3203 3150 3240 omnes
3176 3187 3427 3240 convivio-

176 3272 349 3340 ipsum
377 3274 554 3341 poterit
583 3275 884 3326 resuscitare
907 3289 1022 3326 cum
1052 3274 1326 3336 occiderit;
1355 3275 1426 3326 ita
1456 3290 1570 3327 cum
1595 3275 1751 3327 libero

174 3375 469 3430 peccaretur
509 3365 740 3429 arbitrio,
763 3365 947 3417 victore
975 3374 1199 3434 peccato,
1239 3366 1480 3418 amissum
1525 3375 1600 3418 est
1630 3366 1753 3418 libe-

172 3469 290 3506 rum
310 3456 592 3509 arbitrium.
623 3457 667 3510 A
693 3471 797 3525 quo
818 3457 968 3532 enim
996 3457 1114 3526 quis
1143 3456 1381 3510 devictus
1411 3466 1514 3522 est,
1547 3457 1672 3510 huic
1696 3467 1753 3512 et

175 3558 369 3598 servus
391 3546 634 3601 addictus
662 3556 744 3602 est
774 3545 862 3617 (11
889 3546 1033 3600 Petr.
1057 3563 1128 3613 ιι,
1168 3548 1281 3616 19).
1313 3547 1378 3602 Ut
1399 3550 1754 3616 comparatio-

178 3647 301 3686 nem
333 3635 430 3689 alia
457 3639 852 3705 comparatione
877 3635 1109 3701 eludam,
1139 3636 1311 3690 dicam
1341 3646 1398 3691 ut
1425 3653 1581 3692 nemo
1611 3639 1669 3690 [it
1698 3637 1751 3691 in

178 3721 323 3777 bello
345 3740 550 3792 servus,
582 3727 684 3780 nisi
715 3727 930 3791 invitus,
963 3734 1017 3780 et
1041 3729 1427 3795 quamprimum
1457 3728 1752 3782 libertatem

179 3827 494 3882 recuperare
523 3824 712 3885 potest,
739 3816 1076 3871 occasionem
1098 3815 1251 3869 avide
1278 3816 1490 3885 arripit;
1520 3818 1597 3870 sic
1624 3832 1754 3886 quo-

182 3917 284 3970 que
305 3906 595 3970 hominem,
622 3907 711 3974 qui
737 3923 797 3962 se
825 3922 854 3960 a
888 3916 1105 3974 peccato
1135 3906 1329 3960 victum
1358 3907 1750 3972 animadvertit,

185 3994 400 4065 ejusque
421 3997 691 4050 servitutis
719 3995 1052 4050 incommoda
1074 3996 1254 4060 sentit,
1284 3997 1328 4050 si
1351 3997 1466 4064 quis
1488 4012 1608 4050 eum
1640 4011 1754 4050 me-

187 4081 286 4137 lius
314 4085 523 4150 doceat,
565 4094 783 4154 peccato
812 4086 1042 4140 libenter
1065 4085 1379 4138 valedicere.
1405 4084 1508 4138 Sed
1538 4092 1594 4136 ut
1616 4084 1752 4138 Ada-

187 4186 302 4228 mus
327 4191 430 4230 uno
450 4185 670 4246 peccato
692 4191 795 4230 non
823 4177 994 4244 potuit
1022 4176 1269 4229 amittere
1291 4190 1502 4228 omnem
1535 4175 1753 4229 liberta-

189 4273 315 4332 tem,
348 4269 413 4322 ita
449 4284 548 4324 nec
574 4284 672 4323 una
700 4269 862 4338 proba
892 4270 1100 4324 actione
1129 4268 1382 4335 peccandi
1413 4268 1754 4323 consuetudi-

191 4368 308 4409 nem
336 4359 611 4426 quisquam
628 4358 807 4413 delere
836 4367 1031 4426 potest.
1060 4357 1196 4410 Vicit
1217 4356 1428 4425 quidem
1452 4366 1749 4426 peccatum,

147 4456 152 4460 '
193 4444 401 4514 ejusque
429 4447 572 4502 servi
599 4448 722 4502 facti
768 4459 892 4502 sunt
922 4448 1185 4508 homines,
1215 4445 1338 4512 quia
1367 4445 1418 4499 ei
1449 4460 1635 4512 parere
1660 4459 1750 4499 vo-

196 4506 427 4604 luerunt;
455 4539 550 4593 sed
581 4537 713 4593 nihil
741 4545 886 4593 vetat
913 4547 967 4591 ut
1007 4506 1181 4590 nolint
1200 4506 1246 4589 ei
1285 4506 1528 4603 obsequi,
1562 4543 1752 4602 praater
1780 4506 1830 4566 D

196 4629 643 4697 consuetudinem,
671 4644 789 4698 qua:
819 4628 1072 4698 paulatim
1105 4627 1241 4681 vinci
1260 4636 1463 4696 potest;
1490 4637 1545 4680 ut
1587 4627 1753 4694 liquet

200 4731 342 4772 exeo
366 4719 507 4788 quod
550 4719 690 4774 Deus
715 4733 902 4773 omnes
954 4717 1200 4771 homines
1254 4717 1319 4770 ad
1382 4717 1746 4785 pcenitcntiam

202 4818 357 4864 vocet.
411 4811 488 4864 Ex
536 4807 801 4864 locutione
850 4807 1200 4871 translatitia,
1247 4806 1417 4875 qualis
1460 4815 1542 4860 est
1569 4808 1752 4860 servire

205 4910 404 4965 peccato,
427 4915 535 4953 non
564 4900 637 4953 ita
662 4898 1083 4952 ratiocinandum
1105 4897 1256 4965 quasi
1279 4896 1590 4964 utcaptivus
1618 4897 1753 4949 ami-

206 4985 266 5039 sit
290 4988 578 5044 libertatem
609 4989 871 5057 corporis,
895 5002 1051 5056 quam
1080 5001 1398 5054 recuperare
1420 4986 1602 5054 nequit
1628 4986 1751 5039 dum

207 5076 389 5133 vinctus
415 5089 496 5133 est
525 5096 540 5132 :
570 5079 648 5132 sic
675 5080 763 5147 qui
799 5094 968 5131 servus
991 5085 1071 5131 est
1111 5078 1300 5146 peccati
1344 5091 1610 5143 nunquam
1643 5077 1756 5144 ejus

207 5165 598 5224 dominationem
642 5181 893 5224 excutere
935 5179 1133 5236 posset.
1175 5169 1358 5237 Neque
1394 5170 1535 5223 enim
1580 5170 1754 5223 homi-

209 5269 310 5311 nem
337 5244 625 5328 captivum,
658 5262 966 5328 catenisque
991 5260 1245 5326 vinctum,
1281 5269 1334 5313 et
1359 5274 1575 5315 carcere
1605 5260 1753 5314 clau—

209 5360 306 5401 sum
348 5349 593 5402 hortatur
620 5363 898 5418 quisquam
941 5359 1000 5402 ut
1041 5349 1283 5403 excussis
1313 5350 1515 5404 catenis
1543 5365 1756 5404 carcere

207 5447 358 5500 exeat,
390 5447 442 5493 et
471 5440 572 5492 nisi
617 5439 771 5493 faciat
817 5439 1145 5507 indignatur,
1188 5439 1308 5507 quia
1339 5455 1526 5494 omnes
1557 5449 1755 5494 norunt

206 5544 294 5582 non
322 5523 442 5584 esse
483 5530 582 5584 hoc
630 5531 682 5582 in
709 5530 823 5597 ejus
849 5539 1145 5597 potestate;
1192 5539 1245 5582 at
1278 5530 1477 5584 homini
1526 5546 1751 5600 nequam

203 5636 374 5674 oinues
403 5621 761 5688 indignantur,
808 5633 927 5673 cum
960 5617 1158 5671 nullam
1190 5619 1445 5672 rationem
1477 5621 1635 5674 habet
1663 5620 1754 5674 ad-

202 5710 546 5763 hortationum
590 5722 776 5762 eorum
816 5721 845 5760 a
892 5707 1083 5777 quibus
1121 5705 1184 5760 ad
1231 5708 1503 5763 meliorem
1551 5709 1753 5778 frugem

1852 3299 1967 3336 rum
1992 3283 2261 3351 incognita:
2291 3283 2413 3346 sint,
2447 3282 2631 3347 quique
2660 3279 2864 3331 illorum
2899 3279 3104 3330 omnino
3132 3293 3310 3347 expers
3331 3278 3426 3340 sit;

1853 3373 1897 3424 si
1925 3386 2039 3423 eum
2066 3375 2193 3437 forte
2220 3370 2288 3420 ad
2329 3367 2711 3436 participandas
2739 3367 2994 3433 ejusmodi
3022 3366 3301 3433 voluptates
3339 3375 3428 3417 aut

1853 3458 2086 3512 voluntas
2111 3457 2305 3518 tulerit,
2358 3465 2446 3508 aut
2490 3471 2636 3507 casus
2677 3454 2955 3516 induxerit,
2993 3463 3082 3505 aut
3157 3456 3428 3507 necessitas

1851 3548 2174 3616 compulerit,
2205 3545 2411 3598 deliniri
2435 3549 2724 3614 plerumque
2749 3553 2794 3594 et
2821 3545 2976 3608 capi;
3002 3545 3275 3608 nimirum,
3301 3545 3428 3598 dicit

1855 3637 2006 3692 Plato
2035 3635 2281 3689 similiter
2310 3635 2361 3687 in
2386 3629 2572 3688 Veteri
2592 3632 2930 3686 Onomastico
2957 3649 2968 3683 :
2998 3633 3238 3695 lubcntia,
3269 3636 3426 3689 εὐπά-

1854 3731 1980 3784 θεια.
2003 3727 2131 3793 Quaa
2159 3728 2371 3796 quidem
2401 3725 2714 3794 significatio
2744 3725 2980 3777 nonnihil
3021 3724 3180 3778 distat
3208 3725 3275 3778 ab
3321 3733 3429 3778 Au-

1853 3821 2191 3891 gustiniana,
2246 3835 2367 3874 nam
2423 3818 2681 3872 libentium
2727 3826 2880 3870 vocat
2927 3831 3043 3870 eam
3092 3816 3426 3874 affectiOuem

1854 3910 2014 3963 animi
2062 3925 2164 3978 qua
2219 3909 2447 3962 libenter
2493 3905 2762 3975 quidpiam
2806 3906 2956 3970 facit;
2990 3906 3191 3960 Gellius
3220 3922 3350 3962 vero
3377 3917 3429 3962 et

1855 4000 2250 4060 Onomasticon,
2277 3998 2632 4065 voluptatem;
2665 3995 2759 4049 sed
2794 4003 2992 4060 tamen,
3026 4010 3130 4047 non
3154 3996 3429 4064 analogice

1855 4100 2058 4145 tantum
2104 4091 2380 4143 formatam
2425 4101 2609 4140 vocem
2663 4087 2888 4145 libentia,
2943 4087 3036 4140 sed
3083 4097 3136 4141 et
3183 4089 3430 4142 usitatam

1854 4181 2158 4234 ostendunt.
2195 4177 2299 4232 Sed
2334 4177 2400 4229 ad
2429 4177 2553 4229 bene'
2578 4175 2867 4243 faciendum
2909 4176 3007 4228 ista
3050 4175 3255 4230 libertas
3300 4178 3430 4247 (imo

1857 4270 2096 4337 libentia)
2129 4270 2261 4321 unde
2287 4271 2381 4323 erit
2406 4267 2599 4321 homini
2628 4266 2834 4319 addicto
2859 4276 2903 4320 et
2924 4268 3145 4330 vendito,
3167 4269 3265 4319 nisi
3292 4267 3430 4320 redi-

1855 4369 1960 4412 mat
1989 4359 2135 4426 cujus
2163 4359 2254 4410 illa
2283 4373 2378 4410 vox
2413 4366 2484 4410 est
2514 4355 2691 4426 (Joan.
2715 4341 2813 4409 vm
2838 4398 2853 4422 ,
2887 4357 2976 4423 36)
3007 4372 3020 4407 :
3052 4354 3106 4409 Si
3138 4368 3232 4406 vos
3260 4354 3427 4414 Filius

1857 4449 2179 4512 liberaverit,
2232 4458 2355 4502 tunc
2381 4463 2505 4502 vere
2545 4448 2696 4502 liberi
2734 4447 2920 4501 eritis?
2964 4445 3113 4510 Quod
3153 4453 3426 4510 antequam

1856 4541 1966 4608 ﬁeri
2007 4540 2059 4593 in
2087 4539 2288 4592 homine
2324 4539 2554 4608 incipiat,
2596 4538 2847 4607 quomodo
2874 4537 3137 4604 quisquam
3178 4537 3240 4586 de
3269 4534 3426 4587 libero

1854 4629 2066 4683 arbitrio
2086 4630 2138 4682 in
2165 4628 2292 4681 bono
2317 4628 2566 4698 gloriatur
2592 4638 2758 4696 Opere,
2783 4628 2866 4695 qui
2890 4630 3109 4678 nondum
3130 4636 3200 4677 est
3221 4623 3344 4676 liber
3359 4626 3427 4676 ad

1857 4722 2172 4791 operandam
2202 4720 2344 4784 bene,
2387 4721 2484 4772 nisi
2514 4736 2566 4772 se
2595 4736 2722 4771 vana
2761 4714 2999 4782 superbia
3026 4715 3234 4782 inﬂatus
3264 4714 3428 4765 extol-

1859 4812 1928 4863 lat
1960 4811 2172 4876 ?Quam
2218 4809 2430 4864 cohibet
2469 4808 2754 4876 Apostolus
2797 4805 2978 4857 dicens
3015 4820 3028 4855 :
3079 4802 3257 4856 Gratia
3298 4804 3426 4856 salvi

1858 4903 1978 4972 facti
2002 4903 2118 4955 estis
2147 4918 2237 4967 per
2257 4902 2408 4965 ﬁdem
2430 4899 2644 4968 (Ephes.
2670 4911 2724 4959 ιι,
2751 4895 2825 4964 8).
2857 4895 3060 4948 Revera
3092 4895 3307 4949 libentia
3338 4895 3425 4948 illa

1859 4999 2002 5043 recte
2034 4988 2257 5041 faciendi
2290 5003 2394 5040 non
2423 4985 2657 5039 nascitur
2684 4984 2737 5037 in
2787 4983 2998 5038 homine
3039 4985 3200 5049 malo,
3233 4987 3333 5038 nisi
3365 4985 3429 5037 li-

1860 5079 2133 5133 beratione
2162 5077 2312 5142 Filii;
2346 5078 2432 5147 qui
2485 5076 2714 5145 prmmiis
2745 5086 2799 5132 et
2829 5076 2999 5145 pomis
3031 5076 3082 5130 in
3115 5077 3424 5145 Evangelia,

1857 5169 2094 5224 caelestis
2137 5168 2374 5222 veritatis
2403 5168 2521 5221 luce
2568 5166 2832 5235 fulgente,
2880 5167 3136 5222 homines
3183 5166 3424 5219 servituti

1857 5262 2056 5331 peccati
2087 5259 2269 5327 eripit,
2316 5260 2407 5313 sed
2453 5259 2593 5312 nulla
2625 5270 2798 5312 tamen
2853 5259 3187 5319 necessitate,
3241 5265 3425 5308 utnec

1857 5351 1961 5405 ulla
1983 5351 2297 5404 necessitate
2314 5365 2406 5404 eos
2434 5351 2485 5404 in
2515 5349 2691 5402 ofﬁcio
2712 5349 2978 5411 continet;
3007 5361 3110 5414 quo
3137 5345 3294 5397 modo
3323 5358 3423 5393 non

1859 5439 2068 5493 libenter
2090 5447 2292 5492 tantum
2324 5439 2478 5493 bonis
2530 5438 2678 5491 factis
2708 5438 3000 5499 adhaerent,
3047 5435 3136 5487 sed
3171 5444 3222 5486 et
3252 5432 3423 5483 libere.

1859 5529 1965 5584 Nec
1992 5529 2267 5597 quisquam
2299 5537 2468 5596 potest
2510 5528 2713 5595 jactare
2742 5528 2965 5580 liberum
3005 5522 3302 5582 arbitrium,
3334 5539 3427 5572 an-

1861 5629 2070 5687 tequam
2110 5633 2175 5672 eo
2223 5627 2367 5671 recte
2397 5627 2599 5681 utatur;
2653 5631 2751 5669 nec
2799 5625 3074 5682 postquam
3123 5621 3266 5667 recte
3302 5627 3428 5665 Usus

1861 5720 1961 5777 est,
1994 5708 2209 5778 gloriari
2235 5718 2413 5764 tamen
2442 5717 2636 5776 potest,
2668 5716 2719 5761 ut
2745 5703 3073 5760 ostendimus
3104 5703 3170 5759 ad
3197 5714 3326 5758 tom.
3358 5703 3424 5768 ll,
