3900 6310
556 346 659 401 423

1451 300 2000 391 SUPPLEtlENfUtl
2044 331 2131 383 an
2170 330 2397 383 orans
2437 330 2491 385 s.
2538 330 2921 386 AUGUSTINI.

3670 341 3749 396 ιν.

554 459 711 527 epist.
746 457 868 518 175,
904 454 930 524 ᾗ
958 454 1014 507 2.
1057 453 1211 508 Fides
1239 465 1368 505 sane
1401 449 1491 501 Dei
1515 451 1707 501 donum
1740 456 1841 509 est,
1875 456 1969 501 sed
2001 449 2135 498 invi-
2168 450 2209 502 Α
2246 446 2409 498 vellet
2438 449 2552 512 ipse
2577 448 2842 509 homines,
2885 446 3027 498 nulla
3054 448 3272 503 ratione
3299 449 3465 503 habita
3493 466 3653 507 eorum
3678 472 3746 509 vo-

557 546 623 599 tis
652 555 827 598 tamen
859 558 963 595 non
995 541 1256 601 donatur;
1294 538 1473 591 invitis
1504 537 1644 591 enim
1693 549 1879 603 rapere
1926 534 2097 602 possis
2118 573 2133 595 ,

560 634 735 687 invitis
760 634 886 685 dare
918 630 1043 682 nihil
1073 628 1263 697 possis.
1292 630 1367 679 Ac
1383 640 1512 679 sane
1536 625 1675 678 Deus
1695 624 1852 677 fidem
1871 621 2135 691 dat,quod

559 725 627 776 sit
662 732 845 774 auctor
871 720 1126 772 doetrinae
1153 732 1268 785 qua!
1309 714 1575 769 credenda
1631 715 1960 783 proponitur,
1996 712 2138 781 quod

565 812 809 863 homines
836 825 952 862 eam
990 808 1321 860 nuntiaturus
1351 806 1415 858 ad
1446 821 1542 859 nos
1589 804 1817 866 miserit,
1860 813 1914 857 et
1960 804 2141 856 omnia

565 900 747 953 fecerit
779 916 894 966 qua:
920 898 983 949 ad
1020 895 1440 962 persuadendum
1472 895 1748 947 veritatem
1783 894 1962 947 liberis
1987 908 2140 947 crea-

565 994 696 1044 turis
726 1006 754 1043 a
783 992 888 1044 Deo
916 989 1027 1042 fieri
1061 987 1379 1042 debuerunt.
1416 987 1606 1040 Verum
1639 986 1752 1038 ha'c
1796 984 1923 1038 satis
1960 999 2143 1052 super-

564 1098 666 1147 que
690 1085 755 1133 de
788 1081 1052 1141 libertate,
1084 1089 1276 1132 czetera
1306 1092 1422 1145 quae
1478 1076 1638 1128 habet
1682 1074 2007 1143 Augustinus
2036 1088 2142 1126 non

564 1172 904 1239 attingemus.
952 1168 1055 1222 Sed
1116 1167 1412 1234 intelligere
1460 1166 1617 1220 facile
1671 1165 1795 1219 licet
1845 1164 1986 1217 bono
2031 1166 2144 1217 viro

565 1262 730 1314 multo
759 1260 873 1328 plus
903 1260 1047 1313 cordi
1086 1257 1246 1310 fuisse
1288 1255 1629 1309 Laurentium
1675 1264 2022 1308 controversa
2055 1254 2144 1306 illa

564 1367 659 1404 sua
682 1354 948 1419 dogmata,
982 1364 1137 1417 quam
1161 1343 1517 1399 Christianam
1550 1344 1886 1413 religionem,
1927 1342 2143 1397 docere.

633 1439 761 1506 Cap.
789 1439 886 1503 9d,,
923 1436 949 1505 §
980 1436 1067 1487 2i.
1106 1435 1432 1502 Apertissime
1461 1448 1681 1501 namque
1710 1430 1959 1482 Dominus
1980 1430 2103 1482 dicit
2130 1444 2146 1481 :

568 1532 659 1582 Va:
694 1529 819 1590 tibi,
863 1525 1177 1579 Corozaim!
1220 1538 1300 1575 va:
1335 1523 1460 1590 tibi,
1496 1520 1808 1575 Betlisaida!
1842 1520 1962 1587 quia
2006 1518 2050 1571 si
2094 1518 2146 1570 in

566 1621 706 1689 Tyro
731 1631 783 1672 et
807 1617 1005 1671 Sidone
1036 1614 1188 1667 facta:
1222 1614 1445 1667 fuissent
1462 1616 1686 1665 virtutes
1709 1626 1827 1680 qua:
1852 1610 2004 1663 facta:
2026 1619 2149 1662 sunt

566 1710 619 1763 in
644 1710 813 1772 vobis,
845 1708 968 1759 olim
1000 1706 1051 1758 in
1097 1703 1275 1757 cilicio
1305 1713 1360 1757 et
1399 1703 1577 1755 cinere
1606 1701 1975 1770 paenitentiam
2008 1699 2150 1767 egis-

566 1812 705 1856 sent.
751 1800 861 1853 Nec
901 1799 1074 1867 utique
1105 1796 1243 1850 Deus
1278 1797 1467 1867 injuste
1496 1794 1659 1846 noluit
1684 1793 1849 1847 salvos
1877 1793 2007 1860 fieri,
2040 1807 2153 1843 cum

569 1903 767 1964 possent
788 1893 915 1944 salvi
953 1906 1062 1943 esse
1084 1930 1097 1953 ,
1130 1903 1175 1942 ει
1206 1886 1495 1956 vctu:er
1528 1884 1857 1939 Benedictini
1894 1892 2155 1937 testantur

568 1984 752 2052 viginti
795 1981 1024 2050 quinque
1054 1979 1263 2033 codices
1293 1978 1539 2045 antiquos
1581 1975 1778 2030 habere
1823 1974 1907 2028 hic
1947 1987 1994 2026 sr
2028 1989 2154 2026 ver.-

570 2090 697 2139 LET,
727 2071 1168 2141 quemadmodum
1203 2071 1326 2137 legit
1358 2072 1543 2123 Petrus
1584 2065 1936 2129 Loznhardus,
1968 2065 2151 2132 legen-

568 2164 803 2230 dumque
847 2170 1168 2214 censucrunt
1219 2158 1577 2211 Lovanienscs
1634 2162 1687 2207 et
1732 2154 1841 2206 alii.
1900 2156 1980 2207 Ac
2024 2169 2154 2207 sane

569 2249 829 2302 sententia
882 2248 992 2317 ipsa
1034 2246 1314 2314 Augusnni
1346 2255 1398 2297 et
1436 2247 1713 2310 sequentia
1753 2243 1825 2296 ita
1871 2243 2153 2310 legendum

570 2336 815 2389 suadent.
846 2336 1044 2389 Sensus
1089 2344 1170 2387 est
1202 2351 1215 2385 :
1261 2348 1381 2386 cuin
1413 2342 1630 2400 possent
1681 2332 1883 2384 servari
1937 2332 1983 2383 si
2018 2331 2155 2383 Deus

572 2426 844 2487 voluisset,
878 2428 1017 2491 juste
1048 2423 1219 2476 noluit
1244 2436 1363 2475 esse
1387 2423 1592 2483 Salvos;
1626 2422 1868 2488 quamvis
1895 2419 2152 2472 rationem

571 2516 689 2582 ejus
715 2516 791 2568 rei
823 2513 1142 2579 nesciamus,
1192 2513 1235 2564 si
1260 2527 1379 2564 cum
1407 2510 1527 2563 aliis
1553 2508 1789 2562 damnati
1836 2524 1942 2562 non
1971 2508 2157 2563 melio-

573 2613 718 2663 ribus
746 2609 1108 2663 conferantur.
1130 2608 1376 2661 Attamen
1399 2606 1993 2661 editionesetundeciin
2020 2622 2149 2662 mss.
2176 2664 2179 2667 Α

574 2701 769 2753 habent
796 2700 849 2754 Si
883 2714 1120 2752 VELLENT
1154 2738 1167 2765 ,
1217 2696 1358 2766 quod
1407 2696 1657 2750 nimirum
1681 2697 2039 2766 exscriptores
2065 2704 2156 2749 aut

570 2793 740 2845 critici
772 2793 940 2858 magis
983 2789 1324 2843 attenderent
1364 2802 1477 2841 rem
1529 2789 1729 2855 ipsam,
1780 2795 1835 2840 et
1883 2795 2148 2856 receptam

571 2896 669 2933 Sno
697 2890 935 2947 tempore
985 2881 1325 2939 sententiain,
1372 2891 1533 2942 quam
1584 2876 1860 2945 Augustini
1893 2885 2149 2930 mentem.

571 2974 647 3026 Ac
677 2987 802 3025 Sunt!
831 2971 1176 3039 sequentibus
1212 2969 1443 3032 saeculis,
1484 2983 1607 3021 curn
1639 2975 1779 3019 tutus
1813 2966 1977 3020 ferme
2002 2967 2153 3021 Occi-

572 3064 705 3116 dens
732 3063 781 3113 in
814 3061 1259 3128 l’elngiattismtttn
1296 3068 1386 3110 aut
1417 3057 2007 3125 Semipclagianismum
2035 3058 2153 3128 (cur

572 3152 717 3204 enim
751 3151 851 3203 hoc
872 3150 1351 3217 dissimularetur?)
1389 3158 1531 3201 esset
1556 3147 1827 3215 delapsus,
1862 3162 1958 3202 nec
1983 3157 2155 3203 tamen

573 3241 807 3294 exuisset
850 3255 1041 3293 ca-cam
1090 3238 1234 3291 illam
1287 3239 1642 3293 reverentiam
1691 3254 1796 3308 qua
1850 3241 2154 3308 superiores

574 3340 758 3387 a-tates
787 3342 935 3387 ciant
979 3331 1330 3400 Augustinum
1378 3341 1714 3399 prosecutae;
1752 3331 1804 3384 in
1848 3346 1912 3385 eo
1940 3340 2157 3384 sentcn-

575 3424 699 3479 tiatn
730 3438 879 3478 suam
912 3423 1146 3477 invenire
1174 3423 1474 3483 voluerunt,
1525 3436 1593 3476 ne
1622 3437 1743 3476 eum
1773 3422 2027 3477 damnare
2064 3436 2156 3475 co-

572 3525 846 3582 gerentur,
922 3527 1079 3583 queui
1129 3513 1304 3581 magni
1352 3511 1655 3565 faciendum
1712 3522 2041 3581 acceperant.
2099 3513 2155 3566 ln

575 3604 675 3656 hoc
701 3605 991 3671 pra-sortirii
1038 3603 1192 3665 loco,
1225 3600 1401 3655 minus
1438 3602 1613 3653 acutis
1659 3599 1814 3654 facile
1851 3600 2156 3669 persuaderi

577 3694 745 3760 potuit
778 3708 897 3746 esse
952 3692 1231 3760 legendum
1281 3693 1486 3757 vellent,
1532 3692 1675 3758 quod
1715 3692 1934 3759 justitite
1973 3693 2158 3745 memi-

575 3785 744 3839 nisset
784 3786 1136 3850 Augustinus;
1166 3798 1283 3850 quae
1329 3783 1470 3835 nulla
1511 3781 1751 3849 profecto
1781 3790 1882 3847 est,
1927 3783 1970 3835 si
2003 3784 2158 3852 longe

576 3874 803 3925 maximi
838 3886 959 3938 pars
1006 3870 1301 3936 hominum,
1350 3871 1500 3938 culpa
1533 3870 1746 3937 Adami,
1773 3873 1855 3922 cui
1894 3871 2032 3923 Deus
2058 3886 2155 3925 nc-

577 3961 866 4015 cessarimn
908 3975 1121 4027 prorsus
1150 3960 1440 4015 remedium
1475 3961 1670 4014 afferre
1699 3964 1885 4026 noluit,
1921 3978 2023 4015 non
2060 3977 2152 4031 po.

580 4049 737 4103 tuerit
787 4048 923 4101 velle
968 4049 1193 4103 servari.
1230 4048 1351 4103 \‘ult
1399 4060 1577 4106 tamen
1615 4054 1942 4120 Augustinus
1980 4054 2155 4107 inesse

579 4139 627 4191 ei
669 4137 744 4190 rei
783 4137 1077 4205 justitiam,
1126 4138 1217 4191 sed
1261 4153 1418 4207 quam
1472 4142 1524 4194 in
1575 4143 1739 4195 altera
1783 4142 1994 4196 demum
2047 4143 2153 4196 vita

581 4226 953 4295 intelligemus.

655 4319 728 4371 Eo
776 4316 982 4370 facilius
1020 4317 1071 4370 in
1120 4333 1360 4372 errorem
1401 4320 1605 4389 delapsi
1628 4328 1772 4385 Sunt,
1803 4322 1943 4389 quod
1975 4323 2155 4392 Augu-

577 4411 771 4473 stinus,
790 4425 855 4461 nc
877 4409 1165 4476 Scriptura:
1188 4412 1453 4463 contraria
1475 4411 1748 4466 affirmare
1770 4424 1951 4481 aperte
1974 4416 2150 4467 videa-

581 4512 688 4562 tur,
719 4500 980 4551 interdum
1014 4500 1153 4552 dicat
1188 4498 1429 4553 homines
1467 4501 1587 4554 ideo
1632 4518 1735 4554 non
1768 4518 1886 4556 esse
1913 4513 2153 4557 serVutos

576 4590 718 4658 quod
743 4590 1044 4644 noluerunt.
1068 4590 1200 4642 Audi
1228 4606 1345 4659 qua:
1370 4591 1526 4645 habet
1546 4607 1662 4660 cap.
1681 4594 1747 4646 97
1775 4609 1786 4644 :
1815 4594 2152 4659 Quamsbrem

577 4682 850 4733 uidendum
877 4692 946 4733 est
968 4681 1388 4750 quemadmodum
1418 4682 1480 4733 sit
1505 4683 1566 4733 de
1592 4682 1696 4734 Deo
1718 4683 1904 4734 dictant
1930 4683 1980 4749 (Ι
2013 4684 2149 4737 Tim.

580 4787 636 4833 ιι,
668 4771 746 4839 4),
778 4771 866 4839 qui
897 4787 1082 4825 omnes
1114 4772 1354 4825 homines
1374 4771 1485 4823 vult
1506 4774 1680 4825 salvos
1708 4773 1841 4825 fieri.
1871 4770 1997 4825 Cum
2020 4779 2153 4827 enim

579 4876 680 4912 non
709 4878 902 4922 omnes,
935 4866 1022 4915 sed
1062 4863 1223 4914 multo
1255 4861 1423 4929 plures
1475 4878 1576 4916 non
1614 4863 1742 4931 ﬁant
1778 4862 1928 4928 salvi,
1959 4865 2155 4919 videtur

582 4956 752 5015 utique
771 4968 871 5003 non
900 4954 1006 5011 ﬁeri
1032 4957 1165 5021 quod
1193 4953 1330 5008 Deus
1361 4956 1466 5007 t'ult
1505 4956 1617 5021 ﬁeri
1634 4997 1649 5020 ,
1696 4956 1919 5009 humana
1959 4958 2153 5010 scilicet

581 5039 836 5123 voluntate
860 5042 1155 5109 impediente
1167 5046 1470 5099 voluntatem
1490 5045 1608 5099 Dei.
1633 5046 1852 5112 Quando
1864 5049 1993 5101 enim
2015 5065 2155 5118 quoe-

578 5127 713 5180 ritur
734 5143 889 5180 causa
918 5146 1005 5181 cur
1028 5147 1131 5183 non
1157 5150 1327 5186 omnes
1356 5136 1482 5187 salvi
1508 5141 1653 5203 ﬂant,
1684 5139 1981 5206 responderi
2002 5140 2150 5204 solet,

576 5219 696 5287 quia
718 5219 811 5271 Itoc
837 5220 934 5287 ipsi
960 5222 1160 5274 nolunt.
1187 5224 1306 5277 llaec
1333 5235 1473 5293 erat,
1501 5243 1713 5297 nempe,
1742 5232 2006 5285 sententia
2035 5246 2153 5285 ont-

579 5311 724 5363 nium
772 5309 1196 5364 Christianorum
1224 5353 1239 5378 ,
1284 5316 1371 5383 qui
1415 5316 1657 5370 solebant
1681 5319 1749 5372 ita
1782 5320 1949 5389 l0qui,
1982 5336 2149 5388 eaque

578 5402 702 5454 nixa
733 5403 796 5455 iis
822 5416 940 5471 qua:
971 5401 1036 5456 de
1059 5402 1293 5458 bonitate
1322 5406 1597 5474 etjustitia
1635 5408 1723 5461 Dei
1749 5418 1806 5461 ct
1837 5426 1981 5465 reeta
2013 5413 2149 5467 ratio

572 5499 633 5543 ct
656 5492 930 5560 Scriptura
961 5493 1175 5547 docent.
1206 5493 1314 5548 Nec
1346 5497 1450 5548 ulla
1483 5508 1561 5550 est
1595 5498 1644 5551 in
1676 5514 1736 5552 ea
1763 5516 1821 5554 re
1843 5502 2144 5569 difficultas,

572 5593 698 5632 cum
728 5582 867 5634 enim
899 5582 1091 5637 Paulus
1112 5583 1239 5638 dicit
1265 5585 1428 5639 Deum
1454 5586 1579 5639 uelle
1600 5604 1765 5642 omnes
1787 5590 2016 5645 homines
2045 5595 2149 5647 sal-

575 5683 661 5723 tm
693 5669 824 5735 ﬁeri,
858 5672 956 5726 hoc
986 5674 1056 5727 ita
1103 5676 1505 5745 intelligendum
1539 5695 1640 5732 non
1680 5689 1780 5743 est,
1817 5684 1966 5749 quasi
2012 5683 2150 5739 Deus

2243 535 2479 599 luutatis,
2512 536 2751 590 volentes
2777 536 3020 589 nolentes
3054 547 3254 590 acterna
3295 539 3536 593 beatitate
3566 541 3737 600 donare.

2244 623 2382 676 Deus
2405 622 2515 675 vult
2538 638 2723 677 omnes
2756 623 3000 678 homines
3030 625 3205 679 salvos
3240 623 3378 690 fieri,
3407 628 3521 693 quia
3545 631 3744 685 omnibus

2242 728 2579 767 communem
2627 714 2958 780 paenitentia:
2999 717 3163 783 legem
3196 716 3354 777 tulit,
3399 733 3492 785 qua
3519 719 3743 775 observata

2245 804 2375 857 salvi
2410 803 2521 856 fieri
2550 804 2754 870 possint
2797 814 2853 856 et
2872 819 3026 869 quam
3053 819 3236 858 revera
3261 804 3533 878 observare
3553 822 3745 876 possunt,

2244 895 2288 947 si
2318 895 2513 957 velint;
2545 903 2599 947 et
2629 895 2753 961 quia
2799 895 3028 946 neminis
3078 895 3287 946 animus
3335 908 3492 962 usque
3529 897 3644 951 adeo
3680 900 3750 952 de-

2246 993 2500 1050 pravatus
2528 995 2628 1047 eSI,
2666 992 2721 1034 ut
2750 982 3023 1041 beneﬁciis
3051 998 3167 1048 qua:
3194 983 3333 1037 Deus
3353 984 3401 1035 in
3427 1000 3595 1039 omnes
3622 988 3751 1042 humi.

2247 1090 2342 1129 nes
2370 1076 2593 1144 spargit,
2626 1074 2873 1141 paulatim
2905 1084 3049 1128 certe
3079 1058 3351 1128 emendari
3379 1087 3603 1145 nequeat.
3622 1078 3666 1131 Si
3684 1079 3749 1132 lex

2246 1178 2404 1232 quam
2433 1164 2536 1218 fcit
2566 1164 2707 1218 Deus
2735 1163 3035 1217 hominibus
3072 1174 3126 1217 et
3163 1180 3231 1217 ex
3276 1179 3377 1233 qua
3424 1165 3599 1234 pendet
3623 1170 3749 1233 salus,

2253 1254 2530 1308 observari
2576 1254 2642 1306 ab
2692 1254 2755 1307 iis
2788 1268 2891 1306 non
2942 1262 3145 1322 posset,
3174 1256 3413 1323 quamvis
3436 1256 3649 1310 homines
3670 1260 3752 1311 tel~

2251 1345 2396 1409 lent;
2427 1353 2519 1398 aut
2540 1344 2581 1399 si
2612 1355 2792 1398 essent
2822 1346 2893 1399 ita
2922 1345 3096 1399 affecti
3127 1354 3185 1397 ut
3212 1346 3459 1399 voluntas
3480 1347 3558 1400 illa
3583 1348 3753 1414 parendi

2251 1435 2363 1489 Deo
2386 1435 2530 1489 nasci
2565 1433 2615 1487 in
2644 1434 2710 1489 iis
2742 1450 2843 1487 non
2878 1444 3078 1502 posset,
3109 1434 3213 1487 nisi
3246 1436 3381 1488 Deus
3409 1450 3497 1490 eos
3525 1436 3675 1489 afflatu
3698 1437 3753 1489 in-

2251 1526 2521 1580 eluctabili
2547 1539 2762 1580 movere
2796 1527 3121 1593 dignaretur,
3150 1540 3260 1593 quo
3303 1526 3460 1579 nollet
3488 1540 3649 1580 omnes
3668 1527 3753 1591 di;-

2253 1616 2396 1670 nari:
2428 1623 2536 1667 turn
2562 1631 2689 1668 vero
2715 1614 2989 1683 negandus
3011 1623 3153 1669 esset
3185 1613 3328 1669 Deus
3368 1615 3590 1668 homines
3614 1631 3755 1669 omnes

2252 1708 2389 1761 velle
2419 1707 2595 1761 salvos
2626 1707 2758 1761 ﬁeri.

2185 1794 2233 1855 Β
2326 1795 2553 1864 Subjicit
2575 1795 2901 1864 Augustinus
2934 1810 2947 1848 :
2976 1794 3112 1863 quod
3140 1794 3347 1862 quidem
3373 1794 3467 1846 dici
3499 1794 3555 1847 de
3585 1795 3756 1859 parvulis

2256 1903 2359 1938 non
2393 1896 2579 1955 potest,
2606 1902 2815 1954 quorum
2846 1886 3074 1938 nondum
3119 1893 3195 1938 est
3238 1883 3365 1937 velle
3400 1901 3484 1937 seu
3516 1886 3649 1936 nolle.
3684 1885 3756 1937 Sed

2256 1978 2376 2045 quis
2425 1991 2547 2030 eum
2598 1975 2778 2029 docuit
2824 1974 3073 2043 parvulos
3116 1974 3393 2041 damnari,
3440 1989 3547 2026 cum
3575 1973 3757 2027 Chriitus

2257 2076 2439 2134 aperte
2486 2065 2624 2119 dicat
2670 2065 2736 2118 ad
2785 2065 2920 2119 tales
2969 2066 3241 2132 pertinere
3273 2079 3485 2133 regnum
3516 2063 3756 2117 caelorum?

2264 2157 2369 2211 Sed
2396 2157 2638 2225 apertius,
2668 2156 2857 2223 inquit,
2891 2153 3135 2206 Dominus
3166 2154 3223 2205 in
3262 2152 3544 2220 Evangelia.
3587 2152 3758 2217 compel-

2261 2246 2373 2297 laus
2396 2245 2602 2313 impiam
2623 2245 2874 2296 civitatem
2895 2258 2913 2294 :
2941 2239 3182 2307 Quoties,
3212 2243 3389 2309 inquit,
3417 2241 3545 2294 volui
3568 2241 3759 2307 colligere

2263 2336 2403 2388 filios
2434 2346 2571 2398 tuos,
2605 2333 2951 2401 sicutgallina
2981 2333 3148 2399 pullos
3183 2346 3331 2396 suos,
3356 2340 3408 2384 et
3432 2330 3757 2383 noluistillan-

2259 2441 2411 2494 quam
2439 2422 2529 2476 Dei
2551 2425 2782 2476 uoluntas
2809 2432 3049 2492 superata
3091 2423 3155 2474 sit
3193 2423 3449 2476 hominum
3481 2423 3694 2474 voluntate
3726 2425 3757 2470 et

2266 2519 2629 2587 inﬁrmissimis
2647 2517 2868 2569 nolendo
2892 2517 3304 2587 impedientibus,
3329 2532 3423 2569 non
3436 2513 3756 2582 potucritfacere
3810 2534 3811 2543 ι

2262 2612 2639 2680 potentissimus
2660 2608 2797 2677 quod
2820 2608 3033 2661 volebat.
3056 2605 3161 2661 Sed
3190 2607 3331 2660 aliud
3356 2616 3434 2660 est
3452 2605 3577 2658 velle
3593 2600 3756 2671 praemio

2263 2698 2476 2754 afficere
2507 2698 2819 2764 obsequium
2851 2708 3158 2752 naturarum
3204 2699 3511 2762 liberarum,
3545 2693 3632 2748 nisi
3666 2692 3755 2759 ipsa

2263 2789 2481 2854 ol-sequi
2513 2787 2716 2849 nolint;
2755 2788 2896 2840 aliud
2926 2787 3099 2842 facere
3124 2789 3301 2857 ipsum
3334 2797 3389 2841 ut
3416 2794 3643 2840 creaturae
3669 2785 3757 2835 fiant

2258 2874 2459 2930 felices.
2504 2876 2775 2929 Posterius
2822 2890 3035 2944 semper
3064 2878 3210 2931 Deus
3240 2878 3379 2940 facit,
3418 2873 3609 2944 quando
3643 2870 3755 2929 vult;

2258 2966 2402 3032 prius
2432 2979 2535 3017 non
2586 2965 2750 3032 facit,
2797 2968 2917 3035 quia
2968 2980 3075 3021 non
3119 2968 3237 3021 vult
3274 2967 3510 3021 effectum
3539 2965 3665 3021 dare,
3686 2960 3756 3012 nisi

2258 3056 2469 3108 volente
2497 3065 2759 3119 creatura,
2793 3061 2874 3111 cui
2905 3058 3066 3109 u'lam
3088 3059 3200 3109 vim
3231 3057 3415 3110 aliene
3437 3055 3604 3108 nolu't.
3628 3050 3757 3117 Itaque

2185 3143 2229 3204 C
2264 3147 2434 3199 inanis
2481 3157 2563 3201 est
2609 3149 3081 3202 exclarnatiuncula
3124 3164 3251 3215 qua:
3298 3149 3522 3217 sequitur
3557 3161 3571 3198 :
3612 3143 3665 3195 Et
3701 3139 3757 3191 ubi

2261 3248 2333 3291 est
2353 3238 2446 3292 illa
2467 3242 2837 3307 omnipotentia
2858 3257 2956 3309 qua
2979 3241 3031 3292 in
3051 3238 3180 3295 cmla
3204 3251 3252 3294 et
3280 3240 3333 3293 in
3354 3250 3483 3293 terra
3502 3228 3648 3290 omnia
3663 3246 3758 3301 qua-

2258 3344 2458 3398 cunque
2488 3330 2641 3383 roluit
2673 3330 2808 3398 fecit,
2839 3331 2885 3383 si
2913 3330 3149 3399 colligere
3196 3332 3336 3399 ﬁlios
3366 3330 3624 3383 Jerusalem
3648 3323 3758 3376 tofuit

2257 3432 2305 3474 et
2332 3438 2428 3475 non
2463 3423 2578 3491 fecit
2602 3424 2625 3475 ?
2652 3426 2717 3476 At
2739 3423 2856 3489 quis
2881 3422 3049 3476 nescit
3083 3423 3277 3489 Deum,
3303 3422 3569 3493 propositis
3588 3417 3757 3484 legibus.

2260 3529 2367 3568 non
2395 3515 2467 3567 uti
2496 3512 2879 3581 omnipotentia
2908 3527 3002 3565 sua
3049 3521 3105 3564 ut
3126 3509 3518 3573 'observentur,
3554 3507 3658 3575 quia
3683 3505 3759 3553 tu"

2260 3605 2323 3658 iis
2372 3604 2535 3657 libere
2586 3604 2792 3671 pareri?
2831 3602 2965 3667 Quis
3011 3602 3257 3670 ignorat,
3308 3601 3352 3655 si
3391 3603 3523 3654 Deus
3564 3592 3759 3650 libertatis

2258 3704 2619 3747 creaturarum
2652 3693 2848 3746 nullam
2899 3693 3159 3746 rationem
3198 3693 3399 3747 habere
3427 3691 3607 3751 vellet,
3647 3695 3760 3751 p085t3

2259 3797 2379 3837 eum
2420 3782 2627 3850 quidvis
2665 3784 2732 3834 ab
2772 3784 2835 3835 iis
2867 3784 3222 3851 extorquere?
3274 3784 3449 3851 Itaque
3494 3792 3588 3832 non
3634 3774 3761 3826 minus

2258 3875 2435 3926 omnia
2467 3872 2606 3926 Deus
2632 3889 2748 3941 qua:
2772 3874 2885 3926 vult
2909 3874 3053 3937 facit,
3080 3888 3203 3927 cum
3233 3874 3289 3927 vi
3318 3879 3588 3929 creaturas.
3622 3864 3761 3933 quiblis

2257 3962 2559 4016 libertatem
2583 3963 2869 4025 concessit,
2902 3978 3005 4015 non
3053 3974 3359 4033 expugnat;
3405 3962 3519 4030 quia
3568 3958 3653 4010 hoc
3688 3965 3761 4004 non

2256 4053 2369 4105 vult
2392 4052 2584 4107 facere.
2614 4052 2693 4104 An
2718 4052 2887 4120 potius
2914 4052 3005 4104 illa
3034 4054 3244 4120 quidem
3281 4053 3418 4121 ﬁlios
3458 4065 3564 4103 suos
3594 4046 3646 4096 ab
3685 4044 3762 4107 5P”

2256 4141 2426 4209 colligi
2456 4142 2639 4207 noluit,
2670 4142 2758 4195 sed
2783 4158 2840 4195 ea
2863 4158 3056 4212 quoque
3084 4143 3307 4206 nolente,
3331 4143 3462 4208 ﬁlios
3481 4143 3582 4210 ejus
3608 4130 3761 4199 collegit

2256 4234 2363 4299 ipse
2390 4249 2512 4300 quos
2541 4235 2736 4286 voluit?
2767 4234 2898 4298 Quia
2924 4234 2977 4286 itt
3005 4236 3128 4287 coelo
3156 4241 3203 4286 et
3238 4236 3286 4287 in
3315 4245 3447 4287 terra
3473 4247 3565 4283 non
3586 4224 3763 4293 quadam

2257 4324 2410 4375 tofuit
2438 4333 2487 4377 et
2513 4326 2650 4392 fecit,
2677 4327 2909 4391 quaedam
2935 4342 3046 4378 vero
3067 4327 3225 4379 voluit
3248 4338 3295 4379 et
3320 4327 3433 4398 [erit
3457 4364 3471 4388 ,
3514 4321 3592 4375 sed
3634 4313 3760 4369 οήυιὶιι

2256 4432 2560 4486 quiscunque
2584 4417 2741 4471 uoluit
2771 4417 2906 4485 fecit.
2965 4417 3068 4473 Sed
3098 4419 3217 4486 quis
3250 4434 3356 4472 non
3388 4417 3524 4470 videt
3548 4411 3763 4467 Chrislum

2182 4487 2234 4546 D
2260 4507 2517 4575 conqueri
2564 4508 2705 4575 quod
2745 4506 3088 4577 pertinaciam
3129 4507 3608 4575 Jerosolymitaruin
3647 4494 3763 4550 nullis

2262 4595 2746 4665 adhortationibus,
2792 4597 2953 4652 nullis
2991 4597 3261 4651 miraculis
3299 4594 3561 4650 ﬂexisset?
3606 4581 3765 4652 Alioqui

2262 4690 2305 4742 si
2334 4704 2531 4758 paucos
2561 4691 2818 4760 quosdam
2850 4692 3031 4745 afflatu
3078 4690 3405 4747 ineluetabili
3451 4689 3642 4740 allicere
3675 4688 3763 4729 tan-

2266 4789 2377 4832 tum
2404 4789 2682 4846 Statuerat,
2718 4782 2875 4849 idque
2903 4784 3172 4848 effecerat,
3203 4780 3335 4839 nihil
3364 4787 3476 4834 erat
3514 4772 3637 4844 quod
3664 4779 3763 4833 αυε-

2267 4877 2491 4922 reretur.
2520 4870 2658 4925 Deus
2684 4869 2861 4924 omnia
2890 4870 3033 4937 facit,
3057 4888 3175 4941 qua:
3196 4873 3312 4926 vult
3337 4868 3449 4939 ipse
3474 4852 3761 4924 facereiquis

2263 4961 2457 5027 negat?
2484 4960 2588 5016 Sed
2617 4977 2720 5016 non
2745 4960 2866 5015 facit
2894 4976 3012 5030 quae
3034 4962 3193 5017 vulta
3217 4962 3470 5017 creaturis
3492 4960 3637 5012 libere
3660 4941 3758 5003 fieri.

2258 5054 2378 5121 quia
2414 5067 2594 5105 earum
2642 5051 2867 5107 libertati
2909 5056 3016 5105 vim
3067 5068 3171 5106 non
3217 5053 3392 5105 infert.
3451 5053 3547 5102 Aut
3584 5044 3665 5096 hoc
3701 5042 3759 5087 εει

2258 5140 2655 5209 agnoscendum
2684 5182 2697 5205 ,
2747 5154 2837 5194 aut
2877 5143 3174 5210 negandum
3210 5156 3328 5195 cum
3360 5135 3610 5193 nonnullis
3632 5147 3655 5182 a
3678 5127 3757 5179 Ι)εο

2260 5235 2393 5286 ullas
2425 5234 2568 5301 leges
2611 5231 2740 5285 ferri
2770 5232 2980 5300 proprie
3009 5232 3194 5297 dictas,
3221 5230 3315 5284 sed
3361 5239 3554 5282 tantum
3581 5210 3756 5291 ρῐοροοί

2259 5323 2463 5387 electis,
2497 5323 2635 5390 quod
2684 5324 2796 5389 ipse
2848 5324 2899 5374 in
2949 5323 3015 5375 iis
3044 5321 3219 5375 facere
3240 5321 3380 5381 vult;
3411 5318 3473 5372 ad
3502 5307 3754 5380 reprobalos

2257 5431 2382 5470 vero
2419 5415 2558 5482 quod
2597 5414 2806 5476 attinet,
2840 5414 3009 5467 Deum
3040 5414 3179 5467 nolle
3221 5425 3314 5465 eos
3360 5408 3554 5477 legibus
3589 5404 3750 5469 ρπείθν

2254 5507 2376 5573 quia
2394 5504 2554 5571 probe
2579 5502 2723 5555 novit
2752 5516 2846 5557 eos
2872 5518 2974 5555 non
2998 5502 3279 5569 parituros,
3297 5512 3396 5551 nec
3425 5492 3748 5573 posse'pafel'ei

2257 5609 2318 5647 ac
2345 5608 2437 5647 eos
2460 5595 2736 5646 damnatos
2775 5591 2941 5659 cupit.
2972 5592 3099 5657 Quae
3145 5590 3317 5645 omnia
3364 5600 3477 5641 cum
3514 5570 3753 5635 rationibus

2256 5695 2414 5754 atque
2446 5684 2698 5738 institutis
2724 5680 2919 5736 Christi
2944 5693 2995 5737 et
3022 5680 3380 5751 apostolorum
3412 5677 3639 5745 pugnant.
