3900 6318
76 371 203 426 ἱὲὅ

562 485 1112 548 ANIMADVERSION
1119 496 1200 551 ES

392 587 446 626 IN
475 584 671 630 ιηιιυιι
715 593 778 631 DE
817 592 988 636 A901“:
1018 598 1350 642 CHRISTIANO.

182 662 301 732 Cap.
334 661 418 729 15,
450 664 479 733 §
514 666 602 719 17.
634 666 742 721 Nec
768 685 853 723 eos
881 674 1149 729 audiamus
1195 678 1282 745 qui
1329 679 1661 749 indignamur

90 752 545 820 etstomarltantur
568 757 685 824 quia
729 773 830 813 non
864 769 964 815 tres
999 762 1132 819 Deos
1156 767 1393 822 colendos
1423 770 1656 823 dicimus.

90 842 341 899 Nesciunt
368 845 507 896 enim
546 847 671 914 quid
698 848 764 900 sit
802 865 908 903 una
947 853 1219 923 eademque
1258 860 1562 924 substantia,
1611 869 1658 912 et

87 933 455 1001 pbantasmatis
479 936 589 988 suis
616 935 927 1007 illuduntur,
954 944 1075 1011 quia
1102 946 1263 998 solent
1283 948 1450 1002 videre
1470 965 1654 1018 corpo-

89 1022 265 1075 raliter
312 1024 389 1076 uel
432 1024 681 1078 animalia
710 1029 840 1091 tria,
888 1031 966 1084 uel
989 1048 1300 1104 quacunque
1318 1053 1531 1103 corpora
1560 1039 1659 1093 tria

95 1114 220 1167 locis
243 1114 349 1167 suis
364 1130 474 1168 esse
499 1128 752 1185 separata.
779 1118 868 1173 Sic
904 1129 1082 1186 putant
1122 1126 1506 1192 intelligendam
1539 1128 1657 1181 sub-

94 1204 330 1256 stantiam
356 1204 472 1270 Dei,
498 1216 547 1263 et
572 1209 786 1261 multum
814 1222 1007 1277 errant,
1033 1211 1163 1284 ctc.]
1202 1215 1427 1271 Videtur
1453 1233 1547 1271 eos
1575 1220 1659 1272 in-

98 1295 331 1363 telligere
355 1298 446 1363 qui
469 1298 791 1365 objiciebant
818 1302 1021 1370 synodo
1042 1303 1268 1359 Nix-aena:
1294 1307 1651 1375 tritneismum,

98 1400 225 1453 quos
252 1386 411 1442 etiam
437 1398 699 1444 memorat
717 1388 1005 1460 Gregorius
1025 1392 1388 1450 Nazianzenus
1409 1398 1654 1452 oratione

92 1476 181 1539 57,
211 1491 325 1545 pag.
359 1475 485 1542 000,
519 1478 606 1532 ubi
635 1488 831 1534 eorum
868 1482 1159 1551 objectioni
1201 1488 1529 1555 respondere
1563 1503 1653 1542 co-

90 1577 261 1621 natur.
312 1568 449 1624 Vide
494 1569 597 1623 hac
632 1570 702 1625 de
744 1585 803 1626 re
843 1574 1015 1640 ipsum
1046 1591 1255 1646 quoque
1297 1580 1650 1648 Augustinum

88 1656 157 1711 de
176 1658 427 1713 Trinitate
455 1658 551 1713 lib.
576 1674 672 1725 vn,
705 1675 823 1730 cap.
854 1663 919 1728 4,
971 1671 1027 1717 et
1060 1665 1105 1719 si
1144 1666 1217 1719 ita
1246 1666 1511 1732 videatur,
1555 1670 1651 1724 do-

85 1749 375 1802 ctissimum
406 1749 578 1803 virum
611 1750 830 1820 Dionys.
865 1752 1138 1810 Petavium
1167 1754 1354 1825 Dogm.
1387 1758 1651 1830 theologi-

82 1852 263 1893 corum
296 1848 427 1893 tom.
459 1839 523 1906 ll,
555 1841 650 1895 lib.
681 1856 752 1907 tv,
782 1856 903 1913 esp.
935 1843 990 1912 2,
1020 1859 1085 1901 ex
1113 1846 1351 1904 editione
1378 1850 1648 1904 Amstclo-
1676 1855 1723 1916 B
1749 1856 1984 1914 sioribus
2016 1867 2249 1928 peccatis
2270 1868 2449 1924 dicere
2480 1884 2566 1924 aut
2594 1874 2642 1927 lc

82 1927 343 1993 damensi,
375 1929 517 1984 unde
545 1930 675 2000 quid
704 1934 935 1988 senserit
977 1936 1302 2006 Augustinus
1342 1954 1408 1993 cx
1451 1941 1648 1995 notolis

80 2020 245 2089 nugis
268 2020 510 2090 liquebit.
641 2086 646 2090 .

152 2114 275 2181 Cap.
305 2114 397 2179 20,
432 2113 459 2183 §
490 2113 581 2167 22.
622 2114 840 2171 Verbum
868 2118 921 2171 in
951 2120 1200 2189 principio
1230 2137 1319 2188 per
1344 2122 1482 2190 quod
1511 2130 1647 2191 tacta

75 2213 193 2255 sunt
218 2205 410 2269 omnia,
434 2221 534 2259 non
554 2207 629 2259 sic
658 2210 931 2277 assumpsit
965 2211 1214 2265 hominem
1243 2213 1389 2266 illum
1423 2224 1474 2266 ut
1500 2226 1645 2267 acte-

77 2308 165 2345 ros
186 2304 406 2360 sanctos,
435 2297 523 2348 sed
544 2298 703 2350 multo
722 2300 1047 2354 excellentius
1070 2305 1324 2371 multoque
1346 2305 1644 2369 sublimius;

78 2387 328 2451 quomodo
354 2388 524 2455 ipsum
551 2388 716 2441 solum
745 2393 934 2444 assumi
962 2396 1204 2460 oportuit,
1230 2396 1283 2447 in
1306 2414 1404 2465 quo
1426 2397 1645 2467 Sapien—

86 2476 159 2526 lia
186 2477 470 2531 hominibus
495 2490 785 2548 appareret,
824 2482 955 2534 sicut
1004 2500 1114 2536 eam
1151 2485 1412 2538 visibiliter
1440 2489 1645 2541 decebat

80 2564 322 2635 ostendi.]
350 2567 632 2636 Sapienter
657 2583 786 2622 sane
804 2578 857 2623 et
882 2579 937 2624 ut
962 2571 1265 2642 theologum
1292 2576 1449 2630 decet
1477 2577 1645 2645 loqui-

92 2663 177 2707 tur
201 2655 282 2710 hic
308 2659 652 2727 Augustinus,
682 2659 749 2713 de
777 2659 1033 2716 inetiabili
1053 2664 1427 2731 conjunctione
1450 2665 1644 2722 divina:

102 2745 301 2800 rationis
318 2761 433 2801 cum
457 2750 707 2815 homine;
746 2751 842 2805 sed
870 2762 1052 2820 postea
1083 2754 1288 2808 exortis
1317 2755 1643 2812 Nestorianis

99 2837 466 2901 controversiis,
490 2853 613 2892 cum
639 2841 815 2894 omnia
845 2841 981 2896 odiis
1008 2856 1072 2897 ac
1109 2845 1536 2913 contentionibus
1556 2862 1643 2899 ar-

98 2922 281 2992 dcrcnt,
321 2927 450 2982 dum
496 2929 680 2983 volunt
735 2930 1049 2987 audaciores
1096 2933 1325 3004 theologi
1371 2937 1643 3005 explicare

98 3018 216 3084 quod
240 3020 503 3086 nesciunt,
535 3024 821 3094 omniaque
845 3028 999 3082 noris
1030 3029 1334 3085 nominibus
1363 3031 1640 3099 insignire,

108 3105 151 3157 in
174 3114 240 3162 tot
258 3108 626 3166 difficultatum
654 3115 955 3171 meandros
978 3118 1295 3184 inciderunt,
1316 3130 1373 3175 ut
1397 3138 1518 3178 sese
1545 3138 1645 3178 ex-

98 3195 626 3267 pedireuequeant,et
647 3204 810 3257 risum
837 3208 974 3260 male
999 3209 1350 3262 sentientibus
1373 3223 1641 3267 moveant.
1670 3213 1716 3275 C
1752 3234 1852 3272 non
1883 3220 2043 3278 fuisse
2093 3242 2150 3279 cr

110 3288 227 3342 Ante
256 3300 405 3346 natas
434 3293 599 3358 rixas,
633 3296 889 3363 quidquid
922 3298 1076 3367 vulgo
1116 3301 1218 3354 dici
1250 3303 1404 3356 aliter
1435 3304 1532 3358 hac
1576 3306 1643 3360 de

97 3390 143 3426 re
166 3377 341 3446 soleat,
373 3382 565 3435 melius
595 3392 647 3437 et
674 3385 949 3440 candidius
988 3389 1232 3445 homines
1263 3392 1549 3461 loquuntur
1576 3398 1643 3451 de

94 3467 231 3522 rebus
254 3486 371 3539 qua:
394 3482 579 3541 postea
611 3475 662 3531 in
692 3480 1112 3533 controversiam
1135 3484 1373 3549 veniunt,
1397 3490 1517 3554 quia
1543 3493 1642 3542 mi-

94 3568 179 3611 nus
200 3560 470 3618 affectibus
500 3566 919 3635 prmpediuntur,
947 3583 1043 3625 nec
1065 3571 1344 3628 vietoriam
1375 3588 1637 3645 qua-runt,

94 3646 172 3699 sed
196 3651 489 3707 veritatem.

520 3746 1160 3807 ANIMADVERSIONES

310 3849 362 3888 ιιι
393 3852 582 3891 LIBRUM
618 3855 682 3892 DE
719 3855 1127 3897 CATECIIIZASDIS
1170 3863 1404 3902 RUDICUS.

151 3921 267 3991 Cap.
291 3927 346 3993 5,
371 3927 395 3996 §
415 3929 467 3981 9.
492 3929 556 3983 Si
580 3931 711 3982 enint
733 3931 943 4001 aliquod
960 3938 1277 3990 commodum
1301 3944 1641 4007 exspectando

95 4009 145 4059 ab
172 4010 472 4078 hominibus,
503 4018 683 4082 quibus
713 4036 766 4073 se
798 4021 945 4073 aliter
988 4022 1295 4089 placiturum
1339 4044 1439 4081 non
1472 4040 1637 4097 putat,

94 4108 165 4147 aut
187 4102 387 4171 aliquod
416 4106 477 4158 ab
500 4105 786 4161 hominibus
812 4111 1183 4166 incommodum
1205 4116 1495 4185 deuitando,
1514 4136 1612 4189 quo
1629 4148 1641 4159 -

90 4206 186 4244 rum
211 4196 536 4261 oﬁmsionem
570 4209 658 4253 aut
686 4204 1005 4257 inimicitiam
1047 4208 1365 4275 reformidat,
1400 4214 1500 4269 vult
1525 4214 1639 4280 ﬁeri

88 4276 421 4352 Christianus;
448 4305 548 4342 non
576 4291 690 4358 ﬁeri
715 4294 819 4345 vult
858 4296 1026 4361 potius
1061 4313 1209 4365 quam
1236 4301 1444 4370 lingere.
1479 4302 1636 4359 Fides

90 4372 208 4424 enim
242 4392 340 4428 non
381 4392 462 4430 res
511 4389 581 4431 est
629 4382 902 4437 salutantis
949 4389 1199 4451 corporis,
1248 4391 1337 4443 sed
1383 4394 1634 4449 credentis

82 4462 267 4535 enim.)
292 4465 535 4523 Editores
562 4468 887 4527 Parisienses
913 4475 982 4528 ita
1008 4476 1203 4532 habere
1226 4488 1486 4535 testantur
1511 4499 1627 4537 me-

86 4546 216 4605 ltmis
244 4566 380 4610 nota:
412 4572 541 4612 mss.
575 4560 816 4628 codices,
862 4580 966 4617 non
997 4568 1233 4621 salvandi
1257 4574 1520 4639 corporis;
1550 4574 1631 4627 in-
1658 4560 1711 4619 Ῑ)
1738 4598 1785 4634 m

102 4647 556 4716 Icrpretanturque,
577 4650 816 4716 salutem,
848 4669 937 4705 seu
967 4672 1224 4710 assensum
1262 4671 1404 4729 gestu
1433 4664 1633 4732 signiﬁ-

102 4735 261 4788 cantis.
289 4738 360 4790 At
396 4739 577 4793 malim
610 4741 944 4811 interpretari
974 4747 1246 4817 salutantis
1291 4752 1411 4818 hic,
1443 4755 1630 4811 eodem

100 4829 231 4876 sensu
258 4840 323 4880 ac
349 4827 602 4883 dicebant
628 4830 799 4885 Latini
835 4836 1062 4890 salutare
1109 4839 1480 4909 imperatorem,
1531 4845 1631 4902 hoc

92 4919 160 4961 est
182 4928 383 4972 vocare.
408 4917 720 4977 Sensusest
750 4923 905 4978 tidem
929 4940 1032 4979 non
1072 4942 1193 4983 esse
1218 4933 1457 4999 corporis
1483 4937 1629 4989 salu.

92 5006 226 5058 lautis
249 5008 407 5062 alium
436 5012 651 5067 nomine
681 5015 856 5082 fratris
895 5027 985 5070 aut
1013 5016 1313 5086 Christiani,
1368 5025 1460 5077 sed
1509 5040 1627 5080 crc-

98 5090 242 5149 dentis
265 5100 445 5154 animi.
478 5101 535 5154 lu
571 5105 840 5160 veteribus
876 5109 1068 5175 glossis
1098 5112 1341 5166 salutatio
1364 5129 1469 5167 non
1514 5126 1627 5169 tau-

92 5186 178 5235 ῖυω
204 5189 479 5261 dictaui;
500 5233 515 5258 ,
543 5192 637 5246 sed
669 5203 723 5248 et
752 5202 1066 5272 προσηγορία
1092 5203 1331 5255 Vertitur.
1363 5203 1625 5261 (Laterum

101 5282 149 5319 ρο
169 5286 418 5347 tempore,
447 5282 601 5335 facile
629 5293 873 5352 poterant
900 5290 1096 5343 ethnici
1124 5305 1218 5358 Spe
1244 5302 1336 5346 aut
1361 5306 1501 5349 metu
1530 5299 1627 5351 ad-

94 5363 254 5425 duciut
280 5374 474 5427 tierent
502 5375 817 5443 Chrisdani;
859 5393 981 5434 nam
1011 5382 1327 5441 Christianis
1368 5390 1624 5457 propositi

88 5464 206 5515 erant
231 5465 467 5520 honores
500 5466 550 5520 in
588 5468 730 5535 aula,
775 5485 908 5538 quos
950 5472 1157 5530 facilius
1201 5480 1621 5547 assequebantur

88 5560 208 5610 ‘luatn
229 5560 556 5615 ethnicismo
586 5564 908 5630 pertinacius
935 5566 1299 5635 adhic-rentes;
1340 5574 1627 5642 proposita:

83 5649 196 5703 erant
222 5662 280 5708 et
304 5655 592 5722 dignitates
620 5657 994 5714 ecclesiastica:
1021 5661 1241 5719 minime
1272 5675 1625 5724 contemnen-

83 5724 154 5789 ⁴λ³ἓι
181 5742 379 5799 Contra
412 5744 640 5800 etlmicis
662 5749 823 5802 multa
853 5762 1004 5827 erant
1036 5752 1288 5825 timenda,
1322 5762 1619 5829 praescrihit

331 5840 606 5899 Pri-non.
654 5843 908 5907 XLVII.

770 363 1123 441 VARIOBUM
1163 385 1753 447 EXERCITATIONES
1792 391 1857 446 IN
1884 390 1954 448 'S.
1996 386 2366 454 AUCUSTINI
2402 394 2651 459 OPERA.‘

3224 410 3340 473 426

1693 506 1743 563 Α
1771 502 1813 555 si
1835 503 1992 558 avitae
2017 506 2288 575 religionis
2321 500 2499 567 studio
2527 512 2810 583 ﬂagrantes
2837 532 2866 572 a
2888 522 3054 578 sacris
3079 494 3333 587 faciendis

1763 593 2032 650 abstinere
2060 598 2283 665 nollent,
2312 615 2433 670 qua:
2461 614 2616 659 erant
2654 609 3120 673 constitutionibus
3160 619 3333 691 impe-

1760 691 1995 738 ratorum
2024 684 2446 746 Christianorum
2478 696 2663 752 vetita.

1829 772 1961 841 Cap.
1985 776 2039 845 9,
2069 776 2096 847 ᾗ
2129 780 2214 833 15.
2264 781 2516 839 Noverint
2549 786 2901 859 (grammatici
2950 804 3043 851 aut
3089 810 3331 860 oratores

1757 863 1847 931 qui
1883 868 2298 939 catechizantur,
2329 886 2448 929 cum
2485 876 2773 935 Christiani
2801 882 2913 938 ﬁeri
2950 888 3154 961 volunt)
3176 894 3331 947 etiam

1692 1022 1701 1027 ι
1758 969 1859 1006 non
1886 971 1993 1010 esse
2019 973 2187 1012 vocem
2223 963 2290 1014 ad
2313 980 2463 1018 aures
2502 966 2615 1033 Dei,
2648 971 2744 1023 nisi
2774 974 2933 1028 animi
2956 976 3227 1047 aﬁ‘ectum;
3256 984 3331 1037 ita

1756 1044 1888 1095 enim
1918 1060 2019 1098 non
2045 1049 2344 1121 irridebunt,
2374 1056 2418 1107 si
2445 1056 2647 1125 aliquos
2691 1063 2951 1119 antistites
2979 1076 3027 1121 et
3070 1071 3328 1128 ministros

1758 1130 2002 1188 Ecclesia:
2023 1139 2152 1205 forte
2175 1142 2640 1213 animadverterint,
2675 1152 2751 1205 uel
2782 1171 2897 1208 cum
2928 1157 3251 1219 barbarismis
3278 1177 3329 1220 et

1755 1222 2046 1280 solweismls
2079 1229 2237 1283 Deum
2264 1234 2496 1290 invocare
2514 1255 2533 1300 ;
2562 1242 2640 1293 vel
2662 1244 2837 1297 eadem
2863 1250 3012 1303 verba
3054 1269 3165 1322 quae
3206 1277 3327 1328 pro-

1758 1316 2014 1383 nuntiant,
2053 1336 2155 1373 non
2183 1323 2495 1393 intelligere,
2543 1334 2930 1405 perturbateque
2972 1316 3325 1418 distinguere.]

1757 1402 1896 1472 Pigri
1927 1423 2057 1463 sane
2103 1411 2313 1468 luerunt
2343 1425 2395 1470 et
2424 1418 2631 1489 indigni
2664 1425 2755 1492 qui
2801 1402 3012 1495 publice
3041 1402 3327 1495 conciones

1754 1494 1819 1546 ad
1872 1500 2123 1566 populum
2178 1502 2455 1574 haberent,
2488 1521 2579 1566 aut
2625 1494 2809 1581 preces
2833 1533 3012 1576 coram
3042 1539 3107 1579 eo
3132 1494 3325 1586 funde?

1754 1596 1902 1648 rem;
1948 1590 2041 1657 qui
2086 1604 2204 1645 cum
2247 1596 2335 1648 uni
2381 1598 2580 1668 lingua:
2611 1601 2831 1672 Latinae,
2872 1624 2971 1664 nec
3007 1627 3085 1666 ea:
3112 1617 3327 1673 Cicero-

1752 1677 1927 1731 niana-
1950 1719 1964 1741 ,
2016 1682 2110 1737 sed
2156 1686 2365 1753 qualem
2406 1703 2535 1745 actas
2576 1694 2665 1747 illa
2696 1694 2918 1763 ferebat,
2950 1716 3165 1769 operam
3196 1707 3327 1766 dare

1752 1766 2027 1836 deberent,
2060 1789 2126 1828 ne
2153 1790 2269 1829 eam
2303 1780 2518 1847 quidem
2550 1783 2621 1836 ita
2650 1784 2947 1856 discebant,
2969 1794 3161 1850 ulsine
3181 1811 3327 1851 cras-

2645 1888 2772 1947 gere
2814 1891 3050 1946 possent.
3080 1883 3322 1955 Magnam

1749 1961 1879 2001 vero
1904 1960 1957 2005 ct
1986 1959 2388 2013 memorandam
2418 1962 2787 2021 difficultatem
2820 1969 3032 2027 discere
3075 1976 3208 2031 bene
3239 1979 3325 2033 lo-

1749 2039 1838 2107 qui
1869 2039 2046 2109 lingua
2076 2050 2357 2103 vernacnln
2381 2094 2394 2115 ,
2415 2068 2549 2107 .rum
2586 2058 2746 2111 nullis
2772 2060 2889 2115 aliis
2915 2065 3113 2122 studiis
3158 2070 3325 2127 desti-

1750 2132 1921 2186 ueris!
1950 2134 2053 2189 Sed
2084 2139 2210 2205 quid
2241 2139 2406 2197 facias
2437 2145 2545 2199 illis
2573 2150 2783 2204 srculis
2811 2154 3003 2221 quibus
3032 2170 3182 2227 erant
3207 2165 3326 2232 epi-

1746 2224 1890 2291 scopi
1923 2226 2013 2295 qui
2045 2244 2109 2282 nc
2136 2233 2371 2288 scribere
2401 2238 2613 2304 quidem
2672 2253 2900 2315 norant,
2945 2258 3001 2303 ut
3040 2224 3207 2322 liquet
3243 2224 3325 2313 ἐκ

1748 2314 2234 2386 subscriptiouibus
2266 2326 2648 2383 conciliorum?

1817 2406 2003 2475 Capite
2030 2424 2061 2460 v
2091 2418 2147 2463 ct
2174 2428 2325 2482 seqq.
2359 2418 2538 2471 multis
2570 2426 2908 2493 persequitur
2936 2441 3123 2485 causas
3150 2436 3319 2505 ta2dii,

1745 2510 1850 2563 quo
1880 2501 2185 2555 catechistm
2212 2503 2600 2576 afticiebantur,
2637 2526 2756 2567 cum
2789 2517 3031 2575 rudiores
3058 2536 3213 2579 erant
3238 2528 3321 2581 iu-

1745 2586 1994 2641 stituendi
2015 2631 2028 2653 ,
2076 2607 2195 2645 Clllll
2236 2598 2581 2653 catecheseos
2608 2600 2738 2656 duas
2764 2604 3024 2663 formulas
3048 2618 3324 2684 proponit,

1745 2678 1965 2731 alteram
2007 2681 2329 2753 longiorem,
2360 2688 2671 2747 breviorem
2718 2698 2962 2769 alteram,
3005 2706 3071 2757 ad
3096 2698 3324 2775 quarum

1749 2770 2048 2836 exemplum
2099 2785 2319 2839 possent
2362 2780 2671 2838 sacerdotes
2721 2801 2780 2842 se
2820 2804 3162 2860 componere.
3203 2799 3320 2859 Non

1752 2856 1923 2909 dicam
1957 2874 2049 2914 eas
2078 2876 2261 2929 parum
2294 2878 2570 2923 accuratas
2598 2887 2718 2929 esse
2758 2875 3148 2948 descriptiones
3186 2890 3321 2944 reli-

1748 2947 1923 3015 gionis
1954 2947 2312 3021 Christiane,
2344 2968 2399 3012 ct
2444 2947 2952 3027 declamatiunculas
2999 2977 3177 3044 potius
3220 2995 3321 3035 cx-

1749 3047 2115 3107 temporaueas
2154 3046 2323 3102 videri
2370 3066 2529 3120 quam
2572 3056 2874 3117 elaboratas
2916 3065 3317 3129 Christianismi

1749 3134 2147 3200 enat-rationes;
2175 3139 2267 3191 sed
2299 3141 2489 3197 mirum
2523 3161 2643 3203 esse
2666 3151 3020 3222 Augustinum
3044 3173 3319 3220 auctorem

2157 3230 2301 3283 udito
2349 3238 2656 3307 presbytero
2709 3248 3081 3312 conscribendi
3126 3254 3315 3324 libelli,

1746 3323 1901 3377 quem
1935 3314 2213 3382 legendum
2248 3324 2507 3389 prtcberet
2535 3332 2954 3403 catcchumenis,
3004 3354 3057 3396 et
3095 3344 3163 3398 de
3210 3362 3316 3415 quo

1747 3410 1930 3466 postea
1960 3409 2279 3471 qui-stiones
2311 3415 2386 3465 eis
2416 3430 2768 3487 proponeret;
2795 3437 2886 3479 aut
2916 3430 3029 3497 ipse
3053 3437 3312 3505 praelege-

1746 3499 1848 3552 t'ct,
1876 3500 1928 3544 et
1952 3495 2261 3561 endit-aret,
2286 3513 2341 3552 ut
2368 3504 2522 3558 hodie
2548 3508 2623 3560 fit.
2649 3495 2993 3572 Commodius
3019 3495 3185 3575 multo
3213 3495 3316 3581 hoc

1746 3579 1933 3635 fuisset
1983 3593 2037 3638 et
2080 3590 2478 3649 catcchumenis
2520 3606 2575 3653 et
2627 3603 2954 3675 catcchistis,
2988 3626 3141 3680 quam
3173 3618 3313 3685 quod

1747 3668 1834 3726 hic
1865 3672 2043 3729 habet.

2039 3768 2378 3830 DESIDER"
2408 3777 2656 3836 ERASMI
2697 3786 3005 3846 CENSURA

2149 3878 2199 3914 IN
2243 3879 2433 3922 ιιωιωι
2471 3887 2535 3925 DE
2572 3889 2942 3934 CONTINENTIA.

1815 3946 2047 4005 Libellus
2090 3953 2240 4021 pius,
2285 3975 2380 4014 nec
2420 3963 2698 4033 indoctus;
2737 3973 3012 4039 Augustini
3059 3993 3161 4032 non
3193 3996 3314 4039 esse

1745 4038 1957 4106 phrasis
1987 4046 2181 4113 arguit.
2214 4047 2339 4103 Mihi
2370 4055 2579 4110 videtur
2608 4038 2843 4129 flugouis
2875 4065 3151 4127 Victorini.
3182 4074 3313 4142 (Sed

1739 4129 1853 4183 uide
1898 4132 2114 4187 editores
2164 4135 2481 4197 Parisimses
2523 4149 2572 4198 in
2616 4150 2963 4209 admonitione
2999 4159 3118 4213 huic
3143 4163 3313 4219 libello

1739 4220 1975 4287 pra'ﬁxa,
2006 4225 2091 4278 ubi
2118 4225 2388 4283 Erasntum
2427 4240 2710 4304 confutant.
2742 4241 3001 4318 PllEREP.)

2194 4322 2839 4391 ANIMADVERSIONES

2250 4426 2299 4464 1N
2333 4429 2546 4471 ΕυΜυΕιί
2578 4437 2791 4477 LIBRUM.

1803 4491 1935 4561 Cap.
1969 4495 2076 4565 3,§
2117 4497 2168 4552 6.
2214 4499 2319 4555 Sed
2364 4505 2506 4558 aliud
2536 4519 2607 4562 est
2646 4511 2769 4567 bene
2802 4533 3051 4586 pugnare,
3099 4524 3307 4589 quando

1790 4586 1913 4637 ortis
1956 4591 2265 4644 contentioni
2310 4597 2598 4666 resistitur;
2646 4605 2789 4657 aliud
2820 4610 3165 4664 adversarium
3206 4631 3306 4669 non

1739 4675 1939 4745 habere,
1962 4683 2096 4747 quod
2135 4693 2255 4739 tunc
2276 4689 2370 4741 erit
2392 4694 2594 4757 quando
2628 4714 2763 4750 mors
2797 4689 3063 4754 novissima
3099 4704 3307 4758 inimica

1737 4766 2066 4842 destruetur.]
2098 4773 2260 4830 Recte
2290 4789 2539 4835 notarunt
2582 4786 2828 4839 monachi
2860 4789 3188 4846 Beuedictini
3216 4810 3305 4850 re-

1735 4860 1977 4925 spexisse
2000 4862 2347 4932 Augustinum
2379 4872 2442 4923 ad
2472 4872 2636 4927 lCor.
2661 4892 2747 4942 xv,
2779 4877 2869 4943 55,
2904 4878 3001 4933 Ubi
3029 4893 3121 4946 est,
3146 4902 3304 4956 mors,

1734 4951 1986 5002 contentio
2025 4956 2149 5006 tua?
2204 4956 2294 5011 Sic
2342 4961 2483 5012 enim
2529 4964 2656 5015 citat
2689 4967 3013 5034 Augustinus
3062 4973 3204 5031 hunc
3233 4980 3305 5033 lo-

1738 5052 1880 5104 cum,
1912 5044 2060 5109 quasi
2089 5056 2228 5099 esset
2268 5050 2549 5120 scriptum,
2583 5061 2681 5107 Ποῦ
2704 5077 2820 5121 σου,
2856 5060 2952 5133 ᾅδη
2976 5104 2991 5130 ,
3031 5068 3089 5120 τὸ
3118 5078 3305 5138 νεῖκος,

1737 5143 1841 5184 non
1874 5147 1997 5186 vero
2024 5142 2177 5199 νῖ.ο;,
2209 5138 2451 5206 victoria,
2487 5151 2542 5196 ut
2573 5155 2655 5198 est
2685 5146 2736 5200 in
2775 5152 2971 5207 nostris
3014 5158 3305 5215 codicibus.

1734 5219 1850 5274 Non
1884 5231 2087 5277 tantum
2119 5226 2352 5280 afﬁnitas
2394 5232 2674 5300 scriptura:
2700 5275 2715 5300 ,
2754 5239 2849 5293 sed
2896 5250 2949 5295 et
2998 5249 3307 5311 pronuntia-

1732 5312 1893 5366 tionis
1919 5314 2215 5371 similitudo
2252 5319 2437 5376 fallere
2465 5323 2814 5396 interpretem
2846 5335 3034 5402 potuit.
3057 5339 3306 5394 Attamen

1732 5403 2046 5461 Ambrosius
2077 5409 2241 5476 epist.
2281 5410 2350 5464 44
2396 5414 2462 5468 ad
2503 5416 2888 5475 llorontianum
2918 5462 2935 5490 ,
2979 5425 3057 5478 sic
3106 5427 3310 5493 profert

1737 5492 1879 5549 hunc
1906 5494 2077 5551 locum
2110 5515 2122 5549 :
2161 5498 2259 5569 (με
2286 5513 2379 5569 est,
2421 5520 2557 5559 mors
2590 5548 2604 5572 ,
2655 5510 2870 5564 uictoria
2918 5514 3048 5565 tua?
3098 5515 3184 5567 ubi
3234 5527 3309 5571 est

1736 5602 1893 5652 mors,
1931 5590 2136 5644 aculeus
2164 5599 2276 5644 tuus
2295 5593 2322 5645 i’

1803 5676 1933 5747 Cap.
1966 5679 2018 5743 6,
2050 5679 2077 5750 §
2112 5681 2195 5735 16.
2226 5680 2348 5736 Non
2370 5698 2538 5740 autem
2558 5696 2805 5759 postestas
2835 5688 2944 5745 Deo
2973 5692 3132 5765 defuit
3156 5700 3307 5757 talem

1732 5768 1900 5837 facere
1941 5770 2189 5827 hominem
2232 5775 2317 5844 qui
2353 5793 2559 5846 peccare
2609 5797 2709 5835 non
2748 5794 2954 5854 posset;
2991 5789 3078 5840 sed
3122 5789 3306 5844 maluit

2836 5874 2912 5945 μ
