3900 6308
569 340 672 419 tsi

1460 354 2012 421 SUPPLEMENTUM
2056 363 2147 420 AD
2183 360 2415 420 OPERA
2451 356 2509 414 S.
2554 354 2942 413 AUGUSTINL

3697 359 3782 417 428

571 489 685 527 eum
716 470 867 526 talem
892 474 1057 542 facere
1084 469 1165 523 cui
1186 472 1439 541 adiacet-et
1483 483 1690 538 peccare
1725 470 1769 523 si
1805 470 1950 524 vellet
1969 510 1984 533 ,
2034 485 2133 523 non
2169 469 2215 530 Α
2246 477 2443 522 natura:
2484 472 2754 535 gratorum
2788 464 2980 534 quibus
2999 467 3180 517 natura
3207 468 3384 517 nostra
3415 475 3593 518 carere
3616 470 3785 535 nequit.

570 578 780 634 peccare
799 562 842 616 si
867 562 1021 615 nollet
1050 560 1183 613 :hoc
1208 557 1497 629 prohibens,
1527 556 1660 611 illud
1700 558 1997 627 praecipiens
2033 573 2049 619 ;
2093 567 2147 609 ut

572 655 715 723 prius
744 660 908 705 essent
936 651 1119 704 bonum
1146 649 1380 723 meritum
1412 664 1512 702 non
1538 664 1765 718 peccare,
1789 655 1839 701 et
1865 656 2042 718 postea
2056 650 2148 718 ju-

574 752 708 796 stum
738 741 1000 811 precarium
1025 754 1125 793 non
1146 754 1290 809 posse
1315 737 1565 808 peccare.]
1606 738 1730 792 llaec
1767 747 1889 791 sunt
1932 735 2147 791 intelli-

574 830 746 901 genda
786 844 890 884 non
934 830 1000 884 de
1036 829 1153 882 solo
1182 827 1409 892 Adamn,
1440 827 1534 882 sed
1562 836 1617 882 et
1636 826 1702 881 de
1731 825 2012 895 quibusvis
2043 825 2145 877 ho-

577 920 839 984 minibus;
866 917 1066 988 alioqui
1096 932 1200 970 non
1229 916 1527 972 solveretur
1567 917 1797 986 obiectio
1838 929 2022 971 eorum
2057 915 2147 983 qui

577 1010 899 1066 excusabant
926 1016 1141 1075 peccata
1164 1020 1280 1075 sua,
1312 1007 1453 1076 quod
1484 1007 1596 1061 Deo
1635 1020 1741 1061 non
1776 1005 2145 1076 displicerent,

578 1100 666 1167 qui
688 1096 920 1165 alioquin
945 1110 1005 1150 ea
1034 1111 1138 1149 non
1191 1104 1482 1164 pateretur.
1540 1093 1656 1149 Non
1688 1095 1830 1149 enim
1862 1106 2040 1149 sermo
2065 1101 2149 1148 est

2722 552 3365 612 ANIMADVERSIONES

2547 667 2599 704 IN
2629 665 2821 704 LIIRUII
2852 663 2919 701 DE
2948 660 3148 700 SANC'I'A
3175 659 3529 722 νιιιθιΝιτΑτε.

2322 743 2455 810 Cap.
2486 743 2542 795 4.
2575 741 2650 795 De
2681 739 2846 794 Maria
2873 737 3093 807 Virgine
3120 753 3132 788 :
3163 735 3287 807 Ipsa
3322 751 3519 805 quoque
3561 735 3786 805 virginitas

2253 834 2362 901 ejus
2390 832 2506 884 ideo
2535 830 2726 899 gratior
2762 838 2810 883 et
2835 828 3110 898 acceptior,
3135 828 3256 895 quia
3283 841 3384 878 non
3405 842 3517 878 eam
3556 837 3787 892 conceptus

2254 921 2484 975 Christus
2513 921 2620 973 viro
2646 918 2922 983 violatura,
2952 931 3109 986 quam
3138 923 3448 969 conservaret
3476 914 3597 984 ipse,
3635 916 3787 984 prteri-

2252 1013 2384 1082 puit,
2416 1012 2503 1064 sed
2527 1011 2823 1079 priusquam
2847 1008 3215 1076 conciperetur,
3231 1010 3344 1077 jam
3366 1002 3473 1058 Deo
3498 1006 3717 1069 dicatam,
3742 1005 3790 1058 de

2252 1115 2351 1167 qua
2377 1105 2668 1152 nasceretur
2686 1098 2854 1169 elegit.
2883 1095 2993 1149 Hoc
3018 1096 3243 1150 indicant
3264 1094 3410 1148 verba
3430 1107 3540 1159 qua:
3554 1093 3641 1146 sibi
3661 1098 3788 1161 [etum

578 1191 645 1242 de
674 1201 738 1241 co
765 1186 906 1256 quod
934 1186 1119 1241 habuit
1146 1186 1381 1241 Adamus
1406 1225 1422 1253 ,
1470 1186 1562 1241 sed
1593 1186 1661 1240 de
1685 1199 1749 1241 eo
1777 1184 1926 1253 quod
1954 1183 2154 1238 habent

578 1278 771 1348 singuli
803 1276 1067 1342 homines,
1106 1278 1159 1330 in
1185 1291 1246 1331 ea
1277 1275 1585 1331 conditione
1626 1275 1678 1328 in
1711 1288 1813 1344 qua
1846 1288 1986 1330 nunc
2005 1280 2148 1328 sunt.

1040 1365 1683 1422 ANIMADVERSIONES

934 1474 984 1513 IN
1017 1472 1207 1512 LIBRUM
1237 1473 1301 1511 DE
1336 1472 1468 1511 BONO
1495 1471 1796 1512 CONJUGALI.

2253 1189 2580 1243 annuntianti
2627 1190 2807 1259 angelo
2856 1186 3028 1241 Maria
3081 1184 3306 1240 reddidit
3347 1199 3367 1238 :
3408 1183 3687 1250 Quomodo,
3726 1183 3790 1235 itt-

2256 1280 2392 1348 quit,
2423 1278 2512 1334 ﬂet
2543 1278 2694 1345 illud,
2718 1278 2967 1348 quoniam
2991 1278 3164 1333 virum
3211 1290 3317 1331 non
3347 1274 3636 1343 cognosco?
3665 1273 3790 1338 Quod

2255 1372 2483 1442 profecto
2504 1386 2606 1425 non
2622 1371 2830 1434 diceret,
2853 1370 2952 1425 nisi
2977 1368 3081 1424 Deo
3101 1368 3343 1438 virginem
3369 1381 3423 1420 se
3442 1376 3558 1420 ante
3576 1363 3791 1435 vovisset.)

2258 1463 2417 1533 Atqui
2444 1479 2507 1518 ex
2561 1463 2706 1517 hisce
2733 1461 2910 1516 verbis
2941 1458 3116 1514 Mariae
3145 1460 3309 1527 liquet
3354 1455 3525 1526 potius
3564 1456 3615 1509 in
3650 1454 3791 1524 angeli

652 1551 788 1618 Cap.
811 1549 868 1614 ἓ,
904 1549 1010 1618 §2.
1036 1550 1156 1604 Sive
1177 1564 1321 1619 ergo,
1352 1549 1461 1602 sine
1489 1547 1705 1602 coeundi
1738 1547 2023 1617 complexu,
2052 1546 2153 1601 alio
2256 1553 2662 1609 annuntiatione
2682 1592 2698 1619 ,
2723 1564 2869 1606 vers.
2909 1550 3010 1614 51,
3037 1550 3139 1603 hoc
3162 1545 3601 1617 comprehensum
3641 1542 3792 1605 inisse,

581 1642 750 1710 aliqua
782 1641 961 1704 modo,
1005 1641 1048 1693 si
1084 1656 1186 1693 non
1224 1648 1528 1710 peccassent,
1560 1638 1781 1692 habituri
1811 1646 1973 1691 essent
1999 1636 2149 1704 ﬁlios,
2258 1662 2375 1704 eam
2402 1661 2433 1701 θ
2453 1644 2679 1714 vestigio
2698 1649 3094 1711 conceptarum,
3124 1649 3410 1708 antequam
3436 1650 3552 1691 cum
3592 1634 3697 1688 viro
3727 1634 3794 1687 cui

580 1732 709 1803 ειη-1
741 1733 811 1785 Ea
838 1732 903 1785 de
940 1745 997 1785 το
1026 1732 1143 1786 Vide
1172 1746 1291 1801 qua?
1322 1730 1434 1799 ipse
1459 1729 1956 1784 comminiscebalur
1974 1730 2155 1797 Αυϐιι·
2258 1740 2578 1806 desponsata
2611 1743 2729 1791 erat
2753 1731 3150 1789 concumberet.
3171 1728 3300 1782 Vide
3322 1728 3457 1782 Luc.
3480 1741 3517 1792 ι,
3543 1723 3626 1778 27.
3650 1723 3794 1791 Itaque

581 1826 754 1876 εῑῖηυδ
781 1821 832 1874 ί¹¹
865 1836 1027 1891 "PBN
1043 1821 1106 1875 de
1121 1820 1351 1875 είνῖίδίο
1366 1820 1867 1889 Βείιίϋ-ιιννοαρρ-
1903 1818 1973 1872 ἳδ
1994 1825 2049 1872 ει
2075 1817 2164 1874 Ἣ·
2200 1823 2246 1883 Β
2274 1830 2446 1884 inania
2466 1836 2588 1882 sunt
2616 1839 2735 1896 quas
2772 1831 3071 1893 sequuntur
3098 1836 3113 1873 :
3146 1819 3250 1874 Sed
3296 1819 3426 1888 quia
3446 1817 3537 1871 hoc
3567 1814 3795 1869 Israelita.

650 1914 779 1985 Cap.
824 1917 921 1979 15,
954 1914 980 1985 §
1018 1914 1101 1968 15.
1135 1911 1252 1966 Illis
1298 1929 1415 1966 vero
1455 1912 1765 1982 temporibus
1804 1910 2164 1981 (patriarcha-

2273 1935 2381 1973 rum
2408 1932 2572 1971 mores
2614 1914 2785 1968 adhuc
2816 1912 3138 1976 recusabant,
3166 1909 3479 1979 desponsata
3503 1914 3571 1960 est
3600 1905 3694 1958 viro
3720 1906 3794 1973 ja-

583 2007 744 2076 rum),
771 2021 886 2059 cum
902 2006 1068 2057 adhuc
1091 2004 1399 2074 prOpIteticis
1426 2002 1756 2055 sacramentis
1776 2000 1957 2055 salutis
1981 2010 2164 2054 nostris
2266 2017 2364 2076 sto,
2398 2023 2499 2059 non
2540 2003 2779 2058 violenter
2808 2001 3066 2065 ablatura,
3091 1998 3175 2052 sed
3206 1998 3381 2068 potius
3400 2004 3570 2050 contra
3594 1993 3798 2047 violentos

584 2096 880 2167 mysterium
904 2096 1179 2160 celabatur,
1203 2097 1354 2148 etiam
1372 2095 1457 2162 qui
1481 2103 1597 2146 ante
1620 2093 1820 2160 nuptias
1843 2092 1966 2144 tales
1980 2091 2164 2161 (conti-
2266 2097 2579 2151 custoditum
2607 2095 2743 2165 quod
2764 2092 2856 2146 illa
2878 2093 2991 2161 jam
3018 2096 3234 2144 voverat.
3813 2146 3820 2154 ,

584 2189 792 2257 nentes)
808 2196 969 2252 erant,
987 2187 1145 2256 o/ﬁcio
1158 2186 1474 2254 prop-tgandi
1494 2185 1694 2252 nuptias
1709 2182 2033 2251 capulabant,
2062 2197 2163 2234 non
2336 2191 2467 2259 cap,
2500 2188 2586 2254 te,
2620 2189 2647 2257 ς
2675 2186 2760 2240 12.
2785 2184 3025 2238 Habeant
3056 2181 3293 2252 conjugia
3325 2179 3515 2233 bonum
3542 2191 3695 2242 suum,
3722 2189 3799 2227 non

585 2282 698 2333 victi
721 2280 951 2342 libidine,
974 2278 1060 2330 sed
1081 2276 1217 2329 ducti
1244 2277 1427 2343 piet..te
1446 2291 1464 2339 ;
1481 2275 1659 2342 quibus
1672 2274 1716 2325 si
1727 2273 1864 2343 Optio
1889 2272 2004 2324 talis
2021 2272 2164 2324 dare-
2266 2283 2385 2352 quia
2417 2282 2550 2351 ﬁlio;
2576 2287 2865 2351 procreant,
2887 2276 2976 2330 sed
3001 2276 3123 2345 quia
3148 2274 3380 2338 honeste,
3406 2272 3523 2341 quia
3552 2268 3801 2337 licite,qttia

585 2368 839 2438 tnrqualis
859 2366 1071 2420 revelato
1094 2364 1239 2418 Novo
1261 2363 1577 2417 Testamento
1592 2364 1712 2416 data
1739 2371 1831 2427 est,
1850 2363 2044 2414 dicente
2064 2360 2165 2413 Do-
2267 2373 2470 2441 ρυάίοε,
2503 2370 2621 2439 (μίξει
2649 2368 2913 2422 socialiter
2940 2373 3230 2434 procreant,
3258 2371 3306 2417 et
3334 2368 3622 2431 procreatos
3648 2357 3802 2426 pariter

585 2458 723 2510 mino
748 2472 766 2510 :
798 2456 898 2522 Qui
926 2464 1085 2525 potest
1114 2469 1294 2522 capere
1325 2453 1647 2521 capiut;non
1676 2468 1756 2505 eos
1786 2451 1981 2503 dubitat
2002 2449 2165 2520 (Lege
2267 2460 2560 2522 "(ubi-iter,
2593 2460 2840 2511 instanter
2864 2456 3112 2517 educant,
3152 2452 3274 2521 quia
3300 2451 3441 2505 thori
3470 2447 3803 2519 [idemiidem

587 2547 797 2615 dubitet)
813 2546 965 2599 etiam
979 2561 1092 2597 cum
1109 2542 1297 2614 gaudio
1316 2552 1640 2612 suscepturus
1658 2543 1832 2610 fuisse,
1851 2540 1937 2608 qui
1950 2540 2165 2610 diligen-

2273 2558 2485 2615 servant,
2513 2549 2633 2616 quia
2664 2555 3035 2601 sacramentum
3065 2543 3301 2597 connubii
3325 2559 3435 2596 non
3462 2537 3682 2609 violant.]
3708 2538 3803 2592 Ilico

588 2648 659 2687 ter
688 2637 908 2688 intentus
934 2635 1053 2705 legit
1075 2634 1324 2703 quomodo
1346 2632 1644 2702 conjugibus
1675 2633 1961 2695 utebantur,
1985 2646 2099 2682 cum
2120 2636 2166 2683 et
2268 2641 2442 2693 omnia
2471 2638 2687 2692 maximi
2710 2651 2832 2692 esse
2850 2635 3105 2690 momenti
3133 2648 3290 2688 nemo
3316 2634 3545 2702 negarit,
3569 2646 3682 2687 cum
3710 2631 3800 2698 ipsa

588 2726 762 2793 plures
780 2723 1547 2793 habereunivirolicebat,quas
1564 2725 1750 2777 castius
1768 2722 2167 2791 habebat,quant
2269 2730 2542 2785 societatis
2582 2729 2829 2781 humanm
2852 2725 3190 2781 fundamenta
3230 2725 3562 2791 contineant,
3593 2735 3682 2777 nec
3716 2718 3804 2773 fieri

590 2830 722 2871 nunc
746 2832 894 2870 unam
917 2816 1123 2885 quilibet
1146 2814 1357 2869 talorum
1381 2816 1559 2885 quibus
1575 2816 1797 2868 videmus
1825 2814 1949 2884 quid
1975 2829 2162 2866 secun-

590 2912 711 2964 dum
739 2911 936 2962 veniam
968 2910 1207 2961 concedat
1234 2907 1553 2978 Apostolus.]
1576 2907 1791 2960 Multum
1816 2906 1868 2959 in
1893 2906 1994 2960 hoc
2014 2920 2161 2959 com-

590 3010 771 3058 mento
802 3001 902 3057 sibi
930 3001 1126 3070 placuit
1152 3001 1497 3067 Augustinus,
1528 3012 1647 3052 cum
1675 2996 1725 3050 id
1766 3011 1909 3064 saepe
1958 3006 2167 3063 repetat

590 3100 645 3147 ct
671 3091 1003 3145 conﬁdenter
1035 3089 1296 3157 proferat;
1329 3087 1449 3155 quia
1480 3086 1799 3139 inscrviebat
1836 3086 1905 3138 ad
1945 3100 2162 3154 compe-

2269 2827 2415 2876 recte
2461 2820 2671 2890 possint
2719 2817 2897 2872 omnia
2928 2817 3045 2871 sine
3083 2830 3292 2869 summa
3334 2818 3556 2870 virtute.
3604 2811 3803 2869 Pericula

2270 2916 2410 2967 enim
2439 2912 2606 2966 multa
2638 2911 2917 2964 imminent
2946 2908 3265 2978 coniugatis,
3313 2909 3501 2963 multa:
3529 2906 3804 2962 tentationcs

2268 3002 2602 3067 incumbunt,
2641 3015 2710 3055 ex
2762 2999 2956 3068 quibus
3002 3012 3141 3063 sese,
3194 3005 3252 3051 ut
3295 2997 3630 3052 Christianos
3665 2993 3801 3053 decet.

2268 3090 2523 3159 expedire
2551 3104 2764 3158 semper
2794 3103 2901 3142 non
2924 3096 3006 3144 est
3023 3087 3199 3143 facile.
3225 3087 3474 3142 Fcrenda
3497 3100 3635 3156 saepe
3660 3095 3803 3138 moro-

592 3179 825 3235 scendos
854 3178 1195 3241 Manichaeos,
1238 3176 1483 3230 homines
1529 3176 1803 3244 imperitos
1856 3189 1917 3228 ac
1964 3174 2156 3239 fatuos,
2189 3162 2235 3224 C
2265 3197 2320 3234 sa
2352 3181 2584 3247 ingenia,
2605 3179 2963 3233 resistendum
2986 3179 3163 3247 pravis
3181 3178 3428 3248 conjugis
3449 3174 3802 3247 cupiditatibus,

593 3269 686 3339 qui
720 3268 964 3323 solebant
1000 3266 1286 3321 detrahere
1314 3265 1543 3334 antiquis
1575 3265 1912 3335 patriarcltis,
1948 3272 2165 3332 propter

591 3359 969 3431 polygamiam.
995 3358 1152 3412 Plura
1181 3358 1344 3412 ctiam
1366 3370 1426 3410 ea
1451 3356 1517 3410 de
1548 3372 1606 3410 re
1636 3354 1795 3409 habet
1823 3356 1872 3408 in
1898 3356 2166 3420 sequenti-

590 3451 714 3507 bus.
739 3450 809 3505 At
840 3449 929 3519 qui
955 3449 1136 3519 legent
1160 3447 1322 3503 Vetus
1353 3447 1750 3503 Testamentum
1777 3448 1933 3517 paulo
1963 3446 2166 3501 studio-

594 3544 729 3609 sius,
758 3541 1181 3597 animadvcrtent
1210 3541 1361 3596 facile
1399 3541 1696 3610 priscorum
1740 3538 2191 3609 patriarcharum.

596 3645 805 3691 mtatem
849 3634 1012 3689 fuisse
1054 3636 1212 3689 veluti
1255 3648 1396 3689 verae
1448 3634 1719 3703 religionis
1766 3633 2057 3695 infantiam,
2112 3633 2163 3687 in

601 3743 702 3797 qua
734 3728 894 3782 ntulta
926 3728 1065 3781 Deus
1093 3725 1352 3780 tolerabat
1378 3741 1493 3792 qnze
1520 3739 1659 3778 nunc
1689 3724 1870 3778 adulta
1909 3724 2166 3792 religione

598 3820 825 3886 amplius
850 3831 953 3869 non
987 3818 1175 3879 ferret;
1217 3826 1269 3869 et
1293 3816 1344 3867 in
1374 3830 1473 3882 qua
1507 3814 1664 3868 tidem
1698 3825 2023 3881 czeterasttue
2062 3816 2170 3867 vir-

601 3921 619 3961 t
660 3921 740 3962 tos
764 3908 1041 3975 probabat,
1076 3922 1170 3971 pro
1201 3905 1357 3958 modo
1397 3905 1736 3959 rcvelationis
1767 3915 1819 3958 ut
1847 3914 2002 3974 captu
2030 3907 2167 3960 illius

600 3997 722 4050 sevi.
766 3996 846 4048 Illi
872 4011 1000 4063 ergo
1041 3996 1188 4049 l'ncre
1219 3995 1387 4047 instar
1417 4004 1732 4048 cmterorum
1769 3995 2028 4061 virorum,
2079 3997 2167 4063 qui

602 4100 707 4137 non
734 4092 936 4137 tantum
960 4084 1170 4152 prolem
1204 4084 1537 4153 quatrtbant,
1575 4084 1667 4137 scd
1715 4093 1768 4138 ct.
1815 4094 2004 4138 crrtcra
2053 4102 2172 4155 qua:

600 4178 654 4230 in
685 4175 929 4242 coniugio
960 4176 1125 4243 quaeri
1156 4178 1351 4241 solent,
1383 4190 1478 4227 nec
1518 4174 1821 4243 cogitabant
1847 4174 1913 4228 de
1956 4174 2020 4228 iis
2053 4191 2170 4242 quae

603 4267 755 4319 nobis
784 4274 962 4318 narrat
989 4265 1334 4333 Augustinus,
1368 4273 1419 4316 rt
1444 4278 1667 4332 quorum
1695 4263 1745 4316 in
1777 4262 1963 4316 Vetere
1990 4250 2174 4316 Testa-

604 4365 782 4410 mento
807 4370 903 4408 nec
917 4355 1055 4421 vola,
1075 4370 1168 4409 nec
1188 4356 1488 4423 Vestigium.
1510 4356 1798 4409 Dolendum
1824 4364 1905 4409 est
1923 4368 2043 4407 eum
2062 4368 2173 4421 pas-

603 4448 702 4501 sim
732 4460 835 4499 non
860 4445 998 4509 quod
1027 4446 1207 4497 virum
1239 4460 1356 4498 esse
1384 4459 1632 4499 accurato
1662 4444 1907 4499 examine
1928 4443 2171 4498 adhibito

2268 3271 2587 3326 occultanda
2614 3285 2677 3324 ac
2698 3269 2928 3324 molliter
2951 3268 3285 3324 emendanda
3311 3268 3508 3323 delicta
3544 3274 3632 3322 aut
3657 3263 3805 3331 conju-

2270 3376 2392 3431 gutn
2432 3370 2525 3416 aut
2569 3360 2894 3425 liberorum;
2947 3360 3087 3429 quod
3116 3374 3221 3414 non
3249 3368 3327 3414 est
3360 3360 3566 3430 exiguae
3600 3355 3803 3412 modera-

2270 3452 2448 3517 tionis,
2496 3452 2813 3506 constantia:
2848 3460 2904 3506 et
2949 3450 3269 3519 prudentiae.
3313 3448 3522 3504 Labore
3575 3440 3805 3518 quaerendi

2266 3555 2389 3601 sunt
2438 3545 2707 3613 plerisque
2761 3541 3231 3612 patribusiamilias
3259 3550 3527 3609 sumptus,
3556 3551 3683 3609 quos
3706 3548 3805 3602 sup-

2268 3638 2506 3709 peditent
2536 3637 2689 3693 uxori
2707 3648 2760 3692 ct
2782 3636 2990 3702 liberis;
3022 3636 3255 3706 gerenda
3277 3645 3359 3689 est
3388 3647 3574 3689 eorum
3602 3646 3737 3696 cura,
3760 3641 3809 3681 ne

2270 3731 2322 3783 in
2351 3729 2508 3782 nimia
2528 3735 2843 3797 paupertate
2861 3726 3030 3781 relicti
3058 3724 3443 3780 tentationibus
3469 3722 3810 3778 succumbant;

2270 3834 2387 3889 qua:
2417 3819 2534 3873 sine
2571 3817 2883 3886 cujusquam
2917 3814 3108 3882 injuria
3136 3813 3330 3879 facere,
3366 3820 3422 3865 et
3461 3825 3620 3881 sequo
3672 3809 3813 3863 animo

2270 3910 2518 3964 omnibus
2547 3907 2786 3962 honestis
2817 3905 3086 3960 laboribus
3115 3903 3350 3972 defungi,
3371 3908 3459 3954 est
3486 3916 3620 3956 sane
3647 3899 3815 3957 boniac

2273 3999 2546 4070 prudentis
2576 3998 2694 4051 viri.
2727 3996 2867 4051 Inter
2893 3996 3006 4048 hinc
3031 3994 3233 4059 omnia,
3257 3991 3425 4047 divini
3454 3990 3634 4045 cnltus
3652 4004 3815 4046 inemo

2275 4104 2387 4144 rem
2420 4104 2560 4157 esse,
2589 4096 2644 4142 et
2682 4086 2748 4141 ad
2780 4087 2943 4140 Deum
2971 4083 3151 4138 omnia
3174 4082 3394 4146 referre,
3429 4083 3651 4152 suisque
3674 4093 3816 4137 exem-

2278 4181 2420 4248 plum
2440 4179 2714 4249 religionis
2741 4192 2881 4242 csse,
2910 4184 2993 4230 est
3021 4174 3251 4229 hominis
3277 4187 3407 4228 vere
3437 4174 3607 4228 sancti
3637 4188 3696 4227 ac
3722 4168 3816 4224 reli-

2276 4274 2432 4340 giusi.
2464 4274 2535 4325 At
2563 4271 2653 4339 qui
2680 4269 2921 4323 catlibetu
2949 4267 3110 4321 vitam
3132 4272 3296 4334 agunt
3320 4264 3521 4318 nullius
3547 4277 3722 4317 curam
3746 4272 3817 4326 ge-

2280 4374 2404 4420 runt
2435 4365 2534 4418 nisi
2567 4365 2671 4428 sui,
2719 4377 2819 4417 nec
2853 4362 3092 4430 indigent
3131 4366 3275 4412 tanta
3304 4357 3499 4412 \irtute
3518 4356 3583 4410 ad
3610 4369 3665 4410 se
3701 4350 3815 4407 solos

2280 4454 2677 4519 snstcntandos,
2701 4462 2755 4507 et
2786 4454 2918 4506 viam
2952 4451 3167 4504 virtutis
3186 4448 3517 4513 calcandam,
3548 4461 3661 4517 qua:
3681 4441 3815 4497 multo

605 4546 959 4607 comite-“eral.
983 4536 1075 4590 Sed
1104 4536 1243 4604 quod
1274 4536 1586 4603 cxped'eltat
1612 4535 1734 4598 dici,
1759 4545 1813 4589 et
1844 4535 2172 4609 ῥητορικωτέ·
2207 4513 2258 4573 D
2286 4545 2583 4599 minoribus
2605 4542 2855 4611 periculis
2876 4542 3048 4596 cincta
3077 4549 3178 4594 est.
3212 4539 3404 4609 Atqui,
3440 4513 3668 4608 inquies,
3697 4530 3813 4587 czcli-

605 4653 704 4703 po);
753 4630 890 4699 apud
933 4628 1237 4697 imperitum
1297 4628 1481 4696 vulgus
1523 4638 1728 4697 poterat
1778 4627 1992 4680 tractari
2044 4641 2172 4695 pro-

604 4725 810 4778 tulisse.
1465 4791 1469 4794 _

676 4813 781 4865 Sed
829 4826 930 4865 non
979 4817 1154 4879 potest
1178 4823 1286 4863 non
1341 4806 1543 4861 laudari
1571 4806 1711 4876 quod
1756 4805 1913 4860 habet
1936 4820 2055 4874 cap.
2080 4806 2171 4870 ‘25,

608 4901 747 4971 εει).
785 4902 956 4973 Majas
987 4914 1058 4956 est
1103 4902 1286 4956 bonum
1323 4901 1616 4955 obedientiw
1643 4917 1797 4969 quam
1826 4900 2173 4953 continentur.

608 4989 748 5042 Nam
770 4994 1071 5044 ronnubium
1094 5008 1340 5062 nusquam
1358 5003 1647 5045 nostrarum
1675 4991 2173 5059 Scripturarumau-

607 5083 841 5133 claritate
862 5080 1155 5146 damna!ur,
1185 5083 1520 5136 inobedientia
1544 5098 1658 5135 vero
1689 5097 1937 5151 nusquam
1960 5079 2178 5133 absolvi-

609 5183 708 5224 tur.
737 5170 888 5225 L'ndc
917 5171 1105 5225 merito
1125 5173 1383 5241 colligitsi
1403 5175 1677 5243 coniugata
1700 5172 1977 5240 praeceptis
2005 5171 2178 5225 Evan-

608 5264 729 5331 telii
760 5261 967 5317 ﬁdelius
990 5274 1169 5330 parcat
1199 5279 1356 5332 quam
1396 5266 1564 5334 virgo,
1594 5265 1869 5318 meliorem
1899 5278 2039 5317 esse.
2072 5263 2179 5318 Sed

545 5353 551 5359 ’
610 5364 813 5423 censet,
870 5353 1081 5409 caeteris
1140 5355 1386 5409 omnibus
1450 5357 1687 5424 paribus,
1754 5354 2176 5424 praestantiorem

534 5490 538 5495 .
610 5465 731 5505 csse
747 5449 1002 5518 virginem
1019 5459 1173 5515 quam
1192 5455 1431 5515 nuptam;
1456 5446 1593 5514 quod
1613 5461 1716 5499 non
1735 5445 1805 5501 ita
1819 5447 2043 5511 videtur,
2063 5444 2182 5499 nam

612 5557 710 5596 usu
738 5541 966 5609 coniugii
989 5538 1230 5593 homines
1252 5538 1567 5607 ingratiorcs
1588 5538 1694 5593 Deo
1725 5554 1828 5592 non
1862 5538 2063 5600 liunt,si
2084 5552 2187 5591 ca:-

616 5632 819 5696 tcroqui
848 5630 1165 5698 reliquorum
1187 5628 1455 5697 Evangelii
1481 5638 1863 5698 praeceptorum
1894 5630 2181 5684 observan-

615 5724 694 5772 tes
708 5717 832 5785 sint,
847 5733 1003 5786 quiaut
1017 5734 1112 5773 usu
1128 5718 1364 5774 ciborum
1380 5720 1513 5776 bene
1525 5722 1878 5795 conditorum,
1897 5733 1985 5781 aut
1999 5736 2187 5797 sponte

2286 4637 2380 4690 bes
2409 4643 2663 4703 spernunt
2690 4634 3015 4699 voluptatem
3047 4631 3303 4702 coniugii,
3335 4646 3437 4701 qua
3470 4632 3523 4685 in
3556 4645 3612 4684 re
3657 4635 3815 4693 magno

2285 4728 2465 4781 animo
2485 4739 2617 4795 opus
2641 4733 2741 4778 est.
2780 4724 2973 4779 Verum
3014 4724 3057 4778 si
3091 4737 3153 4776 ea
3178 4725 3281 4776 sint
3308 4722 3686 4791 temperatione
3725 4725 3818 4768 cor-

2286 4818 2434 4886 poris
2464 4824 2519 4869 ut
2548 4815 2852 4883 coniugium
2884 4827 2988 4867 non
3025 4813 3230 4881 possint
3262 4828 3367 4865 non
3417 4819 3679 4881 appetere,
3708 4802 3817 4856 male

2287 4905 2487 4960 faciunt
2526 4906 2617 4973 qui
2667 4903 2735 4956 ab
2761 4917 2826 4957 eo
2857 4903 3156 4964 abstinent;
3192 4916 3310 4954 nam
3345 4900 3526 4954 melius
3570 4906 3637 4951 est
3670 4891 3819 4947 nubere

2280 5013 2432 5066 quam
2456 4996 2557 5049 uri.
2599 4993 2748 5061 Quod
2777 4994 2823 5047 si
2856 5002 3042 5046 natura
3072 4991 3380 5061 frigidiores
3410 4991 3559 5046 nullo
3592 4976 3817 5055 ejusmodi

2281 5076 2519 5157 appetitu
2552 5092 2839 5147 tentantur,
2873 5084 3068 5151 exigua
3106 5097 3234 5136 sane
3264 5071 3549 5138 virtus‘est
3567 5080 3631 5135 ah
3653 5091 3710 5132 eo
3745 5072 3820 5124 ab-

2282 5180 2485 5233 stincre
2514 5174 2653 5243 quod
2684 5174 2907 5228 minime
2936 5174 3143 5242 cupias.
3172 5173 3298 5227 Scio
3324 5173 3492 5241 obiici
3522 5169 3672 5225 verba
3697 5158 3817 5216 Pauli

2285 5269 2303 5322 Ι
2333 5270 2460 5323 Cor.
2494 5282 2564 5321 vn
2585 5306 2598 5330 ,
2629 5266 2697 5320 52
2716 5274 2774 5320 et
2800 5280 2976 5334 seqq.,
3019 5264 3109 5319 ubi
3154 5264 3310 5320 docet
3331 5264 3636 5331 coniugatos
3663 5252 3819 5309 anxios

2286 5374 2407 5416 esse
2423 5358 2690 5429 quomodo
2713 5358 2818 5412 sibi
2847 5358 3073 5412 invicem
3102 5354 3374 5424 placeant,
3393 5354 3564 5422 deque
3585 5348 3727 5404 rebus
3743 5342 3819 5395 htt-

2283 5453 2371 5521 ins
2401 5449 2618 5514 mundi;
2655 5449 2870 5504 caelibes
2898 5462 3023 5502 vero
3062 5447 3302 5514 cogitare
3327 5460 3448 5515 qua:
3473 5439 3673 5498 Domini
3698 5439 3816 5488 sunt.

2289 5542 2392 5598 Sed
2426 5541 2538 5595 haec
2561 5556 2665 5594 non
2690 5541 2901 5594 obstant
2922 5540 3203 5608 quominus
3226 5537 3435 5592 facilius
3457 5537 3527 5590 sit
3548 5548 3607 5588 ac
3629 5523 3819 5599 proinde

2290 5634 2516 5690 minoris
2548 5632 2765 5687 virtutis
2812 5633 2865 5687 in
2892 5631 3081 5685 caelibe
3110 5631 3213 5685 vita
3244 5645 3359 5699 qua:
3387 5636 3509 5683 sunt
3531 5621 3723 5680 Domini
3746 5630 3817 5669 co-

2291 5731 2480 5801 gitare,
2504 5741 2661 5798 quam
2688 5722 2741 5781 in
2772 5724 3052 5796 coniugata
3108 5726 3161 5779 in
3190 5741 3288 5796 qua
3323 5723 3504 5779 multis
3532 5707 3817 5775 nctessariis
