3900 6314
100 320 183 380 629

772 325 1115 384 VARIORUM
1155 328 1751 387 EXERCITATIONES
1790 333 1856 388 IN
1894 334 1950 390 S.
1997 333 2376 392 AUGUSTINI
2413 336 2670 394 OPERA.

3237 344 3345 401 “0

94 439 224 494 curis
244 437 496 495 homines
516 438 912 508 distrahuntur;
935 443 1001 497 ad
1019 458 1145 513 quas
1160 459 1314 500 curas
1331 447 1401 500 ita
1418 447 1654 501 animum
1682 455 1733 516 Α
1761 450 1943 504 nanda:
1963 450 2286 517 iudicantur,
2309 451 2398 503 sed
2420 451 2696 504 damnatur
2718 453 2980 521 propositi
3007 454 3174 523 fraus,
3205 457 3346 512 dam-

91 529 370 599 appellere,
391 539 454 584 ut
475 545 693 601 semper
711 533 777 587 de
812 536 1094 602 praeceptis
1125 535 1396 604 Evangelii
1426 537 1657 607 cogites,

89 620 445 679 nechabitum
491 636 556 676 ea
587 623 950 693 perfringendi
994 624 1160 679 ullum
1192 627 1505 691 contrahas,
1553 643 1659 682 non

89 720 170 768 est
195 712 428 781 vulgaris
446 713 772 767 sanctitatis.
802 713 998 768 Paulus
1021 712 1182 770 habet
1207 717 1337 786 quid
1367 717 1525 785 vulgo
1565 717 1662 770 ﬁat

89 816 115 855 a
142 798 463 868 conjugatis,
492 815 598 856 non
620 801 745 870 quid
763 801 878 858 ﬁeri
906 802 1124 870 debeat;
1147 813 1202 860 et
1219 807 1334 862 vice
1349 821 1503 862 versa
1525 807 1656 876 quid

92 891 198 946 fieri
227 891 421 946 debeat
455 905 486 945 a
513 892 820 958 czelibibus,
853 902 908 949 et
945 895 1101 951 facile
1132 897 1292 951 etiam
1322 898 1436 954 ﬁeri
1470 900 1662 968 possit,

91 997 190 1037 non
218 981 347 1052 quid
391 996 579 1037 revera
610 984 720 1037 ﬁat.
765 983 1055 1040 Ctelibatus
1093 986 1297 1057 alioqui
1329 1004 1433 1044 non
1465 1000 1549 1045 est
1576 1005 1666 1045 res

94 1089 202 1143 qua:
228 1088 326 1144 per
355 1087 415 1129 se
445 1075 614 1144 magis
637 1075 843 1143 placeat
874 1076 982 1130 Deo
1021 1092 1181 1146 quam
1222 1080 1622 1136 matrimonium
1649 1098 1665 1146 ;

95 1164 176 1220 sed
211 1165 259 1219 is
304 1164 520 1219 demum
550 1165 602 1219 ei
633 1166 857 1234 gratior,
907 1165 962 1221 in
993 1167 1252 1223 alterutro
1281 1170 1350 1223 sit
1375 1177 1540 1239 statu,
1580 1172 1668 1240 qui

97 1263 468 1324 praeceptorum
501 1254 619 1320 ejus
654 1263 737 1310 est
765 1255 1160 1312 observantior.
1194 1257 1267 1312 Ea
1295 1269 1473 1314 autem
1503 1261 1669 1315 inter-

97 1343 206 1396 dum
238 1343 484 1397 incidunt
515 1353 752 1412 tempora
783 1344 975 1413 quibus
1003 1355 1220 1414 praestat
1253 1349 1423 1403 vitare
1453 1364 1660 1405 connu-

97 1433 228 1486 bium
260 1447 420 1502 quam
449 1446 514 1487 eo
543 1433 820 1503 illaqueari
853 1449 869 1486 :
901 1434 1080 1503 qualia
1107 1445 1231 1490 sunt
1261 1445 1502 1507 tempora
1540 1453 1666 1507 gra-

99 1522 233 1576 vium
277 1524 732 1592 persecutionum,
763 1533 822 1578 ut
867 1534 998 1580 tetas
1026 1528 1339 1595 apostolica.
1373 1530 1548 1597 Atque
1599 1544 1684 1608 eo.

94 1615 243 1669 etiam
257 1615 477 1684 respicit
499 1615 694 1676 Paulus
708 1629 847 1670 vers.
867 1615 935 1670 26
957 1617 1196 1685 ejusdem
1212 1620 1425 1688 capitis,
1447 1620 1535 1674 ubi
1555 1635 1675 1688 pro-

95 1707 262 1760 ﬁtetur
286 1720 344 1760 se
368 1706 438 1759 ita
462 1705 607 1775 loqui
639 1715 857 1775 propter
886 1707 1154 1761 instantem
1175 1711 1546 1764 necessitatem.
1568 1709 1671 1779 Qui

1765 549 1918 593 natur
1936 540 2098 608 fracta
2125 541 2228 593 voti
2255 540 2405 609 ﬁdes,
2433 549 2540 595 etc.
2573 540 2682 597 Sed
2709 551 2832 598 ante
2847 544 3024 598 omnia
3048 544 3346 601 observan-

1764 631 1890 684 dum
1915 629 2135 684 Paulum
2165 644 2328 700 agere
2377 647 2482 686 non
2507 631 2574 686 de
2593 632 2871 701 quibusvis
2898 632 3097 702 viduis,
3149 636 3247 690 sed
3276 637 3346 691 de

1767 720 1831 775 iis
1887 721 2101 776 domum
2159 736 2294 790 quas
2325 721 2500 777 Graeci
2545 723 2876 778 diaconissas
2897 726 3192 790 vocabant;
3223 742 3347 796 qua:

1768 813 1932 867 variis
1981 813 2165 868 usibus
2196 814 2572 870 ecclesiasticis
2616 815 3030 884 adhibebantur,
3061 817 3347 874 oblationi-

1768 903 1972 972 busque
1987 901 2241 958 Ecclesia:
2263 904 2559 960 alebantur.
2585 904 2884 975 Optandum
2908 915 3022 960 erat
3043 905 3139 961 has
3161 917 3348 976 postea

1769 1008 1877 1046 non
1908 993 2128 1058 nubere,
2175 995 2356 1049 multis
2378 995 2446 1050 de
2483 1001 2681 1062 causis,
2721 1008 2774 1052 et
2804 1000 3098 1066 praesertim
3129 999 3346 1069 quidem

1769 1083 1890 1151 quia
1937 1097 2042 1136 non
2069 1092 2185 1136 erat
2215 1085 2554 1139 commodum
2587 1086 2838 1142 Ecclesia:
2860 1088 3088 1143 subinde
3116 1090 3346 1144 aliarum

1771 1184 1930 1243 atque
1957 1176 2186 1229 aliarum
2235 1177 2534 1232 ministerio
2569 1180 2677 1244 uti;
2708 1179 3108 1250 timendumque
3135 1190 3251 1235 erat
3279 1195 3348 1234 ne

1771 1267 1818 1318 si
1852 1265 2112 1320 nuberent
2134 1267 2384 1332 ethnicis,
2415 1270 2589 1337 qualia
2611 1272 2730 1325 sine
2756 1271 2919 1326 dubio
2958 1272 3123 1326 multa
3150 1273 3349 1328 ﬁebant

1772 1366 1898 1411 tunc
1931 1359 2183 1426 temporis
2228 1361 2592 1426 matrimonia,
2625 1372 2843 1418 noceret
2887 1363 2988 1418 hoc
3008 1364 3345 1420 Christianis.

1773 1450 1946 1519 Atque
1989 1450 2087 1506 h'oc
2157 1455 2378 1508 omnino
2425 1456 2727 1524 signiﬁcare
2791 1458 2999 1513 videtur
3064 1461 3351 1528 Apostolus

1774 1539 1919 1594 hisce
1964 1541 2139 1596 verbis
2168 1541 2352 1597 lTim.
2384 1559 2438 1610 ν,
2473 1562 2527 1612 It,
2573 1547 2690 1601 ὅταν
2719 1551 2818 1621 γὰρ
2864 1554 3352 1625 καταστρηνιάσωσι

1772 1639 1864 1685 τοῦ
1891 1639 2133 1706 Χριστοῦ,
2160 1642 2335 1704 γαμεῖν
2371 1637 2590 1700 Θέλουσι,
2621 1637 2719 1690 hoc
2739 1646 2842 1702 est,
2867 1653 2981 1690 cum
3012 1641 3144 1692 enim
3169 1641 3352 1694 immo-

1775 1722 1966 1774 destius
2011 1739 2065 1776 se
2103 1732 2279 1776 contra
2309 1723 2567 1778 Christum
2600 1737 2876 1796 gesserunt,
2926 1729 3108 1783 nubere
3153 1731 3348 1785 uolunt.

94 1795 192 1850 lucc
218 1796 384 1864 probe
405 1796 720 1865 expenderit
740 1812 846 1851 non
871 1798 1096 1852 multum
1120 1800 1417 1854 movebitur
1440 1799 1666 1854 rhetori-

1781 1808 2044 1864 Sentcntia
2070 1821 2173 1879 est,
2213 1811 2258 1866 si
2292 1814 2416 1882 quid
2452 1795 2818 1870 commiserint
2847 1818 2986 1886 quod
3024 1817 3353 1875 Christianas

94 1886 160 1941 tis
185 1887 518 1956 argumentis
545 1901 663 1955 quae
689 1887 742 1940 in
791 1886 891 1942 hoc
920 1887 1053 1942 libro
1077 1888 1328 1958 deinceps
1353 1899 1666 1959 sequuntur.

363 1994 706 2051 DESIDERII
749 1995 1006 2052 ERASMI
1068 1996 1389 2054 CENSURA

429 2089 490 2140 is
517 2101 712 2141 Ltsnuu
737 2101 805 2140 ne
827 2101 964 2142 sono
993 2102 1318 2143 VIDUITATIS.

153 2180 287 2234 Mira
309 2178 564 2234 dictionis
589 2177 902 2245 facilitas,et
925 2180 1127 2234 candor
1151 2179 1386 2234 clamitat
1412 2194 1519 2234 non
1548 2194 1669 2235 esse

93 2269 398 2339 Augustini.
446 2268 729 2323 Probabile
756 2278 839 2323 est
888 2283 1010 2324 esse
1056 2269 1279 2334 Juliani,
1311 2270 1462 2339 cujus
1497 2278 1672 2325 exstat

91 2362 310 2430 epistola
342 2360 408 2416 ad
434 2347 830 2416 Demetriadem
857 2360 926 2414 de
958 2361 1294 2430 Virginitate.
1319 2362 1451 2415 Nam
1481 2371 1534 2416 et
1551 2376 1671 2415 ora-

92 2455 250 2509 tionis
276 2455 422 2508 ﬁlum
452 2455 716 2523 congruit,
751 2462 804 2508 ct
843 2453 934 2508 hic
956 2453 1037 2508 bis
1066 2454 1196 2508 citat
1247 2469 1368 2509 eum
1402 2454 1665 2508 libellum.

95 2545 231 2598 Sunt
263 2553 440 2598 tamen
466 2543 710 2612 quaedam
733 2544 800 2596 de
831 2541 1001 2596 libero
1029 2542 1251 2597 arbitrio
1272 2558 1390 2611 qua:
1418 2542 1669 2597 videntur

89 2634 158 2687 ab
189 2634 306 2688 alio
337 2644 593 2689 correcta.
623 2633 774 2688 Adde
804 2633 945 2702 quod
983 2634 1170 2688 titulus
1196 2634 1558 2690 alienissimus
1599 2635 1672 2688 sit

91 2725 156 2777 ab
179 2725 471 2793 Augustini
495 2725 908 2780 consuetudine.
943 2725 1096 2778 llunc
1124 2724 1335 2778 afﬁnxit
1365 2725 1585 2793 aliquis,
1615 2732 1674 2777 ut

89 2817 407 2886 opusculum
429 2818 665 2887 alioquin
689 2819 832 2886 pium
859 2817 1097 2887 gratioso
1121 2817 1323 2870 nomini
1348 2816 1669 2883 vindicaret.

91 2910 195 2964 Sed
226 2910 290 2962 de
309 2909 407 2962 hac
432 2924 645 2962 censura
668 2909 780 2961 uide
801 2908 1200 2961 admonitionem
1241 2907 1493 2960 editorum
1523 2905 1668 2960 Pari-

91 3001 336 3055 siensium
358 3000 479 3054 huic
503 3001 633 3054 libro
652 3001 939 3070 prteﬁrcam.
966 2999 1248 3070 (PHEBEP.)

559 3088 1116 3144 ANIMADVERSION
1126 3089 1204 3144 ES

615 3193 666 3233 IN
693 3194 910 3232 Εωωειι
945 3194 1157 3234 LIBRUM.
1701 3158 1749 3224 c

160 3269 291 3340 Cap.
327 3269 382 3337 9,
423 3269 451 3340 §
482 3269 570 3324 i2.
598 3269 666 3324 In
701 3272 960 3343 conjugali
993 3271 1179 3340 quippe
1206 3271 1430 3334 vinculo,
1456 3271 1502 3323 si
1525 3270 1676 3340 pudi-

96 3360 208 3413 citia
226 3369 570 3425 conservetur,
601 3359 862 3413 damnatio
889 3375 989 3413 non
1016 3362 1259 3426 timetur;
1284 3365 1373 3414 sed
1401 3363 1455 3414 in
1484 3361 1678 3413 viduali

97 3461 138 3503 et
154 3453 394 3521 virginali
418 3453 752 3518 continentia,
773 3503 781 3520 ,
799 3454 1096 3506 excellentia
1148 3454 1366 3506 muneris
1410 3454 1677 3522 amplioris

106 3549 393 3612 expetitur;
421 3561 524 3614 qua
551 3547 771 3613 expetita
798 3555 844 3599 et
865 3545 1041 3612 electa,
1074 3556 1120 3600 et
1161 3547 1259 3598 voti
1290 3545 1456 3599 debito
1485 3547 1674 3611 oblata,

100 3635 201 3702 iam
230 3650 336 3687 non
362 3637 528 3688 solum
553 3651 812 3703 capessere
841 3638 1068 3704 nuptias,
1099 3635 1186 3688 sed
1213 3636 1415 3688 etiamsi
1454 3651 1552 3688 non
1583 3651 1678 3687 nu-

101 3725 264 3791 batur,
295 3725 488 3779 nubere
510 3725 635 3779 uelle
663 3726 956 3779 damnabile
984 3725 1103 3798 est.]
1137 3727 1272 3780 Ante
1294 3727 1471 3779 omnia
1498 3736 1678 3780 osten-

104 3815 332 3870 dendum
373 3817 565 3870 fuisset
612 3816 779 3872 Deum
820 3817 1017 3871 alicubi
1053 3818 1102 3870 in
1149 3816 1295 3872 Novo
1331 3817 1678 3871 Testamento

107 3908 430 3975 signiﬁcasse
457 3909 561 3963 sibi
591 3918 809 3978 accepta
838 3922 958 3964 esse
999 3909 1124 3962 talia
1155 3918 1304 3973 vota;
1329 3908 1469 3977 quod
1496 3909 1677 3977 profe-

108 4006 187 4050 cto
230 3999 367 4052 mihi
407 4014 516 4053 non
553 4008 798 4063 constat;
830 4000 940 4053 imo
988 4014 1116 4053 vero
1158 3999 1291 4053 nihil
1323 4000 1427 4053 tale
1458 4014 1680 4067 usquam

112 4085 286 4142 haberi
334 4091 467 4142 satis
498 4089 627 4142 mihi
655 4097 884 4144 constat.
921 4088 1122 4143 Deinde
1151 4088 1232 4143 fac
1267 4089 1392 4142 talia
1423 4099 1542 4143 vota
1572 4090 1682 4144 Deo

111 4188 317 4248 accepta
372 4193 518 4245 esse,
558 4194 619 4234 ea
647 4180 863 4234 demum
907 4189 1126 4248 accepta
1155 4189 1312 4232 erunt
1337 4194 1456 4248 qua:
1489 4178 1615 4233 ﬁent
1652 4195 1683 4234 a

113 4269 415 4324 mulieribus
436 4286 555 4340 qua:
577 4286 686 4325 sua:
718 4272 1118 4339 temperationis
1139 4271 1241 4325 sibi
1270 4271 1436 4339 probe
1456 4268 1683 4324 CunSCiIB

117 4356 162 4410 id
205 4359 523 4426 pollicentur
545 4362 683 4430 quod
717 4371 973 4430 prtestare
1003 4370 1246 4430 possunt,
1280 4376 1385 4415 non
1416 4362 1555 4429 quod
1588 4376 1684 4414 ne-

117 4461 305 4514 queunt
331 4460 608 4518 praestare.
633 4451 764 4506 Nam
785 4452 833 4506 si
867 4452 1150 4520 juvencula
1194 4452 1455 4520 qumpiam
1498 4451 1678 4515 vidua,

121 4535 372 4594 desiderio
393 4556 564 4612 nuper
587 4541 772 4596 amissi
802 4519 898 4596 viri
924 4542 1187 4606 confecta,
1212 4519 1267 4596 et
1296 4519 1404 4610 prae
1430 4541 1685 4596 maestitia
1715 4519 1765 4580 Ῑ)

123 4646 216 4686 non
254 4637 384 4690 satis
413 4636 495 4690 sui
539 4649 758 4705 compos
792 4645 985 4691 voveat
1007 4646 1319 4704 perpetuam
1352 4634 1687 4699 viduitatem,

123 4737 288 4791 quam,
311 4728 496 4782 sedato
525 4730 687 4795 luctu,
713 4728 976 4797 intelligat
999 4743 1058 4782 se
1079 4729 1309 4796 amplius
1337 4743 1556 4782 servare
1582 4743 1686 4782 non

129 4827 301 4881 posse;
353 4832 422 4874 an
471 4818 736 4887 ejusmodi
768 4819 1107 4874 temerarium
1134 4828 1316 4872 votum
1344 4827 1550 4886 gratum
1581 4819 1690 4873 Deo

129 4908 237 4962 erit!
249 4911 361 4964 Non
377 4921 525 4980 puto.
539 4913 718 4981 Itaque
732 4923 978 4982 superest
993 4921 1052 4966 ut
1067 4913 1276 4967 veniam
1291 4927 1318 4966 a
1336 4913 1444 4967 Deo
1462 4924 1603 4982 petat
1619 4901 1713 4969 te-i

129 5000 320 5054 merarii
341 5002 470 5067 voti,
491 5010 546 5056 et
569 5011 773 5056 castum
797 5003 941 5057 ineat
960 5002 1305 5069 connubium,
1327 5002 1502 5070 potius
1528 5019 1685 5071 quam

129 5099 288 5143 coacta
316 5100 497 5146 votum
544 5093 886 5147 temerarium
914 5106 1151 5159 servare,
1191 5093 1242 5145 in
1273 5099 1530 5160 perpetuo
1569 5105 1688 5145 ver-

129 5188 256 5235 setur
281 5183 538 5250 periculo,
579 5193 632 5237 et
653 5194 839 5237 uratur
865 5184 1066 5238 interea
1088 5182 1213 5236 dum
1236 5183 1406 5235 virum
1428 5192 1576 5235 nacta
1595 5183 1683 5235 sit.

186 5271 284 5328 Sed
316 5274 644 5343 Augustinus
665 5273 985 5329 auctoritate
1015 5273 1256 5338 Apostoli
1287 5273 1426 5327 hanc
1472 5272 1524 5326 in
1568 5287 1681 5326 rem

128 5362 270 5417 utitur
301 5381 316 5420 :
353 5364 512 5430 Nam,
546 5373 601 5418 ut
638 5365 732 5417 hoc
774 5363 1080 5418 demonstret
1131 5364 1424 5432 Apostolus,
1451 5378 1552 5416 non
1573 5364 1644 5416 ait
1665 5381 1685 5418 :

122 5451 242 5510 Cum
273 5458 326 5512 in
352 5457 562 5512 deliciis
592 5455 816 5526 egerint,
848 5457 901 5510 in
930 5455 1146 5509 Christo
1173 5456 1389 5519 nubunt,
1413 5457 1500 5509 sed
1528 5472 1546 5510 :
1575 5456 1684 5510 Nu-

119 5548 241 5604 bere
268 5550 478 5612 veluut;
515 5547 789 5612 habentes,
810 5547 993 5612 inquit,
1008 5546 1422 5612 damnationem,
1437 5550 1685 5617 quoniam

113 5640 330 5711 primam
388 5641 545 5696 ﬁdem
588 5641 790 5694 irritam
847 5638 1119 5700 fecerunt;
1170 5648 1216 5691 et
1263 5639 1307 5691 si
1349 5654 1447 5692 non
1497 5641 1687 5693 nuben-

107 5739 200 5804 do,
232 5745 426 5790 tantum
451 5731 687 5805 valendo,
713 5732 835 5804 quia
855 5734 981 5802 ipse:
1001 5735 1192 5807 nuptiae
1220 5733 1296 5791 vel
1322 5732 1499 5788 talium
1537 5733 1685 5791 dant-

1773 1898 1963 1952 viduas
2001 1900 2292 1966 dedeceat,
2347 1913 2734 1974 proptereaque
2777 1910 3124 1979 castigentur,
3167 1912 3354 1966 volunt

1772 1991 1995 2057 nubere,
2020 1990 2381 2062 Ecclesiteque
2409 1997 2735 2052 valedicunt.
2767 1999 2916 2064 Quod
2943 2002 3091 2056 addit
3119 2004 3351 2072 Aposto-

1772 2080 1853 2133 lus
1866 2081 2052 2136 codem
2078 2085 2308 2150 pertinet
2329 2103 2339 2137 :
2362 2087 2596 2140 habentes
2620 2090 2994 2145 damnationem
3004 2095 3124 2163 quia
3138 2097 3355 2165 primam

1771 2171 1924 2238 [idem
1965 2172 2165 2226 irritam
2195 2175 2444 2243 fecerunt.
2475 2178 2845 2248 Intelliguntur
2868 2185 3024 2253 vulgo
3055 2185 3168 2240 hmo
3193 2189 3354 2242 verba

1770 2261 1838 2316 de
1867 2261 1966 2316 ﬁde
1988 2264 2108 2318 data
2146 2265 2422 2334 Ecclesiae,
2445 2270 2530 2323 cui
2563 2275 2922 2339 promiserant
2952 2291 3011 2332 sc
3041 2278 3265 2346 posthac
3292 2295 3356 2334 ea

1771 2364 2051 2411 curaturas
2071 2373 2189 2426 qum
2214 2358 2280 2412 iis
2300 2362 2803 2430 committebantur;
2833 2367 2925 2421 sed
2957 2371 3137 2424 nescio
3159 2386 3225 2425 an
3249 2387 3356 2427 non

1770 2445 1838 2498 de
1861 2447 1974 2514 ipsa
2002 2446 2107 2501 ﬁde
2135 2447 2438 2527 Christiana
2463 2451 2569 2505 sint
2601 2454 3137 2526 iutelligenda,quam
3153 2461 3358 2519 irritam

1771 2537 2008 2590 facerent
2064 2538 2313 2592 nubendo
2343 2541 2594 2606 ethnicis,
2646 2560 2869 2612 quorum
2921 2549 3235 2618 religionem
3266 2566 3358 2605 se-

1771 2625 2091 2692 quebantur.
2128 2627 2284 2681 Certe
2320 2629 2420 2683 hoc
2450 2645 2554 2684 non
2601 2634 2886 2700 signiﬁcari
2919 2638 3060 2690 nulla
3095 2649 3177 2692 sat
3205 2641 3356 2695 ﬁrma

1775 2717 1982 2769 ratione
2011 2720 2219 2772 ostendi
2248 2729 2444 2787 potest.
2478 2721 2600 2775 Scio
2628 2725 2695 2777 ab
2750 2726 3051 2793 Augustino
3083 2731 3241 2785 aliter
3278 2734 3361 2785 in-

1777 2807 2016 2876 terpuugi
2049 2808 2189 2863 hunc
2218 2811 2415 2875 locum,
2448 2811 2550 2867 hoc
2579 2815 2738 2869 modo
2764 2833 2776 2867 :
2798 2832 2914 2869 cum
2935 2819 3069 2872 enim
3088 2821 3141 2872 in
3164 2822 3362 2876 deliciis

1775 2898 1986 2965 egerint,
2015 2899 2064 2950 in
2087 2897 2288 2953 Christo
2323 2903 2509 2955 nubere
2538 2906 2742 2970 volunt;
2770 2906 2862 2960 sed
2883 2906 2992 2975 jam
3021 2923 3178 2962 nemo
3205 2913 3364 2978 paulo

1776 2988 1981 3042 doctior
2009 2988 2215 3044 dubitet
2255 3006 2320 3044 an
2362 2991 2836 3060 interpungendum
2863 2996 2934 3049 sit
2963 3005 3020 3050 ut
3045 3005 3200 3052 antea
3232 2998 3362 3053 feci-

1779 3096 1923 3146 mus;
1939 3096 2058 3136 nam
2077 3081 2144 3135 ita
2161 3085 2460 3138 necessario
2474 3083 2672 3140 Grrccae
2688 3087 2944 3155 phraseos
2958 3090 3092 3145 ratio
3107 3091 3359 3162 postulat.

2252 3173 2893 3233 ANIMADVERSIONES

2063 3277 2114 3317 IN
2141 3279 2320 3319 LIBROS
2348 3281 2411 3318 DE
2428 3281 2687 3322 CONJUGIIS
2711 3285 3078 3326 ADULTIMNIS.

1851 3352 1983 3422 Cap.
2016 3355 2064 3408 l.
2094 3355 2256 3411 LIBRO
2278 3373 2314 3418 ι,
2349 3355 2375 3425 §
2403 3356 2452 3409 l.
2488 3357 2665 3411 Prima
2689 3364 2902 3428 qua’stio
2937 3366 3268 3431 est.....quod
3292 3367 3366 3419 ait

1781 3442 2053 3512 Apostolus
2098 3445 2138 3512 (1
2171 3444 2297 3498 Cur.
2323 3461 2413 3510 vtt,
2455 3447 2516 3500 l0
2548 3457 2605 3502 et
2631 3449 2717 3517 ll)
2747 3466 2759 3500 :
2794 3451 2884 3502 llis
2912 3461 3089 3504 autem
3121 3453 3210 3521 qui
3239 3464 3367 3507 sunt

1782 3533 1836 3585 in
1866 3532 2114 3600 c0ujugio
2145 3535 2414 3601 praecipio,
2446 3551 2548 3588 non
2583 3551 2703 3604 ego,
2739 3538 2830 3590 sed
2858 3538 3136 3605 Dominus,
3163 3542 3357 3594 mulie-

1782 3636 1895 3675 rem
1921 3637 1948 3674 a
1975 3622 2090 3674 viro
2111 3637 2212 3675 non
2237 3623 2541 3688 discedere;
2570 3626 2706 3693 quod
2731 3625 2774 3678 si
2793 3627 3120 3691 discesserit,
3147 3643 3366 3683 manere

1784 3715 2082 3781 innuptam,
2115 3724 2207 3768 aut
2236 3717 2349 3768 viro
2397 3729 2496 3769 suo
2545 3718 2908 3781 reconciliari;
2938 3727 2994 3772 et
3024 3720 3103 3771 vir
3133 3734 3363 3774 uxorem

1784 3823 1889 3861 non
1913 3808 2172 3872 dimittat;
2203 3816 2370 3860 utrum
2397 3808 2470 3860 ita
2505 3810 2570 3862 sit
2599 3809 2976 3878 accipiendum,
3005 3821 3059 3862 ut
3088 3827 3200 3864 eam
3232 3826 3363 3878 pro-

1785 3901 2006 3953 hibuisse
2035 3899 2219 3954 nubere
2247 3900 2582 3969 intelligatur,
2615 3917 2727 3970 qua:
2755 3903 2862 3954 sine
2889 3918 3044 3955 causa
3070 3905 3367 3972 fornicato-

1785 3993 1863 4045 nis
1891 3992 2117 4046 discessit
2142 4009 2174 4045 a
2212 3995 2354 4061 viro,-
2385 3994 2439 4046 id
2465 3995 2597 4046 enim
2636 3997 2788 4047 sentis
2812 4009 2831 4052 :
2855 4011 2943 4060 an,
2973 3997 3100 4049 sicut
3130 4013 3223 4068 ego
3253 4015 3370 4053 scu-

1785 4084 1946 4138 si.....
1974 4084 2092 4138 illas
2116 4085 2357 4154 innuptas
2383 4101 2584 4139 manere
2614 4090 2910 4156 prreccperit
2934 4105 3046 4157 qua:
3067 4107 3098 4142 a
3125 4094 3242 4145 viris
3263 4093 3367 4147 suis

1785 4192 1846 4229 ea
1875 4193 2030 4231 causa
2058 4179 2370 4244 recesserint,
2399 4193 2513 4247 qua
2540 4179 2648 4231 salu
2679 4180 2921 4246 permissa
2963 4190 3057 4247 est,
3081 4183 3136 4235 id
3161 4195 3234 4236 est
3257 4187 3369 4251 for-

1787 4267 2104 4337 niculionis.]
2129 4269 2386 4334 Quamvis
2417 4268 2611 4322 Paulus
2643 4270 2897 4338 respiciat
2926 4271 2991 4324 ad
3021 4273 3182 4324 verba
3210 4273 3368 4328 Chri-

1787 4358 1856 4413 sti
1883 4358 2072 4428 quibus
2094 4369 2237 4413 vetat
2263 4359 2538 4429 conjuges,
2571 4367 2798 4428 excepto
2827 4375 2952 4415 casu
2983 4360 3255 4426 adulterii,
3281 4378 3369 4417 se-

1791 4448 1987 4516 parari,
2043 4437 2212 4517 iisque
2259 4459 2438 4502 utatur
2476 4449 2540 4502 ad
2573 4450 2941 4519 impediendas
2985 4451 3368 4508 dissolutioncs

1793 4540 2141 4606 matrimonii,
2173 4554 2293 4608 quae
2323 4541 2511 4609 quavis
2537 4541 2604 4595 de
2633 4555 2790 4594 causa
2824 4543 3020 4597 ﬁebant
3046 4543 3184 4609 apud
3218 4543 3369 4598 Grat-

1791 4642 1886 4685 eos
1909 4630 2019 4684 suis
2048 4630 2254 4699 legibus
2285 4638 2525 4696 utentes;
2553 4646 2657 4685 non
2685 4631 2922 4700 sequitur
2952 4631 3092 4700 quod
3119 4632 3228 4685 vult
3258 4635 3369 4686 Au-

1792 4725 2054 4792 gustinus,
2083 4739 2186 4779 non
2239 4725 2404 4781 licere
2450 4725 2696 4781 adulterii
2745 4740 2899 4779 causa
2934 4727 3146 4791 publico
3168 4727 3370 4794 judicio

1792 4817 2055 4883 separatis
2081 4831 2246 4870 novas
2273 4818 2484 4885 nuptias
2510 4817 2846 4871 contrahere.
2870 4815 3003 4869 Nam
3035 4821 3280 4886 quamvis
3302 4835 3366 4875 ex

1794 4905 1998 4975 legibus
2018 4905 2216 4961 Christi
2239 4920 2343 4960 ηοιι
2369 4910 2575 4970 liceret,
2601 4907 2706 4958 ulla
2729 4905 2795 4959 de
2815 4921 2974 4959 causa
3000 4918 3196 4976 praeter
3219 4912 3372 4965 adul-

1797 4999 2010 5061 tetium,
2053 4998 2324 5052 dimittere
2357 4998 2671 5065 conjugem;
2709 5012 2811 5051 non
2841 5001 3082 5067 sequitur
3129 4991 3382 5070 Grmcos,‘

1796 5101 1983 5142 recens
2009 5087 2075 5140 ad
2105 5087 2458 5140 Christianam
2501 5087 2814 5156 religionem
2857 5090 3136 5156 adductos,
3186 5095 3370 5162 pristi-

1796 5183 1878 5236 nis
1907 5182 2144 5236 muribus
2175 5193 2277 5232 non
2302 5192 2422 5233 esse
2457 5179 2722 5234 interdum
2753 5182 2972 5236 abusos.
3000 5183 3111 5237 lloc
3139 5185 3267 5237 satis
3291 5185 3371 5237 in-

1795 5274 1934 5329 dicat
1967 5274 2159 5327 Paulus
2179 5287 2300 5326 cum
2328 5271 2477 5338 dicit,
2501 5273 2636 5342 quod
2675 5275 2719 5326 si
2747 5274 3046 5338 discesserit,
3070 5292 3272 5328 manere
3294 5277 3370 5327 in-

1795 5375 2045 5436 nuptam;
2103 5381 2223 5419 uam
2274 5365 2399 5420 hinc
2440 5367 2605 5435 liquet
2647 5367 2908 5434 ejusmodi
2939 5368 3230 5421 discessum
3263 5379 3369 5418 non

1793 5459 2006 5525 probari
2052 5457 2326 5523 Apostolo.
2361 5456 2467 5510 Sed
2497 5457 2811 5511 consulendi
2846 5458 3174 5511 recentiores
3203 5456 3379 5532 inter-|

1793 5557 1968 5617 pretes
1994 5548 2058 5602 ad
2085 5549 2257 5600 locum
2289 5546 2457 5614 Pauli,
2482 5555 2536 5600 et
2555 5546 2687 5601 alios
2708 5545 2842 5600 Novi
2860 5545 3208 5612 Testamenti,
3235 5560 3371 5615 quos

1793 5641 1930 5692 hanc
1972 5639 2023 5692 in
2056 5652 2166 5692 rem
2198 5636 2398 5705 profert
2423 5637 2768 5704 Augustinus,
2802 5637 3013 5708 longum
3057 5637 3199 5694 enim
3227 5643 3372 5694 esset

1793 5744 1978 5790 omnes
2003 5729 2116 5802 ejus
2141 5731 2513 5807 παρερμηνείκς
2532 5737 2797 5809 excutere.
