3900 6314
556 351 661 409 .15!

1455 336 2007 399 SUPPLEMENTUM
2045 336 2135 390 AD
2174 334 2404 391 OPERA
2444 335 2500 391 S.
2546 333 2935 393 AUGUSTINL

3707 336 3793 395 ΒΞ

636 465 802 519 ἰιξιικο
850 472 906 517 ιι.
962 460 1093 529 Cap.
1144 457 1197 523 6,
1231 454 1258 527 §
1288 456 1340 512 5.
1372 454 1625 509 Nonnulli
1654 454 1864 507 modica:
1900 452 2042 520 fidei,
2072 452 2148 504 vel
2177 454 2224 509 A
2256 458 2360 513 tur,
2413 448 2686 515 duntaxat,
2743 448 2864 518 quia
2916 443 3199 515 aliquando
3254 460 3285 500 a
3330 436 3525 501 celebri
3570 432 3791 518 scriptore

568 557 735 624 potius
764 552 956 607 inimici
975 564 1105 604 verte
1142 548 1261 614 ﬁdei
1286 545 1435 599 credo
1456 550 1729 598 metuentes
1772 541 2015 609 peccandi
2041 540 2141 593 im-

554 647 845 715 punitatem
870 642 985 694 dari
1009 638 1303 692 mulieribus
1330 636 1460 699 suis,
1488 634 1618 688 illud
1637 632 1773 701 quod
1793 632 1856 687 de
1900 632 2145 684 adulterat

567 735 887 803 indulgentia
929 731 1179 785 Dominus
1209 730 1323 799 fecit
1348 728 1611 796 auferrent
1632 727 1695 779 de
1728 724 1985 778 codicibus
2014 722 2140 784 suis,

566 827 716 893 quasi
772 823 1154 892 permissionem
1185 818 1425 887 peccandi
1455 818 1687 871 tribuerit
1725 815 1811 884 qui
1834 814 1965 867 dixit
1991 827 2011 867 :
2032 812 2143 881 jam

568 917 823 983 deinceps
852 914 958 969 noli
987 926 1230 981 peccare,
1267 920 1355 964 aut
1375 910 1487 964 ideo
1513 925 1614 962 non
1644 907 1868 961 debuerit
1897 922 1928 958 a
1953 905 2146 957 medico

570 1007 676 1060 Deo
702 1006 842 1059 illius
878 1002 1069 1073 peccati
1095 1001 1394 1054 remissione
1443 998 1635 1061 sanari,
1664 1012 1728 1049 ne
1766 995 2145 1062 o/fenderentur

568 1092 782 1163 insani.]
812 1093 1034 1148 Videtur
1056 1092 1295 1146 indicare
1314 1091 1641 1159 Augustinus
1670 1088 1909 1142 nbrasam
1943 1100 1971 1137 a
1997 1083 2145 1137 codi-

568 1187 722 1240 cibus
750 1198 867 1237 eatn
909 1183 1076 1237 solam
1106 1181 1415 1251 particulam
1442 1196 1601 1250 quam
1641 1184 1923 1233 memorat.
1956 1177 2148 1230 Mirum

570 1283 654 1330 est
698 1274 995 1342 Augustino
1045 1288 1152 1326 non
1217 1272 1511 1327 iunotuisse
1565 1272 1825 1337 integram
1872 1268 2147 1321 historiam

571 1367 804 1421 defuisse
840 1368 890 1419 in
922 1365 1190 1433 plerisque
1228 1363 1623 1432 exemplaribus
1652 1361 1875 1416 Graecis.
1911 1360 1991 1413 Ac
2022 1374 2152 1412 sane

570 1459 775 1515 Thcod.
818 1460 951 1511 Bcza
993 1466 1047 1513 et
1074 1457 1137 1511 ll.
1173 1456 1390 1511 Grotius
1423 1456 1771 1509 ostetrderunt
1812 1468 2003 1521 graves
2032 1467 2152 1506 esse

570 1550 807 1602 rationes
828 1546 1104 1601 dubitandi
1131 1547 1199 1600 de
1219 1555 1326 1600 tota
1350 1546 1513 1599 haece
1543 1544 1781 1598 historia.
1798 1542 1930 1595 Vide
1956 1550 2009 1596 et
2034 1558 2151 1609 qua:

572 1640 820 1693 adnotata
866 1645 991 1693 sunt
1028 1652 1059 1691 a
1098 1636 1306 1692 Joanne
1349 1636 1558 1692 Clerieo
1590 1637 1641 1689 iu
1671 1634 2053 1690 additameutis
2081 1632 2147 1686 ll.

571 1727 906 1784 llammondi.

1030 1817 1583 1873 ANDIADVERSION
1593 1817 1675 1874 ES

1027 1926 1077 1964 IN
1109 1925 1297 1963 ιιΒιιωι
1327 1926 1394 1964 DE
1421 1924 1707 1964 IENDACIO.

645 2001 773 2070 Cap.
804 2002 859 2068 5,
878 2000 905 2071 §
922 2002 972 2055 7.
999 1999 1073 2053 De
1094 1999 1351 2069 exemplis
1371 2014 1558 2053 eorum
1578 1998 1667 2068 qui
1691 2000 1743 2052 in
1764 1998 1958 2053 Vetere
1979 1997 2158 2052 Testa-

574 2102 755 2149 mento
768 2092 975 2147 mentiti
998 2092 1270 2146 dicuntur:
1292 2090 1714 2158 Credendumest,
1734 2092 1924 2158 inquit,
1941 2092 2053 2144 illos
2068 2092 2158 2143 ho-

573 2188 753 2251 mines,
784 2186 869 2255 qui
889 2184 1197 2253 prOpIreticis
1220 2182 1524 2251 temporibus
1536 2183 1677 2252 digni
1687 2184 1989 2235 auctoritate
2000 2181 2159 2249 fuisse

573 2284 1032 2329 commemorantur
1055 2274 1226 2325 omnia
1253 2287 1365 2340 qua:
1388 2272 1579 2340 scripta
1598 2280 1713 2324 sunt
1735 2272 1799 2324 de
1821 2272 1926 2325 illis
1947 2272 2158 2339 prophe-

574 2367 671 2418 tice
694 2364 906 2433 gessisse
934 2373 1079 2429 atque
1110 2362 1334 2427 dixisse;
1360 2377 1453 2413 nec
1486 2364 1648 2413 minus
1678 2361 1970 2428 prophetico
1990 2362 2052 2412 iis
2074 2376 2158 2411 ac-

572 2455 758 2508 cidisse
787 2468 1097 2521 qua‘cunque
1123 2452 1193 2504 sic
1221 2450 1537 2513 acciderunt,
1566 2460 1621 2503 ut
1649 2450 1825 2504 eodem
1863 2450 2158 2519 prophetico

574 2544 754 2615 spiritu
773 2545 1027 2597 memoria:
1043 2544 1317 2610 litterisque
1340 2542 1630 2596 mandanda
1639 2541 2038 2612 iudicarentur.1
2054 2543 2157 2596 Ne-

574 2636 779 2692 seiocui
799 2635 930 2689 cred.
948 2634 1104 2687 udum
1122 2634 1222 2687 hoc
1243 2635 1365 2689 velit
1384 2635 1728 2701 Augustinus,
1745 2649 1866 2687 nam
1880 2648 2010 2687 sane
2033 2646 2156 2686 trus-

574 2744 625 2798 qr
647 2745 734 2782 am
751 2726 1197 2793 Scriptoressacri
1214 2727 1313 2780 hoc
1325 2726 1427 2780 sibi
1448 2726 1592 2781 credi
1610 2727 1910 2782 voluerunt.
1932 2726 2160 2779 llis-toria

558 2820 899 2887 ,optimorum
919 2832 1252 2888 quorumque
1273 2819 1362 2887 qui
1381 2826 1576 2886 tcnrpo:
1592 2817 1708 2871 ibus
1731 2818 2058 2886 propheticis
2083 2820 2160 2871 vi-

558 2917 797 2977 ‘xerunt,
832 2908 1050 2963 historia
1080 2916 1182 2972 e~t,
1226 2922 1333 2960 nun
1384 2908 1699 2975 prophetia;
1738 2922 1834 2961 nec
1861 2906 2162 2961 dissimulat

560 2999 703 3057 ,vitia
734 3005 790 3051 et
837 2997 1027 3051 delicta
1063 2996 1482 3063 patriarcharum
1526 3005 1579 3049 et
1603 2998 1982 3063 prophetarum
2016 2999 2160 3066 ipso-

564 3103 721 3159 rum,
754 3096 810 3139 ut
846 3086 1089 3147 Davidis;
1114 3100 1219 3139 non
1245 3085 1366 3153 quia
1398 3098 1459 3139 ea
1509 3085 1634 3137 vitia
1657 3087 1919 3141 delictave
1964 3086 2159 3141 habent

2249 540 2452 606 prolata
2498 548 2643 599 sunt.
2679 554 2707 591 a
2738 552 2845 607 quo
2880 536 3267 591 auctoritatem
3301 538 3542 601 trahunt;
3585 540 3789 606 quamvis

2248 640 2434 699 negata
2463 630 2530 683 ab
2577 629 2778 698 aliquo,
2825 628 2913 697 qui
2953 626 3075 682 sine
3119 628 3458 697 argumentis
3516 631 3786 696 persuaderi

2249 735 2392 774 mera
2421 718 2741 775 auctoritate
2775 718 3038 771 fallaciam
3086 716 3364 771 hominum
3394 716 3495 771 sibi
3520 716 3649 771 ‘nibil
3676 718 3783 787 pati-

2249 820 2356 873 tur,
2384 810 2581 864 abeunt
2610 809 2664 862 in
2699 823 2877 863 auras.
2912 808 3115 863 Deinde
3138 807 3255 877 quis
3286 820 3396 861 non
3429 806 3570 861 videt
3601 808 3783 862 menda-

2250 903 2391 954 cium
2420 901 2794 967 obstetricum,
2849 900 2988 969 quod
3032 901 3298 969 prolatum
3348 910 3465 953 erat
3492 914 3593 953 non
3620 914 3678 955 eo
3709 900 3787 955 fal-

2252 992 2393 1047 lendi
2415 993 2594 1047 animo
2617 1000 2675 1046 ut
2704 992 2907 1045 fallacia
2938 1000 3155 1046 noceret
3175 1002 3229 1045 et
3248 989 3393 1058 quod
3418 1005 3606 1045 nocere
3632 1007 3786 1046 revera

2252 1084 2451 1139 tremiui
2484 1093 2710 1153 poterat,
2736 1099 2855 1139 cum
2886 1082 3184 1151 praesertim
3216 1082 3365 1136 nulla
3395 1081 3497 1135 alia
3523 1083 3650 1136 ratio
3668 1091 3787 1136 esset

2254 1175 2378 1229 vita:
2410 1174 2693 1228 infantium
2720 1172 3054 1239 consulendi,
3083 1173 3376 1226 maximum
3409 1170 3567 1225 fuisse
3592 1171 3788 1226 ofﬁcium

2254 1267 2632 1321 humanitatis?
2658 1266 2824 1321 Nemo
2851 1274 2999 1320 certe
3027 1281 3132 1319 non
3162 1279 3228 1319 eo
3265 1264 3426 1321 modo
3451 1263 3786 1333 delinqueret:

2253 1368 2306 1415 et
2348 1359 2656 1427 delinquere
2679 1373 2737 1413 se
2764 1358 2962 1413 debere
2985 1366 3255 1421 censeret,
3288 1356 3333 1411 si
3366 1370 3428 1412 se
3454 1355 3695 1426 ejusmodi
3720 1369 3791 1408 oc-

2254 1452 2399 1506 casio
2429 1452 2603 1506 daret.
2631 1451 2881 1505 Ponenda
2912 1459 3037 1504 sunt
3062 1458 3269 1503 tantum
3298 1448 3402 1501 tria
3428 1462 3542 1516 qua:
3569 1447 3788 1509 diximus,

2218 1602 2223 1607 ,
2258 1545 2487 1613 primum
2511 1554 2593 1599 est
2638 1545 2841 1597 nullum
2882 1556 3001 1596 esse
3045 1550 3299 1607 oportere
3329 1540 3561 1593 animum
3598 1538 3789 1594 nocendi

2258 1636 2555 1696 mendacio;
2580 1638 2805 1691 alterum
2831 1634 3094 1704 ejusmodi
3110 1634 3316 1688 debere
3338 1648 3459 1689 esse
3479 1633 3791 1698 mendacium,

2257 1728 2398 1797 quod
2455 1742 2652 1783 nocere
2699 1742 2886 1782 revera
2930 1740 3035 1780 non
3082 1725 3293 1793 possit:
3348 1726 3561 1779 tertiqu
3602 1724 3791 1792 denique

2185 1814 2233 1874 Β
2261 1834 2362 1874 non
2394 1834 2515 1875 esse
2544 1820 2699 1873 aliam
2732 1819 2872 1873 viam
2919 1833 3021 1889 qua
3060 1817 3358 1871 imminens
3392 1818 3581 1871 malum
3612 1815 3791 1869 vitetur.

2261 1912 2315 1966 In
2346 1912 2492 1966 hisce
2518 1925 2647 1965 sane
2675 1908 3090 1965 circumstantiis
3114 1908 3326 1962 licitum
3358 1921 3478 1963 esse
3506 1906 3652 1961 debet
3676 1900 3794 1959 men;

2261 2004 2376 2069 tiri,
2402 2003 2447 2057 si
2473 2016 2578 2057 non
2619 2001 2862 2056 illicitum
2897 2000 2963 2053 sit
2991 1999 3115 2068 joco
3144 1999 3393 2061 mentiri,
3431 1997 3567 2068 quod
3602 2013 3683 2066 per
3707 1995 3794 2050 Au-

2262 2094 2541 2163 gustinum
2572 2092 2715 2146 licet.
2754 2090 2891 2146 Vide
2939 2106 3058 2159 cap.
3092 2090 3179 2143 ll.
3212 2089 3330 2143 Nec
3360 2098 3512 2158 putes
3548 2090 3628 2158 qui
3663 2080 3813 2155 usque

2260 2183 2397 2239 adeo
2424 2184 2493 2237 ab
2522 2182 2634 2238 utili
2664 2189 2720 2237 et
2749 2178 3055 2235 necessario
3110 2178 3405 2234 mendacio
3448 2170 3725 2232 abhorrere
3750 2188 3795 2227 se

2260 2273 2595 2338 dictitabant,
2627 2280 2732 2327 tam
2765 2270 2963 2341 rigidos
2986 2270 3151 2323 fuisse
3177 2269 3300 2322 veri
3329 2269 3603 2333 satellites,
3627 2275 3675 2320 ut
3695 2281 3796 2321 nun-

2261 2378 2423 2431 quam
2456 2361 2802 2416 emolumenti
2852 2375 3014 2415 causa
3074 2361 3461 2415 mentirentur.
3508 2357 3795 2413 Contrarium

2264 2452 2585 2521 persuadent
2619 2461 2696 2505 tot
2726 2452 2845 2507 ficta
2891 2451 3166 2513 miracula,
3196 2450 3275 2505 ad
3310 2449 3687 2505 venerationem
3712 2446 3797 2515 plo-

2262 2543 2343 2595 bis
2386 2540 2699 2609 quibusdam
2742 2539 2983 2594 CCCIEaiiS
3026 2554 3088 2592 ac
3144 2538 3395 2594 basilicis
3438 2536 3794 2598 conciliandam,

2264 2640 2448 2699 totque
2491 2630 2777 2684 rhetorica:
2813 2628 3055 2684 ﬁctiones
3107 2630 3158 2681 in
3190 2628 3665 2699 disceptationibus
3703 2632 3797 2678 cum

2266 2720 2549 2785 haereticis,
2584 2736 2701 2788 qua:
2737 2720 2788 2773 in
2818 2719 2995 2773 multis
3050 2719 3416 2787 scriptoribus
3448 2731 3708 2787 utramque
3730 2724 3798 2783 pa-

2262 2812 2441 2882 ginam
2491 2810 2712 2866 faciunt.
2750 2809 2876 2875 Sed,
2929 2810 2975 2864 si
3029 2809 3187 2862 liceat
3220 2809 3283 2863 id
3322 2808 3461 2879 quod
3512 2808 3799 2875 suspicamur

2264 2918 2359 2971 pro
2388 2902 2554 2971 loqui,
2587 2917 2692 2956 non
2732 2902 2836 2955 alia
2865 2901 2934 2955 de
2962 2915 3121 2955 causa
3149 2902 3310 2957 multi
3358 2902 3410 2955 in
3456 2902 3590 2956 licita
3619 2897 3798 2953 menda-

2262 2992 2362 3056 cia,
2396 2991 2567 3058 qualia
2602 2990 3014 3058 descripsimus,
3060 3000 3167 3045 tam
3198 2992 3411 3045 acriter
3440 2988 3797 3050 iuvelrebsntur,

2263 3093 2419 3146 quam
2438 3087 2492 3132 ut
2514 3088 2694 3146 postea
2721 3078 2775 3132 in
2796 3094 2910 3133 rem
2932 3094 3085 3132 suam
3110 3079 3438 3135 fructuosius
3465 3079 3796 3135 mentirentur.

578 3174 773 3242 aliquid
804 3173 1196 3242 propheticum,
1244 3173 1338 3228 sed
1366 3173 1486 3241 quia
1536 3174 1638 3229 hoc
1686 3175 1919 3242 postulat
1957 3177 2155 3231 veritas
2182 3169 2228 3233 ε,
2259 3169 2619 3235 Simpliciores
2641 3169 2784 3223 enirn
2813 3170 3061 3225 homines
3088 3185 3192 3224 nun
3239 3171 3651 3242 suspic:rbantur
3675 3166 3731 3220 ab
3753 3166 3797 3218 iis

580 3264 843 3329 historizn,
872 3276 928 3317 et
953 3263 1209 3318 lectorum
1238 3263 1399 3317 etiam
1432 3263 1655 3318 utilitas.
1681 3264 1812 3319 llinc
1828 3265 1973 3318 enim
1998 3265 2155 3320 intel-

560 3356 792 3424 ligimus
821 3364 1018 3423 quanta
1051 3353 1325 3421 diligentia
1354 3354 1649 3409 cavendum
1678 3355 1799 3408 sita
1829 3366 2064 3423 peccato,
2100 3357 2154 3411 in

580 3444 722 3514 quod
752 3444 1055 3498 inciderunt
1085 3443 1246 3496 etiam
1276 3443 1378 3497 viri
1408 3444 1602 3513 alioqui
1646 3445 1875 3509 laudati;
1900 3454 1955 3499 et
1975 3447 2021 3499 si
2051 3445 2159 3501 for-

582 3549 658 3603 te,
690 3550 785 3605 per
829 3531 1239 3601 imprudentiam
1284 3532 1754 3602 inﬁrmitatemque
1789 3536 1838 3587 in
1873 3533 1924 3588 id
1956 3535 2157 3605 delapsi

560 3628 862 3691 .luerimus,
891 3641 994 3680 non
1020 3639 1139 3680 esse
1170 3625 1560 3693 desperandum
1586 3624 1653 3679 de
1676 3625 2039 3679 misericordia
2070 3628 2157 3681 di-

582 3720 724 3774 vina.
774 3718 1039 3773 Prmterca
1069 3718 1113 3771 si
1160 3717 1306 3785 leges
1340 3716 1544 3770 Veteris
1576 3717 1904 3771 Testamenti
1931 3728 1981 3771 et
2013 3718 2157 3787 leges

581 3811 715 3864 Novi
746 3822 1140 3877 comparemus,
1191 3807 1547 3874 intelligemus
1579 3806 1730 3859 facile
1759 3807 1993 3877 antiquis
2026 3818 2159 3863 tem-

564 3900 801 3966 poribus
829 3899 989 3951 luisse
1013 3897 1172 3950 veluti
1192 3895 1461 3965 religionis
1485 3896 1782 3960 infantiam,
1806 3899 1856 3951 itt
1874 3914 1971 3967 qua
1992 3900 2156 3953 multa

582 3989 888 4042 ferebantur
918 4000 1035 4055 qua:
1063 3999 1204 4037 nunc
1244 3984 1462 4039 ruiuirnc
1488 3988 1780 4052 lcrt‘eutur;
1829 3988 2038 4056 eritque
2064 4004 2159 4043 cur

586 4081 696 4133 Deo
717 4079 914 4147 gratias
942 4091 1163 4146 agamus
1187 4078 1327 4146 quod
1356 4092 1454 4131 nus
1478 4077 1720 4145 ampliori
1752 4078 1871 4133 luce
1922 4079 2156 4134 donave-

566 4171 675 4238 rit,
709 4168 1103 4236 majoribusque
1131 4178 1224 4221 aut
1244 4176 1388 4221 certe
1419 4167 1734 4223 clarioribus
1764 4169 2041 4237 promissis
2064 4182 2160 4223 nos

583 4278 613 4315 a
647 4260 914 4331 peccando
938 4262 1288 4314 revocaverit.
1323 4259 1446 4313 llaec
1466 4260 1699 4329 aliaque,
1725 4274 1844 4330 quae
1869 4276 1962 4330 per
1982 4275 2040 4315 se
2068 4276 2157 4329 pa-

570 4363 718 4419 tent,
751 4362 807 4406 et
828 4368 893 4407 ex
925 4353 1087 4408 rebus
1127 4353 1255 4419 ipsis
1279 4353 1582 4407 necessario
1615 4364 1906 4410 nascuntur
1930 4354 2155 4410 dicenda

570 4453 707 4513 sunt
748 4443 921 4512 potius
945 4456 1101 4510 quam
1147 4444 1410 4509 ﬁngamus
1453 4444 1738 4512 quidlibet,
1768 4455 1826 4499 ut
1870 4445 2158 4514 allegorice

580 4532 1006 4600 sitnplicissimas
1038 4530 1290 4585 historias
1322 4532 1756 4601 interpretemur.

568 4688 573 4692 δ
654 4624 842 4680 Subdit
868 4624 1190 4692 Augustinus
1214 4641 1228 4676 :
1263 4621 1339 4677 De
1360 4624 1708 4679 obstetricibus
1727 4634 1894 4679 autem
1914 4625 1934 4695 (
1958 4626 2023 4680 de
2043 4629 2160 4695 qui-

582 4721 683 4773 bus
717 4716 885 4770 Exod.
920 4729 957 4781 t,
992 4713 1080 4782 19)
1109 4714 1229 4784 quia
1270 4730 1355 4767 eas
1396 4731 1496 4767 non
1522 4726 1729 4784 possunt
1753 4716 1918 4769 dicere
1938 4718 2157 4785 prophe-

581 4810 680 4860 tico
710 4808 893 4873 spiritu
936 4805 1262 4875 signiﬁcandi
1308 4807 1467 4873 futuri
1500 4806 1605 4858 veri
1648 4807 1836 4876 gratia,
1888 4808 2033 4860 aliud
2065 4826 2156 4875 pro

581 4898 686 4949 alio
708 4898 1023 4950 renuntiasse
1045 4894 1331 4960 Pharaoni;
1350 4896 1548 4949 etiamsi
1570 4898 1788 4966 aliquid,
1802 4899 1925 4968 ipsis
1940 4901 2157 4956 nescien-

584 4986 735 5049 tibus,
760 4986 893 5049 quod
917 5002 1005 5053 per
1024 5002 1110 5039 eas
1130 4995 1296 5039 actum
1318 4996 1392 5040 est
1416 4986 1742 5057 signiﬁcavit,
1767 5001 1857 5053 pro
1877 4988 2041 5057 gradu
2066 5004 2156 5047 suo

578 5077 757 5129 dicunt
779 5076 1086 5145 approbatas
1115 5086 1164 5128 et
1188 5090 1537 5131 remuneratus
1563 5096 1595 5131 a
1616 5078 1745 5143 Deo.
1775 5079 1877 5143 Qui
1899 5080 2034 5133 enim
2069 5095 2161 5131 no-

581 5166 725 5220 cendi
749 5180 906 5218 causa
932 5165 1132 5218 mentiri
1152 5168 1303 5232 solet;
1327 5169 1369 5221 si
1381 5170 1496 5238 jam
1523 5168 1818 5221 consulendi
1838 5184 1995 5221 causa
2018 5186 2159 5225 men-

582 5263 764 5324 tiatur,
797 5258 1015 5311 multum
1037 5258 1268 5326 profecit.
1308 5259 1504 5315 Verum
1531 5259 1673 5327 quod
1732 5258 1873 5315 facto
1907 5261 2161 5318 obstetri-

582 5367 701 5408 cum
728 5347 925 5419 aliquid
957 5348 1310 5417 significatum
1349 5350 1423 5403 ait
1468 5350 1815 5419 Augustinus,
1844 5366 2033 5406 eorum
2061 5369 2156 5407 no—

584 5447 725 5498 mine
761 5456 987 5513 quorum
1014 5441 1335 5495 sententiam
1364 5440 1544 5505 refert,
1590 5440 1641 5495 id
1672 5442 1796 5512 quid
1826 5453 1929 5507 est,
1964 5454 2157 5513 printer

584 5535 847 5588 somnium
869 5575 881 5586 .
915 5532 969 5588 Si
1002 5530 1215 5598 talibus,
1247 5546 1365 5601 qua:
1391 5534 1537 5585 omni
1569 5532 2039 5589 verisimilitudine
2067 5535 2162 5590 de—

576 5610 768 5705 stituta
798 5632 944 5687 sunt,
977 5622 1184 5691 pondus
1217 5623 1499 5689 tribuatur,
1533 5623 1659 5693 quid
1692 5623 1905 5678 tandem
1943 5625 2162 5680 habebi—

586 5717 674 5762 tur
706 5710 863 5763 leve?
891 5712 998 5766 Scd
1021 5721 1143 5766 sunt
1173 5714 1335 5768 multa
1358 5729 1475 5784 quae
1500 5726 1549 5771 ct
1572 5716 1819 5771 dicuntur
1836 5725 1888 5771 et
1911 5724 2163 5788 repetun-

2255 3258 2357 3312 sibi
2383 3256 2559 3313 fucum
2604 3257 2739 3323 ﬁeri,
2771 3260 2863 3328 qui
2896 3271 3005 3313 tam
3056 3260 3298 3315 infensos
3352 3260 3719 3330 promebantur
3754 3267 3797 3308 se

2259 3348 2558 3404 mendacio.
2590 3348 2660 3404 At
2680 3364 2708 3402 a
2742 3358 2820 3404 tot
2848 3350 3061 3405 szeculis
3091 3345 3355 3417 videmus,
3405 3352 3618 3407 mutatis
3641 3348 3797 3403 dunta-

2260 3447 2351 3493 xat
2374 3440 2640 3507 personis,
2670 3454 2787 3494 eam
2814 3439 3045 3497 fabulam
3092 3442 3199 3510 agi,
3223 3442 3573 3510 hominesque
3600 3436 3797 3493 omnium

2262 3529 2583 3584 saeculorum
2622 3540 2731 3585 tam
2760 3531 2942 3585 multis
2968 3531 3020 3584 in
3044 3534 3203 3587 rebus
3229 3533 3330 3587 sibi
3363 3533 3565 3587 similes
3609 3542 3733 3591 esse,
3758 3532 3798 3577 nl

2256 3626 2364 3693 jam
2396 3625 2610 3681 tandem
2656 3626 3033 3694 prudentiores
3061 3641 3182 3681 csse
3211 3626 3527 3691 debeamus,
3569 3633 3657 3677 aut
3688 3617 3797 3686 digni

2263 3720 2438 3771 simus
2468 3719 2558 3784 qui
2584 3719 2813 3773 ludibrio
2847 3718 3157 3781 habeamur,
3185 3725 3241 3771 et
3268 3718 3350 3771 vel
3381 3732 3412 3772 a
3441 3711 3799 3786 Cappadocibut

2262 3806 2526 3861 fallamur.
3377 3835 3385 3842 -

2735 3894 3382 3951 ANIMADVERSIONES

2388 4006 2435 4043 IN
2469 4004 2654 4043 LIBRUM
2687 4003 2891 4043 CONTRA
2924 4002 3227 4041 IIENDACIUM
3259 4000 3326 4039 AD
3356 3998 3712 4040 COXSENTIUM.

2328 4079 2456 4151 Cap.
2491 4082 2544 4146 7,
2581 4079 2608 4150 ᾗ
2652 4080 2736 4133 17.
2787 4080 2845 4132 Si
2886 4090 3158 4147 propterea
3179 4080 3326 4147 justo
3347 4086 3488 4141 sunt,
3522 4092 3624 4129 non
3645 4072 3802 4145 qualin-

2259 4188 2474 4241 cnnque,
2519 4172 2609 4225 sed
2664 4169 2961 4239 blaspltema
3008 4169 3290 4232 mendacia,
3334 4168 3458 4235 quia
3530 4167 3624 4219 hoc
3665 4164 3800 4217 animo

2260 4262 2391 4327 [inut
2419 4270 2472 4315 ut
2502 4260 2683 4315 occulti
2706 4260 2930 4313 Itwretici
2952 4260 3273 4329 detegantur;
3294 4266 3532 4326 poterunt
3554 4259 3648 4310 isto
3662 4251 3800 4310 modo,

2260 4353 2303 4406 si
2325 4352 2501 4407 eodem
2539 4354 2709 4407 animo
2752 4351 2902 4420 ﬁant,
2944 4359 3083 4403 casta
3115 4366 3221 4403 esse
3272 4347 3553 4401 adulteria.
3586 4347 3603 4416 J
3647 4340 3799 4397 Merito

2264 4458 2393 4498 sane
2420 4444 2689 4499 invehitur
2730 4441 3062 4511 Augustinus
3092 4440 3143 4493 in
3171 4454 3264 4494 eos
3290 4437 3380 4507 qui
3412 4437 3647 4506 improbe
3667 4433 3797 4486 simu

2189 4519 2241 4578 D
2271 4535 2449 4588 labant
2493 4549 2552 4588 sc
2580 4548 2698 4588 esse
2725 4530 3181 4591 Priscillianistas.
3213 4540 3269 4583 ut
3297 4543 3393 4583 eos
3422 4542 3557 4598 quos
3584 4522 3798 4595 putabant

2265 4625 2532 4679 occultare
2569 4622 2708 4691 apud
2749 4624 2985 4675 animum
3025 4635 3188 4674 suum
3221 4620 3452 4674 hatresin
3492 4609 3797 4672 Priscillam.

2269 4723 2587 4784 relegerent.
2646 4712 2855 4766 Etenim
2885 4712 3065 4764 animo
3114 4710 3340 4765 nocendi
3373 4707 3577 4763 miseris
3618 4695 3798 4758 Priscil-

2270 4803 2495 4858 liauistis
2540 4805 2639 4858 hoc
2665 4801 2845 4866 fiebat,
2879 4808 2937 4855 ut
2973 4816 3093 4856 cum
3128 4801 3192 4855 iis
3221 4800 3430 4870 legibus
3456 4806 3635 4853 contra
3658 4792 3795 4844 limrcv

2226 4902 2227 4905 “
2270 4900 2403 4952 ticos
2433 4896 2555 4951 latis
2597 4904 2862 4965 ageretur.
2895 4894 3049 4949 H.erc
3076 4893 3142 4947 ici
3186 4902 3371 4948 autem
3403 4886 3620 4945 habendi
3647 4884 3793 4939 erant,

2270 5005 2334 5045 ex
2370 4990 2484 5058 lege
2513 4988 2721 5043 Arcadii
2751 5002 2891 5041 anno
2912 4986 3018 5041 595
3052 4986 3178 5050 lata,
3210 4986 3294 5053 qui
3323 4984 3399 5038 vel
3426 4984 3516 5036 levi
3542 4978 3795 5047 argumento

2267 5101 2299 5137 a
2316 5083 2515 5153 judicio
2536 5080 2798 5135 catholicae
2834 5080 3095 5149 religionis
3122 5089 3169 5134 et
3210 5078 3414 5131 tramite
3452 5070 3620 5128 detecti
3641 5060 3795 5153 fuerint

2266 5150 2486 5229 deviare.
2521 5171 2615 5225 Est
2656 5171 2909 5239 vigesima
2940 5185 3127 5227 octava
3176 5172 3308 5226 tituli
3333 5171 3365 5226 5
3398 5169 3488 5224 lib.
3514 5179 3595 5219 svt
3630 5150 3794 5213 codici!

2268 5263 2649 5319 Theodosiani.
2682 5262 2885 5317 Deinde
2934 5264 3154 5332 impium
3199 5263 3297 5314 luit
3337 5260 3586 5315 simulare
3607 5265 3661 5304 se
3698 5254 3793 5299 655°

2280 5352 2740 5409 Priscilliauistam
2783 5354 2845 5406 ris
2874 5353 2963 5422 qui
2994 5354 3276 5421 opiniOnes
3304 5345 3606 5405 l’riscilliani
3634 5344 3789 5409 prmi

2272 5461 2389 5502 esse
2412 5446 2667 5514 putabant
2688 5462 2703 5509 ;
2723 5446 2907 5515 quales
2931 5461 3111 5499 revera
3134 5453 3308 5509 erant,
3327 5444 3371 5498 si
3389 5457 3464 5495 ea!
3487 5439 3683 5492 fuerunt
3698 5432 3791 5493 ι1¹¹²

2274 5553 2302 5591 a
2334 5536 2692 5603 scriptoribus
2720 5535 3097 5591 ecclesiasticis
3135 5536 3461 5589 scribuntur.
3488 5525 3694 5583 Nerium
3716 5525 3788 5566 δυ’

2274 5636 2379 5681 tem
2412 5626 2509 5681 fuit
2537 5624 2751 5680 veritati
2779 5632 2837 5678 et
2865 5626 3188 5680 contrarium
3219 5623 3417 5678 divinis
3447 5608 3700 5688 prmeeptis
3718 5614 3788 5654 νϐ’

2272 5717 2483 5779 ritatetn
2525 5716 2579 5773 in
2625 5731 2683 5773 re
2725 5715 2875 5793 gravi
2900 5731 3003 5773 non
3028 5716 3295 5788 proliteri;
3321 5728 3380 5769 ac
3421 5706 3631 5781 proinde
3657 5702 3784 5759 nec-‘1
