3900 6322
77 351 164 406 ιόδ
759 346 1104 403 i'ARlORUltl
1140 345 1736 404 EXEBCITATIONES
1775 329 1840 404 ΙΝ
1878 352 1936 407 S.
1978 349 2346 409 AUGUSTlNl
2384 351 2636 407 OPERA.

3222 369 3329 424 454

77 461 278 532 quidem
313 459 382 514 do
439 459 643 513 ratione
690 461 810 513 talia
863 460 1135 515 mendacia
1188 460 1405 515 innoxia
1455 459 1638 514 haberi
1675 464 1724 524 Α
1753 467 2096 534 arrogantiam
2122 466 2669 534 fovebant,aposto!ico
2692 475 2938 536 prwcepto
2959 484 3059 523 non
3080 487 3184 525 esse
3201 490 3330 527 con-

81 560 378 622 potuerunt.

136 644 274 709 Cap.
315 641 399 704 l8,
437 639 465 710 §
500 642 586 695 37.
632 637 919 701 Postquam
953 644 1195 708 quazsirit
1227 655 1291 693 an
1318 642 1452 708 patri
1484 654 1657 705 aegro-

79 722 204 787 tanti
239 734 313 784 sit
350 731 636 784 dicendum
685 731 847 784 ﬁlium
897 747 1016 785 esse
1060 742 1351 796 mortuum,
1386 748 1453 786 ne
1505 743 1654 800 pater

77 821 288 876 tristitia
317 822 598 884 moriatur,
629 821 808 875 subdit
836 839 846 873 :
890 821 1002 874 lluc
1032 823 1248 887 accedit,
1292 824 1374 876 ubi
1399 824 1658 877 miserabi-

77 916 169 966 lius
215 913 524 981 ejulandum
571 922 665 975 est,
698 913 837 982 quod
866 914 909 966 si
953 921 1345 969 concesserimus
1372 905 1464 987 pro
1493 917 1657 970 saluts

77 1003 212 1055 illius
233 1004 361 1072 a'gri
385 1004 448 1055 de
475 1003 576 1056 vita
607 1004 703 1070 ﬁlii
732 1004 842 1073 ejus
869 1005 1025 1073 fuisse
1055 1007 1411 1069 mentiendum,
1435 1009 1504 1060 ita
1527 1025 1657 1074 pau-

80 1097 220 1148 latim
258 1095 648 1164 minutatimque
688 1098 951 1149 succrescit
980 1097 1074 1151 hoc
1103 1100 1314 1162 malum,
1347 1108 1395 1152 et
1433 1099 1662 1152 brevibus

80 1186 360 1239 accessibus
388 1185 458 1236 ad
487 1194 685 1238 tantum
711 1201 944 1239 acervum
991 1189 1366 1242 mendaciorum
1391 1191 1662 1243 scelerato-

81 1265 185 1329 rum
215 1277 406 1328 sensim
435 1276 765 1330 subintranda
796 1279 1109 1344 perducitur,
1138 1289 1191 1332 ut
1216 1297 1476 1349 nunquam
1506 1281 1662 1346 possit

83 1369 279 1434 penitus
318 1367 560 1431 inveniri,
605 1367 690 1420 ubi
722 1377 876 1421 tantte
909 1371 1039 1436 pesti
1091 1387 1179 1437 per
1214 1372 1420 1423 minima
1455 1371 1663 1423 addita-

84 1469 246 1512 menta
281 1460 336 1511 in
366 1459 671 1511 immensum
712 1460 1079 1512 convalcscenti
1103 1462 1257 1530 possit
1287 1461 1479 1515 obsisti.
1505 1459 1523 1530 ]
1557 1461 1661 1515 Sed

85 1551 201 1604 huic
225 1549 629 1603 mendaciorum
661 1549 906 1603 decursui
948 1551 1139 1605 modus
1189 1552 1344 1606 facile
1373 1551 1663 1620 imponitur

87 1643 146 1696 iis
175 1658 298 1710 qua:
324 1641 390 1695 ad
419 1641 752 1709 superiorem
772 1641 966 1694 librum
999 1642 1320 1702 notavimus;
1352 1641 1417 1706 si,
1447 1655 1660 1707 nempe,

84 1749 353 1802 nunquam
375 1733 716 1799 mentiamur,
745 1733 842 1787 nisi
875 1734 958 1787 ubi
988 1733 1320 1786 mendacium
1343 1732 1414 1785 ita
1443 1731 1663 1800 prodest

1762 557 1941 608 ινατδα,
1969 556 2204 609 candida
2235 570 2384 615 sane,
2437 569 2534 609 nec
2586 565 2806 622 possunt
2843 573 2948 611 non
2988 559 3210 623 laudari,
3240 563 3332 630 qui

1761 645 2040 710 Augustini
2066 653 2452 712 prmceptorum
2478 658 2744 698 memores
2769 646 3062 701 bonestiori
3086 650 3254 704 multo
3281 663 3335 706 et

1760 736 1922 786 animi
1953 741 2009 787 et
2037 736 2280 800 corporis
2314 735 2480 788 labori
2511 750 2729 804 Operam
2763 738 3020 793 dederunt
3045 742 3331 810 :‘intelligu

1761 825 2020 879 cd:tiones
2045 825 2284 889 Patrum,
2317 840 2449 894 quas
2480 842 2672 896 magno
2697 829 2874 882 studio
2897 844 3168 885 curarunt.
3199 833 3334 888 Nam

1763 916 1968 969 tametsi
2001 931 2066 970 eo
2096 916 2277 970 labore
2301 917 2495 970 victum
2519 919 2619 972 sibi
2643 934 2750 972 non
2777 932 3170 987 compararunt,
3193 926 3332 992 quod

1761 1021 1825 1059 ex
1854 1006 2070 1073 praediis
2085 1016 2137 1061 et
2162 1006 2451 1060 latifundiis
2473 1020 2552 1062 sat
2570 1011 2778 1076 amplos
2807 1011 3009 1066 fruetus
3033 1015 3332 1081 percipiant

1762 1098 1952 1166 quibus
1981 1111 2101 1152 sese
2139 1107 2462 1162 susmntent,
2508 1110 2741 1153 attamen
2770 1104 3018 1156 omnibus
3059 1105 3200 1172 digni
3231 1107 3332 1158 visi

1764 1199 1883 1241 sunt
1919 1189 2004 1256 qui
2029 1188 2089 1242 iis
2133 1188 2459 1250 fruerentur,
2508 1190 2813 1258 quicunque
2845 1193 3153 1248 litterariam
3195 1204 3334 1249 retu-

1764 1279 2029 1346 publicam
2077 1279 2145 1332 ita
2191 1279 2477 1346 juvaruut;
2519 1287 2572 1333 et
2595 1282 2891 1347 praesertim
2927 1283 3141 1350 quidem
3180 1285 3215 1336 ii
3244 1286 3333 1351 qui

1765 1369 2070 1424 monasticae
2097 1369 2369 1424 modestia:
2400 1384 2462 1423 m-
2487 1385 2661 1424 mores
2692 1372 2914 1438 probum
2938 1373 3202 1427 neminem
3225 1390 3340 1428 mo-

1764 1462 2099 1528 mordernnt,
2129 1461 2254 1515 dum
2286 1463 2352 1516 de
2379 1462 2626 1515 omnibus
2653 1462 2788 1517 bene
2819 1465 3014 1516 mereri
3041 1462 3210 1518 videri
3241 1479 3338 1517 vo-

1765 1553 1898 1606 lunt.
1939 1551 2045 1606 Sed
2076 1553 2201 1620 quid
2233 1552 2324 1604 ﬁat
2357 1561 2432 1604 tot
2460 1551 2594 1606 fucis
2637 1561 2692 1607 et
2735 1553 3016 1616 mendicis,
3047 1555 3111 1607 de
3143 1555 3338 1624 quibus

1766 1645 2022 1698 Erasmus
2051 1646 2100 1697 in
2148 1645 2483 1699 dedicatione
2521 1645 2586 1698 ad
2633 1647 2957 1700 cardinalem
3010 1647 3341 1703 Fonsecam‘t

1768 1733 1805 1788 li
1838 1750 1968 1788 sane
2008 1736 2184 1803 legant
2213 1745 2262 1789 et
2299 1735 2541 1804 relegant
2569 1737 2667 1790 hoc
2694 1752 2827 1805 opus
2856 1739 3158 1806 Augustini,
3189 1747 3248 1793 ut
3293 1742 3339 1794 si

85 1826 259 1892 alicui,
292 1836 350 1879 ut
379 1839 651 1892 nunquam
698 1839 893 1880 nocere
935 1826 1039 1878 ulla
1073 1825 1122 1878 in
1157 1839 1214 1879 re
1247 1827 1432 1892 possit,
1460 1832 1513 1877 et
1539 1823 1656 1893 qui-
1692 1825 1735 1884 li
1763 1823 1971 1878 erudito
2023 1824 2204 1878 labore
2257 1825 2358 1878 sibi
2405 1827 2471 1881 de
2515 1826 2830 1880 necessariis
2889 1829 3200 1896 prospicere
3250 1845 3340 1883 ue-

86 1916 200 1969 dem
234 1917 308 1969 ita
337 1923 397 1969 ut
422 1914 738 1969 necessitate
761 1929 827 1968 eo
850 1914 1192 1968 adducamur.
1213 1915 1290 1968 Ac
1315 1927 1442 1967 sane
1461 1912 1553 1982 pii,
1573 1913 1660 1981 qui

89 2007 368 2060 mendacio
398 2005 515 2060 utili
545 2014 598 2060 et
629 2005 934 2060 necessario
955 2005 1242 2073 aliquando
1276 2004 1354 2057 usi
1385 2011 1530 2068 sunt,
1561 2016 1661 2056 no-

92 2097 312 2150 luissent
355 2103 534 2149 tamen
594 2095 854 2164 peierare,
911 2095 1294 2162 ghlasphemare
1339 2102 1434 2148 aut
1510 2093 1664 2162 quid-

95 2202 241 2254 quam
269 2186 416 2239 aliud
440 2187 612 2240 lacere
635 2186 776 2254 quod
825 2185 1002 2239 divina
1048 2187 1166 2252 lege
1194 2185 1517 2254 prohibitum
1560 2187 1658 2248 sit;

101 2279 390 2344 multosque
442 2276 734 2330 etiamnum
772 2275 930 2330 hodie
960 2277 1037 2330 sic
1084 2275 1302 2330 affectos
1352 2291 1473 2331 esse
1513 2285 1661 2344 puto.

104 2370 203 2424 lloc
261 2369 460 2438 posito,
508 2377 765 2423 corruunt
815 2383 935 2435 quin
979 2368 1454 2436 paratragmdiatur
1482 2380 1664 2422 orator

107 2460 334 2523 Numida,
368 2460 415 2514 si
443 2461 607 2514 semel
641 2460 965 2513 concedatur
987 2459 1271 2529 aliquando
1314 2460 1475 2514 licere
1509 2476 1660 2514 men-

112 2551 246 2605 dacio
275 2551 370 2616 uti,
399 2552 512 2605 lore
545 2561 598 2603 ut
621 2549 689 2604 ad
719 2549 944 2618 perjuria
979 2563 1032 2606 et
1062 2551 1437 2621 blasphemias,
1473 2552 1580 2606 imo
1610 2561 1665 2608 et

110 2642 164 2694 ad
211 2653 387 2710 stupra
439 2641 755 2695 deveniatur
795 2657 811 2695 :
855 2656 974 2694 cum
1026 2641 1137 2696 hzec
1170 2641 1464 2710 proderunt
1495 2644 1558 2697 iis
1611 2645 1662 2697 in

111 2747 315 2799 quorum
341 2734 566 2800 gratiam
591 2733 955 2786 admittentur.
975 2731 1125 2784 Talia
1139 2733 1510 2785 con-tendimus
1532 2746 1667 2785 sem-

110 2840 194 2892 per
223 2839 339 2879 esse
369 2826 534 2890 mala,
563 2841 662 2880 nec
689 2841 917 2894 unquam
951 2839 1106 2894 posse
1139 2825 1410 2893 prodessc,
1440 2826 1664 2893 qu'cun-

109 2934 199 2984 que
226 2917 450 2987 tingatur
480 2932 634 2972 caSuS
657 2936 669 2983 ;
703 2933 802 2972 nec
827 2928 909 2972 est
935 2918 1174 2985 ejusdem
1199 2928 1405 2972 natura:
1438 2917 1663 2971 menda-

109 3010 234 3062 cium
264 3010 314 3063 in
360 3010 783 3064 indiilerentibus
823 3011 985 3064 situm
1030 3010 1211 3075 rebus,
1260 3026 1376 3078 quze
1406 3010 1470 3062 ad
1497 3010 1665 3062 virtu-

111 3111 203 3154 tem
233 3113 322 3155 aut
352 3103 629 3158 veritatem
660 3103 712 3157 in
744 3118 937 3171 genere
959 3113 1252 3172 spectatam
1283 3101 1414 3156 nihil
1441 3101 1658 3155 iaciunt.

1769 1923 1986 1982 queant,
2020 1924 2110 1968 aut
2146 1914 2288 1984 digni
2323 1929 2444 1970 esse
2475 1917 2664 1984 quibus
2703 1917 2776 1972 ab
2803 1917 2920 1970 aliis
2965 1920 3338 1985 prostsiciatur,
3367 1945 3371 1952 ~

1768 2021 2019 2060 manuum
2047 2020 2263 2061 suarum
2288 2020 2450 2075 opera
2486 2006 2620 2061 hanc
2651 2007 2702 2061 in
2737 2022 2846 2061 rem
2878 2017 3110 2062 utuntur.

2232 2099 2877 2155 ANIMADVERSIONES
3073 2091 3078 2095 “

2032 2207 2082 2243 In
2132 2206 2322 2244 Ltunuu
2375 2207 2438 2244 ne
2484 2187 2617 2244 Cum
2662 2206 2762 2244 [ιιιο
2814 2206 3062 2246 uourUIs.

1837 2277 1964 2348 Cap.
1993 2279 2044 2344 l,
2066 2279 2091 2350 §
2117 2280 2171 2332 2.
2206 2281 2417 2334 Prolato
2441 2281 2555 2334 loco
2588 2280 2627 2333 ll
2651 2280 2775 2334 Cor.
2802 2297 2851 2347 ν,
2883 2282 2968 2348 lt),
2995 2283 3079 2337 ubi
3112 2284 3179 2336 ita
3204 2284 3340 2351 Apo-

1767 2370 1969 2422 stolus:
2007 2369 2192 2423 Omnes
2223 2371 2354 2422 enim
2393 2372 2673 2424 astabimus
2717 2382 2832 2425 ante
2864 2372 3085 2425 tribunal
3131 2373 3342 2438 Christi,
3375 2375 3377 2378 ’

1768 2468 1820 2512 ut
1843 2461 1972 2528 [erat
1999 2463 2341 2531 unusquisque
2368 2463 2646 2515 secundum
2677 2478 2734 2514 ea
2765 2479 2877 2530 quae
2899 2479 2987 2532 per
3017 2479 3201 2531 corpus
3224 2481 3339 2532 ges-

1765 2553 1850 2617 sit,
1875 2552 1975 2604 sive
2000 2551 2207 2616 bonum,
2230 2552 2332 2604 sive
2362 2552 2580 2617 malum;
2609 2567 2672 2605 ex
2706 2567 2814 2620 quo
2843 2553 3176 2622 singulorum
3222 2565 3344 2622 post-

1769 2652 1996 2698 mortem
2037 2653 2234 2698 sortem
2268 2657 2487 2711 prorsus
2531 2646 2763 2712 pendere
2805 2660 2870 2698 ex
2913 2654 3172 2700 anteacta:
3219 2648 3343 2700 vita:

1769 2735 1974 2788 ratione
2001 2735 2184 2803 liquet,
2231 2737 2370 2788 unde
2403 2737 2727 2802 sequebatur
2757 2749 2941 2804 preces
2987 2752 3082 2804 pro
3120 2740 3346 2791 metuis

1770 2827 1955 2880 inanes
1985 2840 2126 2889 esse,
2158 2827 2232 2880 sic
2258 2827 2546 2892 reSpondct
2571 2826 2898 2894 Augustinus
2937 2844 2947 2877 :
2982 2825 3108 2879 Παέ
3135 2829 3204 2879 ita
3245 2829 3347 2881 sol-

1767 2918 1898 2969 vitur
1927 2918 2154 2985 quaestio,
2180 2918 2416 2986 quoniam
2446 2918 2663 2985 quodam
2704 2917 2819 2970 titce
2843 2933 3020 2986 genere
3041 2919 3345 2986 acquiritur,

1768 3011 1890 3062 dum
1919 3011 1969 3062 in
1993 3011 2085 3062 hoc
2112 3026 2322 3077 corpore
2349 3010 2552 3073 vivitur,
2575 3017 2630 3061 ut
2655 3010 2848 3079 aliquid
2871 3011 3111 3080 adjuvant
3135 3012 3231 3065 ista
3256 3013 3344 3064 de-

1772 3101 1973 3168 functos
1989 3115 2007 3164 ,'
2035 3116 2094 3152 ac
2122 3117 2209 3169 per
2237 3098 2350 3164 hoc,
2383 3102 2659 3153 secundant
2691 3118 2749 3153 ea
2775 3117 2885 3169 qua:
2913 3119 3001 3172 per
3034 3119 3219 3168 corpus
3234 3120 3346 3175 ges-

109 3194 166 3245 At
193 3193 430 3256 damnat,
480 3193 712 3262 inquies,
753 3193 1027 3261 Scriptura
1079 3195 1152 3247 uti
1200 3205 1464 3262 stuprum,
1502 3193 1571 3246 ita
1611 3203 1662 3247 et
1690 3183 1734 3245 C
1767 3198 1958 3253 serunt,
1986 3191 2059 3244 eis
2087 3207 2198 3259 qua:
2222 3201 2332 3259 post
2356 3206 2539 3261 corpus
2561 3191 2795 3261 religiose
2822 3199 2915 3258 pro
2944 3193 3044 3247 illis
3071 3195 3206 3264 facta
3235 3195 3349 3262 [ue-

110 3283 452 3337 mcndacium.
516 3282 802 3348 Nimirum,
867 3284 1104 3348 noxium,
1163 3292 1218 3337 et
1264 3283 1404 3352 quod
1465 3283 1664 3337 litaui-

109 3389 186 3426 uto
237 3373 493 3438 nocendi;
547 3389 667 3428 nam
716 3373 816 3428 hoc
855 3388 1066 3442 semper
1095 3385 1175 3429 est
1202 3376 1527 3428 contrarium
1568 3376 1666 3427 hu-

109 3480 265 3520 mante
285 3467 557 3520 societatis
593 3466 816 3534 legibus,
848 3466 1293 3534 quemadmodum
1322 3476 1374 3520 ct
1398 3477 1664 3532 stuprum.

109 3555 336 3623 Exempli
384 3545 566 3620 causa,
613 3557 771 3610 veba
821 3557 1008 3624 psalta:
1046 3556 1178 3621 psal.
1220 3571 1270 3619 v,
1317 3557 1372 3619 6,
1406 3557 1456 3607 7.
1502 3556 1668 3608 Odisti

108 3663 266 3699 attines
308 3648 397 3717 qui
446 3656 722 3717 operantur
767 3647 1118 3714 iniquitatem;
1163 3646 1340 3712 perdes
1381 3662 1550 3699 omnes
1581 3647 1666 3713 qui

106 3738 370 3807 loquuntur
416 3739 771 3804 mendacium;
814 3741 974 3793 virum
1003 3740 1307 3807 sanguinum
1337 3747 1381 3790 et
1429 3737 1663 3790 dolosum

105 3831 467 3883 abominabitur
497 3830 782 3896 Dominus;
813 3831 929 3900 quis
959 3831 1424 3899 dubitetspeclare
1443 3829 1661 3883 fraudu-

105 3921 296 3976 lentum
347 3923 708 3991 mendacium,
751 3926 803 3978 in
848 3922 1224 3977 detrimentum
1279 3923 1672 3991 perniciemque

103 4013 317 4068 aliorum
349 4015 746 4084 excogitatum?
774 4014 972 4068 Verum
1006 4013 1119 4066 htec
1150 4014 1278 4066 satis
1309 4026 1598 4080 superuue.

575 4146 1126 4204 ANIMADVERSION
1136 4147 1217 4201 ES

365 4281 418 4319 11⁸1
467 4279 660 4318 LIBRI“!
707 4279 773 4317 DE
823 4278 990 4318 OPl-ZRE
1028 4274 1404 4315 MONACDORUM.

163 4378 358 4433 Notum
388 4388 469 4433 est
503 4393 597 4447 per
626 4377 896 4433 Orientem
923 4391 1123 4446 perque
1163 4374 1421 4438 Africam,
1453 4373 1536 4426 ubi
1563 4372 1672 4442 pri-

101 4486 241 4524 mum
275 4472 510 4542 ingentia
537 4471 920 4533 monachorum
946 4468 1191 4524 examina
1223 4481 1342 4521 esse
1370 4473 1668 4533 coeperunt,

1720 3305 1722 3307 -
1770 3281 1870 3334 rint
1896 3280 2227 3350 adjuvantur.
2276 3280 2380 3335 Sed
2414 3283 2587 3335 locum
2627 3282 2863 3351 aliquem
2897 3283 3208 3353 Scriptum,
3256 3295 3348 3338 aut

1771 3373 2148 3427 revelationem
2180 3383 2380 3428 certam
2410 3374 2545 3427 hanc
2581 3380 2628 3427 in
2662 3390 2774 3428 rem
2818 3374 3045 3442 proferri
3076 3376 3348 3444 oportuit;

1775 3467 1861 3534 qui
1895 3467 2037 3518 enim
2081 3474 2235 3519 norat
2276 3465 2604 3531 Augustinus
2629 3467 2730 3519 hoc
2754 3466 2890 3519 velle
2915 3466 3105 3530 Deum,
3137 3477 3194 3519 ut
3224 3482 3349 3533 prec

1773 3568 1863 3608 ces
1903 3555 2158 3608 Ecclesim
2187 3556 2390 3623 prosint
2430 3561 2551 3621 post
2597 3564 2822 3607 mortem
2870 3555 3171 3619 nonnullis;
3222 3570 3345 3608 eum

1773 3645 1936 3698 altum
1961 3645 2031 3698 sit
2057 3659 2116 3698 ea
2164 3646 2230 3698 de
2277 3659 2333 3697 rc
2364 3643 2660 3708 silentium,
2714 3653 2768 3698 et
2815 3644 3013 3711 ubique
3055 3628 3123 3697 ad
3170 3660 3349 3698 mores

1773 3735 2071 3805 prmteritos
2095 3733 2326 3788 defuncti
2356 3748 2472 3787 sors
2500 3729 2615 3800 ejus
2649 3743 2768 3802 post
2796 3743 3022 3788 mortem
3051 3735 3350 3789 referatur?

1774 3825 1888 3879 Non
1913 3827 2052 3879 enim
2083 3827 2218 3880 satis
2262 3835 2341 3879 est
2373 3825 2427 3879 ut
2460 3826 2625 3894 possit
2660 3826 2758 3880 hoc
2805 3825 2954 3890 ﬁeri;
2986 3841 3142 3896 quam
3187 3828 3349 3880 multa

1775 3917 1915 3971 enim
1950 3917 2090 3970 Deus
2120 3931 2222 3969 non
2248 3917 2377 3979 vult,
2408 3932 2526 3986 quae
2546 3918 2807 3984 potuisset
2833 3918 3011 3971 velle?
3044 3918 3349 3984 Suntenim,

1775 4009 1966 4077 inquit,
1996 4026 2119 4078 quos
2151 4010 2278 4062 nihil
2305 4009 2510 4062 omnino
2541 4009 2791 4080 adjuvant
2819 4011 2916 4063 ista
2947 4011 3226 4081 (Ecclesia:
3254 4027 3351 4080 pro

1776 4100 1840 4152 iis
1866 4100 2126 4154 defunctis
2155 4100 2608 4169 dcprecationes).
2633 4102 2736 4153 sive
2770 4117 2863 4168 pro
2896 4102 2957 4153 iis
2981 4103 3106 4168 [iant
3133 4119 3349 4171 quarunt

1775 4200 1877 4243 tam
1907 4193 2038 4243 mala
2065 4201 2180 4244 sunt
2216 4193 2416 4254 merita,
2457 4200 2509 4242 nt
2541 4207 2697 4259 neque
2736 4190 2917 4243 talibus
2945 4192 3085 4260 digni
3108 4194 3208 4245 sint
3257 4196 3351 4244 ad-

1765 4282 1982 4352 jttrari;
2025 4281 2125 4334 sive
2156 4299 2248 4349 pro
2290 4282 2359 4333 eis
2387 4295 2598 4348 quorum
2631 4289 2730 4332 tant
2760 4280 2909 4346 bona,
2943 4291 2993 4332 ut
3022 4280 3210 4333 talibus
3245 4297 3349 4334 non

1777 4375 2035 4440 indigeam
2068 4373 2399 4442 adjumentis.
2446 4372 2588 4427 Nihil
2623 4372 2821 4440 verius,
2855 4387 2976 4426 nam
3005 4387 3138 4440 quos
3167 4381 3350 4439 aperte

1775 4461 2031 4514 damnant
2061 4462 2202 4529 leges
2243 4461 2594 4529 Evangelicte.
2629 4462 2662 4515 ii
2693 4473 2912 4530 prOpter
2945 4476 3133 4531 preces
3163 4476 3350 4530 supcr-

101 4560 246 4615 initio
277 4539 371 4618 eos
400 4568 453 4616 in
482 4561 856 4616 solitudinibus
887 4563 997 4614 suis
1021 4559 1269 4613 manibus
1294 4559 1586 4619 laborasse,
1615 4563 1671 4607 ut
1698 4539 1750 4598 Β
1775 4555 1958 4607 stilum
1992 4553 2188 4607 servari
2222 4561 2518 4622 nequeunt;
2544 4561 2596 4606 et
2625 4567 2758 4622 quos
2786 4564 2968 4621 aperte
2989 4560 3228 4608 servatos
3259 4566 3353 4603 vo-

101 4664 311 4710 tenuem
337 4655 530 4709 saltem
555 4654 750 4708 victum
774 4653 875 4707 sibi
903 4657 1298 4721 compararent.
1331 4650 1438 4706 Sed
1469 4663 1591 4702 cum
1618 4647 1670 4698 in

103 4746 254 4799 urbes
280 4746 580 4814 irrumpere
595 4743 1224 4811 cmpcruut,_maluerunt,
1245 4741 1427 4794 labore
1452 4739 1544 4793 illo
1568 4737 1676 4791 sel-

104 4833 292 4890 lulario
320 4837 542 4899 omisso,
575 4850 646 4890 ex
696 4832 1058 4887 oblationibus
1088 4831 1461 4899 religiosorum
1503 4829 1674 4881 homi-

108 4941 224 4979 num
260 4927 474 4990 vivere;
507 4941 570 4980 ex
601 4925 791 4993 quibus
824 4923 1059 4986 tandem,
1104 4930 1161 4975 nt
1187 4922 1451 4984 videmus,
1500 4919 1671 4971 maxi-

109 5032 212 5070 mas
240 5033 370 5087 opes
401 5019 503 5072 sibi
527 5018 844 5082 conl‘larunt,
876 5017 1172 5085 prcesertim
1215 5014 1543 5079 antiquiores
1581 5027 1674 5062 orn

113 5107 271 5163 diues.
296 5110 496 5163 Contra
527 5109 692 5162 hosce
719 5109 964 5162 homines
990 5108 1092 5161 hoc
1117 5104 1452 5175 opusculum,
1488 5111 1675 5171 rogatu

115 5200 300 5255 Aurelii
353 5199 811 5269 Carthaginiensis
857 5199 1114 5268 episcOpi,
1165 5197 1376 5266 scripsit
1428 5196 1676 5263 Augusti-

116 5295 227 5352 nus;
260 5292 413 5358 cujus
439 5299 811 5358 argumentum
840 5289 1039 5356 optime
1064 5296 1446 5356 expresserunt
1478 5301 1670 5339 mona-

116 5380 187 5432 chi
216 5381 568 5436 Benedictini.
606 5379 857 5444 Primum,
903 5379 1166 5447 inquiunt,
1194 5379 1505 5431 demonstrat
1543 5379 1676 5445 Apo-

116 5465 278 5524 stolum
305 5474 507 5526 dedisse
533 5472 687 5527 servis
732 5470 825 5524 Dei
851 5479 1158 5540 prccceptum
1199 5478 1245 5521 et
1275 5470 1557 5537 exentplum
1588 5469 1671 5537 fa—

115 5567 262 5618 ciendi
282 5566 452 5635 aperis
478 5563 778 5635 corporalis,
797 5579 893 5629 quo
919 5562 1102 5615 victum
1122 5570 1165 5614 et
1189 5562 1415 5614 vestitum
1438 5561 1530 5613 sibi
1558 5576 1675 5627 pro-

115 5665 349 5710 curarent.
404 5653 600 5708 Deinde
646 5655 864 5707 ostcndit
918 5651 1199 5724 crangclica
1255 5653 1344 5706 illa
1395 5663 1670 5720 pra’cep'a,

115 5750 232 5807 unde
248 5765 394 5807 suam
427 5746 660 5802 monac/ti
691 5744 766 5798 illi
789 5761 890 5798 non
920 5746 1078 5796 solum
1105 5743 1374 5808 desidiam,
1406 5741 1493 5793 scd
1524 5742 1672 5795 etiam

1783 4646 1915 4707 lunt,
1943 4646 1976 4699 ii
2005 4662 2107 4701 non
2134 4645 2311 4700 minus
2333 4647 2708 4710 servabuntur,
2732 4647 2773 4700 si
2801 4654 3008 4699 taceant
3033 4643 3352 4711 superstites

1783 4753 1938 4806 quam
1980 4737 2023 4791 si
2065 4749 2239 4792 orent.
2271 4737 2377 4792 Sed
2418 4737 2598 4807 judice
2645 4736 2963 4804 Augustino,
3013 4742 3134 4787 sunt
3181 4733 3347 4787 medii

1782 4827 1993 4895 quidam
2026 4830 2236 4896 generis
2267 4829 2456 4896 quibus
2489 4834 2707 4894 prosunt
2751 4837 2932 4890 preces
2986 4821 3274 4888 Ecclesito;
3299 4834 3353 4876 at

1784 4920 1883 4972 hoc
1912 4918 2236 4984 probandum
2278 4917 2323 4969 ei
2357 4917 2474 4980 fuit,
2505 4929 2624 4967 nam
2659 4913 2820 4964 Deum
2845 4925 3000 4966 orare
3030 4922 3084 4965 ut
3110 4914 3176 4965 iis
3203 4914 3352 4982 igno-
3389 4960 3398 4973 τ

1781 5019 1894 5063 seat
1922 5009 1984 5062 de
2023 5007 2216 5075 quibus
2250 5008 2379 5058 nihil
2409 5003 2675 5074 promisit,
2714 5013 2795 5056 est
2839 5003 2999 5058 verba
3029 5005 3272 5073 perdere,
3299 5016 3355 5060 et
3401 5071 3404 5074 ,

1780 5100 2004 5151 lortas~e
2046 5097 2206 5150 etiam
2257 5109 2378 5146 eum
2424 5093 2714 5158 ollendere,
2756 5094 2846 5162 qui
2876 5095 2979 5146 coli
3022 5094 3130 5147 vult
3156 5110 3260 5148 non
3296 5105 3353 5148 ut

1782 5191 2087 5244 hominibus
2135 5185 2366 5249 videtur,
2394 5184 2484 5238 sed
2518 5193 2573 5237 ut
2613 5184 2723 5254 ipse
2749 5185 2931 5253 jussit.
2961 5185 3129 5238 AlTert
3175 5194 3354 5238 tamen

1781 5291 1961 5348 postea
1998 5279 2353 5347 llipponens‘s
2383 5275 2666 5345 episc0pus
2711 5277 2884 5332 locum
2926 5277 3098 5330 Maeli.
3132 5292 3228 5338 xu,
3259 5276 3345 5340 45,

1781 5385 1834 5427 ct
1859 5375 1912 5426 in
1953 5372 2387 5435 Mar/tabtvorum,
2439 5369 2628 5438 inquit,
2689 5371 2827 5422 libris
2875 5369 3087 5438 legimus
3128 5367 3352 5418 oblatum

1781 5481 1873 5534 pro
1925 5465 2136 5517 mortuis
2188 5463 2518 5529 sacri/icium.
2570 5461 2676 5514 Sed
2707 5462 2794 5514 ubi
2831 5461 2911 5514 lex
2941 5459 3061 5512 talia
3089 5456 3352 5508 sacrificia

1775 5556 1956 5625 jussit,
1991 5565 2077 5606 aut
2108 5553 2192 5607 ubi
2230 5552 2367 5606 Deus
2413 5567 2472 5605 se
2499 5549 2796 5604 adinventis
2823 5549 2890 5600 ab
2920 5546 3226 5599 hominibus
3260 5560 3350 5599 sa-

1780 5645 1884 5700 cris
1915 5643 2197 5714 propitium
2230 5640 2342 5694 fore
2373 5639 2650 5708 promisit?
2677 5636 2967 5704 Nusquam.
2998 5634 3122 5700 Sed,
3157 5635 3346 5702 inquit,

1782 5748 1824 5790 et
1856 5739 1896 5792 si
1941 5750 2189 5804 nusquam
2239 5734 2290 5785 in
2327 5728 2604 5798 Scripturis
2628 5726 2872 5790 vetcriaus
2903 5725 3058 5795 (adde
3083 5733 3138 5784 et
3170 5725 3347 5794 novis)
