3900 6318
549 373 656 428 455

1433 366 1983 426 SUPPLEMENTUM
2025 369 2114 425 AD
2152 370 2381 427 ornati
2422 372 2479 427 s.
2523 369 2906 428 AUGUSTINI.
3289 327 3304 335 ’
3663 333 3753 436 ιὲθ

551 481 756 537 omnino
799 478 1070 552 legeretur,
1105 495 1204 542 non
1258 494 1417 548 parua
1452 487 1524 532 est
1555 479 1801 534 universae
1849 479 2114 546 Ecclesite,
2143 483 2193 542 Α
2225 482 2354 537 Sunt
2383 485 2514 536 enim
2540 485 2627 552 qui
2647 500 2757 537 eam
2780 483 3001 536 tribuant
3022 482 3203 537 viribus
3229 485 3504 538 voluntatis
3527 485 3753 558 humana»,

549 586 662 635 quae
686 572 738 622 in
762 569 857 622 hac
881 569 1242 622 consuetudine
1269 569 1445 631 claret,
1478 567 1774 630 auctoritas,
1809 568 1892 620 ubi
1921 568 1974 620 in
2003 584 2120 636 pre-

551 659 688 710 cibus
709 659 984 712 sacerdotis
1005 673 1116 726 qua:
1136 656 1353 710 Domino
1376 656 1482 710 Deo
1499 656 1568 708 ad
1586 659 1697 725 ejus
1713 658 1872 711 altare
1893 658 2119 726 {urtdun-

552 756 657 811 tur,
688 748 854 800 locum
874 762 1022 798 suum
1044 745 1188 797 habet
1217 746 1366 798 etiam
1388 747 1754 800 commendatio
1781 757 2114 800 mortuorum.

551 836 622 888 At
649 836 769 904 quis
794 835 1047 891 docuerat
1069 837 1422 904 Augustinum
1464 851 1493 889 a
1524 837 1854 906 temporibus
1893 841 2120 908 Aposto-

555 925 729 979 lorum
759 926 930 980 nullas
959 939 1144 992 pravas
1166 925 1446 993 opiniones
1469 941 1532 980 ac
1557 929 1970 983 consuetudines
1997 944 2121 984 sen-

552 1015 654 1069 sim
685 1018 926 1084 irrepere
970 1016 1241 1084 potuisse?
1297 1016 1510 1071 Nullum
1542 1018 1638 1072 Dei
1663 1019 1856 1088 legitur
1884 1019 2022 1074 banc
2064 1019 2120 1072 in

555 1119 667 1158 rem
700 1106 1048 1171 promissum;
1103 1105 1397 1174 eademque
1441 1115 1523 1160 est
1560 1109 1696 1161 ratio
1747 1109 2020 1161 hominum
2067 1107 2118 1161 in

555 1196 934 1263 rempublicam
952 1197 1388 1264 ecclesiasticam,
1401 1212 1462 1252 ac
1487 1199 1538 1251 in
1561 1199 1770 1254 civilem
1788 1201 2120 1267 coeuntium,

558 1300 657 1340 nec
696 1287 748 1340 in
773 1289 926 1351 hanc,
956 1287 1124 1356 magis
1151 1302 1311 1357 quam
1351 1289 1403 1342 in
1431 1290 1674 1353 alteram,
1710 1291 1861 1344 malas
1892 1306 2122 1346 consue-

557 1377 769 1431 tudioes
797 1376 995 1432 sensim
1045 1378 1283 1447 irrepere
1330 1388 1573 1447 possunt.
1612 1381 1764 1446 Quod
1804 1395 1869 1434 eo
1915 1381 2122 1436 facilius

557 1468 804 1536 contigit,
829 1468 970 1536 quod
999 1485 1120 1524 cum
1151 1470 1467 1539 quibusdam
1496 1472 1969 1528 consuetudinibus
2012 1489 2125 1527 ma-

556 1570 716 1623 gnum
746 1565 798 1609 et
823 1565 1027 1611 certum
1059 1559 1262 1612 lucrum
1293 1560 1774 1614 ecclesiasticarum
1805 1571 1948 1616 esset
1986 1577 2121 1616 eon-

555 1648 828 1715 junctum;
877 1651 1050 1718 qualis
1098 1660 1178 1704 est
1207 1650 1512 1718 deprecatio
1565 1667 1662 1720 pro
1713 1655 1957 1716 mortuis,
2003 1668 2125 1721 quae

556 1755 698 1793 nunc
730 1755 921 1809 magno
951 1757 1080 1807 mre,
1101 1757 1197 1810 per
1227 1751 1391 1795 totum
1420 1743 1783 1808 Occidentem,
1825 1744 2122 1798 redimitur.

2220 590 2321 628 non
2352 589 2475 642 quas
2499 575 2645 627 habet
2667 591 2729 628 ea:
2755 575 2923 628 divino
2947 575 3229 642 adiutorio,
3257 576 3345 627 sed
3374 591 3499 644 quas
3541 593 3599 629 ea:
3625 580 3755 636 libero

2220 666 2480 734 arbitrio.]
2507 667 2579 719 Ex
2609 681 2714 735 quo
2744 665 3066 734 Augustinus
3090 675 3329 733 cmperat
3361 680 3481 720 cum
3504 667 3758 726 Donatistis

2220 765 2276 809 et
2305 755 2604 824 Pelagianis
2642 755 2940 824 digladiari,
2976 769 3070 809 eos
3095 758 3369 830 εὐκαίρως,
3403 759 3632 832 ἀκαίρως,
3659 760 3757 814 ubi-

2221 861 2324 914 que
2359 845 2664 914 aggreditur
2692 853 2748 899 et
2773 844 3083 911 insectatur,
3115 846 3284 899 etiam
3325 845 3414 898 ubi
3443 847 3613 902 simile
3651 849 3760 903 nihil

2221 947 2602 1006 exspectares:
2654 936 3097 1007 quemadmodum
3133 937 3328 992 Cicero
3368 937 3672 993 Catilinaria:
3699 941 3758 994 fa-

2221 1029 2414 1083 ctionis
2449 1030 2719 1098 reliquias.
2757 1029 2832 1082 Ae
2881 1042 3010 1083 sane
3046 1028 3201 1083 facile
3236 1037 3383 1093 erat;
3416 1044 3534 1083 nam
3579 1046 3759 1100 semper

2223 1123 2410 1178 eadem
2443 1123 2842 1190 repetebantur,
2873 1122 3166 1190 eademque
3191 1120 3399 1174 invidia
3423 1122 3628 1176 miseris
3653 1138 3759 1177 eon-

2223 1215 2465 1268 flabatur.
2497 1214 2587 1269 Sic
2634 1215 2718 1268 hic
2740 1214 2808 1268 ita
2851 1213 3131 1281 distinguit
3175 1214 3496 1282 adjutorium
3519 1213 3629 1279 Dei,
3661 1229 3686 1267 a
3712 1216 3760 1265 ti-

2223 1307 2338 1360 bero
2351 1305 2577 1366 arbitrio.
2605 1305 2754 1374 quasi
2783 1305 2883 1358 hoc
2910 1318 3120 1373 quoque
3153 1319 3263 1358 non
3295 1313 3440 1358 esset
3460 1303 3642 1357 donum
3664 1304 3759 1368 Dei,

2225 1397 2444 1451 minime
2475 1396 2722 1465 patientis
2752 1395 3022 1449 hominem
3046 1394 3099 1449 in
3128 1393 3546 1448 immedicabilia
3576 1409 3760 1462 prorsus

2227 1488 2351 1540 vitia
2384 1487 2640 1550 incidere,
2675 1487 2798 1552 quia
2826 1485 3090 1541 beneficio
3114 1484 3430 1538 facultatum
3451 1499 3479 1535 a
3509 1484 3612 1537 Deo
3635 1499 3760 1540 acce-

2225 1588 2434 1646 ptarum
2477 1592 2692 1643 semper
2735 1585 2910 1644 potest
2959 1575 3118 1629 homo
3167 1590 3254 1638 ea,
3288 1575 3334 1628 si
3379 1589 3482 1627 non
3521 1574 3697 1639 subito,
3721 1584 3760 1628 at

2225 1668 2423 1722 sensim
2450 1667 2682 1720 vincere.
2722 1667 2792 1720 ita
2827 1666 3050 1720 infamat
3082 1666 3424 1733 Pelagianos,
3453 1664 3596 1732 quasi
3633 1672 3761 1731 nega-

2231 1767 2352 1811 rent
2379 1757 2766 1827 implorandum
2796 1757 3058 1809 auxilium
3089 1757 3358 1819 divinum,
3388 1769 3503 1806 eum
3530 1768 3584 1808 se
3612 1753 3655 1807 id
3677 1754 3756 1805 im-

558 1829 634 1883 De
661 1830 866 1898 origine
899 1846 1115 1898 precum
1158 1847 1254 1900 pro
1283 1833 1511 1887 mortuis
1561 1833 1684 1889 vide
1721 1835 1877 1889 Joan.
1924 1833 2122 1890 Feilum

2236 1849 2445 1916 plet-are
2475 1848 2871 1915 profiterentur,
2905 1855 3060 1914 atque
3098 1861 3162 1900 ex
3194 1845 3437 1899 doctrina
3470 1859 3556 1896 sua
3583 1844 3764 1896 omnino

555 1920 620 1975 ad
648 1923 805 1991 epist.
841 1924 863 1976 l
890 1925 1164 1994 Cypriani.

846 2057 1189 2113 DESIDERII
1234 2058 1490 2114 ERASM'.
1527 2057 1840 2115 CENSURA

963 2163 1014 2201 IN
1061 2165 1254 2203 LIBRUM
1303 2165 1368 2202 DE
1419 2165 1714 2202 ΡΔΤΙΕΝΤΙΔ.

625 2261 906 2328 Augustini
939 2277 1041 2316 non
1069 2277 1189 2316 esse
1214 2261 1420 2329 phrasis
1450 2262 1644 2329 arguit,
1674 2275 1975 2330 congruens
2004 2275 2121 2313 cum

553 2365 612 2402 ea
659 2367 814 2416 quam
849 2352 1046 2404 habent
1087 2350 1254 2405 libelli
1285 2352 1610 2418 superiores.
1646 2351 1750 2405 Sed
1777 2351 1889 2402 vide
1917 2351 1981 2401 de
2027 2351 2121 2402 hac

553 2441 777 2492 Censura
804 2443 1214 2494 Admonitionem
1253 2442 1370 2493 huic
1398 2443 1525 2494 libro
1551 2441 1615 2493 ab
1660 2439 1935 2494 editoribus
1969 2439 2122 2492 Pari-

552 2533 792 2586 siensibus
813 2534 1098 2603 prrcﬁxam.
1132 2532 1422 2603 (Patinam)

939 2641 1732 2698 ANIMADVERSIONES

1062 2749 1112 2786 IN
1153 2747 1370 2786 EUHDEM
1409 2748 1620 2786 ιωιιυιι.

619 2842 750 2910 Cap.
785 2842 868 2906 15,
909 2841 935 2912 §
968 2843 1052 2895 1'2.
1079 2842 1186 2897 Sed
1230 2858 1346 2896 uera
1396 2842 1666 2910 patientia,
1705 2857 1820 2908 qua:
1850 2841 2002 2912 hujus
2052 2849 2125 2895 est

553 2935 751 2990 nomine
779 2935 935 3004 digna
963 2935 1181 3000 virtutis,
1224 2933 1553 3002 quwi'endum
1593 2945 1664 2987 est
1691 2934 1829 2987 unde
1868 2943 2119 2990 sumatur.

632 3072 708 3142 (a)
740 3072 1000 3138 Quoniam
1032 3069 1359 3142 Benedictini
1393 3085 1606 3142 omnes,
1632 3069 1794 3123 hosce
1820 3083 2118 3142 sermones,

556 3139 779 3211 quarum
835 3142 1099 3210 plerisque
1141 3144 1168 3194 9
1222 3140 1523 3207 przelixerat
1569 3140 1840 3204 Erasmus,
1881 3139 2119 3208 exceptis

2234 1936 2510 1991 deberent.
2543 1936 2648 1990 Sed
2692 1936 2808 1990 haec
2834 1936 2958 1990 alibi
2998 1935 3107 2004 jam
3152 1935 3454 2005 attigimus,
3482 1942 3533 1988 et
3576 1933 3765 1985 fortasse

2237 2029 2502 2097 copiosius
2524 2028 2886 2083 commodiore
2908 2029 3024 2082 loco
3050 2041 3459 2096 persequemur.
3490 2024 3630 2077 Nune
3652 2023 3759 2076 Satis

2234 2121 2306 2176 sit
2331 2137 2531 2175 morem
2579 2120 2859 2188 Augustini
2906 2119 3192 2187 indicasse,
3241 2134 3309 2172 ne
3352 2118 3469 2186 quis
3498 2115 3682 2170 dubitet
3711 2127 3763 2164 an

2232 2218 2346 2286 ejus
2377 2217 2447 2272 sit
2471 2217 2554 2271 hic
2582 2217 2812 2270 libellus.

2538 2344 2878 2401 DESIDERII
2920 2343 3176 2400 EliASMl
3220 2341 3532 2398 CENSURA

2478 2452 2528 2490 IN
2566 2450 2836 2489 SERDIONES
2877 2451 2942 2488 AD
2981 2449 3230 2488 FRATBES
3273 2449 3324 2487 IN
3366 2444 3542 2486 EBEIO

2308 2570 2490 2624 Oratio
2511 2577 2879 2623 consarcinata
2900 2582 2964 2622 ex
2994 2566 3292 2635 Augustini
3315 2564 3512 2632 regula,
3529 2558 3647 2613 nihil
3667 2557 3767 2610 ado-

2241 2651 2328 2730 qui
2373 2660 2572 2714 habens
2604 2659 2905 2728 Augustini.
2958 2656 3157 2711 Artifex
3195 2660 3302 2726 qui
3350 2654 3515 2715 finxit,
3551 2652 3640 2704 hoc
3684 2647 3766 2712 agit

2234 2761 2294 2805 ut
2337 2751 2584 2805 ordinem
2615 2751 2702 2818 qui
2751 2749 3222 2819 Augustincnsium
3286 2747 3477 2800 dicitur
3519 2742 3625 2798 orbi
3650 2753 3765 2793 com-

2239 2843 2542 2898 mendaret.
2579 2843 2756 2910 Itaque
2799 2850 3056 2909 quotuuot
3105 2849 3228 2895 sunt
3290 2838 3445 2908 hujus
3495 2832 3700 2906 generis,
3745 2830 3764 2878 θ

2230 2933 2453 3002 prmﬁxo
2484 2932 2786 2986 notavimus
2814 2931 2910 2999 (a).

2248 3068 2462 3135 luobus,
2491 3069 2649 3122 obeio
2674 3067 2859 3122 critico
2900 3067 3234 3136 jugularunt,
3267 3065 3400 3119 nihil
3429 3077 3556 3130 opus
3573 3056 3759 3114 indicari

2225 3153 2319 3192 cos
2350 3152 2484 3207 quos
2513 3139 2590 3190 vir
2617 3153 2855 3192 summus
2875 3137 3174 3192 damnarat.
3203 3138 3488 3190 Pusnseou

562 3259 3753 3292 _____.___________._______________________________-_____._——-

1588 3374 1697 3447 ΙΝ
1761 3371 2150 3443 TOMUM
2201 3373 2767 3444 SEPTIMUM

869 3635 1168 3695 JOANNES
1199 3631 1578 3689 LODOVICUS
1602 3630 1798 3685 VIVES

550 3750 766 3798 INCLYTO
790 3747 1012 3787 NUNC]?!
1040 3741 1262 3782 HENRICO
1288 3740 1380 3777 γιιι
1437 3737 1638 3778 ΔΝῦιΙΒ
1693 3735 1832 3787 REGI,
1858 3733 2124 3774 UIBERNLB

1175 3809 1391 3860 nomne,
1421 3803 1525 3846 etc.

619 3917 694 3968 Ita
709 3915 1069 3979 comparatum
1091 3914 1171 3960 est
1199 3913 1386 3960 natura
1401 3902 1751 3957 humanorum
1765 3901 2119 3969 ingeniorum,

551 4006 846 4066 clarissime
874 4015 990 4066 rex,
1021 4008 1079 4052 ut
1107 3997 1228 4052 illos
1254 3997 1466 4052 demum
1490 4007 1617 4048 vere
1647 3999 1701 4047 et
1725 4006 1792 4046 ex
1817 3992 1996 4044 animo
2028 3988 2122 4043 ad—

549 4103 806 4158 miremur
829 4115 962 4170 quos
991 4101 1048 4155 in
1063 4114 1128 4153 ea
1156 4104 1410 4167 praestare
1439 4093 1682 4148 videmus
1710 4096 1826 4144 arte
1855 4103 1974 4156 qua:
2011 4100 2126 4139 ma-

548 4196 691 4249 xime
709 4193 860 4248 nobis
888 4193 1025 4248 inter
1041 4204 1229 4245 omnes
1255 4188 1430 4258 placet
1455 4199 1516 4239 ac
1557 4181 1831 4252 probatur.
1871 4175 1974 4232 Alii
2004 4176 2123 4230 aliis

547 4283 714 4340 dediti
727 4293 851 4339 sunt
861 4282 1048 4338 studiis
1059 4295 1121 4334 ac
1136 4273 1587 4334 exercitamentis.
1602 4271 1694 4326 Sic
1731 4268 1832 4322 fert
1847 4275 2034 4321 natura
2047 4279 2125 4319 re-

547 4392 688 4445 rum,
717 4385 774 4430 ut
805 4372 1173 4429 bacvarietate
1202 4369 1475 4438 speciosus
1487 4379 1548 4419 ac
1572 4361 1832 4418 mirabilis
1868 4359 2124 4414 consistat

546 4467 778 4523 mundus
796 4482 808 4517 :
825 4473 876 4519 et
889 4469 1149 4526 lamen,ut
1161 4457 1327 4527 inquit
1341 4454 1625 4521 ille,Suum
1639 4454 1818 4520 cuique
1831 4449 2121 4519 pulchrum.

546 4562 664 4616 Jam
685 4559 810 4614 olim
833 4554 1024 4624 opibus
1047 4560 1100 4606 et
1115 4549 1336 4617 imperio
1352 4557 1455 4601 tam
1477 4547 1582 4600 late
1605 4542 1822 4613 patenti,
1841 4555 1948 4596 non
1960 4538 2125 4593 armis

546 4649 869 4718 etsanguiue
880 4637 1220 4713 qumsito,sed
1231 4653 1260 4690 a
1278 4635 1584 4706 parentibus
1599 4647 1691 4700 per
1703 4643 1892 4684 manus
1905 4627 2122 4693 tradito,

546 4742 804 4796 etrobore
816 4735 978 4792 animi
992 4729 1414 4801 corporisque,et
1426 4725 1620 4777 virtute
1632 4718 1956 4785 bellica,tum
1969 4729 2125 4770 carus

546 4844 666 4884 eras
678 4829 949 4894 omnibus,
960 4834 1069 4879 tum
1082 4821 1242 4876 etiam
1269 4811 1656 4884 suSpiciendus.
1667 4808 1820 4863 Nunc
1839 4821 1968 4862 vero
1981 4814 2127 4875 post-

546 4935 704 4988 quam
715 4921 895 4984 etiam,
918 4924 1170 4986 quantum
1183 4896 1381 4981 ingenii
1395 4905 1594 4961 viribus
1606 4898 2125 4970 Studiisquesapien-

551 5012 640 5063 tiae
654 5009 858 5063 valeres
869 5008 1182 5061 documenta
1197 5000 1412 5064 dedisti,
1429 4996 1597 5066 major
1612 4992 1858 5049 litteratis
1881 4989 2126 5045 omnibus

547 5098 759 5170 cmpisti
788 5110 910 5151 esse
935 5110 999 5148 ac
1041 5093 1406 5148 admirabilior
1433 5105 1447 5141 :
1471 5102 1577 5144 non
1606 5085 1731 5156 quin
1757 5093 1810 5138 te
1828 5089 1986 5136 antea
2006 5093 2125 5148 per-

550 5189 726 5261 magni
750 5187 1104 5249 aastimarent;
1131 5182 1425 5252 pratsertim
1455 5192 1575 5234 cum
1594 5188 1776 5245 regno.
1807 5171 1960 5240 cujus
1982 5178 2125 5238 pote-

550 5298 660 5344 stas
679 5280 1032 5350 majestasque
1048 5275 1192 5330 estin
1210 5273 1366 5327 terris
1383 5269 1670 5326 secundum
1688 5267 1853 5321 Deum
1870 5262 2120 5324 maxima,

548 5374 712 5433 animi
775 5364 1116 5426 clementiam
1163 5361 1587 5430 probitatemque
1638 5353 1964 5424 adjunxeris,
2019 5364 2122 5419 quo

548 5469 726 5525 verior
744 5465 902 5520 ﬁeres
939 5453 1344 5528 expressiorque
1392 5458 1597 5504 naturae
1620 5445 1881 5513 Principis
1899 5443 2073 5509 imago
2105 5457 2117 5491 :

548 5560 636 5626 qui
661 5563 721 5610 ut
747 5555 1031 5616 maximus,
1061 5548 1131 5603 ita
1162 5554 1243 5600 est
1273 5553 1324 5598 et
1346 5540 1574 5609 optimus
1599 5553 1614 5603 ;
1645 5551 1707 5591 ac
1738 5537 1884 5604 prius
1911 5532 2122 5602 quidem

551 5649 783 5715 uptimus
810 5659 966 5714 quam
997 5641 1277 5697 maximus.
1313 5633 1417 5691 Sed
1466 5633 1556 5702 qui
1592 5629 1781 5686 Studiis
1807 5626 1970 5683 dediti
2022 5640 2123 5715 non

553 5713 776 5803 perinde
809 5713 892 5786 vel
920 5732 1128 5786 divitias
1153 5728 1476 5794 suspiciunt,
1511 5723 1591 5795 vel
1645 5719 1952 5789 potentiam,
1985 5713 2125 5784 quod

2148 3630 2196 3692 C
2226 3644 2373 3686 esses
2395 3629 2610 3700 quidem
2636 3630 2825 3694 bonus,
2879 3629 2932 3683 id
2984 3630 3036 3682 in
3093 3637 3144 3683 te
3186 3623 3683 3694 complectebantur,
3725 3620 3765 3667 et

2224 3734 2410 3774 amore
2436 3721 2888 3788 prosequebantur
2922 3717 3151 3787 ingenti;
3183 3717 3323 3786 quod
3347 3729 3436 3769 rex
3476 3725 3638 3773 esses,
3684 3718 3769 3758 non

2226 3813 2296 3866 ita
2325 3811 2695 3865 admirandum
2723 3810 3005 3873 ducebant,
3062 3823 3181 3862 cum
3210 3818 3265 3863 et
3298 3804 3512 3859 scelesti
3559 3798 3771 3855 homines

2222 3915 2366 3970 saepe
2390 3914 2544 3970 reges
2573 3900 2791 3967 iuerint,
2817 3897 3058 3967 corporis
3087 3898 3245 3951 etiam
3276 3892 3491 3948 dotibus
3542 3889 3770 3956 insignes.

2224 3993 2326 4048 Ubi
2364 4006 2490 4046 vero
2529 4000 2619 4045 tua
2666 3997 3119 4045 sacramentorum
3176 3983 3401 4040 assertio
3451 3978 3665 4048 prodiit,
3695 3987 3770 4043 qua

2226 4083 2360 4139 nihil
2398 4082 2481 4137 vel
2503 4079 2795 4150 elegantius
2821 4079 2933 4133 ﬁeri
2959 4086 3152 4147 potest,
3185 4076 3267 4130 vel
3319 4071 3518 4140 purius,
3553 4067 3635 4121 vel
3669 4078 3768 4118 san-

2225 4175 2383 4239 ctius,
2409 4181 2464 4228 et
2491 4186 2596 4227 uno
2643 4171 2719 4224 uti
2761 4169 2927 4225 verbo
2968 4168 3162 4231 dicam,
3195 4162 3568 4225 Christianius,
3616 4153 3769 4246 opinio

2224 4263 2507 4333 probitatis
2553 4261 2718 4316 animi
2775 4261 2849 4315 tui
2899 4257 3264 4313 conﬁrmatior
3317 4253 3520 4310 reddita
3569 4255 3682 4308 est,
3732 4253 3767 4291 SI

2227 4352 2387 4409 modo
2423 4352 2479 4408 id
2529 4352 2648 4407 tieri
2690 4358 2934 4421 poterat:
2964 4362 3083 4403 nam
3134 4346 3429 4403 certissima
3478 4335 3766 4421 ﬁrmissima-

2227 4459 2330 4514 que
2359 4443 2411 4498 in
2448 4420 2698 4498 omnium
2738 4441 2931 4494 animis
2972 4447 3085 4493 erat
3121 4437 3300 4491 multis
3351 4429 3602 4499 exemplis
3647 4420 3765 4475 vel!"

2225 4534 2390 4590 clavis
2436 4533 2616 4598 infixa,
2663 4540 2718 4586 et.
2751 4529 3031 4584 admiratio
3059 4527 3169 4596 jam
3197 4527 3336 4595 apud
3357 4534 3536 4578 omnes
3556 4515 3760 4605 suberit:

2229 4625 2431 4693 Nempe
2461 4631 2514 4677 et
2541 4594 2681 4689 apud
2712 4620 2831 4674 illos
2852 4620 2943 4687 qui
2990 4594 3220 4686 amplius
3235 4594 3614 4687 angustiusque
3657 4594 3761 4655 nihil

2227 4721 2411 4783 putant
2464 4712 2762 4779 potestate'
2807 4707 2974 4776 regia,
3021 4717 3076 4760 et
3129 4720 3225 4760 eos
3285 4707 3375 4775 qui
3443 4698 3643 4756 divitias
3689 4702 3762 4741 su-

2227 4817 2320 4871 pra
2346 4815 2432 4856 res
2460 4798 2734 4854 universas
2764 4796 3120 4858 constituunt;
3148 4803 3202 4849 et
3220 4795 3309 4864 qui
3352 4788 3580 4861 corporis
3605 4789 3760 4836 mune-

2227 4895 2394 4959 ribus,
2423 4893 2626 4958 formze,
2658 4889 2892 4952 lacertis,
2917 4886 3135 4956 agilitati
3185 4888 3468 4954 plurimum
3521 4877 3757 4959 tribuunt;

2154 4986 2202 5044 D
2229 4993 2284 5041 et
2310 4954 2399 5055 qui
2428 4983 2552 5039 belli
2581 4954 2771 5036 artium
2801 4985 2924 5032 sunt
2952 4954 3197 5042 studiosi,
3229 4976 3377 5030 velut
3422 4954 3757 5034 omnipotentis

2233 5087 2295 5128 ac
2324 5086 2500 5128 rerum
2537 5068 2736 5124 domini
2769 5084 2780 5120 :
2813 5079 2918 5134 quo
2940 5064 2999 5118 fit
3023 5073 3081 5119 ut
3113 5066 3354 5119 certatim
3395 5057 3757 5140 principesont'

2232 5178 2328 5218 nes
2354 5159 2638 5216 amicitiam
2664 5166 2857 5221 tecum,
2904 5154 3304 5223 quibuscunque
3350 5148 3545 5222 possint
3571 5137 3756 5234 rationi-

2231 5255 2331 5308 bus
2357 5252 2584 5318 viisque,
2609 5245 2844 5302 ambiant
2871 5263 2883 5298 :
2909 5259 3094 5298 omnes
3135 5242 3227 5296 tibi
3276 5243 3387 5296 sive
3420 5235 3623 5293 foedere,
3644 5233 3751 5326 sive.

2231 5343 2370 5415 quod
2400 5313 2633 5409 optatius
2660 5342 2779 5403 est,
2833 5337 3090 5406 sanguine
3135 5333 3285 5402 jungi
3313 5332 3621 5386 aﬂ‘ectanteS-
3662 5313 3754 5415 NEC

2233 5411 2552 5504 privatorum
2579 5429 2673 5482 tibi
2703 5428 2876 5482 studia
2897 5427 3106 5490 desunt,
3147 5439 3263 5492 quae
3291 5425 3402 5492 ipse
3447 5411 3752 5504 fulgorem?

2232 5497 2347 5581 rum
2377 5523 2626 5577 virtutum
2646 5517 2811 5573 facis:
2845 5517 2975 5570 alios
2997 5516 3313 5570 liberalitate
3333 5528 3424 5568 seu
3456 5497 3751 5572 magnificen-

2232 5617 2301 5670 tia
2334 5615 2510 5683 potius
2533 5610 2793 5676 alliciens,
2823 5608 2955 5663 alios
2986 5606 3305 5662 humanitate
3322 5619 3382 5659 ac
3395 5595 3629 5657 suavitate
3653 5591 3748 5683 "Nl:

2232 5674 2372 5776 tum,
2399 5712 2615 5763 cunctos
2644 5674 2921 5771 prudentia
2969 5709 3127 5769 atque
3166 5697 3385 5768 justitia,
3425 5686 3610 5747 duabus
3648 5674 3751 5728 νεΐο
