3900 6322
87 313 186 370 ιόἳ

795 306 1146 364 νιιιιυιιυιι
1189 301 1728 360 EXERCITATIONI

1831 300 1893 354 lN
1933 298 1991 354 S.
2035 294 2402 354 AUGUSTINI
2440 293 2682 350 OPERA.

3279 273 3388 353 t58'

84 428 253 498 regiis
273 423 589 479 virtutibus.
616 423 714 488 Qui
736 436 860 477 cum
883 424 1005 479 talis
1032 424 1127 488 sis,
1147 423 1388 492 profecto
1411 419 1688 490 impuden-
1719 421 1761 480 Α
1792 419 1948 484 quale
1975 418 2245 488 specimen
2273 415 2630 481 columenque
2663 408 2974 478 reipublicae
3028 403 3380 462 Christianas!

85 526 218 576 tiam
249 533 429 574 meam
460 517 655 580 fateor,
687 530 833 583 smpe
862 529 1084 570 numero
1111 515 1206 568 tibi
1256 516 1592 568 innotescere
1621 512 1698 565 af-

87 609 328 664 fcctavi:
363 610 643 676 quoniam,
680 606 792 659 hare
827 615 908 660 est
935 620 1052 659 mea
1090 603 1377 665 sententia,
1428 603 1542 655 laus
1592 616 1696 654 non

87 698 390 754 mediocris
407 696 504 749 tibi
531 695 618 748 vel
647 703 830 748 notum
870 707 1006 747 esse.
1045 693 1105 746 Et
1155 707 1273 746 cum
1301 692 1435 744 alias
1486 703 1700 758 semper

88 788 332 842 defuerit
360 785 603 849 occasio,
639 797 782 836 nunc
811 783 983 850 seipsa
1011 793 1201 850 sponte
1243 781 1454 845 obtulit,
1504 781 1701 849 paratis

91 897 117 933 a
151 893 243 932 me
268 877 324 930 in
346 874 632 943 Augustini
664 874 828 928 libros
856 873 924 926 de
961 874 1188 928 Civitate
1242 872 1332 925 Dei
1375 880 1703 926 commenta-

96 970 208 1033 riis,
245 981 391 1035 quos
419 980 542 1020 cum
577 964 900 1032 dispicerem
927 963 1214 1017 cuidicare
1251 963 1329 1016 sic
1382 975 1613 1030 possem,
1647 969 1704 1015 ut

100 1071 204 1112 tum
234 1057 482 1127 aliquam
515 1056 630 1123 ipse
655 1055 858 1109 laboris
885 1055 986 1108 mei
1010 1053 1235 1122 gratiam
1260 1051 1450 1107 inirem
1467 1066 1570 1106 non
1590 1066 1704 1105 om-

100 1150 221 1201 nino
247 1146 713 1202 contemnendam
747 1160 762 1198 :
803 1155 911 1198 tum
959 1145 1046 1198 cui
1100 1143 1426 1206 dicarentur,
1458 1158 1562 1196 non
1591 1157 1706 1212 pero

103 1242 220 1295 inde
267 1241 485 1294 litteras
528 1239 645 1293 dari
677 1239 1034 1302 existimaret,
1065 1251 1128 1290 ac
1150 1236 1396 1306 stipulas,
1430 1244 1486 1290 et
1513 1235 1703 1300 libros,

103 1348 162 1386 ac.
184 1330 443 1386 sarcinas
479 1344 764 1398 capsarum
794 1327 1078 1392 molestas;
1133 1335 1244 1380 tum
1284 1325 1444 1380 etiam
1484 1339 1584 1379 ceu
1639 1325 1707 1378 ad

102 1435 385 1475 censorem
412 1423 790 1488 gravissimum
815 1419 1115 1482 mitterem;
1149 1418 1239 1486 qui
1270 1432 1404 1472 unus
1429 1418 1471 1470 si
1511 1432 1706 1486 appro.

106 1515 304 1576 basset,
331 1512 608 1581 sulIragiis
634 1511 878 1565 omnium
901 1508 1108 1578 probati
1130 1507 1596 1576 commendatique
1627 1509 1709 1562 vi-

104 1605 386 1667 derentur,
448 1602 564 1670 ipse
593 1602 776 1655 multis
813 1599 1118 1654 nominibus
1172 1597 1576 1666 rationibusque
1621 1612 1711 1652 oc-

105 1697 340 1750 rurristi.
373 1693 639 1756 Primum,
668 1690 806 1761 quod
834 1705 895 1745 ea
948 1705 1006 1744 es
1038 1690 1234 1742 virtu-te
1270 1703 1333 1742 ac
1365 1688 1630 1755 doctrina,
1657 1697 1714 1742 ut

1800 523 1906 576 quo
1925 521 2035 561 uno
2065 506 2248 560 multis
2271 504 2480 566 ritibus,
2504 501 2686 555 multis
2714 499 2948 565 statutis,
2999 495 3258 560 moribus,
3280 508 3388 550 ca-

1800 601 2042 653 rimoniis
2064 598 2162 667 piis
2189 612 2250 652 ac
2272 595 2587 650 venerandis
2612 601 2693 647 est
2718 593 2802 646 illa
2855 590 3034 645 innixa
3065 606 3078 643 :
3103 602 3200 642 nec
3243 588 3389 655 inju-

1802 693 1903 746 ria.
1930 691 2051 745 Fuit
2077 691 2218 744 enim
2270 689 2323 742 in
2356 689 2474 741 viro
2503 687 2593 740 illo
2633 683 2865 739 studium
2900 681 3250 743 uberrimum,
3297 691 3390 730 co-

1801 783 1966 853 gnitio
1997 795 2266 835 sacrarum
2298 779 2692 847 Scripturarnm
2733 771 3095 837 exactissima,
3131 764 3388 838 judicium

1803 886 1926 927 acre
1956 883 2008 927 et
2038 879 2330 933 extersum,
2360 868 2627 936 ingenium
2669 864 2735 918 ad
2779 861 3094 917 miraculum
3149 864 3387 912 acutum.

1805 962 2063 1031 Fuitipse
2089 958 2396 1014 sincerioris
2440 954 2652 1026 pictatis
2707 950 3146 1022 diligentissimus
3195 959 3393 1014 prepa-

1805 1050 2014 1126 gnator,
2043 1053 2279 1107 moribus
2296 1047 2758 1113 mansuetissimis,
2777 1054 2829 1101 et
2848 1044 2914 1098 ad
2933 1042 3206 1097 caritatem
3231 1049 3394 1091 evan-

1807 1147 2031 1218 gelicam
2060 1144 2250 1202 effictis
2276 1153 2434 1210 atque
2485 1139 2773 1208 expressis,
2821 1137 3051 1203 vitaeque
3095 1129 3396 1198 integritate

1809 1241 2195 1306 sanctitateque
2219 1234 2439 1304 insignis
2461 1241 2514 1287 et
2542 1229 2844 1285 adorandus
2870 1245 2881 1279 :
2906 1241 3023 1296 qua!
3054 1222 3228 1278 omnia
3275 1233 3394 1288 per-

1811 1333 1961 1402 sequi
1993 1347 2058 1386 ne
2079 1330 2348 1384 volumine
2378 1325 2588 1397 quidem
2623 1325 2761 1390 iusto
2813 1319 3005 1388 possis,
3061 1315 3255 1370 nedum
3283 1313 3397 1380 epi-

1812 1424 1970 1479 stola.
2001 1423 2146 1477 Bene
2169 1420 2307 1490 quod
2337 1418 2404 1472 de
2432 1416 2693 1484 scriptore
2727 1411 2933 1480 agimus
2960 1407 3205 1462 omnibus
3247 1411 3392 1464 noto,

1815 1518 1908 1573 tibi
1931 1518 2087 1572 etiam
2121 1512 2388 1568 familiari.
2416 1509 2530 1564 Jam
2556 1523 2690 1577 opus
2719 1520 2822 1559 non
2854 1512 2933 1557 est
2962 1502 3028 1556 de
3060 1498 3178 1554 filiis
3210 1496 3396 1558 Niobe,

1814 1609 1953 1678 quod
1984 1608 2152 1671 aiunt,
2187 1612 2276 1658 aut
2311 1604 2377 1658 de
2401 1602 2567 1671 portis
2588 1600 2921 1658 Thebarum;
2946 1608 3051 1646 non
3076 1592 3142 1646 de
3164 1589 3400 1643 sarcien-

1817 1700 1899 1753 dis
1931 1698 2186 1764 vestibus,
2219 1704 2310 1751 aut
2338 1691 2588 1761 parandis
2623 1686 2996 1755 voluptatibus,
3043 1697 3146 1735 non
3179 1679 3246 1734 de
3272 1691 3401 1744 agro

107 1797 193 1849 tibi
223 1796 397 1850 etiam
432 1794 697 1847 dicassem
729 1791 773 1844 si
833 1788 1074 1858 privatus
1095 1799 1268 1840 esses.
1320 1785 1520 1838 Deinde
1569 1782 1708 1853 qud

1831 1793 2042 1849 :olendo
2077 1810 2091 1846 :
2124 1805 2239 1860 quae
2261 1788 2456 1857 alioqui
2488 1793 2798 1854 argumenta
2852 1780 3016 1846 magis
3045 1784 3167 1829 sunt
3194 1786 3403 1841 quoque

108 1888 239 1940 viam
269 1887 384 1939 ban
412 1882 906 1951 expeditissimam
940 1877 1248 1941 cernebam,
1293 1890 1395 1945 qua
1422 1875 1530 1930 voti
1557 1874 1713 1928 facile

107 1992 327 2044 compos
362 1976 552 2030 fierem
573 1973 684 2043 jam
710 1970 916 2041 pridem
939 1967 1182 2036 concepti
1204 1976 1257 2020 et
1278 1965 1586 2032 nuncupati.
1614 1964 1714 2018 Ac-

112 2071 244 2124 cedit
271 2072 407 2134 huc,
435 2066 603 2135 quod,
636 2061 1086 2132 quemadmodum
1113 2058 1320 2126 experti
1346 2064 1586 2123 narrant,
1622 2053 1716 2107 ob-

115 2164 219 2217 vius
247 2178 309 2216 es
337 2176 408 2214 ac
443 2158 724 2228 expositus
754 2152 1058 2224 lmjusmodi
1113 2151 1424 2206 muneribus
1469 2166 1480 2200 :
1525 2148 1716 2216 quibus

116 2255 348 2320 gratiora
380 2250 471 2303 vix
503 2248 598 2302 tibi
623 2247 726 2301 ulla
751 2252 973 2315 possunt
999 2242 1329 2310 centingcre.
1356 2239 1484 2292 Nam
1503 2250 1714 2297 aurum,

118 2351 418 2412 argentum,
445 2354 704 2409 gemmas,
737 2346 935 2401 vestes,
965 2347 1151 2402 equos,
1183 2346 1327 2385 arma
1356 2329 1451 2383 tibi
1475 2328 1564 2396 qui
1589 2325 1719 2379 offe-

120 2445 191 2486 rat
221 2435 385 2501 plane
419 2430 576 2495 mari,
609 2429 749 2497 quod
793 2428 963 2489 aiunt,
996 2438 1210 2491 aquam,
1268 2427 1358 2474 aut
1397 2417 1626 2472 saltibus
1657 2415 1716 2468 li-

121 2543 233 2595 gna.
281 2526 349 2580 Et
384 2523 633 2593 profecto
657 2531 712 2575 ut
739 2520 860 2574 aliis
883 2519 936 2572 in
959 2518 1120 2572 rebus
1142 2514 1414 2578 omnibus,
1445 2513 1516 2565 ita
1543 2511 1592 2564 in
1618 2510 1719 2564 hoc

122 2633 328 2685 quoth
344 2613 769 2684 prudentissime
792 2610 925 2678 agis,
952 2608 1043 2676 qui
1071 2607 1282 2674 dignam
1308 2604 1506 2657 virtute
1525 2617 1588 2656 ac
1609 2616 1722 2656 me-

122 2708 231 2761 ritis
257 2707 364 2759 tuis
388 2704 533 2772 apud
566 2712 810 2771 posteros
832 2700 1058 2769 gloriam
1094 2696 1246 2750 libris
1296 2695 1575 2747 doctorum
1628 2692 1723 2744 ho-

128 2801 325 2853 minum
353 2800 529 2867 parari
553 2797 754 2865 cogites
783 2812 796 2848 :
823 2796 866 2848 si
897 2808 1001 2846 non
1033 2789 1164 2844 meis
1188 2797 1281 2842 aut
1312 2787 1414 2841 mei
1447 2784 1721 2851 similium,

124 2903 264 2949 certe
296 2891 512 2944 facilem
537 2896 587 2941 te
609 2895 662 2941 et
705 2887 1093 2954 perhumanum
1133 2879 1379 2933 litteratis
1398 2873 1724 2936 exhibendo,

133 2983 181 3036 in
212 2982 454 3050 aliqnun
507 2979 710 3033 incides
739 2978 890 3044 cujus
916 2974 1056 3043 style
1082 2985 1180 3024 ceu
1217 2968 1462 3037 penicillo
1492 2965 1724 3035 quodam

129 3074 524 3137 eruditissimo,
557 3070 766 3139 eftigics
798 3068 952 3121 istius
975 3061 1401 3134 priestantissimi
1448 3069 1610 3128 atque
1636 3073 1731 3125 op-

132 3169 235 3222 timi
259 3164 435 3221 animi
466 3164 680 3231 depicta
705 3170 757 3214 et
776 3159 1002 3214 formata
1025 3151 1414 3210 immortalitati
1455 3163 1730 3205 commen-
1754 3144 1800 3204 C

132 3260 326 3312 detur:
365 3272 466 3311 nec
489 3255 601 3309 ullo
641 3251 928 3307 oblivionis
958 3247 1229 3318 operiatur
1267 3244 1392 3307 situ,
1440 3250 1533 3296 aut
1581 3249 1732 3295 vetu-

133 3350 286 3402 statis
343 3346 540 3413 injuria
566 3351 965 3408 corrumpatur,
1008 3347 1061 3392 et
1105 3344 1404 3390 memoratu
1434 3332 1592 3402 digna
1624 3347 1730 3384 non

135 3450 309 3496 taceat
355 3439 640 3507 posteritas
682 3435 935 3488 virtutum
979 3429 1128 3485 testis
1185 3428 1513 3494 incorrupta,
1574 3423 1732 3476 simul

137 3537 182 3589 in
220 3535 460 3604 gloriam
496 3533 568 3584 tui
590 3530 700 3598 jam
719 3527 844 3583 olim
875 3525 1014 3581 cutio
1061 3522 1277 3586 redditi,
1328 3517 1570 3588 quamvis
1618 3517 1736 3570 leve

140 3629 230 3681 hoc
261 3635 328 3680 et
360 3621 762 3692 negligendum,
791 3617 949 3672 simul
989 3613 1134 3684 quod
1184 3624 1432 3678 maguum
1476 3607 1738 3676 imprimis

140 3727 231 3783 est,
267 3724 329 3771 et
351 3713 643 3781 optandum
673 3710 725 3763 in
754 3706 1061 3776 exemplum
1078 3718 1261 3758 eorum
1277 3702 1364 3770 qui
1391 3710 1515 3754 tunc
1538 3699 1734 3752 vivent.

142 3808 352 3862 l‘raeter
379 3805 495 3856 hinc
521 3799 700 3854 omnia
728 3797 976 3866 congruit
1014 3793 1127 3848 sive
1153 3791 1365 3861 ingenio
1411 3789 1524 3844 sive
1550 3786 1741 3841 studiis

144 3901 239 3952 tuis
285 3896 394 3949 hoc
415 3907 572 3962 opus,
609 3892 662 3945 in
717 3888 857 3959 quod
898 3885 1226 3954 Augustinus
1264 3881 1516 3951 optimam
1555 3892 1741 3932 eorum

145 3997 376 4055 partem,
409 3997 531 4053 quae
551 3979 690 4050 apud
721 3987 928 4034 veteres
955 3976 1159 4045 legerat
1182 3980 1447 4037 auctores,
1491 3978 1744 4037 tanquam

147 4082 194 4134 in
219 4081 518 4135 thesauros
542 4071 810 4141 coniecit:
837 4082 1050 4136 nempe,
1091 4080 1212 4120 cum
1246 4062 1494 4118 omnibus
1541 4059 1741 4112 acutis-

151 4172 328 4234 simis,
363 4180 575 4221 summa
597 4161 832 4232 prmditis
860 4169 915 4214 et
944 4156 1248 4228 eloquentia
1277 4162 1333 4208 et
1371 4152 1611 4206 doctrina
1633 4150 1745 4204 dis-

152 4269 456 4330 putaturus.
483 4256 604 4322 Quo
645 4254 842 4307 factum
886 4259 967 4306 est
997 4257 1054 4302 ut
1093 4247 1232 4301 aliud
1264 4259 1426 4314 agens
1455 4242 1622 4307 magis
1653 4255 1748 4308 op-

155 4353 406 4404 timarum
437 4360 622 4401 rerum
660 4342 889 4397 servarit
931 4339 1214 4408 reliquias,
1245 4333 1532 4388 domiciliis
1561 4347 1745 4386 earum

155 4452 206 4496 ct
231 4440 389 4512 quasi
431 4437 652 4493 sedibus
701 4435 842 4488 unde
888 4431 1033 4500 prius
1074 4428 1180 4498 peti
1225 4426 1468 4482 solebant
1523 4423 1748 4478 eversis.

1817 1886 2028 1954 regibus
2075 1883 2344 1944 dedicata;
2378 1879 2471 1934 sed
2505 1879 2570 1933 de
2619 1883 2839 1943 utraque
2884 1872 3098 1924 civitate
3125 1864 3307 1919 mundi
3349 1872 3406 1915 ct

1820 1977 1934 2041 Dei,
1967 1976 2155 2044 quibus
2186 1971 2378 2040 angeli,
2427 1970 2720 2026 dmmones.
2773 1962 3119 2029 hominesque
3171 1953 3407 2011 universi

1818 2067 2156 2122 Continemur
2188 2081 2200 2116 :
2231 2071 2464 2123 utnatae,
2492 2068 2547 2113 ut
2587 2060 2822 2113 educata:
2869 2055 3007 2116 sint;
3057 2057 3115 2104 ut
3159 2046 3411 2100 adoleve-

1820 2160 1948 2221 rint,
1976 2171 2080 2220 quo
2105 2155 2341 2216 tendant,
2374 2162 2424 2206 et
2453 2151 2600 2219 quid,
2645 2149 2732 2203 ubi
2791 2147 2855 2200 ad
2913 2154 3107 2197 metam
3131 2152 3412 2210 percnrrc~

1821 2253 1927 2306 rint
1948 2291 1960 2311 ,
1991 2251 2228 2301 facturre.
2268 2247 2396 2312 Quae
2429 2255 2483 2299 ut
2515 2243 2774 2311 explicet,
2801 2240 2928 2294 nihil
2958 2252 3129 2305 neque
3172 2235 3411 2302 profana!

1823 2339 2159 2410 przetermisit
2189 2336 2520 2399 eruditionis,
2572 2347 2742 2400 neque
2805 2344 2991 2393 sacrm,
3025 2325 3164 2396 quod
3193 2340 3298 2378 non
3329 2334 3411 2375 at-

1824 2433 1988 2499 tingat
2011 2440 2059 2483 et
2084 2436 2336 2496 exponat.
2363 2426 2721 2480 Romanorum
2743 2436 2828 2476 res
2856 2431 3054 2487 gestas,
3072 2418 3410 2483 deos,sacra,

1824 2535 1876 2577 et
1907 2524 2261 2587 caerimonias,
2295 2518 2738 2588 pltilOSOphorum
2769 2515 2981 2583 placita,
3013 2512 3268 2566 cmlorum
3309 2516 3414 2561 ter-

1825 2630 2025 2684 rmquc,
2063 2621 2174 2666 tum
2219 2612 2552 2680 angelorum,
2578 2593 2901 2670 dmmonum,
2930 2605 3204 2657 hominum
3256 2600 3433 2666 origi-_

1830 2720 1972 2759 nem.
1998 2705 2131 2756 llinc
2152 2702 2342 2770 quibus
2368 2699 2531 2752 initiis
2564 2698 2790 2765 pupulus
2821 2695 2917 2748 Dei
2938 2692 3188 2754 creverit,
3210 2698 3263 2744 et
3286 2702 3420 2757 quo-

1830 2796 1988 2850 modo
2040 2808 2205 2861 usque
2246 2791 2310 2845 ad
2346 2791 2616 2843 Christum
2659 2788 2941 2842 Dominmn
2998 2785 3255 2837 deductus
3305 2790 3416 2844 est;

1833 2898 1941 2939 tum
1966 2885 2081 2938 dum
2109 2883 2354 2937 civitates
2378 2887 2773 2948 comparantur,
2802 2877 2891 2930 Dei
2914 2885 2968 2930 et
2999 2874 3203 2937 mundi,
3227 2886 3421 2940 regna-

1833 2992 1934 3046 que
1963 2975 2296 3030 adducuntur
2329 2971 2627 3040 Assyrium,
2659 2968 2967 3036 Sicyonum,
3000 2964 3277 3033 Argivum,
3321 2961 3421 3014 At-

1835 3067 1888 3120 tii
1908 3083 2018 3133 um,
2053 3064 2320 3125 Latinum,
2347 3059 2638 3114 Persicum.
2672 3056 2798 3111 Post
2822 3057 2934 3110 hazc
2956 3053 3082 3124 quid
3112 3052 3177 3107 de
3209 3049 3425 3104 Christo

1836 3171 1984 3210 vates
2001 3164 2051 3208 et
2077 3152 2298 3217 ethnici,
2325 3149 2566 3204 ctJudazi
2596 3147 2968 3216 prmdixcrint.
3009 3144 3125 3199 Jam
3183 3142 3425 3196 dicturus

1835 3251 1902 3304 de
1934 3265 2056 3304 vera
2090 3247 2354 3311 felicitate,
2390 3244 2669 3313 op'niones
2707 3252 2942 3296 veterunt
2984 3236 3426 3308 [)illlOSOpllOl'Ulll

1837 3347 1901 3398 de
1935 3344 2020 3395 illa
2050 3341 2288 3395 confutat
2336 3345 2391 3391 et
2420 3337 2632 3389 refellit.
2678 3335 2938 3402 Deinceps
2965 3341 3023 3385 ut
3079 3342 3330 3384 ven'urus
3358 3328 3426 3380 sit

1839 3434 2082 3488 Christus
2111 3433 2177 3484 de
2203 3429 2357 3482 bonis
2386 3427 2649 3493 malisque
2682 3424 3117 3492 pronuntiaturus
3158 3418 3316 3487 judcx
3351 3418 3427 3469 vi-

1838 3540 2023 3578 vorum
2052 3531 2105 3575 et
2131 3529 2483 3574 mortuorum.
2520 3517 2596 3568 Ad
2632 3515 2747 3567 hinc
2788 3514 2854 3566 de
2881 3512 3262 3565 sceleratorum
3296 3522 3427 3572 sup-

1841 3615 2035 3685 pliciis.
2065 3612 2341 3665 Postremo
2369 3607 2435 3661 de
2478 3604 2688 3675 gaud.is
2727 3602 2936 3669 piorum
2979 3609 3032 3653 ct
3066 3607 3264 3651 acterna
3308 3595 3426 3648 felio

1842 3707 2020 3760 citate.
2075 3705 2250 3769 Atque
2303 3697 2418 3751 haec
2471 3695 2652 3750 omnia
2706 3695 2841 3746 miro
2899 3690 3142 3760 ingenio,
3196 3685 3430 3740 maxime

1845 3788 2426 3857 arutnine,cruditione
2448 3783 2834 3851 excultissima,
2867 3781 3005 3851 ston
3028 3778 3225 3832 mundo
3257 3787 3309 3832 et
3337 3792 3429 3831 ex-

1845 3897 2009 3949 terso,
2042 3885 2212 3953 qualis
2238 3890 2510 3935 auctorem
2552 3893 2645 3948 per
2671 3890 2828 3930 omne
2850 3871 3252 3942 disciplinarum
3294 3871 3430 3925 scri-

1847 3990 2165 4049 ptorumque
2195 3990 2363 4046 genus
2386 3982 2656 4028 versatum
2686 3967 3109 4036 exercitumque,
3143 3975 3193 4019 ct
3213 3979 3298 4018 res
3319 3965 3434 4018 illas

1851 4085 2072 4138 magnas
2101 4076 2155 4124 et
2182 4065 2669 4137 prtcstantissimas,
2704 4070 2757 4115 et
2786 4075 2879 4115 eos
2908 4057 3221 4127 quilmscum
3252 4057 3435 4125 dispu-

1851 4163 2097 4224 tabatur,
2124 4160 2173 4213 dl
2194 4157 2368 4212 cebat.
2413 4155 2580 4224 Leges
2605 4154 2802 4221 itaque,
2835 4149 3130 4203 clarissime
3159 4158 3208 4202 et
3234 4149 3437 4217 Optime

1851 4269 1967 4318 rex,
1994 4254 2057 4307 iis
2101 4253 2267 4318 horis,
2289 4263 2419 4318 quas
2447 4259 2500 4301 tu
2529 4247 2804 4300 immensis
2830 4246 2977 4312 regni
3011 4241 3238 4312 negotiis
3277 4251 3438 4310 atque

1853 4342 2292 4411 occupationibus
2322 4337 2620 4402 sufl'uraris,
2650 4345 2706 4390 ut
2730 4335 2920 4388 litteris
2962 4344 3014 4387 et
3045 4331 3241 4400 ingenii
3271 4333 3437 4384 cultui

1856 4433 2157 4502 impendas,
2190 4431 2347 4484 simul
2377 4441 2588 4483 noszros
2617 4428 2673 4482 Ct
2698 4425 3046 4480 nun‘entarios
3082 4421 3386 4490 degustabis
3422 4438 3433 4470 :

159 4510 338 4604 ιιειίιιιο
361 4548 461 4602 Pro
490 4531 751 4591 "arronei
778 4540 875 4595 ι)το
897 4523 1170 4588 Sanum":
1201 4534 1299 4588 Ι)Γο
1327 4517 1494 4578 LM",
1522 4530 1616 4582 Dm
1665 4512 1750 4604 Cif
1783 4515 1832 4573 Ι)
1858 4528 1925 4581 de
1955 4527 2147 4596 quibus
2175 4525 2298 4578 licet
2323 4523 2667 4587 mihidiccre,
2697 4518 2837 4587 quod
2856 4516 3074 4572 Ovidius
3106 4515 3170 4568 de
3199 4513 3309 4565 suis
3339 4510 3438 4563 Fa-

162 4602 358 4680 terone
384 4621 439 4678 in
455 4620 606 4675 libris
626 4617 694 4673 de
707 4615 918 4684 republ.
939 4612 1116 4682 magni
1139 4606 1448 4680 posterioris
1465 4603 1636 4660 aetatis
1650 4602 1748 4656 viri

163 4715 311 4771 hsce
328 4709 613 4783 AuguStini
644 4707 859 4776 scriptis
897 4712 1021 4758 sunt
1054 4701 1221 4771 adjuti
1265 4717 1277 4754 :
1308 4707 1368 4753 ut
1407 4694 1743 4758 Hermolaus,

165 4805 483 4870 Politianus,
510 4798 766 4860 Blondus.
818 4791 1128 4859 Beroaldus,
1159 4806 1280 4861 qua:
1332 4799 1388 4844 tu
1414 4792 1594 4842 omnia
1644 4799 1749 4838 non

167 4899 236 4952 ita
256 4899 424 4967 leges,
457 4902 518 4948 ut
537 4904 676 4946 nova
697 4889 791 4944 tibi
821 4896 874 4942 et
897 4883 1152 4948 inaudita,
1196 4880 1291 4936 sed
1347 4888 1405 4932 ut
1461 4887 1641 4932 vetera
1669 4890 1754 4929 re-

131 4961 145 4982 ι
169 4961 482 5058 cognosces.
507 4981 660 5037 Adde
693 4977 836 5047 quod
880 4973 1160 5045 Augustini
1188 4981 1443 5036 tuumque
1487 4965 1755 5020 scribendi

172 5056 470 5134 institutum
491 5073 683 5130 eodem
712 5065 1098 5137 propemodum
1129 5061 1379 5117 videntur
1413 5056 1756 5124 pertinuisse.

172 5169 300 5223 Nam
329 5176 389 5223 ut
413 5175 469 5220 tu
494 5171 681 5219 contra
699 5156 1043 5228 Babyloniam
1067 5152 1417 5224 pro‘meliore
1438 5147 1528 5201 illa
1542 5146 1758 5213 scripsi-

173 5260 238 5315 sti
265 5260 454 5322 Roma,
485 5258 558 5310 ita
587 5261 641 5308 et
660 5246 991 5319 Augustinus
1018 5253 1202 5301 contra
1245 5237 1587 5310 Babyloniam
1616 5236 1757 5290 illam

176 5362 409 5407 veterem
439 5348 665 5401 Romam
685 5336 1041 5395 Christianam
1071 5343 1122 5388 et
1151 5333 1470 5386 sanctiorem
1499 5325 1758 5383 defendit.

177 5437 428 5510 Congruit
459 5445 516 5491 et
543 5427 892 5500 magnitudini
939 5433 1045 5478 tua:
1092 5437 1196 5476 non
1225 5435 1359 5489 opus
1411 5432 1611 5481 meum,
1664 5413 1759 5470 sed

183 5530 475 5600 Augustini,
508 5525 606 5581 sub
633 5536 739 5593 quo
768 5521 879 5588 ipse
894 5517 1168 5577 delitesco,
1201 5512 1313 5567 sive
1336 5518 1520 5565 auctor
1554 5514 1759 5577 specte-

183 5633 290 5689 tur,
320 5624 429 5678 sive
461 5617 681 5674 materia
711 5611 906 5682 opcris.
937 5609 1135 5664 Auctor
1165 5614 1244 5660 est
1273 5603 1614 5673 Augustinus,
1663 5597 1761 5659 vir.

186 5715 346 5774 Deum
405 5706 784 5774 inmortalem,
839 5715 994 5771 quam
1039 5707 1250 5754 sanctus
1283 5733 1298 5764 ,
1353 5708 1510 5763 quam
1556 5692 1763 5756 doctus,

1853 4629 2054 4673 storum
2080 4617 2227 4673 libris
2253 4617 2385 4672 dixit
2422 4629 2541 4670 cum
2594 4628 2687 4669 eos
2725 4610 3041 4669 Germanico
3080 4604 3278 4661 (ἔπειτί
3318 4603 3441 4659 utit-

1858 4720 1993 4766 teret
2027 4728 2038 4764 :

1985 4869 2170 4927 Pagina
2191 4862 2581 4927 judicium_rloc_ti
2602 4859 2823 4927 subitura
2847 4858 3072 4927 movetur

2050 4913 2319 4987 lxi-incipis,
2348 4930 2401 4972 ut
2419 4922 2580 4971 Clario
2603 4921 2749 4967 missa
2770 4913 2980 4976 legenda
3001 4913 3097 4962 deo

1861 5139 2008 5205 Quos
2036 5133 2082 5188 si
2123 5131 2214 5186 tibi
2239 5144 2343 5185 non
2375 5125 2712 5196 diSplicuisse
2732 5137 2972 5190 sensero,
3030 5122 3166 5179 nihil
3215 5124 3444 5178 verebor

1863 5241 1930 5281 ne
1953 5238 2137 5295 parum
2162 5221 2282 5275 aliis
2327 5216 2638 5288 probentur.
2669 5216 2798 5282 Quis
2815 5215 2962 5271 enim
2989 5215 3124 5270 adeo
3165 5213 3444 5281 impudens

1861 5320 1952 5383 sit,
1976 5325 2081 5371 uta
2106 5323 2208 5368 tam
2229 5319 2422 5368 exacto
2444 5309 2644 5378 judicio
2665 5308 2949 5364 dissentire
2978 5322 3085 5360 non
3134 5301 3446 5359 erubescat?

1869 5407 2020 5474 Quod
2041 5407 2085 5460 si
2110 5404 2227 5473 quis
2256 5401 2466 5465 audeat,
2501 5410 2587 5452 tua
2618 5407 2792 5452 tamen
2816 5398 2898 5450 vel
2933 5397 3088 5449 tacita
3112 5392 3238 5446 mihi
3271 5399 3446 5456 patro~

1868 5498 2131 5554 cinabitur
2157 5495 2464 5549 auctoritas.
2500 5490 2648 5557 Vale,
2681 5490 2878 5558 optime
2916 5502 3031 5550 rex,
3061 5493 3114 5538 et
3146 5482 3330 5536 Vivent
3354 5482 3444 5536 tibi

1872 5585 2291 5645 addictissimum
2315 5581 2502 5652 quovis
2524 5581 2642 5634 loco
2664 5593 2904 5644 numera,
2935 5574 3095 5631 modo
3144 5573 3280 5629 inter
3304 5579 3444 5646 tuos,

1873 5678 2117 5746 Lovanii,
2151 5674 2302 5733 nonis
2333 5670 2504 5740 JuIiTs,
2530 5667 2683 5728 1522.
