3900 6314
599 264 648 325 9f

524 264 648 327 4159f
1419 272 1803 333 SUPPLEMED

564 382 567 383 ⁷
811 377 905 433 JO.
936 376 1178 433 LODOV.
1209 378 1384 436 VlVlS
1413 380 1803 453 VALENTI-Nl,

589 483 642 523 IN
665 482 790 524 SUOS
816 484 1222 525 COMMENTARIOS
1249 487 1314 524 ΑΙ)
1343 488 1524 528 ιεειιοε
1551 489 1617 528 DE
1648 492 1897 532 CIVITATE
1928 495 2037 535 DEI.

596 558 820 625 Quando
848 559 914 613 de
941 562 1233 630 Augustino
1258 563 1429 632 deque
1460 566 1575 633 ejus
1603 582 1787 635 opere,
1839 582 2097 641 quantum

523 647 738 715 quidem
768 649 1066 715 videbatur,
1106 667 1292 706 sumus
1340 652 1532 720 locuti,
1584 672 1723 712 nunc
1748 676 1868 713 cum
1896 661 2127 722 lectore.

522 739 642 807 ipso
662 740 931 807 aliquanto
961 742 1274 797 familiarius
1321 744 1387 798 de
1429 747 1576 803 hisce
1605 751 1736 804 meis
1760 752 2099 811 Commenta-

518 829 615 883 riis
628 830 755 884 libet
772 833 1039 902 paulisper
1051 837 2093 912 commentari.ErasmusRotcrodamus,

517 919 602 973 vir
630 920 767 976 adeo
798 923 1038 979 laudatus
1063 942 1094 979 a
1125 927 1401 995 plurimis,
1452 940 1507 983 ut
1533 933 1598 986 ad
1629 949 1749 988 eum
1790 940 1976 1006 gloriae
2005 955 2097 996 cu~

517 1010 720 1063 mulum
747 1012 877 1066 nihil
903 1014 968 1066 sil
994 1030 1110 1069 mea
1139 1015 1206 1070 de
1232 1017 1325 1072 illo
1349 1021 1674 1087 praedicatio,
1696 1037 1787 1079 aut
1809 1043 2093 1097 perparum

506 1096 781 1166 additura,
833 1115 953 1155 cum
988 1113 1107 1171 post
1136 1104 1515 1178 Hieronymum
1561 1119 1617 1165 et
1640 1111 1965 1182 Cyprianum
2010 1136 2095 1175 re-

512 1186 779 1254 cognitos,
826 1191 1181 1259 Augustinum
1226 1210 1437 1265 quoque
1478 1201 1724 1256 eumdem
1777 1204 1827 1257 in
1873 1207 2092 1263 modum

511 1287 839 1344 perpurgare
868 1279 1212 1347 decrevisset,
1262 1301 1361 1340 nec
1388 1287 1476 1341 uni
1521 1288 1619 1357 ipsi
1647 1302 1859 1347 vacaret
1889 1302 2091 1352 tantum

511 1378 733 1433 operum
765 1367 1023 1424 librorum
1054 1373 1229 1437 obire,
1254 1375 1372 1429 aliis
1407 1393 1619 1447 quoque
1646 1382 1851 1451 magnis
1877 1394 1933 1439 et
1953 1400 2090 1454 pras-

509 1456 773 1512 stantibus
800 1460 961 1516 rebus
990 1478 1267 1531 occupato,
1287 1467 1418 1523 alios
1444 1470 1543 1523 sibi
1570 1472 1810 1541 adjunxit
1835 1476 1949 1532 sive
1970 1493 2090 1547 ope-

506 1546 585 1600 ris
610 1548 804 1613 socios,
835 1551 947 1605 sive
974 1554 1245 1610 ministros
1275 1574 1289 1609 :
1320 1558 1459 1612 inter
1480 1576 1615 1630 quos
1644 1579 1729 1619 me
1758 1567 1917 1621 etiam
1950 1570 2089 1623 asci-

507 1635 612 1700 vit;
664 1652 896 1707 cumque
946 1641 1087 1706 aliis,
1141 1646 1285 1713 quod
1336 1663 1522 1703 eorum
1574 1662 1717 1709 esset
1759 1664 1813 1709 et
1856 1660 2087 1728 amplior

504 1726 754 1791 eruditio,
779 1739 834 1783 et
862 1732 1129 1800 ingenium
1160 1735 1386 1807 felicius,
1418 1752 1473 1796 et
1495 1744 1763 1812 diligentia
1785 1748 2081 1819 dexterior,

502 1816 750 1882 graviora
794 1820 1099 1878 mandasset
1128 1836 1290 1896 atque
1315 1830 1537 1899 majora,
1564 1836 1693 1889 mihi
1736 1838 1902 1895 libros
1930 1845 2081 1897 attri-

500 1903 616 1958 buit
642 1906 706 1960 de
723 1907 948 1967 Civitate
977 1912 1068 1967 Dei
1098 1915 1230 1971 duos
1261 1929 1314 1974 et
1340 1922 1543 1992 viginti.
1592 1926 1742 1992 Quod
1780 1944 1914 1997 opus
1944 1935 2082 1990 bona

500 2011 569 2048 ex
600 2008 749 2064 parte
793 2010 902 2055 tum
934 2019 1110 2059 rerum
1157 2020 1423 2077 gestarum
1460 2015 1868 2091 fabularumque
1900 2041 2083 2081 narra-

498 2088 755 2153 tionibus,
784 2103 892 2148 tum
919 2095 1369 2166 diSputationibus
1394 2106 1774 2180 pliilosoplticis
1795 2131 2080 2175 consume-

499 2184 681 2244 retur;
714 2181 905 2248 quibus
928 2188 1088 2241 rebus
1117 2189 1309 2245 bonam
1334 2198 1506 2251 aetatis
1535 2211 1738 2267 partem
1764 2206 2080 2263 videbamur

497 2266 850 2339 impendisse,
885 2291 1077 2345 magno
1106 2281 1321 2348 quidem
1352 2298 1545 2343 conatu
1576 2307 1638 2345 ac
1672 2303 1819 2361 voto,
1871 2300 2074 2356 utinam

498 2358 611 2425 pari
643 2373 917 2417 successu.
950 2365 1273 2439 'l‘heologica
1302 2378 1515 2432 tametsi
1546 2382 1712 2436 multa
1739 2384 1971 2454 inerant,
1998 2397 2075 2442 ta-

494 2460 617 2500 men
642 2462 746 2502 non
780 2451 853 2504 ita
882 2454 1083 2524 forsan,
1119 2466 1175 2513 ut
1208 2462 1326 2516 aliis
1359 2464 1510 2520 libris
1530 2471 1739 2538 crebra,
1770 2490 2072 2546 quanquam

493 2536 562 2591 ab
592 2537 693 2593 hac
720 2541 878 2595 etiam
912 2559 1252 2606 sacrosancta
1282 2554 1565 2625 disciplina
1597 2577 1866 2633 nunquam
1913 2569 2071 2627 alieni

490 2628 712 2693 fuimus,
753 2644 1011 2699 quantum
1051 2653 1147 2706 per
1184 2652 1395 2698 (etatem
1437 2658 1708 2719 nostram,
1748 2666 1802 2709 et
1847 2660 2072 2717 aliarum

488 2720 682 2773 artium
715 2738 833 2792 quae
864 2741 961 2781 nos
991 2731 1216 2788 mirifice
1252 2750 1511 2807 ceperunt
1539 2746 1731 2813 studia,
1776 2750 1947 2806 licuit.
1970 2754 2073 2811 Ne-

490 2814 593 2875 que
627 2826 752 2866 vero
783 2815 860 2868 sic
890 2832 1007 2872 sum
1038 2820 1105 2873 ad
1138 2822 1237 2877 hoc
1282 2826 1397 2895 ipse
1436 2846 1628 2887 munus
1676 2838 1909 2904 electus,
1958 2851 2073 2899 tan-

486 2913 645 2965 quam
668 2903 867 2968 Optime
894 2922 1004 2961 rem
1030 2922 1409 2981 exsecuturus;
1437 2922 1531 2974 sed
1555 2938 1622 2976 ne
1654 2940 1873 2993 prorsus
1896 2933 2071 2987 nullus

485 2999 628 3041 esset
653 2991 741 3058 qui
773 2991 873 3047 hoc
901 3008 1105 3064 ageret,
1141 3002 1360 3070 reliquis
1390 3006 1594 3064 Erasmi
1639 3016 1825 3071 amicis
1864 3020 1986 3075 aliis
2016 3023 2066 3076 in

484 3077 616 3131 alias
636 3095 720 3133 res
748 3082 986 3139 intentis.
1016 3091 1114 3152 Ac,
1139 3102 1195 3144 ut
1223 3109 1403 3149 verum
1429 3096 1597 3155 fatear
1620 3106 1819 3174 arripui
1844 3124 1975 3179 opus
1998 3115 2066 3169 ab
2092 3099 2137 3159 Ο

484 3167 710 3222 Erasmo
740 3172 973 3228 oblatum
1004 3179 1331 3249 avidissime,
1354 3188 1618 3255 pollicitus
1636 3209 1722 3248 me
1738 3208 2064 3266 postremam

481 3257 894 3319 Commentariis
938 3264 1310 3339 impositurum
1355 3294 1573 3337 manum
1615 3297 1740 3342 ante
1769 3294 2062 3349 secundum

482 3362 724 3403 mensem
753 3364 840 3405 aut
875 3358 1105 3414 tertium.
1138 3361 1267 3417 Nam
1305 3369 1653 3429 memineram
1686 3393 1772 3434 me
1805 3381 1933 3436 olim
1964 3385 2065 3439 ali-

477 3450 606 3502 quot
634 3440 751 3507 ejus
782 3447 959 3513 Operis
990 3450 1258 3509 volumina
1290 3457 1504 3527 legisse,
1539 3480 1657 3533 quae
1681 3469 1814 3524 mihi
1843 3488 1943 3530 nec
1964 3476 2058 3530 ad-

475 3529 694 3585 modum
722 3547 875 3590 erant
903 3538 1016 3593 visa
1042 3543 1321 3613 mendosa,
1353 3559 1406 3603 et
1431 3529 1569 3607 satis
1588 3554 1792 3626 facilia;
1824 3576 1887 3616 ac
1913 3564 2057 3634 ejus-

472 3620 649 3688 modi,
700 3623 751 3677 in
792 3641 909 3695 qua:
941 3645 1047 3684 non
1078 3647 1265 3702 parum
1306 3639 1426 3707 ejus
1453 3644 1658 3699 notitia:
1699 3653 2051 3726 antiquitatis,

470 3727 628 3775 quam
653 3711 765 3783 jngi
795 3732 1105 3785 paraveram
1140 3724 1390 3797 lectione,
1423 3746 1636 3801 possem
1666 3711 1964 3812 effundere,
1996 3711 2055 3804 ui

469 3802 658 3855 eodem
700 3806 882 3862 lalzore
910 3810 1071 3866 simul
1113 3830 1421 3876 exercerem
1462 3827 1660 3896 stylum
1700 3841 1862 3902 atque
1902 3842 2053 3909 lnge-

469 3893 615 3946 nium
642 3910 841 3962 meum,
872 3901 1027 3955 simul
1052 3905 1170 3962 aliis
1200 3924 1317 3966 mea
1340 3916 1513 3971 studia
1539 3923 2050 3985 nonnihilatl'errent

468 3983 691 4047 fructus,
722 3986 880 4041 simul
910 3991 1150 4083 aliquam
1174 3999 1368 4071 ingenii
1395 4016 1556 4075 atque
1584 4013 1896 4074 eruditionis
1924 4038 2046 4091 gra-

468 4072 595 4125 tiam
628 4091 890 4144 pararcm.
919 4083 981 4138 Et
1012 4086 1107 4142 fuit
1130 4073 1217 4144 illa
1246 4072 1484 4161 profecto
1510 4101 1763 4168 juvenilis
1794 4072 2039 4177 quadam

465 4163 745 4233 cogitatio,
806 4188 924 4240 qua:
973 4176 1127 4247 longe
1171 4184 1330 4239 aliter
1379 4193 1708 4258 experiendo
1755 4204 2039 4268 processit,

461 4272 619 4323 quam
672 4260 786 4329 ipse
832 4281 1037 4322 mecum
1083 4287 1228 4327 eram
1282 4279 1636 4338 raciocinatus
1675 4306 1688 4341 :
1726 4306 1847 4345 nam
1878 4308 2034 4363 Opus,

461 4359 816 4419 praeterquam
845 4359 983 4424 quod
1011 4370 1092 4414 est
1135 4365 1523 4438 longissimum,
1569 4376 1726 4435 habet
1763 4382 1816 4437 in
1846 4400 1905 4441 se
1936 4388 2032 4442 mi-

459 4453 572 4491 ram
606 4456 645 4493 ri
667 4458 781 4496 rum
822 4449 1057 4503 omnium
1098 4455 1440 4529 varii-tatem,
1484 4467 1759 4539 historias,
1805 4477 2032 4547 fabulas,

460 4531 740 4597 naturalia,
771 4535 1038 4593 rhetorica
1093 4543 1487 4619 mathematica,
1520 4565 1892 4631 geographica,
1919 4584 2033 4623 mo-

459 4623 613 4687 ralia,
644 4626 976 4698 theologica;
1006 4642 1059 4687 ct
1082 4635 1268 4691 horum
1302 4641 1435 4699 nihil
1471 4663 1654 4717 prope,
1685 4657 1768 4708 vel
1804 4662 2033 4716 tenuiter

456 4711 543 4764 vel
571 4716 928 4774 mediocriter.
952 4721 1066 4778 Jam
1099 4725 1215 4781 libri
1248 4742 1399 4786 erant
1420 4711 1584 4805 supra
1597 4711 1751 4809 quam
1784 4746 1887 4801 dici
1908 4766 2028 4819 pos-

456 4801 527 4852 sit
552 4807 815 4876 mendosi,
858 4814 948 4881 qni
992 4825 1156 4871 totam
1198 4821 1477 4890 Augustini
1517 4837 1838 4891 sententiam
1870 4801 2028 4908 p;ava

454 4890 717 4956 scriptura
763 4899 869 4952 alio
906 4910 1235 4965 avertebant.
1287 4913 1383 4969 llic
1412 4917 1521 4986 jam
1564 4937 1670 4977 non
1713 4929 1934 4998 exiguus
1975 4935 2026 4990 in

453 4980 760 5048 castigando
781 5004 843 5041 ex
876 5000 1143 5056 veteribus
1169 5003 1340 5070 libris,
1376 5018 1485 5062 tum
1515 5016 1674 5069 etiam
1703 5018 1754 5071 in
1779 5021 2027 5079 divinan-

453 5072 523 5123 do
563 5069 713 5125 labor
757 5092 767 5125 :
804 5093 923 5132 nam
971 5097 1025 5138 et
1061 5089 1407 5153 divinandum
1451 5118 1819 5171 saepenumero
1852 5113 1947 5168 fuit
1973 5126 2028 5171 et

450 5162 772 5232 conjecturis
797 5185 918 5225 vera
946 5182 1269 5237 restituenda
1295 5189 1473 5245 lectio.
1495 5196 1657 5252 Orsus
1679 5202 2026 5264 nihilominus

446 5270 565 5311 sum
600 5259 835 5316 scribere
858 5263 1072 5323 circiter
1097 5272 1347 5333 calendas
1374 5282 1676 5357 Januarias,
1710 5298 1832 5348 anni
1867 5313 2024 5367 supe-

448 5348 601 5403 rioris
631 5348 682 5403 id
714 5362 795 5408 est
825 5352 976 5423 15°21,
1006 5368 1057 5412 et
1084 5364 1327 5423 confecto
1349 5371 1415 5424 ad
1446 5372 1601 5429 finem
1626 5384 1825 5439 mensis
1850 5348 2023 5454 primo

446 5438 603 5507 libro,
644 5444 864 5503 affertur
905 5451 972 5506 de
1001 5451 1271 5513 Guiliclmi
1308 5462 1450 5531 Croji
1482 5469 1767 5529 cardinalis
1813 5438 2021 5543 patroni

443 5532 547 5584 mei
574 5547 761 5606 morte,
783 5544 871 5609 qui
895 5545 1188 5605 Vormacia:
1215 5562 1418 5609 natum
1441 5572 1803 5621 concesserat.
1834 5568 2015 5629 Facile

444 5620 738 5690 intelligere
766 5636 989 5705 quisque
1018 5652 1215 5714 potest,
1246 5655 1299 5707 ut
1319 5660 1381 5703 ea
1410 5663 1498 5717 res
1523 5654 1821 5725 studiorum
1865 5678 2018 5721 meo-

1419 272 1970 336 SUPPLEMENTUM
2010 280 2101 335 AD
2138 282 2366 341 OPERA
2400 289 2460 346 3.
2500 291 2890 353 AUGUSTWJ

3686 302 3786 377 ιω

2128 394 2179 452 Α
2206 410 2321 450 rum
2350 401 2583 469 quietem
2609 417 2961 472 concusserit.
3007 412 3219 470 sublato
3248 429 3316 472 eo
3358 422 3446 489 qui
3476 422 3611 478 mihi
3644 442 3777 486 unus

2206 489 2312 543 etia
2342 490 2567 548 faciebat
2590 509 2783 565 quanta
2815 500 3114 568 cupiebam.
3138 506 3290 574 Hinc,
3311 518 3368 563 ut
3388 514 3528 567 nulla
3548 529 3775 585 unquam

2204 581 2479 638 calamitas
2517 589 2665 641 venit
2693 591 2827 653 sola,
2877 592 2929 644 in
2961 596 3206 650 morbum
3238 598 3396 654 incidi
3434 618 3540 659 non
3571 609 3774 680 simpli-

2203 684 2319 725 cem
2345 690 2358 724 :
2398 674 2467 727 ita
2491 676 2555 729 ad
2586 692 2772 732 curam
2802 681 3119 739 valetudinis
3143 697 3359 744 coactus
3385 705 3501 749 sum
3534 713 3623 753 me
3652 700 3774 757 Bru-

2201 776 2293 831 gas
2317 768 2563 822 conferre
2592 769 2657 821 ad
2689 786 2838 825 meos
2857 773 3137 843 lliSpanes,
3158 779 3298 834 inter
3319 796 3449 849 quos
3467 800 3615 856 aeger
3632 806 3773 849 more

2201 869 2264 907 ac
2295 857 2453 910 modo
2483 874 2602 913 meo
2628 865 2959 920 commodius
2991 876 3270 928 tractarer.
3304 873 3561 934 Convalui
3594 898 3770 943 mense

2197 942 2376 998 Junio.
2412 945 2476 998 Et
2495 950 2745 1015 quoniam
2771 953 3087 1011 dicebantur
3115 961 3307 1015 eodem
3328 961 3555 1025 Carolus
3576 969 3769 1045 Caesar,

2199 1041 2252 1086 et
2281 1033 2566 1091 Britannus
2595 1041 2881 1099 cardinalis
2910 1050 3140 1117 venturi,
3165 1065 3225 1105 ea
3250 1067 3338 1109 me
3365 1070 3451 1111 res
3472 1058 3550 1115 ibi
3579 1062 3769 1134 aliquot

2198 1126 2471 1179 mensibus
2498 1131 2689 1196 tenuit,
2709 1142 2767 1186 ut
2789 1133 3070 1192 Erasmum
3102 1150 3155 1193 et.
3173 1142 3381 1200 Merum
3405 1154 3762 1223 convenirem,

2198 1213 2542 1286 videremque
2591 1220 2944 1293 Tonstallum,
3003 1239 3057 1284 et
3104 1231 3440 1305 Montjojum,
3493 1251 3547 1296 et
3592 1213 3768 1302 dectos

2194 1305 2349 1372 alios,
2399 1318 2508 1362 tum
2547 1313 2749 1369 amicos
2786 1318 3067 1389 plerosque
3097 1338 3266 1390 meos,
3300 1329 3391 1396 qui
3422 1331 3607 1388 eodem
3642 1351 3766 1391 ven-

2197 1398 2296 1449 turi
2325 1398 2659 1457 dicebantur.
2702 1405 2779 1461 Eo
2806 1408 2923 1463 loco
2950 1412 3187 1469 scribere
3230 1430 3335 1472 non
3366 1419 3585 1488 licebat,
3634 1428 3765 1494 quod

2192 1486 2571 1545 bibliothecam
2613 1496 2823 1561 qualem
2854 1501 3102 1568 optabam
3152 1520 3258 1559 non
3304 1486 3580 1579 haberem,
3633 1486 3763 1571 unde

2195 1594 2312 1646 qua:
2341 1583 2623 1638 scribenda
2654 1586 2828 1642 forent
2850 1595 3335 1660 suppeditarentur.
3356 1600 3588 1656 Tantum
3613 1606 3761 1661 libros

2191 1670 2391 1738 aliquot
2413 1674 2478 1726 ad
2515 1686 2720 1733 vetusta
2742 1683 3067 1751 exemplaria
3100 1690 3321 1757 contuli,
3345 1707 3580 1761 quorum
3610 1713 3759 1753 unum

2116 1752 2161 1811 B
2188 1759 2411 1817 dederat
2434 1765 2561 1819 mihi
2591 1767 2797 1826 Marcus
2830 1772 3102 1845 Laotinus,
3130 1752 3376 1837 decanos.
3390 1783 3579 1840 Sancti
3601 1788 3759 1843 Dona-

2187 1850 2314 1904 tiani
2346 1851 2664 1922 Brugensis;
2713 1860 2939 1916 alterum
2970 1869 3260 1923 carmelitre
3290 1871 3629 1943 Brugenses;
3664 1890 3759 1933 ter-

2185 1941 2317 1995 tium
2347 1942 2600 2000 Erasmus
2630 1950 2849 2004 missum
2880 1953 2945 2007 ad
2973 1970 3032 2009 se
3053 1955 3271 2013 Colonia
3296 1963 3612 2032 Agrippina,
3636 1972 3755 2023 scri-

2185 2041 2355 2099 ptum,
2401 2044 2457 2087 ut
2484 2037 2679 2104 ferunt,
2740 2056 2902 2096 manu
2931 2044 3036 2098 divi
3066 2047 3281 2117 Lutgeri
3321 2054 3588 2125 episcopi.
3636 2060 3754 2113 Mira

2183 2122 2327 2176 dictu
2358 2138 2445 2177 res
2475 2138 2669 2195 quanta
2713 2130 2767 2184 in
2797 2133 3071 2191 codicibus
3097 2143 3326 2196 varietas
3351 2161 3362 2196 :
3391 2154 3450 2198 ut
3485 2152 3752 2217 unusquis-

2181 2228 2286 2279 que
2314 2213 2729 2273 describentium
2762 2232 2971 2290 putaret
2994 2228 3093 2281 sibi
3121 2230 3284 2286 licere
3313 2234 3477 2288 verba
3508 2240 3752 2295 arbitratu

2180 2317 2278 2358 suo
2303 2320 2521 2374 ponere,
2572 2312 2733 2366 modo
2760 2326 3035 2372 constaret
3071 2333 3282 2387 sensus,
3313 2328 3469 2394 quasi
3502 2329 3749 2398 interpre-

2180 2396 2309 2450 tatio
2338 2409 2501 2463 esset,
2530 2414 2636 2455 non
2668 2407 2976 2475 exscriptio.
3008 2410 3084 2465 Ita
3112 2412 3164 2467 in
3192 2413 3295 2469 hoc
3322 2416 3467 2473 libro
3499 2421 3640 2490 legas
3667 2437 3749 2477 ar-

2176 2485 2368 2553 bitror,
2400 2490 2452 2544 in
2483 2493 2576 2547 illo
2598 2505 2756 2564 puto;
2790 2499 2840 2551 in
2872 2499 2973 2556 hoc
2998 2502 3373 2574 significatum,
3416 2511 3479 2567 in
3511 2515 3598 2569 ilio
3626 2517 3746 2585 figu-

2177 2589 2382 2647 ratum;
2419 2582 2503 2638 hic
2533 2600 2795 2654 prmsens,
2827 2591 2952 2645 alibi
2984 2594 3116 2661 iste;
3159 2596 3247 2653 hic
3294 2600 3459 2657 habet
3495 2619 3638 2675 ergo,
3662 2582 3748 2663 ille

2175 2671 2363 2738 igitur;
2395 2674 2480 2729 hic
2501 2684 2757 2745 :eternus,
2788 2681 2876 2736 ille
2900 2684 3249 2755 immortalis;
3284 2692 3369 2747 hic
3398 2694 3646 2765 ﬂexisse,
3670 2699 3745 2755 illo

2176 2760 2480 2830 deﬂexisse,
2520 2768 2656 2822 alius
2683 2771 2973 2829 inflexisse.
3004 2776 3111 2832 Sed
3140 2780 3257 2836 haec
3285 2782 3538 2843 fortassis
3565 2791 3745 2845 tolera!

2175 2851 2321 2908 bilia.
2356 2856 2491 2922 Quid
2523 2859 2611 2913 iila
2641 2862 2899 2932 detracta,
2946 2870 3074 2938 quid
3102 2872 3305 2942 addita,
3338 2878 3602 2938 inversa?
3637 2885 3742 2939 1am

2173 2947 2380 3013 quoties
2407 2960 2663 3018 erratum,
2697 2970 2818 3011 cum
2850 2962 3153 3020 versionem
3185 2966 3322 3023 LXX
3374 2972 3739 3046 interpretum,

2172 3048 2330 3101 quam
2363 3038 2557 3107 ubique
2589 3045 2911 3112 Augustinus
2939 3053 3175 3121 adducit,
3204 3062 3496 3121 voluerunt
3524 3038 3588 3122 ad
3620 3038 3742 3126 hanc

2172 3136 2407 3181 nostram
2437 3129 2777 3202 detorquere,
2826 3147 2883 3193 et
2912 3157 2977 3195 ex
3005 3144 3211 3203 duabus
3245 3152 3385 3207 male
3425 3161 3740 3213 coluerenti~

2166 3216 2268 3271 bus
2294 3234 2447 3274 unam
2472 3221 2648 3278 facere
2671 3242 2684 3277 :
2709 3242 2808 3282 nec
2829 3231 2970 3286 aliud
2994 3250 3144 3305 teque
3167 3238 3265 3296 fuit
3287 3244 3575 3302 molestum
3600 3251 3734 3316 mihi,

2172 3318 2230 3362 ut
2254 3311 2451 3364 variam
2484 3312 2764 3371 lectionem
2790 3324 3116 3397 expendere,
3145 3334 3478 3403 examinare,
3504 3349 3735 3395 excutere

2162 3398 2214 3453 in
2242 3415 2351 3453 uno
2385 3416 2597 3473 quoque
2637 3408 2814 3476 capite
2850 3428 2959 3467 non
2988 3420 3179 3474 semel.
3220 3420 3349 3488 Qua:
3377 3398 3540 3482 erant
3563 3430 3734 3485 difliei«

2159 3487 2312 3554 liora,
2339 3490 2393 3546 in
2412 3491 2824 3555 Commentariis
2849 3502 3136 3573 adnotavi;
3168 3526 3293 3580 quas
3322 3529 3451 3571 vero
3481 3521 3733 3588 apertiora

2155 3592 2212 3639 et
2237 3590 2584 3657 promptiora,
2612 3592 2666 3647 in
2697 3598 2956 3667 margine.
2990 3602 3047 3656 id
3078 3609 3381 3665 accuratius
3402 3612 3505 3667 feci
3536 3614 3586 3667 in
3610 3615 3728 3668 locis

2154 3686 2456 3733 sanctarum
2487 3681 2807 3750 litterarum,
2839 3702 3058 3760 propter
3081 3709 3265 3750 earum
3309 3705 3643 3769 mysterium.
3676 3705 3725 3759 ln

2154 3765 2423 3837 plerisque
2451 3772 2714 3829 veriorem
2746 3778 2973 3836 indicari
3018 3784 3320 3853 lectionem,
3366 3801 3422 3844 et
3451 3794 3580 3861 quid
3610 3810 3724 3850 sen-

2152 3856 2307 3910 tirem
2334 3861 2541 3927 aperui.
2588 3863 2643 3918 ln
2675 3869 2886 3923 caeteris
2920 3872 3182 3939 adjecisse
3210 3879 3333 3945 quid
3382 3856 3609 3949 legerint
3639 3888 3722 3939 alii

2148 3956 2452 4017 contentus,
2487 3952 2617 4007 nihil
2644 3954 2827 4011 lectori
2857 3962 3228 4032 prmjudicans,
3261 3966 3483 4025 liberam
3534 3975 3608 4029 illi
3638 3986 3719 4030 at-

2148 4054 2249 4108 que
2278 4041 2539 4114 integram
2567 4062 2846 4105 censuram
2877 4056 3088 4124 reliqui.
3122 4060 3348 4117 Fruetur
3378 4081 3473 4134 per
3503 4085 3590 4124 me
3629 4088 3718 4125 suo

2144 4133 2371 4204 quisque
2397 4137 2516 4192 sive
2550 4139 2783 4209 ingenio,
2830 4144 2941 4199 sive
2975 4146 3197 4215 judicio.
3250 4155 3376 4209 Post
3400 4156 3627 4215 Caesaris
3655 4170 3706 4216 et

2140 4226 2427 4282 cardinalis
2473 4228 2773 4299 digressum
2803 4237 2934 4290 redii
2974 4238 3262 4297 Lovaninm
3305 4248 3404 4301 sub
3436 4250 3594 4304 finem
3621 4254 3711 4307 Se-

2139 4316 2425 4384 ptembris;
2459 4319 2567 4385 hic,
2607 4327 2918 4396 compositis
2961 4332 3140 4398 rebus,
3187 4344 3238 4390 et
3286 4338 3487 4409 digesta
3521 4344 3707 4398 biblio-

2142 4405 2319 4475 theca,
2343 4411 2480 4479 εωρὶ
2512 4420 2654 4467 totus
2680 4415 2733 4469 in
2753 4418 3097 4487 scriptiouem
3122 4424 3431 4485 incumbere
3459 4448 3471 4485 :
3493 4433 3561 4486 ita
3586 4434 3707 4490 mihi

2143 4508 2206 4548 ea
2246 4495 2437 4566 hyeme
2480 4515 2646 4568 usque
2695 4505 2759 4557 ad
2802 4509 3044 4576 quintum
3088 4513 3354 4571 decimum
3399 4520 3590 4576 librum
3631 4534 3705 4578 est

2142 4598 2502 4654 progressum.
2550 4591 2801 4649 Extremo
2852 4615 3017 4667 vere,
3064 4605 3205 4671 quod
3255 4610 3518 4667 salutandi
3564 4622 3706 4669 erant

2139 4676 2293 4731 amici
2319 4690 2564 4746 parantes
2596 4685 2648 4737 in
2682 4686 2987 4757 Hispaniam
3033 4698 3294 4761 proficisci
3335 4718 3456 4757 cum
3482 4706 3700 4769 Caesare,

2141 4769 2401 4825 intermisi
2422 4787 2579 4841 opus.
2599 4776 2825 4836 Erasmo
2842 4783 3071 4841 subinde
3086 4789 3391 4848 stimulante
3405 4806 3463 4850 et
3483 4796 3700 4850 instante

2139 4868 2195 4912 ut
2217 4863 2545 4931 perlicerem,
2560 4877 2620 4922 ut
2644 4871 2934 4941 mitterem,
2959 4877 3091 4931 redii
3111 4879 3419 4951 Lovaninm,
3442 4898 3494 4941 et
3514 4896 3695 4955 quanta

2136 4951 2370 5008 maxime
2396 4958 2543 5021 potui
2582 4959 2856 5029 diligentia
2886 4978 3072 5020 mense
3103 4985 3211 5025 uno
3234 4984 3461 5041 quatuor
3495 4988 3693 5045 postre-

2136 5054 2251 5092 mos
2278 5040 2441 5097 libros
2467 5049 2692 5112 absolvi,
2740 5065 2861 5103 cum
2894 5053 3035 5109 bona
3080 5040 3459 5127 partedecimi
3503 5064 3689 5127 octavi;

2137 5130 2363 5199 venique
2394 5136 2457 5187 ad
2487 5137 2583 5190 has
2612 5141 2950 5207 praefationes
2994 5152 3469 5211 scribendasadeo
3512 5160 3688 5218 fessus.

2134 5229 2188 5274 et
2219 5222 2401 5276 labore
2428 5234 2573 5282 tanto
2603 5240 2817 5299 tamque
2842 5238 2997 5292 tario
3018 5240 3233 5308 fractus,
3268 5256 3325 5301 ut
3364 5248 3566 5303 litteras
3586 5262 3690 5300 om-

2130 5328 2225 5367 nes
2257 5314 2527 5386 librOSque
2551 5325 2731 5379 nescio
2758 5332 3207 5396 quemadmodum
3252 5341 3462 5396 animus
3488 5353 3686 5394 aversa-

2129 5412 2296 5471 retur,
2343 5409 2487 5464 velut
2516 5413 2712 5471 crudus
2741 5423 3049 5479 stomachus
3098 5440 3159 5482 ac
3203 5430 3504 5488 redundans
3549 5431 3683 5486 cibos

2126 5509 2348 5561 omnes;
2382 5500 2597 5558 liberari
2628 5510 2841 5563 tandem
2870 5527 2931 5566 ea
2966 5517 3209 5571 molestia
3237 5524 3431 5580 misere
3456 5524 3674 5591 cupiens.

2126 5596 2179 5639 et
2206 5588 2468 5645 universis
2492 5603 2653 5664 atque
2696 5601 2864 5655 unicis
2895 5605 3034 5659 votis
3064 5621 3326 5680 exoptans
3351 5632 3364 5666 :
3398 5617 3465 5670 ita
3493 5614 3541 5667 ut
3570 5626 3677 5667 cum

2128 5676 2192 5733 ad
2223 5678 2421 5734 calcem
2452 5688 2693 5755 perveni,
2724 5706 2821 5747 nec
2854 5698 3155 5771 pecuniam,
3206 5720 3303 5760 nec
3341 5706 3549 5776 gratiam
3578 5714 3677 5757 Stu-
3712 5730 3713 5733 η
