3900 6304
123 301 238 360 ιιι
259 303 278 347 ‘r

832 291 1185 356 VARIDRUH
1219 291 1722 348 ΕΚἘΒΙΣΙΤΑΤΙΟΕ

1860 291 1923 347 ΙΝ
1959 293 2024 351 S.’
2061 296 2426 353 AUGUleNl
2468 301 2718 364 OPERA.

3297 311 3434 371 ιιρν

129 415 414 472 diesorum
467 410 662 473 ullam,
710 423 808 461 nec
851 407 992 462 aliud
1037 407 1325 475 quidquam
1373 406 1720 462 existimarint
1751 411 1804 470 Α
1830 406 1923 462 sed
1949 406 2126 463 forsan
2147 411 2306 464 etiam
2331 411 2635 467 falsissima.
2672 416 2874 470 Idcirco
2902 417 3168 489 plerisque
3192 421 3244 474 in
3273 423 3404 478 locis

126 521 292 575 reque
325 516 452 565 esse
479 500 706 570 pretium
739 514 942 566 operte,
972 513 1036 553 ac
1063 499 1300 552 solutum
1346 497 1558 552 tandem
1590 498 1723 553 libe-

127 607 424 662 ratumque
451 607 573 646 esse
599 607 685 644 me
717 590 901 644 labare
924 599 1025 642 tum
1052 590 1291 653 sinuoso,
1321 597 1376 642 et
1412 589 1722 658 plerumque

127 691 432 741 inamwno.
461 682 753 736 Narrandae
783 681 996 734 fuerunt
1030 680 1219 733 fabula:
1249 689 1306 734 et
1333 681 1594 744 historiae;
1627 680 1722 734 dc-

129 776 441 832 scribenda
469 775 715 843 regiones
743 783 796 826 et
827 771 1022 835 urbes;
1066 781 1174 824 tum
1201 770 1514 825 consulendi
1547 770 1724 824 Plato-

130 871 239 925 nici
270 884 412 938 pene
427 882 635 929 omnes,
659 875 713 920 et
739 865 958 934 reliqum
979 863 1425 932 pltil0$0phorutn
1449 862 1717 930 nationes,

129 972 184 1017 et
210 960 517 1028 theologica
551 955 827 1011 tractanda
857 971 872 1012 :
916 956 970 1009 in
1003 956 1192 1024 quibus
1237 957 1448 1023 parcior
1476 970 1633 1024 quam
1664 954 1720 1008 in

131 1054 404 1124 profanis,
435 1051 503 1105 ali
524 1061 637 1118 iuot
667 1051 735 1104 de
760 1051 958 1114 causis,
995 1047 1086 1103 fui.
1127 1049 1391 1109 Primum,
1442 1046 1584 1116 quod
1616 1060 1724 1101 non

130 1148 362 1202 decebat
393 1146 678 1214 profanum
720 1143 1011 1206 hominem,
1063 1155 1160 1194 nec
1189 1150 1314 1194 natu
1358 1139 1612 1208 grandem
1645 1149 1723 1192 te-
1755 1175 1758 1178 ~

129 1254 282 1293 mere
323 1239 396 1292 de
428 1235 788 1291 sanctissimis
819 1234 978 1287 rebus
1008 1232 1090 1286 vel
1119 1231 1360 1296 delinire,
1415 1229 1497 1284 vel
1541 1229 1723 1296 dispu-
1749 1279 1753 1284 .

129 1339 269 1383 tare.
307 1327 536 1390 Deinde,
568 1326 711 1394 quod
747 1323 970 1376 historia
995 1324 1267 1376 Sacrarum
1296 1320 1594 1374 litterarum
1625 1334 1722 1372 no-
1751 1335 1754 1338 ’

131 1419 236 1472 tior
287 1417 434 1471 solet
479 1429 602 1470 esse
649 1413 864 1468 lecturis
916 1412 1268 1481 Augustinum
1315 1419 1370 1464 et
1417 1409 1720 1477 huiusmodi

129 1518 412 1571 auctores,
444 1521 602 1573 quam
645 1514 700 1558 ut
726 1517 860 1571 opus
889 1503 961 1555 sit
989 1517 1106 1556 eam
1143 1517 1238 1570 per
1265 1515 1349 1554 me
1377 1500 1570 1566 repeti,
1600 1514 1718 1567 quae

131 1597 395 1652 indicatis
421 1595 553 1649 locis
581 1609 646 1648 ex
676 1593 846 1648 sacris
888 1591 1042 1644 libris
1088 1590 1254 1643 fusius
1282 1598 1330 1642 et
1368 1590 1604 1657 apertius
1629 1603 1722 1642 co-

131 1688 321 1754 gnosci
353 1694 555 1754 potest,
589 1698 747 1751 quam
779 1691 836 1734 ut
863 1697 892 1734 a
922 1695 1008 1734 nte
1051 1680 1135 1733 hic
1186 1679 1424 1747 pluribus
1452 1678 1720 1734 videretur

1825 498 2092 556 delectare
2118 503 2287 571 magis
2311 502 2566 559 lectorem
2599 507 2796 583 placuit
2819 523 2976 576 quam
3007 508 3222 566 docere.
3257 512 3325 567 Et
3352 515 3426 568 si.

1823 590 1949 658 quid
1975 592 2248 657 docerem,
2279 609 2384 649 non
2416 606 2523 649 tam
2555 613 2742 654 severe
2769 601 3078 668 imperando
3111 604 3252 658 volui
3279 620 3398 673 pcr-

1822 681 2070 747 suadere,
2115 698 2274 752 quam
2305 685 2497 741 blande
2531 689 2767 756 rogando
2796 691 3191 762 monendoque.
3224 696 3403 749 Addu‘

1821 774 1893 827 cli
1921 787 2106 828 sumus
2137 791 2515 847 nonnunquam
2554 795 2615 834 ea
2641 796 2825 844 causa,
2875 784 3123 850 quoniam
3152 788 3405 855 Augusti-

1822 865 2100 921 nusfusus
2130 878 2211 922 est
2242 870 2570 940 plerumque,
2602 888 2665 928 ac
2694 875 2806 943 ipse
2839 877 3103 944 interpres
3131 878 3212 930 sui
3241 894 3256 934 :
3282 882 3401 934 ideo

1822 957 2006 1012 labore
2026 959 2254 1015 docendi
2282 962 2534 1029 adempto
2567 965 2749 1020 ludere
2781 967 2956 1030 libuit,
2989 978 3044 1022 et
3069 969 3323 1024 lectorem
3349 975 3401 1025 in

1822 1048 2096 1118 digressus
2140 1051 2348 1121 aliquos
2393 1054 2610 1109 interim
2656 1073 2760 1110 nun
2811 1073 3030 1127 prorsus
3100 1061 3402 1117 inatuu'nos

1823 1141 2060 1206 ducere;
2093 1144 2251 1198 simul
2283 1155 2340 1198 ut
2366 1147 2468 1200 mei
2506 1148 2704 1202 laboris
2731 1151 3048 1218 quandoque
3079 1163 3283 1220 partem
3326 1156 3402 1210 le—

1821 1245 2028 1294 varent,
2047 1234 2148 1286 etsi
2175 1250 2278 1288 non
2308 1251 2472 1291 onere
2495 1239 2763 1307 deposito,
2794 1252 2939 1294 certe
2965 1241 3156 1310 frigida
3178 1245 3399 1311 suffusa,
3428 1275 3432 1280 ~

1823 1330 1877 1376 et
1907 1338 2000 1390 per
2029 1324 2173 1378 viam
2199 1325 2476 1395 aliquanto
2507 1331 2869 1393 munitiorem,
2901 1342 2954 1385 et
2983 1333 3121 1386 inter
3149 1345 3262 1387 sata
3293 1338 3402 1388 eul-

1825 1420 1985 1480 taque
2033 1425 2281 1482 spectatu
2328 1416 2559 1484 jucunda
2609 1422 3049 1475 connuodiorem.
3100 1422 3233 1476 Nam
3289 1426 3403 1478 ha‘c

1823 1503 2003 1555 omnia
2030 1518 2148 1571 quae
2191 1503 2324 1568 dixi,
2355 1507 2455 1559 etsi
2487 1507 2682 1561 habent
2708 1523 2831 1561 suas
2860 1509 3022 1568 animi
3055 1527 3151 1564 ceu
3181 1528 3401 1581 repara-

1823 1592 1996 1648 tioncs
2027 1592 2474 1665 refectionesque,
2513 1599 2706 1652 habent
2734 1600 3079 1655 nihilominus
3100 1619 3223 1656 suns
3255 1606 3396 1658 sulc-

1826 1681 1970 1747 bras,
2005 1697 2132 1738 suos
2159 1685 2389 1740 acclives
2414 1687 2711 1752 colliculos,
2751 1705 2843 1756 per
2862 1706 2995 1758 quos
3023 1707 3127 1745 non
3159 1698 3275 1746 sine
3303 1711 3397 1747 sn-

134 1777 483 1845 explicanda.
533 1776 650 1830 Jntn
695 1775 836 1828 dicta
866 1789 930 1827 ex
961 1772 1172 1826 arcanis
1211 1782 1409 1826 nostra:
1447 1771 1719 1840 religionis
1753 1761 1798 1819 Β
1825 1771 1954 1826 dore
1984 1788 2108 1841 agas
2135 1789 2270 1828 onus
2302 1793 2319 1829 :
2351 1791 2476 1830 suos
2503 1793 2716 1845 quoque
2755 1782 3072 1842 descensus,
3122 1798 3216 1849 per
3259 1800 3393 1848 quos

133 1869 356 1934 litteris,
414 1868 483 1921 ab
527 1866 826 1936 Augustino
856 1864 1397 1928 adducta,vnonnulla
1444 1864 1722 1919 enarravi-

136 1976 286 2024 mus;
320 1961 428 2013 alia
459 1957 1024 2027 praeterivimus,quod
1050 1957 1285 2010 viderem
1313 1972 1420 2010 non
1445 1956 1584 2008 hunc
1604 1970 1724 2010 esse

136 2052 353 2105 illorum
409 2049 847 2117 explicandorum
899 2048 1096 2100 locum.
1151 2043 1414 2100 Auetores
1470 2045 1723 2114 profanos

137 2144 360 2198 crebros
388 2143 455 2195 ad
480 2141 845 2196 conﬁrmanda
865 2139 1144 2210 Augustini
1170 2140 1336 2205 dicta,
1357 2140 1502 2194 velut
1533 2147 1719 2204 testes,
1751 2150 1754 2152 ‘

139 2233 456 2288 indusimus
488 2249 501 2282 :
535 2230 679 2300 quod
719 2229 852 2284 ﬁdes
884 2228 1144 2284 dictorum
1188 2243 1352 2298 penes
1395 2229 1518 2284 illos
1554 2237 1718 2293 esset,

140 2323 444 2394 prasertim
474 2321 528 2376 in
559 2319 797 2389 profanis
826 2319 1004 2384 rebus,
1027 2333 1159 2389 quas
1186 2321 1255 2374 ab
1280 2320 1387 2374 illis
1431 2327 1516 2375 est
1540 2320 1718 2389 Angit-

140 2417 309 2469 stinus
342 2421 640 2467 mutuatus.
663 2411 793 2465 Nam
817 2412 868 2465 in
897 2412 1058 2466 rebus
1080 2419 1278 2466 nostra:
1306 2413 1516 2480 pietatis
1545 2427 1722 2480 neque

141 2503 374 2560 ethnicis
391 2501 677 2572 quidquam
695 2509 778 2555 est
803 2500 1029 2569 negotii;
1062 2507 1119 2555 et
1145 2501 1496 2569 scriptoribus
1525 2502 1722 2556 nostris
1749 2539 1752 2542 ~

142 2611 249 2651 non
280 2595 506 2664 perinde
533 2594 715 2647 multis
743 2607 859 2647 sum
904 2605 1056 2654 usus,
1105 2605 1175 2646 ne
1216 2607 1402 2660 parum
1434 2592 1584 2646 firma
1615 2595 1723 2649 Au-

139 2689 342 2758 guSIini
369 2682 656 2741 auctoritas
683 2684 1101 2748 exiStimaretur,
1145 2685 1244 2737 nisi
1285 2684 1391 2737 illis
1421 2685 1563 2739 velut
1593 2686 1722 2739 tibi-

141 2777 357 2832 cinibus
383 2775 623 2831 suﬂulta.
667 2776 810 2832 Satis
852 2776 996 2831 enim
1035 2774 1320 2829 videbatur
1359 2789 1481 2830 esse
1522 2775 1723 2831 dixisse

142 2867 520 2936 Augustinum.
540 2865 916 2935 Hieronymum
945 2865 1272 2934 frequentius
1291 2864 1564 2931 advocavi,
1584 2881 1723 2934 prte-
1753 2901 1756 2904 ~

141 2957 296 3023 cipue
317 2955 411 3010 ubi
459 2955 529 3011 de
560 2956 854 3024 linguarum
901 2953 1383 3024 significationibus
1421 2956 1724 3009 autiuter-

143 3048 538 3117 pretationibus
583 3047 838 3116 agebatur
879 3047 1176 3115 :quoniam
1229 3046 1296 3112 is,
1349 3054 1408 3100 ut
1429 3045 1600 3100 Gratci
1629 3041 1721 3099 aut

1825 1878 1930 1916 non
1961 1865 2078 1918 sine
2102 1866 2282 1934 lapsus
2316 1869 2553 1936 periculo
2580 1869 2738 1923 facias
2775 1872 2894 1932 iter,
2923 1887 2989 1924 ne
3021 1871 3158 1926 fasce
3183 1890 3397 1942 pressus
3427 1912 3432 1918 ι

1825 1956 1877 2009 in
1912 1971 2133 2023 pronum
2164 1958 2356 2013 ferare.
2391 1961 2498 2014 Ill-ie
2527 1977 2654 2014 vero
2683 1977 2786 2015 non
2811 1971 3032 2016 stratam
3065 1965 3226 2018 ullam
3257 1968 3394 2020 viain

1823 2044 2085 2112 invenias,
2113 2064 2212 2103 nec
2240 2050 2382 2118 quod
2415 2063 2620 2105 recreet
2648 2053 2853 2116 oculos,
2899 2070 2997 2107 nec
3029 2069 3133 2122 quo
3161 2057 3242 2109 νιτι
3275 2071 3392 2109 mo«

1823 2146 2062 2193 mentum
2091 2140 2348 2207 divertas,
2391 2157 2453 2197 ac
2483 2159 2552 2199 ne
2592 2144 2678 2198 ubi
2719 2144 2909 2199 sedeas
2945 2146 3157 2214 quidem
3201 2147 3394 2213 fessus,

1819 2242 1944 2286 cum
1970 2230 2293 2286 conferenda
2325 2242 2449 2287 sunt
2478 2243 2741 2302 tempora,
2788 2249 2908 2290 cum
2953 2237 3233 2294 diversitas
3265 2240 3400 2293 inter

1822 2327 2070 2375 auctores
2097 2330 2261 2390 atque
2297 2323 2432 2378 adeo
2461 2325 2756 2380 adversitas
2784 2328 3111 2382 ostendenda
3143 2345 3264 2382 cum
3295 2345 3400 2383 sa:-

1823 2423 2116 2477 peuumero
2143 2415 2398 2477 tollenda,
2422 2430 2542 2469 cum
2571 2418 2919 2484 qurerendum
2949 2428 3004 2472 et
3021 2422 3398 2484 evolvcndum,

1823 2508 1878 2554 et
1905 2500 2251 2556 divinandum
2279 2505 2366 2558 ubi
2396 2505 2465 2558 sit
2501 2499 2647 2560 locus
2690 2521 2848 2574 quem
2891 2507 3218 2577 Augusﬁnus
3246 2509 3400 2564 affert

1821 2605 1887 2644 ex
1915 2593 2180 2659 scriptore
2222 2594 2441 2661 aliquo:
2469 2611 2626 2663 quem
2675 2597 2849 2650 locum
2896 2597 3136 2651 invenire
3175 2601 3426 2653 multum»

1825 2694 1886 2732 ac
1907 2679 1999 2733 diu
2020 2685 2327 2749 quamitum,
2353 2696 2509 2737 casus
2538 2696 2621 2736 est
2649 2687 2844 2752 sapius
2873 2701 3030 2750 quam
3061 2688 3398 2741 eruditionis.
3426 2702 3430 2707 '

1823 2768 1953 2822 Nam
1979 2770 2028 2822 in
2060 2785 2180 2824 eum
2205 2772 2400 2826 incidat
2431 2772 2740 2841 frequenter
2768 2775 3217 2843 imperitissimus,
3243 2793 3423 2844 quem

1824 2858 2010 2914 doctus
2039 2863 2364 2930 investigare
2384 2877 2497 2918 ~non
2523 2867 2692 2932 potuit
2719 2865 2811 2918 diu
2839 2865 3180 2934 vestigatum‘.
3211 2869 3276 2920 Et
3303 2869 3401 2922 hoc

1824 2954 1952 3008 mihi
1987 2964 2133 3010 tanta
2176 2955 2274 3011 fuit
2299 2956 2570 3010 difﬁcilius
2610 2972 2673 3010 ac
2702 2957 2822 3026 plus
2854 2958 3108 3027 temporis
3148 2961 3402 3024 extraxit,

1823 3045 1963 3114 quod
1987 3055 2044 3100 et
2067 3047 2362 3114 imparatus
2391 3047 2456 3102 ad
2489 3049 2589 3102 hoc
2619 3064 2754 3116 opus
2800 3049 3024 3112 accessi,
3073 3065 3192 3104 cunt
3240 3064 3400 3106 antea

143 3137 355 3193 Hebraei
383 3137 650 3191 sermonis
674 3138 886 3205 peritia,
912 3137 984 3190 ita
1011 3146 1068 3192 et
1089 3136 1396 3206 cognitione
1415 3145 1716 3190 sanctarum
1747 3119 1791 3180 C
1821 3143 2050 3203 quatuor
2076 3144 2170 3190 aut
2199 3137 2431 3205 quinque
2459 3147 2662 3192 tantum
2713 3139 2763 3190 in
2809 3152 2874 3193 eo
2921 3137 3192 3193 volumina
3239 3139 3401 3209 legis-

142 3222 545 3296 Scripturarum
562 3241 750 3280 omnes
776 3233 974 3280 nostra:
993 3225 1270 3295 religionis
1291 3226 1580 3294 scriptores
1603 3225 1718 3278 lon-

139 3335 200 3387 ge
227 3319 534 3374 antecellit.
561 3319 670 3374 Nec
702 3319 879 3387 putavi
923 3319 1034 3373 fore
1065 3319 1376 3388 interpretis
1409 3326 1718 3372 controver-

139 3412 238 3464 sias
263 3411 391 3464 illas
429 3423 649 3464 movere
677 3424 808 3478 quas
835 3411 1001 3464 nostri
1037 3409 1268 3478 theologi
1299 3408 1352 3461 in
1384 3407 1583 3462 scholis
1604 3422 1720 3461 ma-

139 3504 253 3573 gnis
290 3502 756 3571 animis'agitant;
783 3515 1084 3570 quanquam
1116 3500 1182 3555 iis
1210 3501 1381 3570 prima
1424 3509 1581 3555 relate
1615 3501 1720 3554 fui-

139 3606 251 3646 mus
301 3591 512 3655 imbuti,
559 3606 680 3660 qua:
719 3591 786 3644 ab
823 3590 1086 3657 instituto,
1134 3605 1164 3644 a
1196 3600 1373 3645 mente
1403 3591 1717 3659 raziouvque

138 3681 428 3751 Augustini
444 3681 731 3750 plurimum
755 3682 1049 3746 dissident;
1076 3689 1498 3750 aspernatusque
1523 3681 1716 3734 fuisset

139 3773 278 3838 illas,
308 3780 471 3841 atque
501 3771 808 3842 indignatus
829 3773 975 3841 operi
1020 3785 1118 3826 suo
1139 3772 1415 3837 adu-istas,
1446 3771 1591 3827 velut
1619 3771 1716 3826 tri-

142 3866 238 3918 tico
265 3864 478 3929 lolium,
519 3878 835 3932 quacunque
866 3864 986 3918 cmli
1029 3874 1182 3932 parte
1209 3878 1370 3932 purus
1395 3865 1486 3918 ille
1509 3878 1570 3918 ac
1593 3877 1715 3918 san-
1753 3875 1755 3878 ‘

141 3955 410 4010 ctissimus
439 3956 650 4008 animus
676 3969 762 4008 res
790 3953 1061 4008 hominum
1089 3954 1384 4023 despectat.
1417 3954 1595 4020 itaque
1616 3969 1714 4009 nec

142 4047 522 4117 disputandum.
547 4049 676 4102 mihi
705 4050 890 4102 censui
920 4048 1003 4102 vel
1037 4058 1157 4101 cum
1188 4047 1287 4100 hoc
1317 4047 1588 4099 hominum
1616 4062 1713 4115 ge-

143 4152 296 4202 nere,
324 4141 407 4193 vel
435 4154 559 4193 cum
587 4140 996 4209 antiquioribus,
1025 4140 1328 4208 quicunque
1357 4139 1515 4192 alieni
1542 4153 1571 4191 a
1597 4153 1714 4192 sen-

145 4231 308 4282 tentia
336 4230 614 4298 Augustini
639 4240 851 4295 essent;
900 4245 1022 4283 nam
1055 4231 1154 4284 hoc
1186 4229 1296 4297 jam
1337 4244 1442 4282 non
1468 4229 1715 4283 essetin-

145 4321 415 4388 tcrprt-tis,
445 4322 538 4375 sed
570 4321 873 4376 defensoris
899 4337 961 4374 ac
991 4322 1223 4390 patroni,
1274 4336 1392 4375 cum
1424 4337 1526 4375 non
1555 4322 1712 4375 modo

145 4427 285 4477 mea,
331 4413 422 4467 sed
458 4427 557 4467 nec
595 4412 756 4469 ullius
799 4413 1108 4468 defensione
1150 4421 1240 4466 aut
1285 4413 1582 4481 patrocinio
1621 4413 1712 4467 ille

146 4503 398 4574 indigeat.
447 4505 569 4559 Feci
600 4505 760 4574 igitur
781 4505 920 4573 quod
953 4504 1307 4572 Hieronymus
1348 4504 1400 4557 in
1423 4504 1710 4556 Commcn—
1739 4477 1790 4535 υ

149 4593 295 4650 I'atiis
322 4595 573 4662 Epistula:
619 4595 684 4648 ad
733 4594 949 4649 Galatas
999 4597 1249 4662 prmfatur
1294 4609 1356 4649 se
1399 4595 1609 4657 fecisse,
1653 4601 1713 4647 ut

150 4699 331 4755 magna
359 4702 424 4740 ex
453 4695 606 4755 parte
633 4686 859 4739 aliorum
891 4687 1185 4740 sententias
1213 4695 1417 4739 tantum
1452 4687 1708 4741 referret:

148 4777 218 4832 sic
242 4789 298 4832 et
325 4795 421 4834 nos
447 4778 574 4846 quid
603 4779 694 4831 alii
732 4778 994 4832 dixissent
1036 4779 1436 4845 sensissemque
1474 4777 1712 4831 contenti

150 4865 357 4922 lecturis
380 4870 709 4936 explicuisse
733 4871 1051 4926 sententiam
1073 4877 1310 4923 nostram
1329 4869 1710 4936 coutinuitn'us,
1739 4893 1742 4896 ~

153 4964 375 5012 veterem
401 4959 705 5012 Academia:
737 4973 940 5012 morem
969 4960 1187 5024 imitati;
1220 4968 1328 5012 tum
1357 4959 1495 5027 quod
1529 4959 1580 5012 id
1604 4975 1713 5012 ma—
1747 4964 1749 4967 ’

153 5048 227 5113 gis
252 5049 316 5101 ad
363 5059 728 5104 enarratorem
759 5049 920 5102 alieni
947 5051 1126 5118 operis
1151 5048 1451 5102 existimavi
1483 5049 1709 5116 pertine-

156 5151 224 5198 re,
252 5147 362 5191 tum
383 5139 544 5194 etiam
567 5138 710 5208 quod
740 5139 1002 5202 cunctari,
1025 5148 1080 5192 et
1107 5137 1424 5192 sententiam
1441 5152 1588 5191 suam
1608 5151 1712 5191 non

154 5229 392 5299 prodere,
443 5239 498 5285 et
523 5232 824 5286 consectari
861 5232 1029 5298 magis
1058 5231 1230 5284 aliena
1277 5246 1436 5300 quam
1466 5245 1560 5284 sua
1594 5245 1715 5297 pro-

156 5312 473 5389 ferreatque
499 5329 768 5376 ostentare
795 5329 922 5374 ante
947 5335 1110 5374 canos
1140 5308 1331 5376 decere
1369 5321 1543 5389 potius
1571 5319 1716 5373 arbi—
1740 5327 1745 5333 '

158 5410 344 5478 trahar,
375 5413 462 5481 qui
494 5414 734 5467 censuris
764 5417 826 5466 ae
866 5411 1082 5480 judiciis
1113 5427 1218 5464 non
1268 5425 1450 5478 parum
1483 5411 1715 5464 auctori-

158 5498 275 5551 talis
299 5502 498 5556 addunt
541 5521 554 5556 :
579 5517 674 5556 nec
717 5503 1006 5556 immerito.
1034 5500 1195 5554 Multa
1223 5514 1362 5553 nunc
1405 5499 1535 5553 milii
1565 5513 1708 5564 vera,

156 5591 311 5655 certa,
343 5595 619 5663 explorata
646 5594 887 5648 videntur
929 5611 941 5646 :
973 5608 1112 5661 qntc,
1144 5590 1187 5645 si
1216 5591 1416 5644 diutius
1442 5591 1716 5660 contingat

157 5678 343 5750 vivere,
375 5691 485 5739 non
524 5685 678 5741 modo
709 5686 951 5756 ambigua
1002 5699 1094 5752 per
1126 5692 1330 5738 atatem
1367 5683 1707 5749 videbun'ur,

1820 3239 1958 3290 sem,
1993 3241 2091 3281 nec
2119 3227 2325 3282 indices
2357 3228 2490 3284 ullos
2521 3228 2650 3283 mihi
2679 3245 2739 3281 ex
2774 3229 3000 3283 lectione
3046 3229 3274 3298 confeci,
3316 3231 3401 3288 vel

1818 3317 1872 3371 in
1905 3317 2066 3384 hunc,
2097 3319 2184 3372 vel
2213 3321 2268 3372 in
2296 3320 2524 3374 similem
2548 3321 2781 3388 aliquem
2807 3335 2962 3374 usum
2989 3339 3001 3373 :
3026 3337 3162 3390 quos
3193 3324 3282 3390 qui
3307 3323 3402 3379 lia-

1817 3407 1966 3472 bent,
1996 3423 2078 3460 na:
2107 3407 2161 3460 hi
2193 3407 2378 3462 felices
2408 3409 2460 3463 in
2491 3409 2683 3463 litteris
2714 3419 2856 3476 sunt,
2901 3412 3094 3477 quibus
3123 3411 3262 3464 haud
3286 3413 3402 3466 exi-

1816 3513 1918 3566 gua
1949 3496 2151 3552 laboris
2171 3497 2406 3552 demitur
2435 3513 2576 3566 pars.
2615 3499 2706 3551 llis
2734 3499 2993 3566 angustiis
3021 3507 3077 3552 et
3115 3499 3400 3554 difﬁculta-

1821 3589 1964 3642 tibus
1994 3589 2170 3656 in0pia
2201 3586 2508 3642 Graecorum
2539 3588 2868 3642 voluminum
2901 3590 3144 3648 accessit.
3177 3605 3294 3658 quae
3315 3603 3398 3648 est

1817 3680 1874 3736 in
1905 3681 2002 3734 hac
2032 3681 2248 3749 regione
2299 3680 2454 3734 mira.
2502 3679 2636 3734 Nam
2683 3694 2808 3734 cum
2859 3681 3058 3748 passim
3105 3683 3399 3740 doetisiias

1815 3774 2025 3841 obvius,
2056 3774 2101 3828 si
2131 3773 2477 3828 Aristotelem
2509 3773 2780 3838 Graecum,
2837 3785 2928 3827 aut
2957 3773 3394 3844 Demosthenem,

1815 3872 1908 3917 aut
1934 3865 2094 3918 Vetus
2121 3864 2555 3929 Testamentum;
2585 3874 2676 3917 aut
2701 3864 3038 3930 Pausaniam,
3077 3875 3170 3920 aut
3196 3868 3292 3920 ISOt
3313 3884 3398 3923 ra-

1817 3964 1945 4018 tem,
1977 3964 2065 4006 aut
2096 3953 2294 4009 Julium
2329 3954 2620 4018 Pollucem,
2653 3965 2744 4008 aut
2770 3954 3106 4009 Eustathium
3138 3959 3410 4014 utenduut

1815 4054 1991 4111 petas,
2019 4052 2215 4114 negant
2243 4059 2303 4099 se
2334 4045 2561 4105 habere;
2596 4059 2694 4098 nee
2722 4044 2862 4112 apud
2892 4045 3213 4114 bibliopolas
3238 4063 3395 4100 vena-

1816 4135 1894 4191 les
1922 4137 2184 4191 invenias.
2216 4137 2349 4190 Cum
2377 4135 2463 4190 hic
2488 4137 2704 4190 adesset
2738 4137 3012 4201 Erasmus,
3047 4137 3164 4205 ejus
3205 4138 3400 4192 biblio-

1815 4230 1968 4283 theca
1994 4228 2322 4298 adjuvabar;
2354 4237 2411 4282 et
2437 4229 2580 4282 illinc
2619 4228 2759 4281 aliud
2801 4243 3003 4297 agens,
3033 4230 3234 4295 aliquot
3265 4233 3393 4284 mihi

1814 4321 2186 4388 decerpseram
2219 4321 2356 4384 loca,
2385 4335 2503 4390 qua:
2527 4335 2624 4373 ceu
2655 4321 3010 4388 praesagiebat
3037 4321 3248 4373 animus
3277 4324 3396 4375 uSni

1819 4412 1948 4465 mihi
1980 4412 2268 4481 aliquando
2296 4415 2490 4465 futura.
2520 4411 2650 4465 Nam
2683 4426 2744 4464 ea
2773 4413 2824 4464 in
2857 4412 2972 4465 bare
3001 4410 3396 4464 Conttncuturia

1819 4503 1992 4557 intuli.
2023 4502 2270 4556 Gre-cum
2306 4501 2582 4556 Platonem
2617 4502 2771 4556 habui
2802 4503 2853 4555 in
2896 4512 3162 4563 octavum,
3196 4515 3396 4554 nonum

1819 4594 2158 4648 ctdn-cimum
2191 4593 2382 4648 librum
2405 4595 2681 4658 scribens;
2708 4594 3026 4648 Strabonem
3057 4592 3261 4660 plerum
3285 4606 3391 4656 ;nc,

1821 4687 2132 4740 Pausaniam
2164 4702 2574 4754 nonnunquam;
2604 4686 2696 4740 sed
2731 4685 2996 4754 prmeipue
3018 4697 3139 4735 cum
3171 4681 3220 4735 in
3251 4683 3397 4736 deci-

1820 4795 1962 4832 tnum
1995 4789 2240 4834 octavum
2269 4788 2680 4840 commentarer,
2709 4787 2761 4830 et
2788 4777 2991 4841 aliquot
3019 4775 3173 4838 alios,
3204 4775 3396 4842 quibus

1818 4884 1923 4922 non
1956 4871 2178 4938 perinde
2203 4881 2361 4939 atque
2385 4871 2500 4924 istis
2529 4867 2848 4934 indigebam.
2875 4865 2988 4918 Non
3015 4865 3227 4933 quidem
3250 4867 3394 4933 quod

1819 4960 2150 5025 Augustinus
2191 4964 2255 5010 ad
2297 4975 2356 5012 se
2393 4959 2750 5011 enarrandum
2802 4971 3042 5025 magnam
3084 4959 3392 5012 Graecorum

1817 5060 2093 5102 auctorum
2123 5049 2331 5111 coiviam
2363 5045 2652 5104 desideret.
2699 5045 2786 5112 qui
2821 5046 3034 5100 Latinos
3071 5057 3272 5102 tantum
3314 5057 3396 5102 cst

1815 5148 2050 5200 srcuttts,
2079 5149 2214 5204 quos
2243 5137 2386 5188 solos
2414 5149 2550 5202 pene
2589 5135 2809 5202 legerat,
2845 5147 2936 5190 aut
2966 5132 3156 5191 versos
3186 5153 3218 5191 e
3243 5137 3394 5191 Grm.

1814 5233 1922 5296 eis;
1948 5232 2040 5284 sed
2068 5238 2216 5283 certe
2245 5229 2290 5282 si
2322 5227 2532 5295 adjutus
2561 5229 2760 5296 majore
2782 5228 3088 5283 Grtceorum
3117 5228 3392 5294 suppelle-

1814 5325 1921 5377 ctcli
1955 5323 2193 5384 fuissi‘m,
2241 5321 2504 5391 putttisset
2542 5335 2680 5388 Opus-
2707 5320 2862 5389 paulo
2886 5321 3036 5374 Exire
3065 5317 3306 5372 ornatius
3331 5329 3394 5367 ac

1817 5412 2154 5479 locupletius.
2191 5411 2369 5480 itaque
2395 5409 2644 5464 nonnulla
2673 5419 2797 5464 sunt
2821 5426 2849 5462 u
2882 5409 3035 5463 nobis
3068 5407 3392 5474 praetermis-

1814 5517 1893 5564 sa,
1925 5518 2042 5570 qua:
2074 5501 2266 5570 partim
2296 5517 2357 5557 ex
2395 5500 2542 5554 nullo
2574 5511 2855 5569 potuerunt
2885 5511 3102 5553 anetore
3127 5497 3261 5564 'peti,
3299 5512 3392 5551 eo-

1816 5606 1931 5645 rum
1964 5592 2217 5645 duntaxat
2247 5593 2335 5660 qui
2366 5599 2573 5644 etstant
2602 5608 2614 5642 :
2648 5591 2837 5660 partim
2863 5605 2924 5643 cx
2953 5588 3237 5644 reconditis
3253 5590 3393 5645 Cra:-

1814 5698 2002 5739 eorum
2033 5681 2224 5740 litteris
2276 5681 2493 5737 fttcrunt
2526 5681 2758 5736 eruenda
2779 5721 2794 5750 ,
2846 5679 2975 5734 alias
3014 5679 3389 5737 bibliothecam
