3900 6318
401 5026 431 5147 1

449 305 552 361 ωδ

1340 295 1884 359 SUPPLEMEN‘I‘UM
1925 292 2014 347 AD
2053 292 2279 348 OPERA
2324 294 2379 348 S.
2423 291 2813 349 AUGUSTINI.

3601 301 3708 356 ιιι

451 417 588 470 nacti
611 415 916 469 Graecorum
945 416 1189 470 codicum
1212 417 1545 482 ampliorem,
1569 427 1664 480 per
1688 409 2020 463 occasionem
2054 409 2101 468 Α
2129 422 2348 476 magnes
2375 407 2458 460 vel
2506 407 2756 470 adamas;
2786 406 2981 460 animal
3011 421 3076 460 an
3110 409 3400 477 metallum,
3436 412 3586 480 tigris
3618 417 3708 471 vel

454 525 514 561 ea
548 509 730 562 lectori
753 509 1065 562 sarciemus.
1083 508 1396 575 Quanquam
1415 505 1604 558 sedulo
1629 503 1752 556 illud
1778 509 1901 552 ante
1924 497 2024 550 alia

452 609 534 652 est
561 613 587 649 a
620 599 772 652 nobis
802 597 1142 665 advigilatuut
1174 607 1538 663 curatumque,
1598 609 1665 646 ne
1713 590 1876 642 multa
1923 588 2028 644 sint

454 704 569 755 qua:
601 689 651 740 in
684 688 784 741 hoc
814 703 976 755 opere
1005 689 1232 741 studiosi
1275 687 1517 739 homines
1556 682 1867 749 cordatique
1909 693 2029 746 pos-

456 786 574 830 sent
605 776 932 831 desiderare.
974 779 1103 843 Quae
1148 777 1323 830 omnia
1357 783 1609 844 praestare
1637 772 1756 824 aliis
1802 769 1885 822 vel
1931 785 2025 822 co-

454 869 690 936 gnitione
725 884 902 923 rerum
951 870 1232 935 ampliore,
1284 868 1366 923 vel
1411 866 1622 935 ingenio
1663 863 1896 929 majore,
1942 859 2024 913 vel

457 960 683 1014 feliciori
707 962 962 1014 memoria
995 961 1110 1014 leve
1141 970 1196 1014 et
1237 960 1393 1013 facile
1439 958 1647 1013 fuisset.
1693 956 1855 1009 Nobis
1883 963 2028 1008 certe

456 1051 596 1103 haud
619 1066 746 1105 sane
776 1051 958 1105 credat
987 1053 1287 1121 quisquam,
1307 1065 1463 1119 quam
1489 1048 1765 1104 taediosum
1792 1045 1946 1098 fuerit
1967 1059 2028 1098 ac

457 1141 789 1195 fastidiorum
820 1144 1035 1211 plenum
1065 1160 1078 1196 :
1107 1159 1210 1211 quo
1242 1143 1297 1196 fit
1320 1152 1374 1196 ιιι
1396 1141 1565 1211 prima
1598 1141 1683 1194 illa
1711 1155 1827 1208 qua:
1859 1153 1944 1193 me
1975 1140 2027 1191 in

453 1246 588 1298 Opus
618 1233 941 1299 stimulabat,
997 1234 1303 1301 perﬁciendi
1336 1234 1561 1287 facilitas
1593 1232 1750 1300 plane
1787 1231 2025 1299 perierit.

458 1319 522 1371 At
553 1322 748 1375 utilitas
783 1332 978 1391 quanta
1026 1324 1097 1375 sit
1143 1323 1341 1387 futura,
1391 1321 1740 1390 pronuntiare
1787 1335 1890 1373 non
1945 1331 2030 1376 est

455 1424 654 1474 mourn,
681 1411 818 1478 quod
854 1426 950 1464 nec
984 1412 1034 1464 in
1075 1426 1238 1479 Opere
1277 1427 1374 1464 suo
1409 1412 1687 1480 quisquam
1724 1411 1806 1466 vel
1851 1411 2029 1464 incor-

454 1508 639 1565 ruptus
669 1510 751 1553 est
777 1501 961 1568 judex,
993 1503 1077 1555 vel
1109 1518 1214 1555 non
1244 1512 1556 1570 suspectus;
1587 1510 1640 1554 et
1669 1511 1915 1554 eventum
1951 1502 2026 1556 rei

453 1591 614 1644 situm
644 1592 698 1644 in
729 1592 952 1648 fortuuze
978 1609 1135 1646 manu
1163 1603 1532 1663 potestaleque
1555 1592 1845 1661 praedicare
1871 1608 2028 1646 nemo

453 1687 647 1746 potest,
679 1694 778 1733 nec
804 1696 902 1748 ego
933 1683 1260 1748 promittere.
1291 1682 1465 1748 Vivet,
1495 1693 1547 1735 et
1575 1684 1797 1750 legetur,
1833 1692 1886 1734 ct
1923 1683 2028 1751 pla-

2129 499 2320 551 milvus
2349 513 2364 551 :
2405 498 2542 551 sitne
2571 499 2662 566 qui
2691 496 2877 551 ardeat
2916 512 3068 550 mons
3090 498 3250 553 IEtna
3282 515 3348 554 an
3383 503 3575 571 Alpes;
3615 520 3709 559 ar-

2129 587 2319 640 deatne
2344 586 2595 654 sulphure
2618 602 2845 641 accenso
2874 601 2940 640 an
2971 602 3148 642 arena.
3175 590 3309 656 Quid
3336 591 3548 657 dixerit,
3578 596 3711 663 quid

2130 677 2358 729 senserit
2381 677 2549 739 Plato,
2576 677 2700 744 quid
2728 677 2890 730 atomi
2913 677 3196 732 Democriti
3228 680 3545 747 conficiant;
3578 684 3709 753 quid

2131 768 2397 821 similarvs
2444 777 2622 835 partes
2669 769 2778 820 sint
2807 769 3154 837 Anaxagcrzr,
3198 780 3289 824 aut
3317 771 3710 843 dissimilares;

2130 858 2254 925 quid
2297 857 2610 926 Pythagora:
2654 859 3077 913 transanimatio.
3132 860 3221 914 Isti
3268 862 3332 916 ad
3376 863 3488 918 hrcc
3527 868 3709 921 omnia

2132 949 2266 1002 linea
2295 957 2416 1002 sunt
2445 948 2584 1010 alba,
2617 950 2754 1003 sicut
2782 948 2884 1002 dici
2915 950 3072 1014 solet,
3105 950 3155 1004 in
3189 951 3363 1020 lapide
3390 953 3532 1009 albo.
3568 956 3712 1012 Tan-

2131 1047 2240 1091 tum
2270 1038 2357 1091 illa
2373 1038 2604 1092 curanda
2623 1039 3038 1107 etexpendenda
3053 1041 3284 1107 ducunt,
3311 1057 3378 1096 an
3410 1044 3551 1099 Deus
3580 1062 3707 1115 pos-

2130 1128 2197 1181 sit
2238 1128 2571 1194 suppositare
2615 1128 2750 1182 hanc
2793 1143 3020 1196 pennam
3057 1145 3159 1198 qua
3190 1132 3386 1199 scribo,
3428 1148 3494 1188 an
3519 1135 3711 1203 jubere

2131 1217 2297 1286 possit
2326 1217 2504 1270 odium
2533 1219 2648 1284 sui;
2681 1220 2918 1286 possitne
2947 1220 3257 1288 dispensare
3284 1224 3518 1292 pontifex
3547 1241 3710 1298 Super

2130 1319 2254 1362 voto
2285 1309 2628 1377 profectionis
2653 1309 2930 1376 Romanae,
2957 1320 3051 1365 aut
3075 1313 3601 1385 llierosolymitame;
3633 1335 3704 1375 an

2130 1402 2352 1468 pecunia
2385 1401 2663 1454 sacerdotii
2695 1402 3003 1469 pensionem
3036 1405 3323 1472 redimere,
3357 1407 3423 1460 sit
3452 1408 3704 1464 simonia.

2131 1489 2326 1544 Verum
2372 1491 2644 1545 enimvero
2689 1492 2774 1544 isti
2832 1502 3085 1547 censeant
3131 1498 3398 1563 quomodo
3442 1499 3709 1555 voluerint

2130 1595 2354 1650 cumque
2383 1581 2448 1636 de
2479 1596 2662 1650 Opere.
2694 1582 2804 1636 Nec
2833 1582 2910 1636 eis
2940 1583 3138 1648 scribo,
3171 1599 3270 1639 nec
3298 1601 3390 1641 eos
3417 1602 3547 1641 curo
3587 1605 3706 1644 mea

2133 1673 2336 1742 legere;
2372 1688 2467 1726 nec
2491 1688 2674 1727 eorum
2692 1674 2948 1742 judicium
2975 1690 3361 1746 censuramque
3382 1679 3707 1744 naucilacio,

452 1769 612 1834 ecbit,
637 1778 689 1822 et
721 1771 954 1837 proderit
983 1786 1136 1841 Opus,
1170 1772 1213 1825 si
1239 1772 1420 1825 faverit
1453 1772 1673 1840 genius;
1711 1772 1793 1824 sin
1837 1774 2022 1825 advcr.
2060 1767 2101 1824 Β
2131 1779 2228 1817 nec
2265 1764 2343 1817 eis
2384 1764 2595 1832 placere
2632 1763 2822 1819 studeo
2855 1781 2869 1816 :
2903 1773 2957 1818 et
2985 1765 3192 1822 doctius
3233 1767 3428 1836 putabo
3459 1784 3547 1824 me
3573 1772 3706 1824 scri-

451 1866 620 1924 setur,
646 1861 889 1914 concidet
918 1876 980 1916 ac
1009 1861 1261 1915 interibit.
1297 1862 1454 1914 Multa
1480 1872 1627 1930 grata
1652 1871 1777 1915 sunt
1799 1870 1852 1915 et
1873 1861 2021 1914 utilia

453 1959 658 2003 tantum
684 1966 744 2004 ea
767 1967 946 2018 causa,
975 1954 1113 2022 quod
1144 1955 1224 2007 sic
1255 1954 1406 2006 libuit
1430 1953 1675 2007 fortunae.
1710 1953 1841 2008 lllud
1866 1955 2024 2006 modo

451 2041 653 2105 precari
686 2056 921 2110 possum,
953 2045 995 2096 si
1029 2045 1153 2112 quid
1184 2044 1416 2111 optando
1450 2047 1742 2112 proficitur,
1768 2054 1875 2098 tam
1899 2045 2025 2098 utile

453 2138 512 2184 ιιι
537 2132 770 2186 sentiant
797 2149 932 2200 Opus
957 2134 1213 2202 legentes,
1245 2151 1400 2206 quam
1428 2136 1561 2189 mihi
1591 2151 1750 2204 grave
1778 2146 1831 2191 et
1856 2137 2025 2191 mole-

450 2229 590 2272 stum
623 2221 720 2274 fuit
746 2223 1021 2277 scribenti.
1053 2223 1277 2292 Jamque
1307 2224 1534 2291 primum
1560 2224 1688 2278 illud
1722 2226 2020 2295 amisimus,

450 2310 741 2362 secundum
771 2313 1030 2365 incertum
1053 2323 1157 2376 est,
1192 2313 1401 2366 tertiqu
1426 2329 1529 2367 non
1558 2313 1795 2382 profecto
1824 2316 2024 2369 certius

451 2398 519 2450 de
546 2399 734 2466 gratia,
783 2402 924 2456 unde
955 2418 1145 2455 nomen
1190 2403 1466 2472 gloriaque
1494 2405 1558 2458 ad
1595 2405 1909 2472 scriptorem
1939 2421 2024 2460 rc-

450 2487 546 2540 dit.
579 2490 815 2544 Primum
847 2508 953 2546 non
995 2494 1179 2562 ignoro
1219 2505 1474 2564 quantum
1523 2497 1677 2550 fama:
1718 2498 2024 2554 admiratio-

452 2580 638 2646 nisque
669 2581 816 2648 operi
846 2581 1004 2637 etiam
1048 2583 1249 2652 optimo
1279 2586 1608 2652 detrahatur,
1633 2601 1753 2642 cum
1782 2589 1833 2642 in
1860 2590 2022 2645 alium

449 2670 696 2725 scribitur
723 2690 734 2724 :
760 2674 809 2726 id
842 2685 944 2739 est,
975 2675 1268 2729 ardificatur
1316 2679 1369 2729 in
1409 2680 1580 2732 aliena
1616 2681 1920 2746 superficie,
1969 2691 2025 2736 et

448 2761 591 2814 velut
629 2762 895 2817 scribendi
938 2775 1308 2834 argumentum
1352 2767 1422 2820 ab
1458 2768 1562 2821 alio
1603 2778 1683 2822 est
1721 2770 2024 2838 suppedita-

449 2861 592 2919 tum;
625 2853 723 2907 nisi
751 2854 928 2908 forsan
972 2857 1022 2908 iu
1055 2871 1235 2910 sacras
1262 2857 1467 2911 litteras
1512 2860 1711 2927 aliquid
1751 2875 2023 2915 commcn-

448 2948 575 3002 teris
609 2958 820 3016 propter
843 2959 1081 3004 sanctam
1113 2951 1444 3019 majestatcm
1476 2967 1682 3017 earum,
1711 2963 1800 3006 aut
1830 2956 1880 3007 in
1904 2955 2022 3008 Ari-

446 3040 686 3094 stotelem
718 3051 936 3109 prOpter
985 3050 1256 3110 receptam
1289 3042 1486 3096 scholis
1514 3044 1758 3098 Omnibus
1781 3047 2016 3098 auctori-

449 3139 629 3182 tatem.
663 3131 879 3186 Accedit
909 3132 1029 3198 huc,
1086 3134 1226 3200 quod
1259 3135 1408 3188 multi
1449 3135 1638 3203 quibus
1677 3136 1853 3189 omnia
1898 3151 2018 3204 qua:

444 3221 735 3289 negligunt,
765 3232 855 3276 aut
883 3237 986 3275 non
1016 3224 1248 3290 capiunt,
1284 3223 1335 3276 in
1364 3225 1764 3291 grammaticam
1800 3237 2017 3280 vertun-

446 3319 552 3375 tur,
587 3312 879 3379 quamlibet
917 3314 969 3367 in
999 3313 1098 3367 hoc
1139 3313 1274 3366 libro
1302 3328 1454 3367 sacra
1483 3324 1534 3368 ct
1566 3314 1930 3383 philosophica
1962 3327 2016 3370 et

446 3403 718 3455 recondita
753 3405 1178 3469 tractaverimus,
1221 3406 1620 3474 grammaticam
1648 3405 1848 3469 dicent,
1894 3407 2015 3461 ideo

446 3495 734 3563 praecipue,
783 3496 925 3565 quod
974 3496 1224 3550 historias
1273 3499 1638 3565 narravimus,
1679 3508 1732 3554 et
1779 3499 2011 3565 fabulas;

444 3585 582 3640 idem
627 3587 695 3642 de
742 3588 856 3656 ipso
898 3588 1176 3656 Augustini
1226 3603 1390 3658 Opere
1434 3589 1651 3657 dicturi,
1706 3591 1804 3644 nisi
1846 3592 2015 3659 pudor

443 3675 745 3744 impediret,
773 3686 827 3731 ct
856 3680 1153 3733 reverentia
1186 3681 1419 3734 nominis
1451 3691 1557 3734 tam
1587 3681 1836 3737 omnibus
1875 3684 2014 3737 sacri

442 3775 495 3820 et
537 3767 855 3820 admirandi.
903 3768 1005 3821 Alii
1053 3768 1155 3823 hoc
1199 3778 1365 3823 totum
1407 3785 1508 3824 nec
1549 3770 1748 3835 visum,
1798 3785 1897 3825 nec
1929 3771 2016 3840 ju-

441 3856 673 3909 dicatum
699 3893 715 3920 ,
761 3855 1115 3925 qualicunque
1159 3868 1442 3913 censeatur
1480 3859 1716 3924 nomine,
1766 3860 2014 3927 rejicient

442 3955 496 3999 et
537 3944 902 3998 damnabunt:
929 3955 987 4002 ut
1032 3948 1272 4014 proxime
1296 3948 1507 4018 quidam
1540 3949 1822 4017 theologia:
1849 3949 2015 4004 licen-

444 4033 623 4097 tiatus,
681 4049 800 4089 cum
847 4038 1081 4092 audisset
1127 4054 1212 4094 me
1257 4041 1309 4094 in
1353 4041 1518 4093 libros
1560 4040 1626 4094 de
1654 4038 1880 4094 Civitate
1919 4040 2012 4096 Dei

442 4125 701 4191 scribere,
729 4143 920 4198 magno
943 4129 1153 4185 fastidio
1173 4147 1390 4200 Operam
1419 4146 1591 4185 meam
1622 4141 1868 4201 tanquam
1896 4131 2014 4185 inu~

447 4217 594 4271 tilcni
623 4233 838 4287 prorsus
870 4236 1168 4289 vanamque
1199 4231 1512 4291 aspernatus
1539 4231 1635 4277 est.
1671 4223 1736 4276 Et
1761 4223 1909 4291 quid,
1936 4223 2015 4276 in-

440 4311 574 4377 quit,
606 4327 741 4381 opus
771 4322 853 4367 est
890 4313 1039 4366 libris
1070 4314 1175 4367 illis
1209 4315 1530 4368 illustratore
1563 4315 1678 4382 plus
1707 4314 1834 4368 satis
1862 4329 1927 4368 ex
1959 4329 2016 4369 se

441 4402 740 4471 perSpicuis
778 4411 832 4456 et
869 4402 1071 4455 claris?
1114 4402 1158 4455 υ
1200 4411 1250 4456 ιε
1299 4403 1505 4456 felicem
1548 4403 1784 4471 quisquis
1820 4417 1898 4467 es,
1931 4404 2013 4457 cui

2130 1856 2318 1922 psisse,
2347 1856 2388 1908 si
2427 1855 2766 1924 displicuero.
2800 1858 2866 1909 At
2897 1855 3023 1910 illttd
3067 1872 3388 1926 magnopere
3417 1858 3707 1915 dolendum

2126 1955 2230 2010 est,
2253 1946 2499 2000 insistere
2526 1961 2892 2014 saepenumero
2915 1949 3140 2016 ingeniis
3162 1950 3441 2005 doctorum
3465 1953 3704 2022 quidem,

2126 2038 2219 2091 sed
2248 2052 2352 2091 non
2379 2037 2600 2105 perinde
2625 2038 2884 2092 bonorum
2927 2038 3198 2094 hominum
3237 2040 3593 2108 perniciosum
3627 2043 3706 2095 in-

2125 2128 2374 2182 videntiae
2402 2128 2570 2194 virus,
2611 2143 2716 2198 qua
2745 2129 2881 2183 bona
2912 2144 3072 2198 opera
3103 2129 3403 2195 incessant,
3445 2132 3706 2199 lacerent,

2126 2222 2498 2288 proscindant,
2549 2231 2641 2276 aut
2687 2223 2911 2291 perdere
2957 2232 3218 2278 conentur
3261 2225 3571 2295 profutura,
3614 2239 3707 2280 aut

2125 2312 2346 2366 allatura
2391 2312 2564 2367 lucem
2608 2313 2917 2368 obscurare.
2955 2313 3087 2368 llinc
3127 2314 3328 2381 odium,
3375 2327 3430 2370 et
3473 2331 3536 2369 cx
3579 2317 3710 2371 odio

2125 2402 2333 2455 rabiosa
2377 2402 2774 2466 maledicentia,
2805 2413 2860 2458 et
2900 2403 3210 2472 impotentis
3237 2404 3398 2458 animi
3434 2405 3616 2469 verba,
3652 2414 3706 2459 et

2123 2492 2273 2553 rixze,
2296 2499 2351 2545 et
2371 2490 2568 2559 jurgia,
2593 2502 2644 2547 et
2667 2492 2968 2547 calumnia.
3001 2493 3135 2548 llinc
3155 2508 3297 2562 saepe
3319 2495 3619 2562 desperatio
3647 2507 3707 2552 et

2123 2582 2465 2651 desponsatio
2494 2585 2774 2638 meliorum
2804 2586 3157 2654 ingeniorum,
3187 2601 3306 2641 cum
3333 2595 3559 2655 pertaesa
3587 2603 3703 2642 rem

2123 2673 2203 2728 sic
2230 2689 2465 2728 amaram
2499 2684 2551 2730 ct
2582 2675 2920 2730 inamabilem
2954 2676 3020 2731 ab
3050 2678 3194 2732 omni
3227 2678 3490 2733 scribendi
3522 2687 3574 2733 et
3621 2679 3706 2747 ju-

2123 2766 2309 2820 vandae
2343 2768 2668 2834 posteritatis
2698 2768 2906 2823 ratione
2943 2777 3275 2834 avertuntur,
3307 2769 3622 2837 plerumque
3649 2778 3707 2824 et

2123 2857 2190 2910 ab
2215 2857 2404 2910 studiis
2437 2858 2599 2912 etiam
2633 2857 2809 2926 :quod
2841 2866 3044 2912 tantum
3077 2859 3229 2913 abest
3260 2867 3315 2912 ut
3347 2859 3523 2912 invida
3549 2859 3704 2928 inge-

2122 2946 2207 3000 nia
2240 2947 2354 3000 fieri
2385 2945 2621 3011 doleant,
2651 2954 2707 3000 ut
2733 2961 2793 3001 se
2823 2962 2888 3001 ex
2915 2947 3016 3001 hoc
3046 2948 3269 3002 fructum
3298 2961 3490 3016 capere
3519 2948 3706 3016 singu-

2123 3040 2286 3092 larem
2329 3038 2653 3103 existiment,
2699 3052 2761 3092 ac
2809 3038 3010 3095 laboris
3059 3039 3140 3094 sui
3188 3040 3496 3108 prmmium;
3540 3040 3704 3092 linem

2047 3117 2092 3178 C
2123 3143 2250 3182 vero
2290 3122 2448 3196 quem
2493 3126 2824 3182 destinarant
2864 3127 2910 3182 si
2950 3139 3363 3197 consequantur,
3391 3137 3448 3182 ut
3487 3138 3704 3183 cessent

2120 3234 2328 3280 omnes,
2362 3234 2518 3273 nemo
2559 3219 2695 3273 bene
2739 3218 2916 3274 faciat.
2959 3220 3110 3284 Quod
3141 3219 3442 3282 Terentius,
3477 3228 3531 3272 ut
3563 3220 3703 3276 alios

2120 3307 2241 3361 vita:
2272 3309 2520 3362 humana:
2549 3323 2753 3372 mores,
2778 3310 2853 3362 sic
2883 3319 2936 3362 et
2967 3309 3122 3362 istum
3154 3308 3448 3377 prudenter
3477 3324 3700 3377 exptes-

2119 3396 2208 3464 sit,
2241 3412 2361 3451 cum
2409 3398 2726 3452 malevolum
2759 3407 2812 3451 et
2843 3397 3166 3452 invidentem
3201 3407 3408 3467 poetam
3451 3401 3699 3454 omnibus

2117 3488 2456 3543 contendisse
2485 3489 2686 3543 viribus
2713 3488 2818 3554 ait,
2848 3488 2916 3544 ab
2952 3490 3235 3545 scribendo
3266 3491 3340 3543 uti
3371 3491 3696 3557 deterreret,

2117 3593 2170 3636 et
2212 3582 2262 3636 in
2309 3583 2475 3636 otium
2529 3581 2780 3638 traderet.
2821 3582 3006 3651 Neque
3048 3598 3175 3636 vero
3215 3582 3266 3636 id
3308 3597 3404 3650 ego
3435 3581 3690 3647 dixerim,

2117 3675 2254 3743 quod
2288 3689 2430 3743 a‘grc
2462 3675 2626 3729 feram
2661 3690 2744 3729 me
2771 3675 2851 3728 vel
2875 3675 3172 3741 admoneri,
3205 3675 3286 3728 vel
3314 3675 3472 3729 etiam
3505 3690 3688 3743 repre-

2118 3765 2297 3830 hendi,
2330 3764 2403 3818 dii
2436 3766 2709 3819 meliorem
2755 3776 2988 3819 mentem
3015 3766 3027 3818 !
3075 3765 3184 3818 lmo
3209 3764 3408 3819 debere
3439 3780 3525 3818 me
3558 3766 3693 3818 mul-

2117 3864 2226 3910 tum
2267 3855 2555 3924 profitebor
2594 3857 2796 3922 potiora
2836 3855 3140 3924 suggereuti
3184 3864 3238 3909 et
3279 3856 3690 3924 reprehendenti

2117 3947 2291 4003 docte.
2323 3948 2452 4001 Nam
2485 3957 2536 4002 et
2566 3948 2825 4014 meipsum
2866 3962 2970 4002 non
3003 3948 3198 4017 pigebit
3227 3957 3432 4002 mutare
3471 3957 3692 4002 sentcn-

2117 4039 2267 4106 tiam,
2296 4040 2340 4094 si
2372 4039 2450 4094 vel
2482 4039 2738 4105 studium,
2769 4038 2853 4094 vel
2882 4048 3013 4094 aetas
3042 4040 3144 4094 alia
3175 4039 3414 4094 docuerit
3443 4039 3688 4094 meliora.

2118 4130 2382 4183 Cancrum
2411 4129 2788 4197 permolestum
2819 4137 2902 4183 est
2943 4136 3102 4198 atque
3145 4129 3535 4184 intolerandum
3571 4145 3692 4198 pro-

2120 4219 2350 4274 nuntiari
2378 4218 2544 4273 semel
2571 4221 2637 4274 de
2668 4228 2778 4273 toto
2800 4232 2983 4286 opere,
3014 4218 3359 4283 damnarique
3387 4233 3488 4272 ceu
3520 4218 3690 4288 impc-

2118 4311 2280 4364 rilum
2309 4318 2400 4364 aut
2428 4311 2594 4375 futile,
2620 4325 2741 4364 cum
2770 4325 2867 4365 nec
2894 4312 3108 4379 legeris,
3139 4325 3237 4365 nec
3267 4309 3445 4365 forsan
3471 4310 3518 4364 si
3547 4311 3690 4378 lege-

2121 4404 2218 4466 ris,
2251 4403 2522 4457 inveneris
2566 4417 2732 4472 usque
2761 4403 2895 4457 adeo
2936 4403 3100 4456 multa
3129 4417 3248 4473 quae
3277 4403 3578 4468 convellas;
3611 4403 3694 4458 vel

441 4505 545 4547 tam
576 4492 742 4564 aperti
792 4491 1078 4561 facilesque
1114 4500 1238 4546 sunt
1275 4490 1326 4544 hi
1368 4492 1432 4544 de
1463 4491 1693 4545 Civitate
1728 4493 1821 4547 Dei
1863 4492 2015 4548 libri!
2050 4477 2100 4538 Ι)
2124 4493 2242 4561 ipse
2270 4495 2314 4547 si
2348 4492 2672 4546 tantumdem
2705 4499 2960 4561 praestare
2991 4501 3193 4559 tentes,
3229 4493 3313 4546 vel
3356 4506 3461 4545 non
3490 4491 3695 4557 valeas,

439 4587 700 4641 Caeterum
724 4583 905 4639 mirari
931 4583 1018 4652 qui
1045 4580 1329 4637 audiebant
1356 4582 1441 4638 vel
1467 4583 1734 4651 ingenium
1762 4583 2010 4648 hominis,

440 4677 523 4728 Vel
554 4675 930 4734 eruditionem,
966 4672 1049 4727 vel
1075 4683 1223 4726 certe
1252 4671 1658 4738 impudentiam.
1689 4671 1817 4724 Nam
1846 4670 2013 4739 impe—

439 4766 692 4820 ritissime
736 4763 1092 4833 loquebatur,
1145 4770 1198 4816 et
1249 4774 1426 4814 rerum
1483 4759 1724 4813 omnium
1773 4770 2014 4816 veterum

442 4863 557 4907 erat
598 4857 816 4909 omnino
845 4870 1035 4924 expers
1065 4863 1122 4909 et
1150 4853 1329 4917 rudis;
1357 4851 1672 4922 rogavitque
1715 4868 1779 4908 ex
1813 4852 1894 4906 his
1924 4855 2014 4924 qui

437 4940 717 4994 audierant
761 4959 898 4998 unus
943 4961 1040 5000 cur
1087 4945 1165 5000 sic
1205 4953 1490 5004 censeret,
1537 4956 1657 4996 cum
1706 4951 1890 4997 essent
1936 4951 2015 4999 tot

439 5029 711 5092 historim,
753 5040 832 5082 tot
870 5033 1088 5099 fabulae,
1121 5042 1200 5087 tot
1243 5032 1640 5101 philosophica,
1685 5039 1762 5087 tot
1791 5047 2014 5102 geogra-

441 5121 612 5190 phica,
659 5128 738 5173 tot
767 5120 1158 5175 mathematica.
1204 5124 1338 5188 Quid
1359 5164 1373 5190 ,
1406 5123 1598 5193 inquit,
1633 5122 1718 5176 illa
1751 5123 1816 5176 ad
1863 5123 2016 5178 theo-

439 5212 658 5281 Iugum?
686 5209 890 5264 Deinde
918 5210 1023 5263 sint
1051 5228 1082 5263 ιι
1112 5212 1192 5266 vel
1221 5212 1271 5276 b,
1303 5228 1407 5267 non
1439 5229 1555 5268 sum
1585 5213 1870 5269 sollicitus.
1904 5213 2017 5270 Hoc

437 5302 568 5357 illud
599 5310 700 5372 est,
733 5300 847 5355 istis
875 5315 974 5355 nec
999 5299 1206 5367 Cicero,
1239 5317 1337 5358 nec
1364 5303 1640 5372 Virgilius,
1665 5318 1763 5360 nec
1790 5303 2014 5368 Plinius,

436 5411 538 5449 nec
566 5395 652 5451 alii
677 5394 878 5450 similes
905 5392 1194 5461 interprete
1223 5394 1460 5463 indigent
1484 5411 1496 5446 :
1522 5409 1642 5449 cum
1669 5409 1858 5450 eorum
1889 5395 2020 5449 nihil

441 5487 677 5550 intersit,
734 5487 852 5555 quis
890 5483 1052 5539 fuerit
1097 5483 1306 5552 Scipio,
1338 5485 1455 5553 quis
1483 5485 1682 5551 Caesar,
1715 5489 1835 5555 quis
1864 5486 2023 5542 Pom-

440 5575 615 5641 peius,
643 5578 760 5643 quis
787 5577 972 5643 Cato,;
1005 5592 1124 5646 quae
1152 5585 1240 5630 aut
1264 5577 1357 5630 ubi
1379 5576 1661 5646 Carthago,
1696 5578 2013 5646 Babylonia;

441 5665 681 5720 herbane
707 5681 773 5722 an
803 5683 1011 5735 saxum,
1046 5670 1216 5726 malva
1242 5678 1330 5723 aut
1355 5667 1542 5734 beata;
1572 5668 1703 5738 lapis
1729 5683 1796 5726 an
1820 5668 2017 5738 lignum

2121 4583 2204 4637 vel
2234 4580 2393 4636 sudes
2423 4583 2578 4636 satis.
2608 4584 2714 4636 Aut
2738 4583 2784 4636 si
2815 4595 3000 4647 unum,
3041 4590 3134 4635 aut
3161 4580 3230 4635 ad
3270 4596 3534 4636 summum
3565 4581 3694 4636 alte-

2122 4685 2242 4726 rum
2270 4670 2641 4738 deprehendas
2673 4681 2930 4739 erratum,
2963 4680 3181 4740 propter
3209 4671 3296 4726 illa
3327 4686 3461 4740 opus
3489 4680 3696 4725 tantum

2123 4769 2339 4828 tamque
2377 4762 2582 4816 varium
2620 4761 2832 4830 rejicias
2868 4762 3173 4816 universum
3195 4800 3212 4827 ,
3245 4768 3303 4816 et
3339 4771 3697 4816 contemnas:

2121 4852 2270 4908 velut
2294 4854 2340 4908 si
2368 4853 2582 4922 egregio
2607 4853 2880 4923 inspersos
2921 4854 3285 4923 reprehendas
3319 4867 3550 4924 corpore
3588 4869 3702 4908 meo

2122 4958 2240 5009 vos,
2279 4954 2337 4998 ιιι
2377 4943 2628 4999 lloratius
2667 4943 2862 5013 inquit.
2901 4943 2958 4997 In
2995 4957 3236 5012 summa,
3267 4943 3701 5012 quandoquidem

2123 5035 2397 5090 hominum
2427 5034 2632 5103 linguas
2662 5047 2761 5087 nec
2787 5031 2956 5086 habeo
2982 5033 3039 5086 in
3065 5047 3224 5087 manu
3252 5047 3392 5097 mea,
3421 5040 3477 5088 et
3500 5032 3700 5087 liberas

2123 5124 2276 5180 decet
2309 5125 2361 5178 in
2388 5125 2571 5178 liberis
2591 5122 2801 5188 studiis,
2828 5138 2937 5177 non
2959 5122 3222 5192 deprecor
3243 5137 3348 5196 quo
3369 5123 3545 5177 minus
3575 5136 3702 5178 sen-

2123 5217 2220 5270 tiat
2249 5216 2602 5284 loquaturque
2623 5214 2690 5270 de
2718 5229 2881 5284 opere
2905 5216 3128 5286 quisque
3155 5229 3251 5283 pro
3275 5215 3446 5270 libito.
3471 5213 3528 5270 Si
3557 5214 3704 5270 enim

2126 5305 2326 5359 malum
2356 5311 2438 5358 est
2469 5317 2624 5372 opus,
2658 5303 2817 5360 irasci
2845 5305 2915 5360 ob
2941 5305 3218 5360 veritatem
3249 5318 3353 5360 non
3383 5304 3586 5358 debeo:
3619 5306 3704 5358 sin

2129 5397 2348 5462 bonum,
2381 5409 2477 5450 eos
2513 5398 2602 5464 qui
2643 5396 3028 5463 maledixerint,
3057 5411 3154 5452 sua
3192 5396 3486 5451 invidentia
3511 5393 3703 5449 exedet

2131 5495 2377 5556 tanquam
2403 5501 2668 5543 venenum
2701 5505 2714 5541 :
2742 5488 2795 5542 in
2818 5501 2922 5556 quo
2948 5502 3054 5542 uno
3073 5487 3367 5558 justissima
3396 5496 3477 5541 est
3499 5484 3697 5548 invidia

2129 5579 2266 5644 ipsa,
2297 5577 2509 5631 caeteris
2542 5577 2596 5632 in
2627 5578 2782 5634 rebus
2811 5578 3161 5646 iniquissima.
3196 5579 3307 5632 lloc
3333 5576 3503 5632 solum
3539 5574 3700 5629 etiam

2129 5676 2283 5737 atque
2312 5668 2468 5723 etiam
2499 5683 2648 5739 r030,
2679 5678 2729 5730 et
2759 5669 3005 5733 obsecro.
3030 5671 3156 5726 utsi
3183 5671 3300 5740 quis
3324 5685 3355 5728 ιι
3385 5683 3469 5726 me
3495 5667 3700 5725 dissors
