  <div class='ocr_page' id='page_1' title='image "/cluster/home/n/w/nwhite01/storage/ocr_20150623/47/uva.x000827107/230.png"; bbox 0 0 3900 6324; ppageno 0'>
   <div class='ocr_carea' id='block_1_1' title="bbox 183 336 300 394">
    <p class='ocr_par' dir='ltr' id='par_1_1' title="bbox 183 336 300 394">
     <span class='ocr_line' id='line_1_1' title="bbox 183 336 300 394; baseline 0.009 -1"><span class='ocrx_word' id='word_1_1' title='bbox 183 336 300 394; x_wconf 69' lang='lat' dir='ltr'><strong>H5</strong></span> 
     </span>
    </p>
   </div>
   <div class='ocr_carea' id='block_1_2' title="bbox 180 439 2653 517">
    <p class='ocr_par' dir='ltr' id='par_1_2' title="bbox 180 439 2653 517">
     <span class='ocr_line' id='line_1_2' title="bbox 180 439 2653 517; baseline -0.005 -12"><span class='ocrx_word' id='word_1_2' title='bbox 180 452 357 516; x_wconf 76' lang='lat' dir='ltr'><strong>serit,</strong></span> <span class='ocrx_word' id='word_1_3' title='bbox 391 449 738 517; x_wconf 79' lang='lat' dir='ltr'><strong>volueritque</strong></span> <span class='ocrx_word' id='word_1_4' title='bbox 775 446 829 501; x_wconf 99' lang='lat' dir='ltr'><strong>id</strong></span> <span class='ocrx_word' id='word_1_5' title='bbox 858 447 1073 515; x_wconf 77' lang='lat' dir='ltr'><strong>scriptis</strong></span> <span class='ocrx_word' id='word_1_6' title='bbox 1105 446 1308 513; x_wconf 88' lang='lat' dir='ltr'><strong>testari,</strong></span> <span class='ocrx_word' id='word_1_7' title='bbox 1337 445 1640 499; x_wconf 91' lang='lat' dir='ltr'><strong>meminerit</strong></span> <span class='ocrx_word' id='word_1_8' title='bbox 1671 458 1784 498; x_wconf 44' lang='lat' dir='ltr'><strong>mos</strong></span> <span class='ocrx_word' id='word_1_9' title='bbox 1813 441 1864 500; x_wconf 83' lang='lat' dir='ltr'><strong>A</strong></span> <span class='ocrx_word' id='word_1_10' title='bbox 1891 439 1975 495; x_wconf 92' lang='lat' dir='ltr'><strong>his</strong></span> <span class='ocrx_word' id='word_1_11' title='bbox 2021 441 2159 495; x_wconf 98' lang='lat' dir='ltr'><strong>meis</strong></span> <span class='ocrx_word' id='word_1_12' title='bbox 2200 441 2603 499; x_wconf 86' lang='lat' dir='ltr'><strong>commentariis</strong></span> <span class='ocrx_word' id='word_1_13' title='bbox 2642 456 2653 493; x_wconf 94' lang='lat'>:</span> 
     </span>
    </p>
   </div>
   <div class='ocr_carea' id='block_1_3' title="bbox 178 535 1787 606">
    <p class='ocr_par' dir='ltr' id='par_1_3' title="bbox 178 535 1787 606">
     <span class='ocr_line' id='line_1_3' title="bbox 178 535 1787 606; baseline -0.004 -12"><span class='ocrx_word' id='word_1_14' title='bbox 178 544 404 606; x_wconf 64' lang='lat' dir='ltr'><strong>destas,</strong></span> <span class='ocrx_word' id='word_1_15' title='bbox 455 551 514 595; x_wconf 86' lang='lat' dir='ltr'><strong>et</strong></span> <span class='ocrx_word' id='word_1_16' title='bbox 562 541 682 594; x_wconf 84' lang='lat' dir='ltr'><strong>sine</strong></span> <span class='ocrx_word' id='word_1_17' title='bbox 728 539 991 593; x_wconf 80' lang='lat' dir='ltr'><strong>conviciis</strong></span> <span class='ocrx_word' id='word_1_18' title='bbox 1038 537 1346 606; x_wconf 87' lang='lat' dir='ltr'><strong>asperisque</strong></span> <span class='ocrx_word' id='word_1_19' title='bbox 1391 535 1659 590; x_wconf 83' lang='lat' dir='ltr'><strong>morsibus</strong></span> <span class='ocrx_word' id='word_1_20' title='bbox 1699 549 1787 588; x_wconf 88' lang='lat' dir='ltr'><strong>me</strong></span> 
     </span>
    </p>
   </div>
   <div class='ocr_carea' id='block_1_4' title="bbox 183 627 1784 702">
    <p class='ocr_par' dir='ltr' id='par_1_4' title="bbox 183 627 1784 702">
     <span class='ocr_line' id='line_1_4' title="bbox 183 627 1784 702; baseline -0.002 -19"><span class='ocrx_word' id='word_1_21' title='bbox 183 632 350 702; x_wconf 78' lang='lat' dir='ltr'><strong>quod</strong></span> <span class='ocrx_word' id='word_1_22' title='bbox 371 631 731 700; x_wconf 89' lang='lat' dir='ltr'><strong>ignoraverim</strong></span> <span class='ocrx_word' id='word_1_23' title='bbox 753 630 961 683; x_wconf 87' lang='lat' dir='ltr'><strong>doceat.</strong></span> <span class='ocrx_word' id='word_1_24' title='bbox 989 627 1120 682; x_wconf 88' lang='lat' dir='ltr'><strong>Nam</strong></span> <span class='ocrx_word' id='word_1_25' title='bbox 1145 637 1200 682; x_wconf 89' lang='lat' dir='ltr'><strong>ut</strong></span> <span class='ocrx_word' id='word_1_26' title='bbox 1228 628 1471 682; x_wconf 85' lang='lat' dir='ltr'><strong>convicia</strong></span> <span class='ocrx_word' id='word_1_27' title='bbox 1495 637 1547 682; x_wconf 92' lang='lat' dir='ltr'><strong>et</strong></span> <span class='ocrx_word' id='word_1_28' title='bbox 1567 640 1784 696; x_wconf 80' lang='lat' dir='ltr'><strong>gravem</strong></span> 
     </span>
    </p>
   </div>
   <div class='ocr_carea' id='block_1_5' title="bbox 179 719 1787 791">
    <p class='ocr_par' dir='ltr' id='par_1_5' title="bbox 179 719 1787 791">
     <span class='ocr_line' id='line_1_5' title="bbox 179 719 1787 791; baseline -0.006 -12"><span class='ocrx_word' id='word_1_29' title='bbox 179 724 452 779; x_wconf 76' lang='lat' dir='ltr'><strong>fortassis</strong></span> <span class='ocrx_word' id='word_1_30' title='bbox 481 723 911 791; x_wconf 89' lang='lat' dir='ltr'><strong>objurgationem</strong></span> <span class='ocrx_word' id='word_1_31' title='bbox 941 728 1205 774; x_wconf 90' lang='lat' dir='ltr'><strong>mereatur</strong></span> <span class='ocrx_word' id='word_1_32' title='bbox 1233 719 1389 783; x_wconf 90' lang='lat' dir='ltr'><strong>liber,</strong></span> <span class='ocrx_word' id='word_1_33' title='bbox 1417 733 1523 772; x_wconf 87' lang='lat' dir='ltr'><strong>non</strong></span> <span class='ocrx_word' id='word_1_34' title='bbox 1553 727 1787 772; x_wconf 86' lang='lat' dir='ltr'><strong>meretur</strong></span> 
     </span>
    </p>
   </div>
   <div class='ocr_carea' id='block_1_6' title="bbox 179 808 1787 876">
    <p class='ocr_par' dir='ltr' id='par_1_6' title="bbox 179 808 1787 876">
     <span class='ocr_line' id='line_1_6' title="bbox 179 808 1787 876; baseline -0.004 -9"><span class='ocrx_word' id='word_1_35' title='bbox 179 814 520 868; x_wconf 86' lang='lat' dir='ltr'><strong>institutum</strong></span> <span class='ocrx_word' id='word_1_36' title='bbox 553 821 608 866; x_wconf 92' lang='lat' dir='ltr'><strong>et</strong></span> <span class='ocrx_word' id='word_1_37' title='bbox 649 820 872 866; x_wconf 78' lang='lat' dir='ltr'><strong>conatus</strong></span> <span class='ocrx_word' id='word_1_38' title='bbox 915 811 1080 864; x_wconf 91' lang='lat' dir='ltr'><strong>animi</strong></span> <span class='ocrx_word' id='word_1_39' title='bbox 1120 810 1224 864; x_wconf 89' lang='lat' dir='ltr'><strong>mei</strong></span> <span class='ocrx_word' id='word_1_40' title='bbox 1259 827 1272 862; x_wconf 89' lang='lat'>:</span> <span class='ocrx_word' id='word_1_41' title='bbox 1307 811 1378 863; x_wconf 85' lang='lat' dir='ltr'><strong>ita</strong></span> <span class='ocrx_word' id='word_1_42' title='bbox 1409 808 1595 863; x_wconf 90' lang='lat' dir='ltr'><strong>eadem</strong></span> <span class='ocrx_word' id='word_1_43' title='bbox 1625 821 1787 876; x_wconf 84' lang='lat' dir='ltr'><strong>opera</strong></span> 
     </span>
    </p>
   </div>
   <div class='ocr_carea' id='block_1_7' title="bbox 177 898 1784 971">
    <p class='ocr_par' dir='ltr' id='par_1_7' title="bbox 177 898 1784 971">
     <span class='ocr_line' id='line_1_7' title="bbox 177 898 1784 971; baseline -0.002 -13"><span class='ocrx_word' id='word_1_44' title='bbox 177 903 314 965; x_wconf 80' lang='lat' dir='ltr'><strong>ﬁet,</strong></span> <span class='ocrx_word' id='word_1_45' title='bbox 351 913 410 957; x_wconf 92' lang='lat' dir='ltr'><strong>ut</strong></span> <span class='ocrx_word' id='word_1_46' title='bbox 443 917 545 971; x_wconf 85' lang='lat' dir='ltr'><strong>ego</strong></span> <span class='ocrx_word' id='word_1_47' title='bbox 574 916 697 956; x_wconf 86' lang='lat' dir='ltr'><strong>cum</strong></span> <span class='ocrx_word' id='word_1_48' title='bbox 735 901 852 955; x_wconf 87' lang='lat' dir='ltr'><strong>aliis</strong></span> <span class='ocrx_word' id='word_1_49' title='bbox 880 898 1107 956; x_wconf 88' lang='lat' dir='ltr'><strong>fructum</strong></span> <span class='ocrx_word' id='word_1_50' title='bbox 1144 901 1460 955; x_wconf 91' lang='lat' dir='ltr'><strong>eruditionis</strong></span> <span class='ocrx_word' id='word_1_51' title='bbox 1488 900 1629 954; x_wconf 90' lang='lat' dir='ltr'><strong>illius</strong></span> <span class='ocrx_word' id='word_1_52' title='bbox 1660 913 1784 966; x_wconf 85' lang='lat' dir='ltr'><strong>per-</strong></span> 
     </span>
    </p>
   </div>
   <div class='ocr_carea' id='block_1_8' title="bbox 179 989 1789 1061">
    <p class='ocr_par' dir='ltr' id='par_1_8' title="bbox 179 989 1789 1061">
     <span class='ocr_line' id='line_1_8' title="bbox 179 989 1789 1061; baseline -0.002 -15"><span class='ocrx_word' id='word_1_53' title='bbox 179 992 424 1061; x_wconf 85' lang='lat' dir='ltr'><strong>cipiam,</strong></span> <span class='ocrx_word' id='word_1_54' title='bbox 459 1005 854 1061; x_wconf 83' lang='lat' dir='ltr'><strong>agnoscamque</strong></span> <span class='ocrx_word' id='word_1_55' title='bbox 883 1005 1226 1060; x_wconf 82' lang='lat' dir='ltr'><strong>permagnum</strong></span> <span class='ocrx_word' id='word_1_56' title='bbox 1253 989 1598 1052; x_wconf 83' lang='lat' dir='ltr'><strong>beneficium,</strong></span> <span class='ocrx_word' id='word_1_57' title='bbox 1631 997 1789 1056; x_wconf 90' lang='lat' dir='ltr'><strong>atque</strong></span> 
     </span>
    </p>
   </div>
   <div class='ocr_carea' id='block_1_9' title="bbox 182 1077 1788 1151">
    <p class='ocr_par' dir='ltr' id='par_1_9' title="bbox 182 1077 1788 1151">
     <span class='ocr_line' id='line_1_9' title="bbox 182 1077 1788 1151; baseline -0.006 -14"><span class='ocrx_word' id='word_1_58' title='bbox 182 1083 436 1137; x_wconf 85' lang='lat' dir='ltr'><strong>habeam</strong></span> <span class='ocrx_word' id='word_1_59' title='bbox 468 1083 690 1151; x_wconf 92' lang='lat' dir='ltr'><strong>gratiam</strong></span> <span class='ocrx_word' id='word_1_60' title='bbox 736 1077 1092 1134; x_wconf 84' lang='lat' dir='ltr'><strong>immortalem</strong></span> <span class='ocrx_word' id='word_1_61' title='bbox 1126 1097 1139 1133; x_wconf 91' lang='lat'>:</span> <span class='ocrx_word' id='word_1_62' title='bbox 1171 1088 1223 1134; x_wconf 92' lang='lat' dir='ltr'><strong>et</strong></span> <span class='ocrx_word' id='word_1_63' title='bbox 1252 1081 1367 1146; x_wconf 90' lang='lat' dir='ltr'><strong>ipse</strong></span> <span class='ocrx_word' id='word_1_64' title='bbox 1405 1079 1594 1134; x_wconf 87' lang='lat' dir='ltr'><strong>melior</strong></span> <span class='ocrx_word' id='word_1_65' title='bbox 1623 1079 1788 1146; x_wconf 83' lang='lat' dir='ltr'><strong>magi-</strong></span> 
     </span>
    </p>
   </div>
   <div class='ocr_carea' id='block_1_10' title="bbox 182 1170 1787 1240">
    <p class='ocr_par' dir='ltr' id='par_1_10' title="bbox 182 1170 1787 1240">
     <span class='ocr_line' id='line_1_10' title="bbox 182 1170 1787 1240; baseline -0.002 -15"><span class='ocrx_word' id='word_1_66' title='bbox 182 1183 314 1227; x_wconf 88' lang='lat' dir='ltr'><strong>ster</strong></span> <span class='ocrx_word' id='word_1_67' title='bbox 360 1183 475 1226; x_wconf 91' lang='lat' dir='ltr'><strong>tum</strong></span> <span class='ocrx_word' id='word_1_68' title='bbox 522 1186 580 1226; x_wconf 83' lang='lat' dir='ltr'><strong>se</strong></span> <span class='ocrx_word' id='word_1_69' title='bbox 619 1171 882 1240; x_wconf 77' lang='lat' dir='ltr'><strong>profuisse</strong></span> <span class='ocrx_word' id='word_1_70' title='bbox 920 1170 1196 1240; x_wconf 87' lang='lat' dir='ltr'><strong>intelligat,</strong></span> <span class='ocrx_word' id='word_1_71' title='bbox 1243 1179 1352 1225; x_wconf 87' lang='lat' dir='ltr'><strong>tum</strong></span> <span class='ocrx_word' id='word_1_72' title='bbox 1380 1170 1636 1224; x_wconf 72' lang='lat' dir='ltr'><strong>doctrinm</strong></span> <span class='ocrx_word' id='word_1_73' title='bbox 1676 1181 1787 1222; x_wconf 75' lang='lat' dir='ltr'><strong>sua:</strong></span> 
     </span>
    </p>
   </div>
   <div class='ocr_carea' id='block_1_11' title="bbox 185 1260 1788 1330">
    <p class='ocr_par' dir='ltr' id='par_1_11' title="bbox 185 1260 1788 1330">
     <span class='ocr_line' id='line_1_11' title="bbox 185 1260 1788 1330; baseline -0.004 -14"><span class='ocrx_word' id='word_1_74' title='bbox 185 1263 353 1317; x_wconf 88' lang='lat' dir='ltr'><strong>nulla</strong></span> <span class='ocrx_word' id='word_1_75' title='bbox 385 1262 751 1327; x_wconf 86' lang='lat' dir='ltr'><strong>immodestia,</strong></span> <span class='ocrx_word' id='word_1_76' title='bbox 782 1275 901 1329; x_wconf 74' lang='lat' dir='ltr'><strong>qua:</strong></span> <span class='ocrx_word' id='word_1_77' title='bbox 928 1261 1078 1330; x_wconf 75' lang='lat' dir='ltr'><strong>pejor</strong></span> <span class='ocrx_word' id='word_1_78' title='bbox 1116 1270 1197 1318; x_wconf 88' lang='lat' dir='ltr'><strong>est</strong></span> <span class='ocrx_word' id='word_1_79' title='bbox 1222 1275 1380 1328; x_wconf 90' lang='lat' dir='ltr'><strong>quam</strong></span> <span class='ocrx_word' id='word_1_80' title='bbox 1410 1260 1639 1323; x_wconf 85' lang='lat' dir='ltr'><strong>inscitia,</strong></span> <span class='ocrx_word' id='word_1_81' title='bbox 1669 1274 1788 1313; x_wconf 83' lang='lat' dir='ltr'><strong>cor-</strong></span> 
     </span>
    </p>
   </div>
   <div class='ocr_carea' id='block_1_12' title="bbox 185 1351 1780 1423">
    <p class='ocr_par' dir='ltr' id='par_1_12' title="bbox 185 1351 1780 1423">
     <span class='ocr_line' id='line_1_12' title="bbox 185 1351 1780 1423; baseline -0.004 -14"><span class='ocrx_word' id='word_1_82' title='bbox 185 1366 378 1422; x_wconf 72' lang='lat' dir='ltr'><strong>rupta:</strong></span> <span class='ocrx_word' id='word_1_83' title='bbox 429 1364 484 1411; x_wconf 91' lang='lat' dir='ltr'><strong>et</strong></span> <span class='ocrx_word' id='word_1_84' title='bbox 527 1355 816 1423; x_wconf 69' lang='lat' dir='ltr'><strong>inquinata:</strong></span> <span class='ocrx_word' id='word_1_85' title='bbox 868 1353 1076 1408; x_wconf 87' lang='lat' dir='ltr'><strong>laudem</strong></span> <span class='ocrx_word' id='word_1_86' title='bbox 1129 1353 1512 1422; x_wconf 90' lang='lat' dir='ltr'><strong>amplissimam</strong></span> <span class='ocrx_word' id='word_1_87' title='bbox 1557 1351 1780 1405; x_wconf 77' lang='lat' dir='ltr'><strong>auferat.</strong></span> 
     </span>
    </p>
   </div>
   <div class='ocr_carea' id='block_1_13' title="bbox 188 1442 1786 1512">
    <p class='ocr_par' dir='ltr' id='par_1_13' title="bbox 188 1442 1786 1512">
     <span class='ocr_line' id='line_1_13' title="bbox 188 1442 1786 1512; baseline -0.002 -14"><span class='ocrx_word' id='word_1_88' title='bbox 188 1445 394 1512; x_wconf 79' lang='lat' dir='ltr'><strong>Neque</strong></span> <span class='ocrx_word' id='word_1_89' title='bbox 417 1445 556 1498; x_wconf 89' lang='lat' dir='ltr'><strong>absit</strong></span> <span class='ocrx_word' id='word_1_90' title='bbox 575 1443 644 1496; x_wconf 91' lang='lat' dir='ltr'><strong>ab</strong></span> <span class='ocrx_word' id='word_1_91' title='bbox 673 1442 863 1496; x_wconf 89' lang='lat' dir='ltr'><strong>studiis</strong></span> <span class='ocrx_word' id='word_1_92' title='bbox 890 1444 1234 1498; x_wconf 78' lang='lat' dir='ltr'><strong>humanitatis</strong></span> <span class='ocrx_word' id='word_1_93' title='bbox 1256 1444 1580 1509; x_wconf 85' lang='lat' dir='ltr'><strong>humanitas,</strong></span> <span class='ocrx_word' id='word_1_94' title='bbox 1605 1457 1786 1498; x_wconf 81' lang='lat' dir='ltr'><strong>serve-</strong></span> 
     </span>
    </p>
   </div>
   <div class='ocr_carea' id='block_1_14' title="bbox 190 1533 1788 1603">
    <p class='ocr_par' dir='ltr' id='par_1_14' title="bbox 190 1533 1788 1603">
     <span class='ocr_line' id='line_1_14' title="bbox 190 1533 1788 1603; baseline 0.001 -16"><span class='ocrx_word' id='word_1_95' title='bbox 190 1545 401 1603; x_wconf 87' lang='lat' dir='ltr'><strong>turque</strong></span> <span class='ocrx_word' id='word_1_96' title='bbox 455 1533 540 1586; x_wconf 91' lang='lat' dir='ltr'><strong>illa</strong></span> <span class='ocrx_word' id='word_1_97' title='bbox 593 1533 948 1600; x_wconf 85' lang='lat' dir='ltr'><strong>tranquillitas</strong></span> <span class='ocrx_word' id='word_1_98' title='bbox 999 1534 1298 1588; x_wconf 89' lang='lat' dir='ltr'><strong>animorum</strong></span> <span class='ocrx_word' id='word_1_99' title='bbox 1349 1549 1452 1602; x_wconf 88' lang='lat' dir='ltr'><strong>qua</strong></span> <span class='ocrx_word' id='word_1_100' title='bbox 1495 1547 1656 1602; x_wconf 88' lang='lat' dir='ltr'><strong>super</strong></span> <span class='ocrx_word' id='word_1_101' title='bbox 1700 1548 1788 1588; x_wconf 87' lang='lat' dir='ltr'><strong>res</strong></span> 
     </span>
    </p>
   </div>
   <div class='ocr_carea' id='block_1_15' title="bbox 193 1623 1784 1692">
    <p class='ocr_par' dir='ltr' id='par_1_15' title="bbox 193 1623 1784 1692">
     <span class='ocr_line' id='line_1_15' title="bbox 193 1623 1784 1692; baseline -0.001 -15"><span class='ocrx_word' id='word_1_102' title='bbox 193 1639 398 1678; x_wconf 86' lang='lat' dir='ltr'><strong>omnes</strong></span> <span class='ocrx_word' id='word_1_103' title='bbox 440 1623 574 1676; x_wconf 77' lang='lat' dir='ltr'><strong>alias</strong></span> <span class='ocrx_word' id='word_1_104' title='bbox 615 1624 775 1677; x_wconf 76' lang='lat' dir='ltr'><strong>Musa:</strong></span> <span class='ocrx_word' id='word_1_105' title='bbox 821 1624 1073 1692; x_wconf 81' lang='lat' dir='ltr'><strong>gaudent.</strong></span> <span class='ocrx_word' id='word_1_106' title='bbox 1116 1625 1184 1678; x_wconf 86' lang='lat' dir='ltr'><strong>Et</strong></span> <span class='ocrx_word' id='word_1_107' title='bbox 1217 1625 1536 1692; x_wconf 90' lang='lat' dir='ltr'><strong>incipiamus</strong></span> <span class='ocrx_word' id='word_1_108' title='bbox 1576 1638 1784 1677; x_wconf 81' lang='lat' dir='ltr'><strong>morem</strong></span> 
     </span>
    </p>
   </div>
   <div class='ocr_carea' id='block_1_16' title="bbox 194 1710 1787 1779">
    <p class='ocr_par' dir='ltr' id='par_1_16' title="bbox 194 1710 1787 1779">
     <span class='ocr_line' id='line_1_16' title="bbox 194 1710 1787 1779; baseline -0.001 -14"><span class='ocrx_word' id='word_1_109' title='bbox 194 1712 349 1765; x_wconf 90' lang='lat' dir='ltr'><strong>hunc</strong></span> <span class='ocrx_word' id='word_1_110' title='bbox 379 1711 571 1766; x_wconf 87' lang='lat' dir='ltr'><strong>tollere</strong></span> <span class='ocrx_word' id='word_1_111' title='bbox 599 1725 754 1779; x_wconf 88' lang='lat' dir='ltr'><strong>quem</strong></span> <span class='ocrx_word' id='word_1_112' title='bbox 786 1710 958 1764; x_wconf 75' lang='lat' dir='ltr'><strong>infida:</strong></span> <span class='ocrx_word' id='word_1_113' title='bbox 985 1711 1234 1765; x_wconf 89' lang='lat' dir='ltr'><strong>omnibus</strong></span> <span class='ocrx_word' id='word_1_114' title='bbox 1267 1710 1416 1765; x_wconf 74' lang='lat' dir='ltr'><strong>furiae</strong></span> <span class='ocrx_word' id='word_1_115' title='bbox 1445 1711 1496 1764; x_wconf 92' lang='lat' dir='ltr'><strong>itt</strong></span> <span class='ocrx_word' id='word_1_116' title='bbox 1528 1720 1787 1779; x_wconf 67' lang='lat' dir='ltr'><strong>prmstan-</strong></span> 
     </span>
    </p>
   </div>
   <div class='ocr_carea' id='block_1_17' title="bbox 900 326 2776 389">
    <p class='ocr_par' dir='ltr' id='par_1_17' title="bbox 900 326 2776 389">
     <span class='ocr_line' id='line_1_17' title="bbox 900 326 2776 389; baseline -0.004 -2"><span class='ocrx_word' id='word_1_117' title='bbox 900 331 1253 389; x_wconf 78' lang='lat' dir='ltr'><strong>VARIORUM</strong></span> <span class='ocrx_word' id='word_1_118' title='bbox 1295 326 1884 386; x_wconf 80' lang='lat' dir='ltr'><strong>EXERCITATIONES</strong></span> <span class='ocrx_word' id='word_1_119' title='bbox 1921 326 1986 381; x_wconf 78' lang='lat' dir='ltr'><strong>IN</strong></span> <span class='ocrx_word' id='word_1_120' title='bbox 2026 329 2082 382; x_wconf 86' lang='lat' dir='ltr'><strong>S.</strong></span> <span class='ocrx_word' id='word_1_121' title='bbox 2128 326 2492 384; x_wconf 79' lang='lat' dir='ltr'><strong>AUCUSTINI</strong></span> <span class='ocrx_word' id='word_1_122' title='bbox 2532 326 2776 382; x_wconf 76' lang='lat' dir='ltr'><strong>OPERA.</strong></span> 
     </span>
    </p>
   </div>
   <div class='ocr_carea' id='block_1_18' title="bbox 3362 330 3468 388">
    <p class='ocr_par' dir='ltr' id='par_1_18' title="bbox 3362 330 3468 388">
     <span class='ocr_line' id='line_1_18' title="bbox 3362 330 3468 388; baseline 0.038 -4"><span class='ocrx_word' id='word_1_123' title='bbox 3362 330 3468 388; x_wconf 73' lang='grc' dir='ltr'><strong>ΗΟ</strong></span> 
     </span>
    </p>
   </div>
   <div class='ocr_carea' id='block_1_19' title="bbox 2697 439 3466 509">
    <p class='ocr_par' dir='ltr' id='par_1_19' title="bbox 2697 439 3466 509">
     <span class='ocr_line' id='line_1_19' title="bbox 2697 439 3466 509; baseline 0.009 -17"><span class='ocrx_word' id='word_1_124' title='bbox 2697 439 2818 493; x_wconf 88' lang='lat' dir='ltr'><strong>illos</strong></span> <span class='ocrx_word' id='word_1_125' title='bbox 2862 443 3204 509; x_wconf 76' lang='lat' dir='ltr'><strong>respondisse</strong></span> <span class='ocrx_word' id='word_1_126' title='bbox 3254 445 3466 499; x_wconf 85' lang='lat' dir='ltr'><strong>inanem</strong></span> 
     </span>
    </p>
   </div>
   <div class='ocr_carea' id='block_1_20' title="bbox 1890 529 3466 600">
    <p class='ocr_par' dir='ltr' id='par_1_20' title="bbox 1890 529 3466 600">
     <span class='ocr_line' id='line_1_20' title="bbox 1890 529 3466 600; baseline 0.002 -15"><span class='ocrx_word' id='word_1_127' title='bbox 1890 546 1977 586; x_wconf 88' lang='lat' dir='ltr'><strong>me</strong></span> <span class='ocrx_word' id='word_1_128' title='bbox 2003 545 2220 599; x_wconf 87' lang='lat' dir='ltr'><strong>operam</strong></span> <span class='ocrx_word' id='word_1_129' title='bbox 2247 541 2404 600; x_wconf 87' lang='lat' dir='ltr'><strong>atque</strong></span> <span class='ocrx_word' id='word_1_130' title='bbox 2436 529 2754 584; x_wconf 89' lang='lat' dir='ltr'><strong>industriam</strong></span> <span class='ocrx_word' id='word_1_131' title='bbox 2781 530 2986 597; x_wconf 88' lang='lat' dir='ltr'><strong>ludere,</strong></span> <span class='ocrx_word' id='word_1_132' title='bbox 3018 547 3079 584; x_wconf 93' lang='lat' dir='ltr'><strong>ac</strong></span> <span class='ocrx_word' id='word_1_133' title='bbox 3108 535 3339 599; x_wconf 89' lang='lat' dir='ltr'><strong>potuisse</strong></span> <span class='ocrx_word' id='word_1_134' title='bbox 3367 536 3466 588; x_wconf 89' lang='lat' dir='ltr'><strong>hu-</strong></span> 
     </span>
    </p>
   </div>
   <div class='ocr_carea' id='block_1_21' title="bbox 1884 621 3467 691">
    <p class='ocr_par' dir='ltr' id='par_1_21' title="bbox 1884 621 3467 691">
     <span class='ocr_line' id='line_1_21' title="bbox 1884 621 3467 691; baseline 0.004 -19"><span class='ocrx_word' id='word_1_135' title='bbox 1884 623 1972 691; x_wconf 85' lang='lat' dir='ltr'><strong>jus</strong></span> <span class='ocrx_word' id='word_1_136' title='bbox 2005 622 2263 689; x_wconf 72' lang='lat' dir='ltr'><strong>temporis</strong></span> <span class='ocrx_word' id='word_1_137' title='bbox 2291 621 2668 689; x_wconf 85' lang='lat' dir='ltr'><strong>compendium</strong></span> <span class='ocrx_word' id='word_1_138' title='bbox 2700 622 2897 688; x_wconf 91' lang='lat' dir='ltr'><strong>facere,</strong></span> <span class='ocrx_word' id='word_1_139' title='bbox 2929 638 3046 675; x_wconf 88' lang='lat' dir='ltr'><strong>cum</strong></span> <span class='ocrx_word' id='word_1_140' title='bbox 3086 624 3136 675; x_wconf 92' lang='lat' dir='ltr'><strong>in</strong></span> <span class='ocrx_word' id='word_1_141' title='bbox 3165 624 3331 679; x_wconf 89' lang='lat' dir='ltr'><strong>libros</strong></span> <span class='ocrx_word' id='word_1_142' title='bbox 3357 626 3467 678; x_wconf 78' lang='lat' dir='ltr'><strong>Au-</strong></span> 
     </span>
    </p>
   </div>
   <div class='ocr_carea' id='block_1_22' title="bbox 1887 710 3464 784">
    <p class='ocr_par' dir='ltr' id='par_1_22' title="bbox 1887 710 3464 784">
     <span class='ocr_line' id='line_1_22' title="bbox 1887 710 3464 784; baseline 0.004 -22"><span class='ocrx_word' id='word_1_143' title='bbox 1887 710 2086 779; x_wconf 88' lang='lat' dir='ltr'><strong>gustini</strong></span> <span class='ocrx_word' id='word_1_144' title='bbox 2110 710 2177 764; x_wconf 87' lang='lat' dir='ltr'><strong>de</strong></span> <span class='ocrx_word' id='word_1_145' title='bbox 2206 711 2436 765; x_wconf 90' lang='lat' dir='ltr'><strong>Civitate</strong></span> <span class='ocrx_word' id='word_1_146' title='bbox 2467 711 2560 764; x_wconf 85' lang='lat' dir='ltr'><strong>Dei</strong></span> <span class='ocrx_word' id='word_1_147' title='bbox 2593 712 2921 778; x_wconf 81' lang='lat' dir='ltr'><strong>scripserunt</strong></span> <span class='ocrx_word' id='word_1_148' title='bbox 2951 713 3318 768; x_wconf 65' lang='lat' dir='ltr'><strong>Prmdieatorii</strong></span> <span class='ocrx_word' id='word_1_149' title='bbox 3349 719 3464 784; x_wconf 81' lang='lat' dir='ltr'><strong>qui-</strong></span> 
     </span>
    </p>
   </div>
   <div class='ocr_carea' id='block_1_23' title="bbox 1887 802 3463 874">
    <p class='ocr_par' dir='ltr' id='par_1_23' title="bbox 1887 802 3463 874">
     <span class='ocr_line' id='line_1_23' title="bbox 1887 802 3463 874; baseline 0.003 -17"><span class='ocrx_word' id='word_1_150' title='bbox 1887 802 2008 857; x_wconf 89' lang='lat' dir='ltr'><strong>dam</strong></span> <span class='ocrx_word' id='word_1_151' title='bbox 2052 802 2242 858; x_wconf 80' lang='lat' dir='ltr'><strong>fratres</strong></span> <span class='ocrx_word' id='word_1_152' title='bbox 2277 803 2343 857; x_wconf 91' lang='lat' dir='ltr'><strong>ad</strong></span> <span class='ocrx_word' id='word_1_153' title='bbox 2389 805 2703 858; x_wconf 83' lang='lat' dir='ltr'><strong>miraculum</strong></span> <span class='ocrx_word' id='word_1_154' title='bbox 2752 805 2984 871; x_wconf 89' lang='lat' dir='ltr'><strong>erudite,</strong></span> <span class='ocrx_word' id='word_1_155' title='bbox 3013 806 3219 871; x_wconf 78' lang='lat' dir='ltr'><strong>dextre,</strong></span> <span class='ocrx_word' id='word_1_156' title='bbox 3251 816 3463 874; x_wconf 81' lang='lat' dir='ltr'><strong>exacte,</strong></span> 
     </span>
    </p>
   </div>
   <div class='ocr_carea' id='block_1_24' title="bbox 1887 891 3464 966">
    <p class='ocr_par' dir='ltr' id='par_1_24' title="bbox 1887 891 3464 966">
     <span class='ocr_line' id='line_1_24' title="bbox 1887 891 3464 966; baseline 0.004 -21"><span class='ocrx_word' id='word_1_157' title='bbox 1887 891 2142 959; x_wconf 84' lang='lat' dir='ltr'><strong>feliciter,</strong></span> <span class='ocrx_word' id='word_1_158' title='bbox 2173 893 2308 946; x_wconf 87' lang='lat' dir='ltr'><strong>nihil</strong></span> <span class='ocrx_word' id='word_1_159' title='bbox 2339 907 2521 961; x_wconf 93' lang='lat' dir='ltr'><strong>supra.</strong></span> <span class='ocrx_word' id='word_1_160' title='bbox 2553 895 2681 960; x_wconf 78' lang='lat' dir='ltr'><strong>Qua:</strong></span> <span class='ocrx_word' id='word_1_161' title='bbox 2709 894 2754 950; x_wconf 88' lang='lat' dir='ltr'><strong>si</strong></span> <span class='ocrx_word' id='word_1_162' title='bbox 2785 897 2862 949; x_wconf 91' lang='lat' dir='ltr'><strong>sic</strong></span> <span class='ocrx_word' id='word_1_163' title='bbox 2892 897 3118 958; x_wconf 85' lang='lat' dir='ltr'><strong>habent,</strong></span> <span class='ocrx_word' id='word_1_164' title='bbox 3151 897 3312 950; x_wconf 88' lang='lat' dir='ltr'><strong>nimis</strong></span> <span class='ocrx_word' id='word_1_165' title='bbox 3341 914 3464 966; x_wconf 88' lang='lat' dir='ltr'><strong>pro-</strong></span> 
     </span>
    </p>
   </div>
   <div class='ocr_carea' id='block_1_25' title="bbox 1887 983 3463 1056">
    <p class='ocr_par' dir='ltr' id='par_1_25' title="bbox 1887 983 3463 1056">
     <span class='ocr_line' id='line_1_25' title="bbox 1887 983 3463 1056; baseline 0.004 -20"><span class='ocrx_word' id='word_1_166' title='bbox 1887 984 2026 1039; x_wconf 88' lang='lat' dir='ltr'><strong>fecto</strong></span> <span class='ocrx_word' id='word_1_167' title='bbox 2052 983 2324 1040; x_wconf 84' lang='lat' dir='ltr'><strong>conﬁdens</strong></span> <span class='ocrx_word' id='word_1_168' title='bbox 2357 984 2452 1050; x_wconf 91' lang='lat' dir='ltr'><strong>fui,</strong></span> <span class='ocrx_word' id='word_1_169' title='bbox 2490 985 2582 1054; x_wconf 92' lang='lat' dir='ltr'><strong>qui</strong></span> <span class='ocrx_word' id='word_1_170' title='bbox 2604 1001 2686 1040; x_wconf 93' lang='lat' dir='ltr'><strong>me</strong></span> <span class='ocrx_word' id='word_1_171' title='bbox 2714 985 2813 1040; x_wconf 88' lang='lat' dir='ltr'><strong>hac</strong></span> <span class='ocrx_word' id='word_1_172' title='bbox 2840 987 3038 1056; x_wconf 84' lang='lat' dir='ltr'><strong>ingenii</strong></span> <span class='ocrx_word' id='word_1_173' title='bbox 3068 996 3122 1041; x_wconf 90' lang='lat' dir='ltr'><strong>et</strong></span> <span class='ocrx_word' id='word_1_174' title='bbox 3144 988 3463 1042; x_wconf 87' lang='lat' dir='ltr'><strong>eruditionis</strong></span> 
     </span>
    </p>
   </div>
   <div class='ocr_carea' id='block_1_26' title="bbox 1888 1076 3464 1148">
    <p class='ocr_par' dir='ltr' id='par_1_26' title="bbox 1888 1076 3464 1148">
     <span class='ocr_line' id='line_1_26' title="bbox 1888 1076 3464 1148; baseline 0.002 -16"><span class='ocrx_word' id='word_1_175' title='bbox 1888 1076 2146 1132; x_wconf 83' lang='lat' dir='ltr'><strong>tenuitate</strong></span> <span class='ocrx_word' id='word_1_176' title='bbox 2171 1077 2372 1146; x_wconf 91' lang='lat' dir='ltr'><strong>scripta</strong></span> <span class='ocrx_word' id='word_1_177' title='bbox 2395 1091 2563 1146; x_wconf 91' lang='lat' dir='ltr'><strong>usque</strong></span> <span class='ocrx_word' id='word_1_178' title='bbox 2589 1078 2726 1132; x_wconf 87' lang='lat' dir='ltr'><strong>adeo</strong></span> <span class='ocrx_word' id='word_1_179' title='bbox 2751 1079 2994 1132; x_wconf 89' lang='lat' dir='ltr'><strong>miranda</strong></span> <span class='ocrx_word' id='word_1_180' title='bbox 3025 1093 3278 1148; x_wconf 87' lang='lat' dir='ltr'><strong>superare</strong></span> <span class='ocrx_word' id='word_1_181' title='bbox 3307 1094 3464 1147; x_wconf 84' lang='lat' dir='ltr'><strong>posse</strong></span> 
     </span>
    </p>
   </div>
   <div class='ocr_carea' id='block_1_27' title="bbox 1889 1165 3464 1235">
    <p class='ocr_par' dir='ltr' id='par_1_27' title="bbox 1889 1165 3464 1235">
     <span class='ocr_line' id='line_1_27' title="bbox 1889 1165 3464 1235; baseline 0.003 -16"><span class='ocrx_word' id='word_1_182' title='bbox 1889 1165 2184 1234; x_wconf 86' lang='lat' dir='ltr'><strong>sperarim;</strong></span> <span class='ocrx_word' id='word_1_183' title='bbox 2218 1174 2273 1220; x_wconf 91' lang='lat' dir='ltr'><strong>et</strong></span> <span class='ocrx_word' id='word_1_184' title='bbox 2299 1167 2551 1228; x_wconf 89' lang='lat' dir='ltr'><strong>demens,</strong></span> <span class='ocrx_word' id='word_1_185' title='bbox 2584 1168 2673 1235; x_wconf 91' lang='lat' dir='ltr'><strong>qui</strong></span> <span class='ocrx_word' id='word_1_186' title='bbox 2715 1176 2912 1222; x_wconf 88' lang='lat' dir='ltr'><strong>tantam</strong></span> <span class='ocrx_word' id='word_1_187' title='bbox 2945 1170 3115 1223; x_wconf 90' lang='lat' dir='ltr'><strong>lucem</strong></span> <span class='ocrx_word' id='word_1_188' title='bbox 3145 1185 3260 1222; x_wconf 85' lang='lat' dir='ltr'><strong>mea</strong></span> <span class='ocrx_word' id='word_1_189' title='bbox 3292 1169 3464 1224; x_wconf 86' lang='lat' dir='ltr'><strong>facula</strong></span> 
     </span>
    </p>
   </div>
   <div class='ocr_carea' id='block_1_28' title="bbox 1887 1257 3466 1326">
    <p class='ocr_par' dir='ltr' id='par_1_28' title="bbox 1887 1257 3466 1326">
     <span class='ocr_line' id='line_1_28' title="bbox 1887 1257 3466 1326; baseline 0.001 -14"><span class='ocrx_word' id='word_1_190' title='bbox 1887 1257 2165 1312; x_wconf 89' lang='lat' dir='ltr'><strong>obscurari</strong></span> <span class='ocrx_word' id='word_1_191' title='bbox 2201 1271 2360 1326; x_wconf 90' lang='lat' dir='ltr'><strong>posse</strong></span> <span class='ocrx_word' id='word_1_192' title='bbox 2381 1257 2734 1323; x_wconf 88' lang='lat' dir='ltr'><strong>crediderim;</strong></span> <span class='ocrx_word' id='word_1_193' title='bbox 2780 1267 2834 1312; x_wconf 91' lang='lat' dir='ltr'><strong>et</strong></span> <span class='ocrx_word' id='word_1_194' title='bbox 2875 1259 3088 1324; x_wconf 85' lang='lat' dir='ltr'><strong>stultus,</strong></span> <span class='ocrx_word' id='word_1_195' title='bbox 3129 1269 3316 1314; x_wconf 91' lang='lat' dir='ltr'><strong>utnon</strong></span> <span class='ocrx_word' id='word_1_196' title='bbox 3359 1261 3466 1314; x_wconf 91' lang='lat' dir='ltr'><strong>illis</strong></span> 
     </span>
    </p>
   </div>
   <div class='ocr_carea' id='block_1_29' title="bbox 1887 1349 3463 1417">
    <p class='ocr_par' dir='ltr' id='par_1_29' title="bbox 1887 1349 3463 1417">
     <span class='ocr_line' id='line_1_29' title="bbox 1887 1349 3463 1417; baseline 0.001 -14"><span class='ocrx_word' id='word_1_197' title='bbox 1887 1349 1987 1403; x_wconf 84' lang='lat' dir='ltr'><strong>sim</strong></span> <span class='ocrx_word' id='word_1_198' title='bbox 2019 1362 2146 1403; x_wconf 92' lang='lat' dir='ltr'><strong>usus</strong></span> <span class='ocrx_word' id='word_1_199' title='bbox 2172 1349 2370 1417; x_wconf 89' lang='lat' dir='ltr'><strong>potius,</strong></span> <span class='ocrx_word' id='word_1_200' title='bbox 2404 1349 2545 1402; x_wconf 84' lang='lat' dir='ltr'><strong>sicut</strong></span> <span class='ocrx_word' id='word_1_201' title='bbox 2573 1349 2765 1404; x_wconf 87' lang='lat' dir='ltr'><strong>Valerii</strong></span> <span class='ocrx_word' id='word_1_202' title='bbox 2799 1350 2983 1413; x_wconf 82' lang='lat' dir='ltr'><strong>Probi,</strong></span> <span class='ocrx_word' id='word_1_203' title='bbox 3013 1351 3210 1414; x_wconf 86' lang='lat' dir='ltr'><strong>Servii,</strong></span> <span class='ocrx_word' id='word_1_204' title='bbox 3243 1361 3334 1404; x_wconf 90' lang='lat' dir='ltr'><strong>aut</strong></span> <span class='ocrx_word' id='word_1_205' title='bbox 3357 1352 3463 1405; x_wconf 87' lang='lat' dir='ltr'><strong>Do-</strong></span> 
     </span>
    </p>
   </div>
   <div class='ocr_carea' id='block_1_30' title="bbox 1886 1440 3464 1505">
    <p class='ocr_par' dir='ltr' id='par_1_30' title="bbox 1886 1440 3464 1505">
     <span class='ocr_line' id='line_1_30' title="bbox 1886 1440 3464 1505; baseline 0.001 -12"><span class='ocrx_word' id='word_1_206' title='bbox 1886 1441 1996 1494; x_wconf 91' lang='lat' dir='ltr'><strong>nati</strong></span> <span class='ocrx_word' id='word_1_207' title='bbox 2037 1441 2473 1505; x_wconf 89' lang='lat' dir='ltr'><strong>commentariis;</strong></span> <span class='ocrx_word' id='word_1_208' title='bbox 2512 1448 2566 1493; x_wconf 89' lang='lat' dir='ltr'><strong>et</strong></span> <span class='ocrx_word' id='word_1_209' title='bbox 2595 1440 2733 1495; x_wconf 82' lang='lat' dir='ltr'><strong>male</strong></span> <span class='ocrx_word' id='word_1_210' title='bbox 2776 1440 3016 1504; x_wconf 85' lang='lat' dir='ltr'><strong>feriatus,</strong></span> <span class='ocrx_word' id='word_1_211' title='bbox 3050 1448 3106 1493; x_wconf 94' lang='lat' dir='ltr'><strong>ut</strong></span> <span class='ocrx_word' id='word_1_212' title='bbox 3148 1442 3290 1495; x_wconf 91' lang='lat' dir='ltr'><strong>ultro</strong></span> <span class='ocrx_word' id='word_1_213' title='bbox 3332 1443 3464 1494; x_wconf 90' lang='lat' dir='ltr'><strong>tanti</strong></span> 
     </span>
    </p>
   </div>
   <div class='ocr_carea' id='block_1_31' title="bbox 1889 1531 3466 1601">
    <p class='ocr_par' dir='ltr' id='par_1_31' title="bbox 1889 1531 3466 1601">
     <span class='ocr_line' id='line_1_31' title="bbox 1889 1531 3466 1601; baseline 0.003 -18"><span class='ocrx_word' id='word_1_214' title='bbox 1889 1531 2142 1598; x_wconf 88' lang='lat' dir='ltr'><strong>temporis</strong></span> <span class='ocrx_word' id='word_1_215' title='bbox 2201 1532 2414 1585; x_wconf 64' lang='lat' dir='ltr'><strong>fect-rint</strong></span> <span class='ocrx_word' id='word_1_216' title='bbox 2479 1532 2740 1599; x_wconf 86' lang='lat' dir='ltr'><strong>jacturam</strong></span> <span class='ocrx_word' id='word_1_217' title='bbox 2810 1541 2984 1585; x_wconf 90' lang='lat' dir='ltr'><strong>actum</strong></span> <span class='ocrx_word' id='word_1_218' title='bbox 3032 1532 3274 1600; x_wconf 89' lang='lat' dir='ltr'><strong>agendo,</strong></span> <span class='ocrx_word' id='word_1_219' title='bbox 3326 1532 3466 1601; x_wconf 85' lang='lat' dir='ltr'><strong>quod</strong></span> 
     </span>
    </p>
   </div>
   <div class='ocr_carea' id='block_1_32' title="bbox 1886 1621 3466 1690">
    <p class='ocr_par' dir='ltr' id='par_1_32' title="bbox 1886 1621 3466 1690">
     <span class='ocr_line' id='line_1_32' title="bbox 1886 1621 3466 1690; baseline 0.003 -17"><span class='ocrx_word' id='word_1_220' title='bbox 1886 1621 2068 1684; x_wconf 90' lang='lat' dir='ltr'><strong>aiunt;</strong></span> <span class='ocrx_word' id='word_1_221' title='bbox 2113 1629 2168 1674; x_wconf 91' lang='lat' dir='ltr'><strong>et</strong></span> <span class='ocrx_word' id='word_1_222' title='bbox 2201 1621 2450 1674; x_wconf 85' lang='lat' dir='ltr'><strong>Erasmus</strong></span> <span class='ocrx_word' id='word_1_223' title='bbox 2491 1623 2604 1689; x_wconf 87' lang='lat' dir='ltr'><strong>ipse</strong></span> <span class='ocrx_word' id='word_1_224' title='bbox 2638 1621 2971 1688; x_wconf 88' lang='lat' dir='ltr'><strong>imprudens,</strong></span> <span class='ocrx_word' id='word_1_225' title='bbox 3001 1624 3090 1690; x_wconf 88' lang='lat' dir='ltr'><strong>qui</strong></span> <span class='ocrx_word' id='word_1_226' title='bbox 3124 1638 3294 1678; x_wconf 86' lang='lat' dir='ltr'><strong>novos</strong></span> <span class='ocrx_word' id='word_1_227' title='bbox 3319 1638 3466 1677; x_wconf 84' lang='lat' dir='ltr'><strong>com-</strong></span> 
     </span>
    </p>
   </div>
   <div class='ocr_carea' id='block_1_33' title="bbox 1889 1711 3466 1775">
    <p class='ocr_par' dir='ltr' id='par_1_33' title="bbox 1889 1711 3466 1775">
     <span class='ocr_line' id='line_1_33' title="bbox 1889 1711 3466 1775; baseline 0.003 -12"><span class='ocrx_word' id='word_1_228' title='bbox 1889 1711 2178 1764; x_wconf 88' lang='lat' dir='ltr'><strong>mentarios</strong></span> <span class='ocrx_word' id='word_1_229' title='bbox 2205 1712 2470 1764; x_wconf 91' lang='lat' dir='ltr'><strong>mandarit</strong></span> <span class='ocrx_word' id='word_1_230' title='bbox 2491 1711 2827 1775; x_wconf 88' lang='lat' dir='ltr'><strong>scribendos,</strong></span> <span class='ocrx_word' id='word_1_231' title='bbox 2851 1711 2941 1764; x_wconf 90' lang='lat' dir='ltr'><strong>ubi</strong></span> <span class='ocrx_word' id='word_1_232' title='bbox 2969 1712 3098 1764; x_wconf 84' lang='lat' dir='ltr'><strong>tales</strong></span> <span class='ocrx_word' id='word_1_233' title='bbox 3123 1722 3299 1766; x_wconf 88' lang='lat' dir='ltr'><strong>essent</strong></span> <span class='ocrx_word' id='word_1_234' title='bbox 3323 1723 3466 1768; x_wconf 79' lang='lat' dir='ltr'><strong>vetc—</strong></span> 
     </span>
    </p>
   </div>
   <div class='ocr_carea' id='block_1_34' title="bbox 193 1800 3464 1871">
    <p class='ocr_par' dir='ltr' id='par_1_34' title="bbox 193 1800 3464 1871">
     <span class='ocr_line' id='line_1_34' title="bbox 193 1800 3464 1871; baseline -0.001 -17"><span class='ocrx_word' id='word_1_235' title='bbox 193 1803 270 1854; x_wconf 89' lang='lat' dir='ltr'><strong>tia</strong></span> <span class='ocrx_word' id='word_1_236' title='bbox 306 1801 483 1854; x_wconf 84' lang='lat' dir='ltr'><strong>studia</strong></span> <span class='ocrx_word' id='word_1_237' title='bbox 533 1800 887 1864; x_wconf 90' lang='lat' dir='ltr'><strong>immiserunt,</strong></span> <span class='ocrx_word' id='word_1_238' title='bbox 944 1800 1231 1868; x_wconf 89' lang='lat' dir='ltr'><strong>impetendi</strong></span> <span class='ocrx_word' id='word_1_239' title='bbox 1264 1809 1318 1855; x_wconf 88' lang='lat' dir='ltr'><strong>et</strong></span> <span class='ocrx_word' id='word_1_240' title='bbox 1359 1800 1625 1854; x_wconf 90' lang='lat' dir='ltr'><strong>laccrandi</strong></span> <span class='ocrx_word' id='word_1_241' title='bbox 1657 1815 1780 1854; x_wconf 92' lang='lat' dir='ltr'><strong>eum</strong></span> <span class='ocrx_word' id='word_1_242' title='bbox 1811 1803 1858 1860; x_wconf 85' lang='grc' dir='ltr'><strong>Β</strong></span> <span class='ocrx_word' id='word_1_243' title='bbox 1886 1816 2001 1864; x_wconf 91' lang='lat' dir='ltr'><strong>res;</strong></span> <span class='ocrx_word' id='word_1_244' title='bbox 2027 1810 2080 1856; x_wconf 93' lang='lat' dir='ltr'><strong>et</strong></span> <span class='ocrx_word' id='word_1_245' title='bbox 2103 1801 2444 1854; x_wconf 90' lang='lat' dir='ltr'><strong>doctissimus</strong></span> <span class='ocrx_word' id='word_1_246' title='bbox 2470 1802 2696 1871; x_wconf 75' lang='lat' dir='ltr'><strong>quisque</strong></span> <span class='ocrx_word' id='word_1_247' title='bbox 2724 1801 3090 1867; x_wconf 90' lang='lat' dir='ltr'><strong>ineptissitnus</strong></span> <span class='ocrx_word' id='word_1_248' title='bbox 3114 1800 3236 1853; x_wconf 85' lang='lat' dir='ltr'><strong>huic</strong></span> <span class='ocrx_word' id='word_1_249' title='bbox 3266 1809 3464 1854; x_wconf 72' lang='lat' dir='ltr'><strong>nostra:</strong></span> 
     </span>
    </p>
   </div>
   <div class='ocr_carea' id='block_1_35' title="bbox 192 1890 1783 1959">
    <p class='ocr_par' dir='ltr' id='par_1_35' title="bbox 192 1890 1783 1959">
     <span class='ocr_line' id='line_1_35' title="bbox 192 1890 1783 1959; baseline 0.002 -18"><span class='ocrx_word' id='word_1_250' title='bbox 192 1906 366 1959; x_wconf 87' lang='lat' dir='ltr'><strong>quem</strong></span> <span class='ocrx_word' id='word_1_251' title='bbox 391 1890 884 1959; x_wconf 76' lang='lat' dir='ltr'><strong>coniunctissimum</strong></span> <span class='ocrx_word' id='word_1_252' title='bbox 915 1892 1066 1945; x_wconf 88' lang='lat' dir='ltr'><strong>nobis</strong></span> <span class='ocrx_word' id='word_1_253' title='bbox 1091 1891 1532 1959; x_wconf 90' lang='lat' dir='ltr'><strong>carissimumque</strong></span> <span class='ocrx_word' id='word_1_254' title='bbox 1554 1892 1783 1946; x_wconf 87' lang='lat' dir='ltr'><strong>debebat</strong></span> 
     </span>
    </p>
   </div>
   <div class='ocr_carea' id='block_1_36' title="bbox 193 1982 1777 2036">
    <p class='ocr_par' dir='ltr' id='par_1_36' title="bbox 193 1982 1777 2036">
     <span class='ocr_line' id='line_1_36' title="bbox 193 1982 1777 2036; baseline -0.001 -1"><span class='ocrx_word' id='word_1_255' title='bbox 193 1982 504 2035; x_wconf 89' lang='lat' dir='ltr'><strong>reddidisse</strong></span> <span class='ocrx_word' id='word_1_256' title='bbox 531 1983 835 2036; x_wconf 89' lang='lat' dir='ltr'><strong>communio</strong></span> <span class='ocrx_word' id='word_1_257' title='bbox 859 1982 1154 2036; x_wconf 85' lang='lat' dir='ltr'><strong>studiorum</strong></span> <span class='ocrx_word' id='word_1_258' title='bbox 1183 1996 1245 2036; x_wconf 92' lang='lat' dir='ltr'><strong>ac</strong></span> <span class='ocrx_word' id='word_1_259' title='bbox 1275 1982 1581 2036; x_wconf 88' lang='lat' dir='ltr'><strong>earumdem</strong></span> <span class='ocrx_word' id='word_1_260' title='bbox 1605 1982 1777 2034; x_wconf 85' lang='lat' dir='ltr'><strong>Musa-</strong></span> 
     </span>
    </p>
   </div>
   <div class='ocr_carea' id='block_1_37' title="bbox 196 2072 1778 2141">
    <p class='ocr_par' dir='ltr' id='par_1_37' title="bbox 196 2072 1778 2141">
     <span class='ocr_line' id='line_1_37' title="bbox 196 2072 1778 2141; baseline -0.002 -14"><span class='ocrx_word' id='word_1_261' title='bbox 196 2089 324 2127; x_wconf 89' lang='lat' dir='ltr'><strong>rum</strong></span> <span class='ocrx_word' id='word_1_262' title='bbox 355 2073 562 2127; x_wconf 90' lang='lat' dir='ltr'><strong>cultura</strong></span> <span class='ocrx_word' id='word_1_263' title='bbox 581 2115 596 2139; x_wconf 95' lang='lat'><strong>,</strong></span> <span class='ocrx_word' id='word_1_264' title='bbox 632 2083 689 2126; x_wconf 93' lang='lat' dir='ltr'><strong>ut</strong></span> <span class='ocrx_word' id='word_1_265' title='bbox 717 2083 1029 2141; x_wconf 66' lang='lat' dir='ltr'><strong>praeteream</strong></span> <span class='ocrx_word' id='word_1_266' title='bbox 1071 2073 1392 2140; x_wconf 82' lang='lat' dir='ltr'><strong>baptismum</strong></span> <span class='ocrx_word' id='word_1_267' title='bbox 1420 2081 1474 2126; x_wconf 91' lang='lat' dir='ltr'><strong>et</strong></span> <span class='ocrx_word' id='word_1_268' title='bbox 1502 2072 1778 2125; x_wconf 88' lang='lat' dir='ltr'><strong>caritatem</strong></span> 
     </span>
    </p>
   </div>
   <div class='ocr_carea' id='block_1_38' title="bbox 191 2161 1779 2232">
    <p class='ocr_par' dir='ltr' id='par_1_38' title="bbox 191 2161 1779 2232">
     <span class='ocr_line' id='line_1_38' title="bbox 191 2161 1779 2232; baseline -0.002 -15"><span class='ocrx_word' id='word_1_269' title='bbox 191 2163 398 2217; x_wconf 81' lang='lat' dir='ltr'><strong>Christi</strong></span> <span class='ocrx_word' id='word_1_270' title='bbox 436 2181 448 2215; x_wconf 93' lang='lat'>:</span> <span class='ocrx_word' id='word_1_271' title='bbox 477 2163 908 2232; x_wconf 81' lang='lat' dir='ltr'><strong>quandoquidem</strong></span> <span class='ocrx_word' id='word_1_272' title='bbox 937 2163 1051 2218; x_wconf 68' lang='grc' dir='ltr'>ιιωο</span> <span class='ocrx_word' id='word_1_273' title='bbox 1069 2164 1180 2231; x_wconf 89' lang='lat' dir='ltr'><strong>jam</strong></span> <span class='ocrx_word' id='word_1_274' title='bbox 1207 2162 1334 2216; x_wconf 90' lang='lat' dir='ltr'><strong>olitn</strong></span> <span class='ocrx_word' id='word_1_275' title='bbox 1364 2162 1539 2216; x_wconf 89' lang='lat' dir='ltr'><strong>surdis</strong></span> <span class='ocrx_word' id='word_1_276' title='bbox 1562 2161 1779 2216; x_wconf 85' lang='lat' dir='ltr'><strong>auribus</strong></span> 
     </span>
    </p>
   </div>
   <div class='ocr_carea' id='block_1_39' title="bbox 193 2253 1778 2322">
    <p class='ocr_par' dir='ltr' id='par_1_39' title="bbox 193 2253 1778 2322">
     <span class='ocr_line' id='line_1_39' title="bbox 193 2253 1778 2322; baseline -0.002 -15"><span class='ocrx_word' id='word_1_277' title='bbox 193 2253 378 2307; x_wconf 88' lang='lat' dir='ltr'><strong>inania</strong></span> <span class='ocrx_word' id='word_1_278' title='bbox 410 2263 536 2308; x_wconf 89' lang='lat' dir='ltr'><strong>sunt</strong></span> <span class='ocrx_word' id='word_1_279' title='bbox 566 2255 800 2319; x_wconf 90' lang='lat' dir='ltr'><strong>nomina,</strong></span> <span class='ocrx_word' id='word_1_280' title='bbox 824 2263 876 2307; x_wconf 93' lang='lat' dir='ltr'><strong>ct</strong></span> <span class='ocrx_word' id='word_1_281' title='bbox 897 2255 1049 2322; x_wconf 71' lang='lat' dir='ltr'><strong>:egris</strong></span> <span class='ocrx_word' id='word_1_282' title='bbox 1077 2253 1246 2308; x_wconf 89' lang='lat' dir='ltr'><strong>oculis</strong></span> <span class='ocrx_word' id='word_1_283' title='bbox 1275 2267 1422 2306; x_wconf 78' lang='lat' dir='ltr'><strong>vane</strong></span> <span class='ocrx_word' id='word_1_284' title='bbox 1446 2253 1562 2306; x_wconf 89' lang='lat' dir='ltr'><strong>sine</strong></span> <span class='ocrx_word' id='word_1_285' title='bbox 1588 2267 1778 2320; x_wconf 88' lang='lat' dir='ltr'><strong>corpo-</strong></span> 
     </span>
    </p>
   </div>
   <div class='ocr_carea' id='block_1_40' title="bbox 197 2347 1775 2416">
    <p class='ocr_par' dir='ltr' id='par_1_40' title="bbox 197 2347 1775 2416">
     <span class='ocr_line' id='line_1_40' title="bbox 197 2347 1775 2416; baseline -0.003 -14"><span class='ocrx_word' id='word_1_286' title='bbox 197 2350 350 2404; x_wconf 88' lang='lat' dir='ltr'><strong>ribus</strong></span> <span class='ocrx_word' id='word_1_287' title='bbox 381 2349 616 2412; x_wconf 73' lang='lat' dir='ltr'><strong>umbrzc;</strong></span> <span class='ocrx_word' id='word_1_288' title='bbox 657 2349 1004 2416; x_wconf 88' lang='lat' dir='ltr'><strong>colamusque</strong></span> <span class='ocrx_word' id='word_1_289' title='bbox 1033 2349 1240 2402; x_wconf 90' lang='lat' dir='ltr'><strong>litteras</strong></span> <span class='ocrx_word' id='word_1_290' title='bbox 1272 2358 1326 2400; x_wconf 93' lang='lat' dir='ltr'><strong>ut</strong></span> <span class='ocrx_word' id='word_1_291' title='bbox 1355 2361 1454 2400; x_wconf 91' lang='lat' dir='ltr'><strong>nos</strong></span> <span class='ocrx_word' id='word_1_292' title='bbox 1487 2347 1775 2412; x_wconf 90' lang='lat' dir='ltr'><strong>delectent,</strong></span> 
     </span>
    </p>
   </div>
   <div class='ocr_carea' id='block_1_41' title="bbox 196 2439 1775 2506">
    <p class='ocr_par' dir='ltr' id='par_1_41' title="bbox 196 2439 1775 2506">
     <span class='ocr_line' id='line_1_41' title="bbox 196 2439 1775 2506; baseline -0.001 -16"><span class='ocrx_word' id='word_1_293' title='bbox 196 2448 255 2490; x_wconf 94' lang='lat' dir='ltr'><strong>ut</strong></span> <span class='ocrx_word' id='word_1_294' title='bbox 281 2439 504 2506; x_wconf 90' lang='lat' dir='ltr'><strong>juvent;</strong></span> <span class='ocrx_word' id='word_1_295' title='bbox 541 2454 646 2491; x_wconf 91' lang='lat' dir='ltr'><strong>non</strong></span> <span class='ocrx_word' id='word_1_296' title='bbox 679 2449 735 2493; x_wconf 92' lang='lat' dir='ltr'><strong>ut</strong></span> <span class='ocrx_word' id='word_1_297' title='bbox 763 2440 815 2492; x_wconf 91' lang='lat' dir='ltr'><strong>in</strong></span> <span class='ocrx_word' id='word_1_298' title='bbox 838 2448 1109 2492; x_wconf 88' lang='lat' dir='ltr'><strong>certamen</strong></span> <span class='ocrx_word' id='word_1_299' title='bbox 1140 2439 1390 2492; x_wconf 90' lang='lat' dir='ltr'><strong>acerbum</strong></span> <span class='ocrx_word' id='word_1_300' title='bbox 1419 2439 1775 2501; x_wconf 88' lang='lat' dir='ltr'><strong>committant,</strong></span> 
     </span>
    </p>
   </div>
   <div class='ocr_carea' id='block_1_42' title="bbox 194 2525 1776 2596">
    <p class='ocr_par' dir='ltr' id='par_1_42' title="bbox 194 2525 1776 2596">
     <span class='ocr_line' id='line_1_42' title="bbox 194 2525 1776 2596; baseline -0.001 -18"><span class='ocrx_word' id='word_1_301' title='bbox 194 2535 253 2578; x_wconf 87' lang='lat' dir='ltr'><strong>et</strong></span> <span class='ocrx_word' id='word_1_302' title='bbox 281 2526 385 2579; x_wconf 89' lang='lat' dir='ltr'><strong>tela</strong></span> <span class='ocrx_word' id='word_1_303' title='bbox 413 2525 496 2580; x_wconf 84' lang='lat' dir='ltr'><strong>vel</strong></span> <span class='ocrx_word' id='word_1_304' title='bbox 522 2526 856 2590; x_wconf 88' lang='lat' dir='ltr'><strong>eruditionis,</strong></span> <span class='ocrx_word' id='word_1_305' title='bbox 884 2526 966 2580; x_wconf 89' lang='lat' dir='ltr'><strong>vel</strong></span> <span class='ocrx_word' id='word_1_306' title='bbox 992 2526 1117 2596; x_wconf 83' lang='lat' dir='ltr'><strong>styli</strong></span> <span class='ocrx_word' id='word_1_307' title='bbox 1139 2526 1560 2588; x_wconf 86' lang='lat' dir='ltr'><strong>subntinistrent,</strong></span> <span class='ocrx_word' id='word_1_308' title='bbox 1586 2526 1776 2595; x_wconf 84' lang='lat' dir='ltr'><strong>quibus</strong></span> 
     </span>
    </p>
   </div>
   <div class='ocr_carea' id='block_1_43' title="bbox 201 2617 1777 2686">
    <p class='ocr_par' dir='ltr' id='par_1_43' title="bbox 201 2617 1777 2686">
     <span class='ocr_line' id='line_1_43' title="bbox 201 2617 1777 2686; baseline -0.001 -18"><span class='ocrx_word' id='word_1_309' title='bbox 201 2631 403 2684; x_wconf 87' lang='lat' dir='ltr'><strong>pravos</strong></span> <span class='ocrx_word' id='word_1_310' title='bbox 458 2617 680 2671; x_wconf 73' lang='lat' dir='ltr'><strong>allectus</strong></span> <span class='ocrx_word' id='word_1_311' title='bbox 737 2625 950 2670; x_wconf 90' lang='lat' dir='ltr'><strong>nostros</strong></span> <span class='ocrx_word' id='word_1_312' title='bbox 1015 2618 1291 2686; x_wconf 83' lang='lat' dir='ltr'><strong>explentes</strong></span> <span class='ocrx_word' id='word_1_313' title='bbox 1349 2617 1603 2670; x_wconf 83' lang='lat' dir='ltr'><strong>ferinnus</strong></span> <span class='ocrx_word' id='word_1_314' title='bbox 1655 2630 1777 2668; x_wconf 88' lang='lat' dir='ltr'><strong>sau-</strong></span> 
     </span>
    </p>
   </div>
   <div class='ocr_carea' id='block_1_44' title="bbox 201 2705 1775 2774">
    <p class='ocr_par' dir='ltr' id='par_1_44' title="bbox 201 2705 1775 2774">
     <span class='ocr_line' id='line_1_44' title="bbox 201 2705 1775 2774; baseline -0.003 -16"><span class='ocrx_word' id='word_1_315' title='bbox 201 2705 512 2774; x_wconf 89' lang='lat' dir='ltr'><strong>ciemusque</strong></span> <span class='ocrx_word' id='word_1_316' title='bbox 546 2706 840 2760; x_wconf 91' lang='lat' dir='ltr'><strong>inimicum.</strong></span> <span class='ocrx_word' id='word_1_317' title='bbox 892 2705 995 2761; x_wconf 88' lang='lat' dir='ltr'><strong>Sed</strong></span> <span class='ocrx_word' id='word_1_318' title='bbox 1023 2707 1090 2759; x_wconf 92' lang='lat' dir='ltr'><strong>de</strong></span> <span class='ocrx_word' id='word_1_319' title='bbox 1119 2705 1202 2758; x_wconf 89' lang='lat' dir='ltr'><strong>bis</strong></span> <span class='ocrx_word' id='word_1_320' title='bbox 1233 2705 1393 2758; x_wconf 91' lang='lat' dir='ltr'><strong>rebus</strong></span> <span class='ocrx_word' id='word_1_321' title='bbox 1418 2705 1516 2757; x_wconf 90' lang='lat' dir='ltr'><strong>erit</strong></span> <span class='ocrx_word' id='word_1_322' title='bbox 1547 2714 1775 2770; x_wconf 86' lang='lat' dir='ltr'><strong>tempus,</strong></span> 
     </span>
    </p>
   </div>
   <div class='ocr_carea' id='block_1_45' title="bbox 196 2795 1774 2866">
    <p class='ocr_par' dir='ltr' id='par_1_45' title="bbox 196 2795 1774 2866">
     <span class='ocr_line' id='line_1_45' title="bbox 196 2795 1774 2866; baseline -0.002 -16"><span class='ocrx_word' id='word_1_323' title='bbox 196 2813 323 2851; x_wconf 87' lang='lat' dir='ltr'><strong>cum</strong></span> <span class='ocrx_word' id='word_1_324' title='bbox 353 2798 530 2853; x_wconf 89' lang='lat' dir='ltr'><strong>locum</strong></span> <span class='ocrx_word' id='word_1_325' title='bbox 562 2799 830 2854; x_wconf 82' lang='lat' dir='ltr'><strong>inveniam</strong></span> <span class='ocrx_word' id='word_1_326' title='bbox 863 2799 1074 2853; x_wconf 87' lang='lat' dir='ltr'><strong>dicendi</strong></span> <span class='ocrx_word' id='word_1_327' title='bbox 1105 2798 1389 2866; x_wconf 88' lang='lat' dir='ltr'><strong>aptiorem.</strong></span> <span class='ocrx_word' id='word_1_328' title='bbox 1429 2796 1577 2850; x_wconf 83' lang='lat' dir='ltr'><strong>Nunc</strong></span> <span class='ocrx_word' id='word_1_329' title='bbox 1620 2795 1774 2860; x_wconf 89' lang='lat' dir='ltr'><strong>mihi,</strong></span> 
     </span>
    </p>
   </div>
   <div class='ocr_carea' id='block_1_46' title="bbox 197 2885 1778 2957">
    <p class='ocr_par' dir='ltr' id='par_1_46' title="bbox 197 2885 1778 2957">
     <span class='ocr_line' id='line_1_46' title="bbox 197 2885 1778 2957; baseline -0.001 -17"><span class='ocrx_word' id='word_1_330' title='bbox 197 2895 256 2941; x_wconf 93' lang='lat' dir='ltr'><strong>ut</strong></span> <span class='ocrx_word' id='word_1_331' title='bbox 281 2887 348 2941; x_wconf 89' lang='lat' dir='ltr'><strong>ad</strong></span> <span class='ocrx_word' id='word_1_332' title='bbox 395 2888 537 2956; x_wconf 88' lang='lat' dir='ltr'><strong>quod</strong></span> <span class='ocrx_word' id='word_1_333' title='bbox 585 2903 852 2957; x_wconf 66' lang='lat' dir='ltr'><strong>coeperam</strong></span> <span class='ocrx_word' id='word_1_334' title='bbox 892 2896 1150 2951; x_wconf 85' lang='lat' dir='ltr'><strong>revertar,</strong></span> <span class='ocrx_word' id='word_1_335' title='bbox 1198 2894 1308 2941; x_wconf 88' lang='lat' dir='ltr'><strong>tota</strong></span> <span class='ocrx_word' id='word_1_336' title='bbox 1337 2901 1461 2953; x_wconf 85' lang='lat' dir='ltr'><strong>spes</strong></span> <span class='ocrx_word' id='word_1_337' title='bbox 1500 2886 1555 2939; x_wconf 90' lang='lat' dir='ltr'><strong>in</strong></span> <span class='ocrx_word' id='word_1_338' title='bbox 1595 2885 1659 2939; x_wconf 92' lang='lat' dir='ltr'><strong>iis</strong></span> <span class='ocrx_word' id='word_1_339' title='bbox 1696 2893 1778 2939; x_wconf 90' lang='lat' dir='ltr'><strong>est</strong></span> 
     </span>
    </p>
   </div>
   <div class='ocr_carea' id='block_1_47' title="bbox 194 2975 1773 3046">
    <p class='ocr_par' dir='ltr' id='par_1_47' title="bbox 194 2975 1773 3046">
     <span class='ocr_line' id='line_1_47' title="bbox 194 2975 1773 3046; baseline -0.001 -16"><span class='ocrx_word' id='word_1_340' title='bbox 194 2978 287 3046; x_wconf 88' lang='lat' dir='ltr'><strong>qui</strong></span> <span class='ocrx_word' id='word_1_341' title='bbox 315 2978 565 3044; x_wconf 89' lang='lat' dir='ltr'><strong>candido,</strong></span> <span class='ocrx_word' id='word_1_342' title='bbox 595 2980 684 3046; x_wconf 91' lang='lat' dir='ltr'><strong>qui</strong></span> <span class='ocrx_word' id='word_1_343' title='bbox 709 2980 914 3046; x_wconf 88' lang='lat' dir='ltr'><strong>integro</strong></span> <span class='ocrx_word' id='word_1_344' title='bbox 940 2987 1154 3046; x_wconf 86' lang='lat' dir='ltr'><strong>pectore</strong></span> <span class='ocrx_word' id='word_1_345' title='bbox 1178 2977 1243 3031; x_wconf 89' lang='lat' dir='ltr'><strong>ad</strong></span> <span class='ocrx_word' id='word_1_346' title='bbox 1275 2978 1557 3031; x_wconf 86' lang='lat' dir='ltr'><strong>lectionem</strong></span> <span class='ocrx_word' id='word_1_347' title='bbox 1585 2975 1773 3029; x_wconf 91' lang='lat' dir='ltr'><strong>horum</strong></span> 
     </span>
    </p>
   </div>
   <div class='ocr_carea' id='block_1_48' title="bbox 193 3065 1772 3134">
    <p class='ocr_par' dir='ltr' id='par_1_48' title="bbox 193 3065 1772 3134">
     <span class='ocr_line' id='line_1_48' title="bbox 193 3065 1772 3134; baseline -0.001 -14"><span class='ocrx_word' id='word_1_348' title='bbox 193 3066 454 3122; x_wconf 85' lang='lat' dir='ltr'><strong>librorum</strong></span> <span class='ocrx_word' id='word_1_349' title='bbox 483 3068 762 3134; x_wconf 88' lang='lat' dir='ltr'><strong>accedent,</strong></span> <span class='ocrx_word' id='word_1_350' title='bbox 793 3070 907 3122; x_wconf 84' lang='lat' dir='ltr'><strong>sive</strong></span> <span class='ocrx_word' id='word_1_351' title='bbox 936 3069 1079 3122; x_wconf 92' lang='lat' dir='ltr'><strong>docti</strong></span> <span class='ocrx_word' id='word_1_352' title='bbox 1109 3068 1236 3132; x_wconf 91' lang='lat' dir='ltr'><strong>sint,</strong></span> <span class='ocrx_word' id='word_1_353' title='bbox 1266 3067 1384 3121; x_wconf 86' lang='lat' dir='ltr'><strong>sive</strong></span> <span class='ocrx_word' id='word_1_354' title='bbox 1414 3066 1634 3121; x_wconf 89' lang='lat' dir='ltr'><strong>indocti.</strong></span> <span class='ocrx_word' id='word_1_355' title='bbox 1667 3065 1772 3119; x_wconf 78' lang='lat' dir='ltr'><strong>De-</strong></span> 
     </span>
    </p>
   </div>
   <div class='ocr_carea' id='block_1_49' title="bbox 1881 1890 3456 1962">
    <p class='ocr_par' dir='ltr' id='par_1_49' title="bbox 1881 1890 3456 1962">
     <span class='ocr_line' id='line_1_49' title="bbox 1881 1890 3456 1962; baseline -0.002 -15"><span class='ocrx_word' id='word_1_356' title='bbox 1881 1908 2059 1962; x_wconf 73' lang='lat' dir='ltr'><strong>operte</strong></span> <span class='ocrx_word' id='word_1_357' title='bbox 2100 1894 2235 1947; x_wconf 91' lang='lat' dir='ltr'><strong>votis</strong></span> <span class='ocrx_word' id='word_1_358' title='bbox 2274 1892 2529 1957; x_wconf 85' lang='lat' dir='ltr'><strong>favendo,</strong></span> <span class='ocrx_word' id='word_1_359' title='bbox 2562 1894 2794 1956; x_wconf 88' lang='lat' dir='ltr'><strong>scilicet,</strong></span> <span class='ocrx_word' id='word_1_360' title='bbox 2827 1901 2884 1944; x_wconf 93' lang='lat' dir='ltr'><strong>ut</strong></span> <span class='ocrx_word' id='word_1_361' title='bbox 2922 1892 2997 1943; x_wconf 90' lang='lat' dir='ltr'><strong>illi</strong></span> <span class='ocrx_word' id='word_1_362' title='bbox 3027 1890 3219 1944; x_wconf 87' lang='lat' dir='ltr'><strong>fratres</strong></span> <span class='ocrx_word' id='word_1_363' title='bbox 3250 1900 3456 1959; x_wconf 90' lang='lat' dir='ltr'><strong>putant,</strong></span> 
     </span>
    </p>
   </div>
   <div class='ocr_carea' id='block_1_50' title="bbox 1880 1985 3464 2056">
    <p class='ocr_par' dir='ltr' id='par_1_50' title="bbox 1880 1985 3464 2056">
     <span class='ocr_line' id='line_1_50' title="bbox 1880 1985 3464 2056; baseline -0.001 -15"><span class='ocrx_word' id='word_1_364' title='bbox 1880 1999 2308 2056; x_wconf 72' lang='lat' dir='ltr'><strong>supervacanem.</strong></span> <span class='ocrx_word' id='word_1_365' title='bbox 2353 1987 2496 2052; x_wconf 84' lang='lat' dir='ltr'><strong>Quos</strong></span> <span class='ocrx_word' id='word_1_366' title='bbox 2523 2001 2622 2054; x_wconf 81' lang='lat' dir='ltr'><strong>ego</strong></span> <span class='ocrx_word' id='word_1_367' title='bbox 2652 1985 2843 2038; x_wconf 90' lang='lat' dir='ltr'><strong>fratres</strong></span> <span class='ocrx_word' id='word_1_368' title='bbox 2873 1985 3119 2051; x_wconf 89' lang='lat' dir='ltr'><strong>dejerare</strong></span> <span class='ocrx_word' id='word_1_369' title='bbox 3159 1987 3362 2051; x_wconf 87' lang='lat' dir='ltr'><strong>ausim,</strong></span> <span class='ocrx_word' id='word_1_370' title='bbox 3397 2001 3464 2039; x_wconf 88' lang='lat' dir='ltr'><strong>ne</strong></span> 
     </span>
    </p>
   </div>
   <div class='ocr_carea' id='block_1_51' title="bbox 1881 2074 3463 2144">
    <p class='ocr_par' dir='ltr' id='par_1_51' title="bbox 1881 2074 3463 2144">
     <span class='ocr_line' id='line_1_51' title="bbox 1881 2074 3463 2144; baseline -0.001 -14"><span class='ocrx_word' id='word_1_371' title='bbox 1881 2077 2115 2130; x_wconf 90' lang='lat' dir='ltr'><strong>litteram</strong></span> <span class='ocrx_word' id='word_1_372' title='bbox 2139 2074 2353 2143; x_wconf 88' lang='lat' dir='ltr'><strong>quidem</strong></span> <span class='ocrx_word' id='word_1_373' title='bbox 2386 2076 2438 2128; x_wconf 92' lang='lat' dir='ltr'><strong>in</strong></span> <span class='ocrx_word' id='word_1_374' title='bbox 2469 2075 2573 2128; x_wconf 86' lang='lat' dir='ltr'><strong>illis</strong></span> <span class='ocrx_word' id='word_1_375' title='bbox 2596 2075 3014 2128; x_wconf 87' lang='lat' dir='ltr'><strong>Connnentariis</strong></span> <span class='ocrx_word' id='word_1_376' title='bbox 3039 2075 3255 2144; x_wconf 78' lang='lat' dir='ltr'><strong>legisse,</strong></span> <span class='ocrx_word' id='word_1_377' title='bbox 3280 2075 3463 2128; x_wconf 88' lang='lat' dir='ltr'><strong>titulos</strong></span> 
     </span>
    </p>
   </div>
   <div class='ocr_carea' id='block_1_52' title="bbox 1880 2165 3462 2234">
    <p class='ocr_par' dir='ltr' id='par_1_52' title="bbox 1880 2165 3462 2234">
     <span class='ocr_line' id='line_1_52' title="bbox 1880 2165 3462 2234; baseline -0.002 -12"><span class='ocrx_word' id='word_1_378' title='bbox 1880 2168 2080 2222; x_wconf 91' lang='lat' dir='ltr'><strong>vidisse</strong></span> <span class='ocrx_word' id='word_1_379' title='bbox 2100 2167 2467 2230; x_wconf 90' lang='lat' dir='ltr'><strong>solummodo;</strong></span> <span class='ocrx_word' id='word_1_380' title='bbox 2492 2175 2584 2220; x_wconf 87' lang='lat' dir='ltr'><strong>aut</strong></span> <span class='ocrx_word' id='word_1_381' title='bbox 2606 2166 2648 2220; x_wconf 92' lang='lat' dir='ltr'><strong>si</strong></span> <span class='ocrx_word' id='word_1_382' title='bbox 2673 2166 2934 2234; x_wconf 89' lang='lat' dir='ltr'><strong>legerunt,</strong></span> <span class='ocrx_word' id='word_1_383' title='bbox 2958 2175 3006 2218; x_wconf 92' lang='lat' dir='ltr'><strong>et</strong></span> <span class='ocrx_word' id='word_1_384' title='bbox 3034 2165 3281 2232; x_wconf 88' lang='lat' dir='ltr'><strong>probant,</strong></span> <span class='ocrx_word' id='word_1_385' title='bbox 3308 2165 3462 2233; x_wconf 78' lang='lat' dir='ltr'><strong>plano</strong></span> 
     </span>
    </p>
   </div>
   <div class='ocr_carea' id='block_1_53' title="bbox 1878 2253 3462 2323">
    <p class='ocr_par' dir='ltr' id='par_1_53' title="bbox 1878 2253 3462 2323">
     <span class='ocr_line' id='line_1_53' title="bbox 1878 2253 3462 2323; baseline -0.003 -13"><span class='ocrx_word' id='word_1_386' title='bbox 1878 2256 2088 2310; x_wconf 87' lang='lat' dir='ltr'><strong>similes</strong></span> <span class='ocrx_word' id='word_1_387' title='bbox 2121 2266 2248 2309; x_wconf 89' lang='lat' dir='ltr'><strong>sunt</strong></span> <span class='ocrx_word' id='word_1_388' title='bbox 2287 2254 2390 2323; x_wconf 90' lang='lat' dir='ltr'><strong>ipsi</strong></span> <span class='ocrx_word' id='word_1_389' title='bbox 2427 2265 2928 2308; x_wconf 87' lang='lat' dir='ltr'><strong>contmentatorum.</strong></span> <span class='ocrx_word' id='word_1_390' title='bbox 2963 2253 3030 2308; x_wconf 93' lang='lat' dir='ltr'><strong>Ut</strong></span> <span class='ocrx_word' id='word_1_391' title='bbox 3069 2269 3336 2320; x_wconf 88' lang='lat' dir='ltr'><strong>nunquam</strong></span> <span class='ocrx_word' id='word_1_392' title='bbox 3368 2254 3462 2306; x_wconf 87' lang='lat' dir='ltr'><strong>fuit</strong></span> 
     </span>
    </p>
   </div>
   <div class='ocr_carea' id='block_1_54' title="bbox 1877 2345 3460 2413">
    <p class='ocr_par' dir='ltr' id='par_1_54' title="bbox 1877 2345 3460 2413">
     <span class='ocr_line' id='line_1_54' title="bbox 1877 2345 3460 2413; baseline -0.002 -13"><span class='ocrx_word' id='word_1_393' title='bbox 1877 2349 2088 2401; x_wconf 90' lang='lat' dir='ltr'><strong>animus</strong></span> <span class='ocrx_word' id='word_1_394' title='bbox 2115 2346 2360 2401; x_wconf 90' lang='lat' dir='ltr'><strong>refellere</strong></span> <span class='ocrx_word' id='word_1_395' title='bbox 2402 2355 2505 2400; x_wconf 86' lang='lat' dir='ltr'><strong>tant</strong></span> <span class='ocrx_word' id='word_1_396' title='bbox 2535 2355 2776 2413; x_wconf 92' lang='lat' dir='ltr'><strong>apertam</strong></span> <span class='ocrx_word' id='word_1_397' title='bbox 2809 2345 3103 2410; x_wconf 89' lang='lat' dir='ltr'><strong>inscitiam,</strong></span> <span class='ocrx_word' id='word_1_398' title='bbox 3137 2355 3241 2398; x_wconf 86' lang='lat' dir='ltr'><strong>tant</strong></span> <span class='ocrx_word' id='word_1_399' title='bbox 3272 2345 3460 2412; x_wconf 82' lang='lat' dir='ltr'><strong>insipi-</strong></span> 
     </span>
    </p>
   </div>
   <div class='ocr_carea' id='block_1_55' title="bbox 1877 2437 3461 2506">
    <p class='ocr_par' dir='ltr' id='par_1_55' title="bbox 1877 2437 3461 2506">
     <span class='ocr_line' id='line_1_55' title="bbox 1877 2437 3461 2506; baseline -0.002 -15"><span class='ocrx_word' id='word_1_400' title='bbox 1877 2438 1974 2492; x_wconf 89' lang='lat' dir='ltr'><strong>das</strong></span> <span class='ocrx_word' id='word_1_401' title='bbox 2004 2438 2366 2506; x_wconf 81' lang='lat' dir='ltr'><strong>expositorum</strong></span> <span class='ocrx_word' id='word_1_402' title='bbox 2401 2438 2658 2505; x_wconf 69' lang='lat' dir='ltr'><strong>ineptias,</strong></span> <span class='ocrx_word' id='word_1_403' title='bbox 2705 2451 2810 2490; x_wconf 93' lang='lat' dir='ltr'><strong>non</strong></span> <span class='ocrx_word' id='word_1_404' title='bbox 2853 2437 3043 2504; x_wconf 80' lang='lat' dir='ltr'><strong>collegi</strong></span> <span class='ocrx_word' id='word_1_405' title='bbox 3077 2437 3222 2490; x_wconf 86' lang='lat' dir='ltr'><strong>locos</strong></span> <span class='ocrx_word' id='word_1_406' title='bbox 3262 2437 3461 2504; x_wconf 88' lang='lat' dir='ltr'><strong>aliquot</strong></span> 
     </span>
    </p>
   </div>
   <div class='ocr_carea' id='block_1_56' title="bbox 1879 2526 3460 2596">
    <p class='ocr_par' dir='ltr' id='par_1_56' title="bbox 1879 2526 3460 2596">
     <span class='ocr_line' id='line_1_56' title="bbox 1879 2526 3460 2596; baseline -0.001 -17"><span class='ocrx_word' id='word_1_407' title='bbox 1879 2527 1932 2580; x_wconf 92' lang='lat' dir='ltr'><strong>in</strong></span> <span class='ocrx_word' id='word_1_408' title='bbox 1965 2527 2153 2596; x_wconf 90' lang='lat' dir='ltr'><strong>primis</strong></span> <span class='ocrx_word' id='word_1_409' title='bbox 2179 2528 2435 2582; x_wconf 89' lang='lat' dir='ltr'><strong>ridiculos</strong></span> <span class='ocrx_word' id='word_1_410' title='bbox 2464 2536 2518 2581; x_wconf 92' lang='lat' dir='ltr'><strong>et</strong></span> <span class='ocrx_word' id='word_1_411' title='bbox 2548 2529 2854 2596; x_wconf 89' lang='lat' dir='ltr'><strong>imperitos;</strong></span> <span class='ocrx_word' id='word_1_412' title='bbox 2886 2543 2949 2580; x_wconf 80' lang='lat' dir='ltr'><strong>ex</strong></span> <span class='ocrx_word' id='word_1_413' title='bbox 2981 2527 3175 2596; x_wconf 89' lang='lat' dir='ltr'><strong>quibus</strong></span> <span class='ocrx_word' id='word_1_414' title='bbox 3203 2526 3269 2580; x_wconf 93' lang='lat' dir='ltr'><strong>de</strong></span> <span class='ocrx_word' id='word_1_415' title='bbox 3297 2541 3460 2594; x_wconf 89' lang='lat' dir='ltr'><strong>opere</strong></span> 
     </span>
    </p>
   </div>
   <div class='ocr_carea' id='block_1_57' title="bbox 1878 2614 3460 2686">
    <p class='ocr_par' dir='ltr' id='par_1_57' title="bbox 1878 2614 3460 2686">
     <span class='ocr_line' id='line_1_57' title="bbox 1878 2614 3460 2686; baseline -0.003 -16"><span class='ocrx_word' id='word_1_416' title='bbox 1878 2626 1990 2671; x_wconf 91' lang='lat' dir='ltr'><strong>toto</strong></span> <span class='ocrx_word' id='word_1_417' title='bbox 2017 2619 2106 2686; x_wconf 91' lang='lat' dir='ltr'><strong>qui</strong></span> <span class='ocrx_word' id='word_1_418' title='bbox 2138 2633 2243 2671; x_wconf 87' lang='lat' dir='ltr'><strong>non</strong></span> <span class='ocrx_word' id='word_1_419' title='bbox 2273 2619 2550 2685; x_wconf 80' lang='lat' dir='ltr'><strong>legissent,</strong></span> <span class='ocrx_word' id='word_1_420' title='bbox 2584 2626 2802 2683; x_wconf 85' lang='lat' dir='ltr'><strong>possent</strong></span> <span class='ocrx_word' id='word_1_421' title='bbox 2825 2617 3085 2683; x_wconf 88' lang='lat' dir='ltr'><strong>judicium</strong></span> <span class='ocrx_word' id='word_1_422' title='bbox 3119 2615 3315 2667; x_wconf 87' lang='lat' dir='ltr'><strong>facere.</strong></span> <span class='ocrx_word' id='word_1_423' title='bbox 3350 2614 3460 2666; x_wconf 86' lang='lat' dir='ltr'><strong>Nec</strong></span> 
     </span>
    </p>
   </div>
   <div class='ocr_carea' id='block_1_58' title="bbox 1877 2703 3458 2773">
    <p class='ocr_par' dir='ltr' id='par_1_58' title="bbox 1877 2703 3458 2773">
     <span class='ocr_line' id='line_1_58' title="bbox 1877 2703 3458 2773; baseline -0.001 -16"><span class='ocrx_word' id='word_1_424' title='bbox 1877 2708 2117 2773; x_wconf 88' lang='lat' dir='ltr'><strong>profecto</strong></span> <span class='ocrx_word' id='word_1_425' title='bbox 2146 2706 2242 2759; x_wconf 90' lang='lat' dir='ltr'><strong>fuit</strong></span> <span class='ocrx_word' id='word_1_426' title='bbox 2274 2722 2517 2760; x_wconf 90' lang='lat' dir='ltr'><strong>necesse.</strong></span> <span class='ocrx_word' id='word_1_427' title='bbox 2551 2706 2682 2758; x_wconf 82' lang='lat' dir='ltr'><strong>Nam</strong></span> <span class='ocrx_word' id='word_1_428' title='bbox 2715 2706 2766 2758; x_wconf 95' lang='lat' dir='ltr'><strong>in</strong></span> <span class='ocrx_word' id='word_1_429' title='bbox 2800 2706 2998 2757; x_wconf 62' lang='lat' dir='ltr'><strong>saiculo</strong></span> <span class='ocrx_word' id='word_1_430' title='bbox 3022 2705 3130 2770; x_wconf 90' lang='lat' dir='ltr'><strong>jam</strong></span> <span class='ocrx_word' id='word_1_431' title='bbox 3162 2713 3236 2756; x_wconf 90' lang='lat' dir='ltr'><strong>tot</strong></span> <span class='ocrx_word' id='word_1_432' title='bbox 3269 2703 3458 2756; x_wconf 89' lang='lat' dir='ltr'><strong>litteris</strong></span> 
     </span>
    </p>
   </div>
   <div class='ocr_carea' id='block_1_59' title="bbox 1877 2792 3456 2865">
    <p class='ocr_par' dir='ltr' id='par_1_59' title="bbox 1877 2792 3456 2865">
     <span class='ocr_line' id='line_1_59' title="bbox 1877 2792 3456 2865; baseline -0.003 -14"><span class='ocrx_word' id='word_1_433' title='bbox 1877 2797 2284 2865; x_wconf 85' lang='lat' dir='ltr'><strong>disciplinisque</strong></span> <span class='ocrx_word' id='word_1_434' title='bbox 2315 2795 2685 2849; x_wconf 77' lang='lat' dir='ltr'><strong>excttltissimo</strong></span> <span class='ocrx_word' id='word_1_435' title='bbox 2716 2793 2974 2848; x_wconf 87' lang='lat' dir='ltr'><strong>rarissimi</strong></span> <span class='ocrx_word' id='word_1_436' title='bbox 2999 2801 3123 2845; x_wconf 90' lang='lat' dir='ltr'><strong>sunt</strong></span> <span class='ocrx_word' id='word_1_437' title='bbox 3152 2792 3241 2861; x_wconf 90' lang='lat' dir='ltr'><strong>qui</strong></span> <span class='ocrx_word' id='word_1_438' title='bbox 3273 2807 3456 2862; x_wconf 82' lang='lat' dir='ltr'><strong>quem-</strong></span> 
     </span>
    </p>
   </div>
   <div class='ocr_carea' id='block_1_60' title="bbox 1876 2884 3456 2957">
    <p class='ocr_par' dir='ltr' id='par_1_60' title="bbox 1876 2884 3456 2957">
     <span class='ocr_line' id='line_1_60' title="bbox 1876 2884 3456 2957; baseline -0.004 -14"><span class='ocrx_word' id='word_1_439' title='bbox 1876 2903 2088 2957; x_wconf 89' lang='lat' dir='ltr'><strong>cunque</strong></span> <span class='ocrx_word' id='word_1_440' title='bbox 2137 2890 2191 2942; x_wconf 93' lang='lat' dir='ltr'><strong>in</strong></span> <span class='ocrx_word' id='word_1_441' title='bbox 2238 2888 2345 2942; x_wconf 90' lang='lat' dir='ltr'><strong>illis</strong></span> <span class='ocrx_word' id='word_1_442' title='bbox 2374 2887 2788 2940; x_wconf 87' lang='lat' dir='ltr'><strong>Commentariis</strong></span> <span class='ocrx_word' id='word_1_443' title='bbox 2830 2885 3058 2952; x_wconf 85' lang='lat' dir='ltr'><strong>legerint</strong></span> <span class='ocrx_word' id='word_1_444' title='bbox 3098 2884 3304 2950; x_wconf 91' lang='lat' dir='ltr'><strong>locum,</strong></span> <span class='ocrx_word' id='word_1_445' title='bbox 3349 2900 3456 2936; x_wconf 92' lang='lat' dir='ltr'><strong>non</strong></span> 
     </span>
    </p>
   </div>
   <div class='ocr_carea' id='block_1_61' title="bbox 1875 2976 3453 3047">
    <p class='ocr_par' dir='ltr' id='par_1_61' title="bbox 1875 2976 3453 3047">
     <span class='ocr_line' id='line_1_61' title="bbox 1875 2976 3453 3047; baseline -0.003 -14"><span class='ocrx_word' id='word_1_446' title='bbox 1875 2980 2054 3034; x_wconf 80' lang='lat' dir='ltr'><strong>stat&#39;m</strong></span> <span class='ocrx_word' id='word_1_447' title='bbox 2078 2979 2249 3047; x_wconf 89' lang='lat' dir='ltr'><strong>qualis</strong></span> <span class='ocrx_word' id='word_1_448' title='bbox 2271 2979 2340 3032; x_wconf 91' lang='lat' dir='ltr'><strong>sit</strong></span> <span class='ocrx_word' id='word_1_449' title='bbox 2365 2987 2470 3032; x_wconf 90' lang='lat' dir='ltr'><strong>tota</strong></span> <span class='ocrx_word' id='word_1_450' title='bbox 2497 2992 2668 3031; x_wconf 92' lang='lat' dir='ltr'><strong>massa</strong></span> <span class='ocrx_word' id='word_1_451' title='bbox 2692 2993 2755 3030; x_wconf 84' lang='lat' dir='ltr'><strong>ex</strong></span> <span class='ocrx_word' id='word_1_452' title='bbox 2779 2976 3068 3046; x_wconf 74' lang='lat' dir='ltr'><strong>quamlibet</strong></span> <span class='ocrx_word' id='word_1_453' title='bbox 3091 2991 3252 3044; x_wconf 90' lang='lat' dir='ltr'><strong>parvo</strong></span> <span class='ocrx_word' id='word_1_454' title='bbox 3276 2991 3453 3030; x_wconf 76' lang='lat' dir='ltr'><strong>exem-</strong></span> 
     </span>
    </p>
   </div>
   <div class='ocr_carea' id='block_1_62' title="bbox 1876 3067 3452 3139">
    <p class='ocr_par' dir='ltr' id='par_1_62' title="bbox 1876 3067 3452 3139">
     <span class='ocr_line' id='line_1_62' title="bbox 1876 3067 3452 3139; baseline -0.001 -17"><span class='ocrx_word' id='word_1_455' title='bbox 1876 3070 1964 3138; x_wconf 92' lang='lat' dir='ltr'><strong>plo</strong></span> <span class='ocrx_word' id='word_1_456' title='bbox 1998 3071 2204 3139; x_wconf 71' lang='lat' dir='ltr'><strong>po~sint</strong></span> <span class='ocrx_word' id='word_1_457' title='bbox 2234 3069 2500 3137; x_wconf 89' lang='lat' dir='ltr'><strong>judicare.</strong></span> <span class='ocrx_word' id='word_1_458' title='bbox 2551 3067 2731 3138; x_wconf 85' lang='lat' dir='ltr'><strong>Itaque</strong></span> <span class='ocrx_word' id='word_1_459' title='bbox 2760 3068 2825 3122; x_wconf 89' lang='lat' dir='ltr'><strong>ad</strong></span> <span class='ocrx_word' id='word_1_460' title='bbox 2854 3067 3042 3121; x_wconf 91' lang='lat' dir='ltr'><strong>doctos</strong></span> <span class='ocrx_word' id='word_1_461' title='bbox 3072 3068 3312 3122; x_wconf 91' lang='lat' dir='ltr'><strong>homines</strong></span> <span class='ocrx_word' id='word_1_462' title='bbox 3337 3084 3452 3121; x_wconf 87' lang='lat' dir='ltr'><strong>tna-</strong></span> 
     </span>
    </p>
   </div>
   <div class='ocr_carea' id='block_1_63' title="bbox 192 3157 3452 3231">
    <p class='ocr_par' dir='ltr' id='par_1_63' title="bbox 192 3157 3452 3231">
     <span class='ocr_line' id='line_1_63' title="bbox 192 3157 3452 3231; baseline 0.001 -21"><span class='ocrx_word' id='word_1_463' title='bbox 192 3157 358 3226; x_wconf 88' lang='lat' dir='ltr'><strong>nique</strong></span> <span class='ocrx_word' id='word_1_464' title='bbox 389 3158 460 3210; x_wconf 89' lang='lat' dir='ltr'><strong>ita</strong></span> <span class='ocrx_word' id='word_1_465' title='bbox 491 3171 579 3212; x_wconf 91' lang='lat' dir='ltr'><strong>me</strong></span> <span class='ocrx_word' id='word_1_466' title='bbox 607 3158 881 3222; x_wconf 91' lang='lat' dir='ltr'><strong>consolor,</strong></span> <span class='ocrx_word' id='word_1_467' title='bbox 913 3159 956 3212; x_wconf 91' lang='lat' dir='ltr'><strong>si</strong></span> <span class='ocrx_word' id='word_1_468' title='bbox 984 3158 1052 3213; x_wconf 88' lang='lat' dir='ltr'><strong>ab</strong></span> <span class='ocrx_word' id='word_1_469' title='bbox 1081 3159 1385 3212; x_wconf 83' lang='lat' dir='ltr'><strong>hominibus</strong></span> <span class='ocrx_word' id='word_1_470' title='bbox 1413 3158 1554 3212; x_wconf 92' lang='lat' dir='ltr'><strong>nulla</strong></span> <span class='ocrx_word' id='word_1_471' title='bbox 1585 3158 1768 3212; x_wconf 89' lang='lat' dir='ltr'><strong>redeat</strong></span> <span class='ocrx_word' id='word_1_472' title='bbox 1795 3161 1841 3222; x_wconf 87' lang='lat' dir='ltr'><strong>C</strong></span> <span class='ocrx_word' id='word_1_473' title='bbox 1871 3177 1971 3231; x_wconf 78' lang='lat' dir='ltr'><strong>gna</strong></span> <span class='ocrx_word' id='word_1_474' title='bbox 2003 3177 2132 3216; x_wconf 87' lang='lat' dir='ltr'><strong>sane</strong></span> <span class='ocrx_word' id='word_1_475' title='bbox 2162 3176 2222 3216; x_wconf 90' lang='lat' dir='ltr'><strong>ac</strong></span> <span class='ocrx_word' id='word_1_476' title='bbox 2253 3161 2536 3229; x_wconf 86' lang='lat' dir='ltr'><strong>injucunda</strong></span> <span class='ocrx_word' id='word_1_477' title='bbox 2564 3175 2681 3213; x_wconf 90' lang='lat' dir='ltr'><strong>sum</strong></span> <span class='ocrx_word' id='word_1_478' title='bbox 2716 3161 2960 3214; x_wconf 89' lang='lat' dir='ltr'><strong>molestia</strong></span> <span class='ocrx_word' id='word_1_479' title='bbox 2994 3161 3249 3215; x_wconf 90' lang='lat' dir='ltr'><strong>liberatus</strong></span> <span class='ocrx_word' id='word_1_480' title='bbox 3276 3161 3452 3214; x_wconf 84' lang='lat' dir='ltr'><strong>stulti-</strong></span> 
     </span>
    </p>
   </div>
   <div class='ocr_carea' id='block_1_64' title="bbox 191 3247 1766 3319">
    <p class='ocr_par' dir='ltr' id='par_1_64' title="bbox 191 3247 1766 3319">
     <span class='ocr_line' id='line_1_64' title="bbox 191 3247 1766 3319; baseline 0.002 -19"><span class='ocrx_word' id='word_1_481' title='bbox 191 3247 257 3300; x_wconf 87' lang='lat' dir='ltr'><strong>ad</strong></span> <span class='ocrx_word' id='word_1_482' title='bbox 290 3263 390 3302; x_wconf 90' lang='lat' dir='ltr'><strong>nos</strong></span> <span class='ocrx_word' id='word_1_483' title='bbox 422 3253 615 3318; x_wconf 87' lang='lat' dir='ltr'><strong>gratia,</strong></span> <span class='ocrx_word' id='word_1_484' title='bbox 647 3265 752 3304; x_wconf 92' lang='lat' dir='ltr'><strong>non</strong></span> <span class='ocrx_word' id='word_1_485' title='bbox 787 3251 1013 3305; x_wconf 88' lang='lat' dir='ltr'><strong>deerunt</strong></span> <span class='ocrx_word' id='word_1_486' title='bbox 1043 3251 1235 3319; x_wconf 89' lang='lat' dir='ltr'><strong>quibus</strong></span> <span class='ocrx_word' id='word_1_487' title='bbox 1264 3251 1522 3305; x_wconf 90' lang='lat' dir='ltr'><strong>adductus</strong></span> <span class='ocrx_word' id='word_1_488' title='bbox 1569 3249 1766 3318; x_wconf 82' lang='lat' dir='ltr'><strong>impul-</strong></span> 
     </span>
    </p>
   </div>
   <div class='ocr_carea' id='block_1_65' title="bbox 190 3338 1764 3408">
    <p class='ocr_par' dir='ltr' id='par_1_65' title="bbox 190 3338 1764 3408">
     <span class='ocr_line' id='line_1_65' title="bbox 190 3338 1764 3408; baseline 0.001 -20"><span class='ocrx_word' id='word_1_489' title='bbox 190 3350 387 3406; x_wconf 88' lang='lat' dir='ltr'><strong>susque</strong></span> <span class='ocrx_word' id='word_1_490' title='bbox 413 3339 549 3393; x_wconf 91' lang='lat' dir='ltr'><strong>hanc</strong></span> <span class='ocrx_word' id='word_1_491' title='bbox 578 3354 666 3394; x_wconf 90' lang='lat' dir='ltr'><strong>me</strong></span> <span class='ocrx_word' id='word_1_492' title='bbox 691 3354 906 3408; x_wconf 83' lang='lat' dir='ltr'><strong>Operam</strong></span> <span class='ocrx_word' id='word_1_493' title='bbox 937 3354 1164 3394; x_wconf 88' lang='lat' dir='ltr'><strong>navasse</strong></span> <span class='ocrx_word' id='word_1_494' title='bbox 1191 3353 1460 3408; x_wconf 90' lang='lat' dir='ltr'><strong>nunquam</strong></span> <span class='ocrx_word' id='word_1_495' title='bbox 1489 3338 1764 3408; x_wconf 64' lang='lat' dir='ltr'><strong>paeniteat.</strong></span> 
     </span>
    </p>
   </div>
   <div class='ocr_carea' id='block_1_66' title="bbox 188 3426 1763 3496">
    <p class='ocr_par' dir='ltr' id='par_1_66' title="bbox 188 3426 1763 3496">
     <span class='ocr_line' id='line_1_66' title="bbox 188 3426 1763 3496; baseline 0.001 -17"><span class='ocrx_word' id='word_1_496' title='bbox 188 3426 320 3480; x_wconf 80' lang='lat' dir='ltr'><strong>Nam</strong></span> <span class='ocrx_word' id='word_1_497' title='bbox 351 3439 406 3483; x_wconf 87' lang='lat' dir='ltr'><strong>et</strong></span> <span class='ocrx_word' id='word_1_498' title='bbox 436 3429 749 3484; x_wconf 87' lang='lat' dir='ltr'><strong>obsecutum</strong></span> <span class='ocrx_word' id='word_1_499' title='bbox 777 3444 896 3484; x_wconf 91' lang='lat' dir='ltr'><strong>esse</strong></span> <span class='ocrx_word' id='word_1_500' title='bbox 920 3429 1143 3483; x_wconf 81' lang='lat' dir='ltr'><strong>Erasmo</strong></span> <span class='ocrx_word' id='word_1_501' title='bbox 1173 3443 1314 3495; x_wconf 90' lang='lat' dir='ltr'><strong>meo,</strong></span> <span class='ocrx_word' id='word_1_502' title='bbox 1348 3437 1454 3482; x_wconf 92' lang='lat' dir='ltr'><strong>tam</strong></span> <span class='ocrx_word' id='word_1_503' title='bbox 1485 3443 1570 3482; x_wconf 91' lang='lat' dir='ltr'><strong>me</strong></span> <span class='ocrx_word' id='word_1_504' title='bbox 1592 3429 1763 3496; x_wconf 85' lang='lat' dir='ltr'><strong>juvat,</strong></span> 
     </span>
    </p>
   </div>
   <div class='ocr_carea' id='block_1_67' title="bbox 187 3519 1764 3588">
    <p class='ocr_par' dir='ltr' id='par_1_67' title="bbox 187 3519 1764 3588">
     <span class='ocr_line' id='line_1_67' title="bbox 187 3519 1764 3588; baseline 0.001 -21"><span class='ocrx_word' id='word_1_505' title='bbox 187 3532 347 3586; x_wconf 85' lang='lat' dir='ltr'><strong>quam</strong></span> <span class='ocrx_word' id='word_1_506' title='bbox 400 3519 550 3572; x_wconf 87' lang='lat' dir='ltr'><strong>nefas</strong></span> <span class='ocrx_word' id='word_1_507' title='bbox 586 3519 772 3574; x_wconf 87' lang='lat' dir='ltr'><strong>fuisset</strong></span> <span class='ocrx_word' id='word_1_508' title='bbox 811 3519 948 3588; x_wconf 88' lang='lat' dir='ltr'><strong>quod</strong></span> <span class='ocrx_word' id='word_1_509' title='bbox 992 3519 1288 3587; x_wconf 88' lang='lat' dir='ltr'><strong>imponeret</strong></span> <span class='ocrx_word' id='word_1_510' title='bbox 1325 3532 1460 3572; x_wconf 92' lang='lat' dir='ltr'><strong>onus</strong></span> <span class='ocrx_word' id='word_1_511' title='bbox 1496 3532 1764 3581; x_wconf 87' lang='lat' dir='ltr'><strong>recusare,</strong></span> 
     </span>
    </p>
   </div>
   <div class='ocr_carea' id='block_1_68' title="bbox 187 3605 1764 3674">
    <p class='ocr_par' dir='ltr' id='par_1_68' title="bbox 187 3605 1764 3674">
     <span class='ocr_line' id='line_1_68' title="bbox 187 3605 1764 3674; baseline 0.001 -17"><span class='ocrx_word' id='word_1_512' title='bbox 187 3607 276 3673; x_wconf 92' lang='lat' dir='ltr'><strong>qui</strong></span> <span class='ocrx_word' id='word_1_513' title='bbox 311 3608 365 3660; x_wconf 93' lang='lat' dir='ltr'><strong>in</strong></span> <span class='ocrx_word' id='word_1_514' title='bbox 397 3622 483 3660; x_wconf 90' lang='lat' dir='ltr'><strong>me</strong></span> <span class='ocrx_word' id='word_1_515' title='bbox 516 3617 571 3661; x_wconf 90' lang='lat' dir='ltr'><strong>et</strong></span> <span class='ocrx_word' id='word_1_516' title='bbox 599 3608 830 3662; x_wconf 88' lang='lat' dir='ltr'><strong>hominis</strong></span> <span class='ocrx_word' id='word_1_517' title='bbox 858 3617 1002 3662; x_wconf 91' lang='lat' dir='ltr'><strong>arcta</strong></span> <span class='ocrx_word' id='word_1_518' title='bbox 1042 3621 1250 3662; x_wconf 88' lang='lat' dir='ltr'><strong>mecum</strong></span> <span class='ocrx_word' id='word_1_519' title='bbox 1278 3607 1513 3660; x_wconf 87' lang='lat' dir='ltr'><strong>amicitia</strong></span> <span class='ocrx_word' id='word_1_520' title='bbox 1543 3605 1764 3674; x_wconf 88' lang='lat' dir='ltr'><strong>conjun-</strong></span> 
     </span>
    </p>
   </div>
   <div class='ocr_carea' id='block_1_69' title="bbox 187 3697 1765 3767">
    <p class='ocr_par' dir='ltr' id='par_1_69' title="bbox 187 3697 1765 3767">
     <span class='ocr_line' id='line_1_69' title="bbox 187 3697 1765 3767; baseline -0.001 -18"><span class='ocrx_word' id='word_1_521' title='bbox 187 3697 437 3761; x_wconf 84' lang='lat' dir='ltr'><strong>ctissinti,</strong></span> <span class='ocrx_word' id='word_1_522' title='bbox 461 3707 515 3752; x_wconf 91' lang='lat' dir='ltr'><strong>et</strong></span> <span class='ocrx_word' id='word_1_523' title='bbox 539 3699 880 3766; x_wconf 65' lang='lat' dir='ltr'><strong>praeceptoris</strong></span> <span class='ocrx_word' id='word_1_524' title='bbox 901 3697 1100 3767; x_wconf 80' lang='lat' dir='ltr'><strong>optime</strong></span> <span class='ocrx_word' id='word_1_525' title='bbox 1125 3698 1318 3762; x_wconf 91' lang='lat' dir='ltr'><strong>meriti,</strong></span> <span class='ocrx_word' id='word_1_526' title='bbox 1344 3699 1430 3766; x_wconf 91' lang='lat' dir='ltr'><strong>jus</strong></span> <span class='ocrx_word' id='word_1_527' title='bbox 1454 3711 1516 3751; x_wconf 90' lang='lat' dir='ltr'><strong>ac</strong></span> <span class='ocrx_word' id='word_1_528' title='bbox 1535 3705 1765 3765; x_wconf 80' lang='lat' dir='ltr'><strong>potesta-</strong></span> 
     </span>
    </p>
   </div>
   <div class='ocr_carea' id='block_1_70' title="bbox 190 3787 1764 3844">
    <p class='ocr_par' dir='ltr' id='par_1_70' title="bbox 190 3787 1764 3844">
     <span class='ocr_line' id='line_1_70' title="bbox 190 3787 1764 3844; baseline -0.001 -3"><span class='ocrx_word' id='word_1_529' title='bbox 190 3796 293 3841; x_wconf 87' lang='lat' dir='ltr'><strong>tem</strong></span> <span class='ocrx_word' id='word_1_530' title='bbox 321 3788 501 3843; x_wconf 87' lang='lat' dir='ltr'><strong>habet.</strong></span> <span class='ocrx_word' id='word_1_531' title='bbox 527 3789 660 3842; x_wconf 86' lang='lat' dir='ltr'><strong>Tum</strong></span> <span class='ocrx_word' id='word_1_532' title='bbox 684 3790 883 3843; x_wconf 88' lang='lat' dir='ltr'><strong>interea</strong></span> <span class='ocrx_word' id='word_1_533' title='bbox 910 3790 1037 3844; x_wconf 89' lang='lat' dir='ltr'><strong>dum</strong></span> <span class='ocrx_word' id='word_1_534' title='bbox 1063 3789 1177 3844; x_wconf 66' lang='lat' dir='ltr'><strong>haec</strong></span> <span class='ocrx_word' id='word_1_535' title='bbox 1205 3803 1324 3844; x_wconf 89' lang='lat' dir='ltr'><strong>sum</strong></span> <span class='ocrx_word' id='word_1_536' title='bbox 1354 3787 1640 3843; x_wconf 90' lang='lat' dir='ltr'><strong>meditatus</strong></span> <span class='ocrx_word' id='word_1_537' title='bbox 1668 3787 1764 3840; x_wconf 88' lang='lat' dir='ltr'><strong>ho-</strong></span> 
     </span>
    </p>
   </div>
   <div class='ocr_carea' id='block_1_71' title="bbox 189 3879 1762 3950">
    <p class='ocr_par' dir='ltr' id='par_1_71' title="bbox 189 3879 1762 3950">
     <span class='ocr_line' id='line_1_71' title="bbox 189 3879 1762 3950; baseline -0.001 -17"><span class='ocrx_word' id='word_1_538' title='bbox 189 3880 496 3934; x_wconf 88' lang='lat' dir='ltr'><strong>nestissimo</strong></span> <span class='ocrx_word' id='word_1_539' title='bbox 523 3895 610 3935; x_wconf 90' lang='lat' dir='ltr'><strong>me</strong></span> <span class='ocrx_word' id='word_1_540' title='bbox 643 3882 1064 3935; x_wconf 78' lang='lat' dir='ltr'><strong>exercitamento</strong></span> <span class='ocrx_word' id='word_1_541' title='bbox 1091 3894 1381 3950; x_wconf 89' lang='lat' dir='ltr'><strong>occupasse</strong></span> <span class='ocrx_word' id='word_1_542' title='bbox 1399 3920 1414 3945; x_wconf 93' lang='lat'><strong>,</strong></span> <span class='ocrx_word' id='word_1_543' title='bbox 1444 3889 1499 3935; x_wconf 88' lang='lat' dir='ltr'><strong>et</strong></span> <span class='ocrx_word' id='word_1_544' title='bbox 1528 3879 1762 3934; x_wconf 88' lang='lat' dir='ltr'><strong>animum</strong></span> 
     </span>
    </p>
   </div>
   <div class='ocr_carea' id='block_1_72' title="bbox 189 3970 1764 4040">
    <p class='ocr_par' dir='ltr' id='par_1_72' title="bbox 189 3970 1764 4040">
     <span class='ocr_line' id='line_1_72' title="bbox 189 3970 1764 4040; baseline 0.001 -17"><span class='ocrx_word' id='word_1_545' title='bbox 189 3979 530 4040; x_wconf 88' lang='lat' dir='ltr'><strong>mentemque</strong></span> <span class='ocrx_word' id='word_1_546' title='bbox 559 3971 766 4026; x_wconf 89' lang='lat' dir='ltr'><strong>crebris</strong></span> <span class='ocrx_word' id='word_1_547' title='bbox 797 3972 1040 4040; x_wconf 87' lang='lat' dir='ltr'><strong>cogitatis</strong></span> <span class='ocrx_word' id='word_1_548' title='bbox 1069 3972 1350 4027; x_wconf 89' lang='lat' dir='ltr'><strong>honestate</strong></span> <span class='ocrx_word' id='word_1_549' title='bbox 1391 3985 1456 4025; x_wconf 91' lang='lat' dir='ltr'><strong>ac</strong></span> <span class='ocrx_word' id='word_1_550' title='bbox 1483 3970 1764 4024; x_wconf 88' lang='lat' dir='ltr'><strong>sanctitate</strong></span> 
     </span>
    </p>
   </div>
   <div class='ocr_carea' id='block_1_73' title="bbox 190 4059 1764 4131">
    <p class='ocr_par' dir='ltr' id='par_1_73' title="bbox 190 4059 1764 4131">
     <span class='ocr_line' id='line_1_73' title="bbox 190 4059 1764 4131; baseline 0.001 -19"><span class='ocrx_word' id='word_1_551' title='bbox 190 4059 557 4114; x_wconf 90' lang='lat' dir='ltr'><strong>relertissimis</strong></span> <span class='ocrx_word' id='word_1_552' title='bbox 601 4060 876 4127; x_wconf 86' lang='lat' dir='ltr'><strong>imbuisse,</strong></span> <span class='ocrx_word' id='word_1_553' title='bbox 906 4077 1024 4130; x_wconf 70' lang='lat' dir='ltr'><strong>qua:</strong></span> <span class='ocrx_word' id='word_1_554' title='bbox 1053 4062 1436 4131; x_wconf 89' lang='lat' dir='ltr'><strong>promptiorem</strong></span> <span class='ocrx_word' id='word_1_555' title='bbox 1480 4075 1565 4115; x_wconf 88' lang='lat' dir='ltr'><strong>me</strong></span> <span class='ocrx_word' id='word_1_556' title='bbox 1605 4070 1764 4128; x_wconf 91' lang='lat' dir='ltr'><strong>atque</strong></span> 
     </span>
    </p>
   </div>
   <div class='ocr_carea' id='block_1_74' title="bbox 189 4151 1762 4220">
    <p class='ocr_par' dir='ltr' id='par_1_74' title="bbox 189 4151 1762 4220">
     <span class='ocr_line' id='line_1_74' title="bbox 189 4151 1762 4220; baseline 0.001 -16"><span class='ocrx_word' id='word_1_557' title='bbox 189 4151 570 4220; x_wconf 80' lang='lat' dir='ltr'><strong>expeditiorem</strong></span> <span class='ocrx_word' id='word_1_558' title='bbox 601 4152 667 4205; x_wconf 91' lang='lat' dir='ltr'><strong>ad</strong></span> <span class='ocrx_word' id='word_1_559' title='bbox 710 4151 848 4207; x_wconf 89' lang='lat' dir='ltr'><strong>bene</strong></span> <span class='ocrx_word' id='word_1_560' title='bbox 883 4163 938 4206; x_wconf 90' lang='lat' dir='ltr'><strong>et</strong></span> <span class='ocrx_word' id='word_1_561' title='bbox 973 4152 1272 4206; x_wconf 85' lang='lat' dir='ltr'><strong>Christiane</strong></span> <span class='ocrx_word' id='word_1_562' title='bbox 1309 4151 1592 4205; x_wconf 92' lang='lat' dir='ltr'><strong>vivendum</strong></span> <span class='ocrx_word' id='word_1_563' title='bbox 1637 4151 1762 4205; x_wconf 91' lang='lat' dir='ltr'><strong>red-</strong></span> 
     </span>
    </p>
   </div>
   <div class='ocr_carea' id='block_1_75' title="bbox 189 4244 1761 4312">
    <p class='ocr_par' dir='ltr' id='par_1_75' title="bbox 189 4244 1761 4312">
     <span class='ocr_line' id='line_1_75' title="bbox 189 4244 1761 4312; baseline 0.002 -15"><span class='ocrx_word' id='word_1_564' title='bbox 189 4244 334 4299; x_wconf 90' lang='lat' dir='ltr'><strong>dant.</strong></span> <span class='ocrx_word' id='word_1_565' title='bbox 382 4244 506 4299; x_wconf 71' lang='lat' dir='ltr'><strong>Ilazc</strong></span> <span class='ocrx_word' id='word_1_566' title='bbox 531 4259 655 4310; x_wconf 89' lang='lat' dir='ltr'><strong>una,</strong></span> <span class='ocrx_word' id='word_1_567' title='bbox 689 4245 734 4298; x_wconf 91' lang='lat' dir='ltr'><strong>si</strong></span> <span class='ocrx_word' id='word_1_568' title='bbox 777 4254 973 4299; x_wconf 61' lang='lat' dir='ltr'><strong>caetera</strong></span> <span class='ocrx_word' id='word_1_569' title='bbox 1017 4246 1198 4298; x_wconf 88' lang='lat' dir='ltr'><strong>desint</strong></span> <span class='ocrx_word' id='word_1_570' title='bbox 1239 4245 1516 4312; x_wconf 91' lang='lat' dir='ltr'><strong>universa,</strong></span> <span class='ocrx_word' id='word_1_571' title='bbox 1550 4245 1761 4301; x_wconf 89' lang='lat' dir='ltr'><strong>abunde</strong></span> 
     </span>
    </p>
   </div>
   <div class='ocr_carea' id='block_1_76' title="bbox 185 4333 1760 4402">
    <p class='ocr_par' dir='ltr' id='par_1_76' title="bbox 185 4333 1760 4402">
     <span class='ocr_line' id='line_1_76' title="bbox 185 4333 1760 4402; baseline 0.001 -16"><span class='ocrx_word' id='word_1_572' title='bbox 185 4334 360 4401; x_wconf 88' lang='lat' dir='ltr'><strong>ampla</strong></span> <span class='ocrx_word' id='word_1_573' title='bbox 395 4343 448 4388; x_wconf 89' lang='lat' dir='ltr'><strong>et</strong></span> <span class='ocrx_word' id='word_1_574' title='bbox 487 4334 769 4402; x_wconf 86' lang='lat' dir='ltr'><strong>magnifica</strong></span> <span class='ocrx_word' id='word_1_575' title='bbox 810 4349 1018 4388; x_wconf 92' lang='lat' dir='ltr'><strong>merces</strong></span> <span class='ocrx_word' id='word_1_576' title='bbox 1044 4344 1145 4388; x_wconf 90' lang='lat' dir='ltr'><strong>est.</strong></span> <span class='ocrx_word' id='word_1_577' title='bbox 1189 4333 1499 4398; x_wconf 88' lang='lat' dir='ltr'><strong>Postremo,</strong></span> <span class='ocrx_word' id='word_1_578' title='bbox 1532 4344 1586 4388; x_wconf 90' lang='lat' dir='ltr'><strong>ut</strong></span> <span class='ocrx_word' id='word_1_579' title='bbox 1615 4336 1760 4389; x_wconf 91' lang='lat' dir='ltr'><strong>aliud</strong></span> 
     </span>
    </p>
   </div>
   <div class='ocr_carea' id='block_1_77' title="bbox 186 4425 1761 4494">
    <p class='ocr_par' dir='ltr' id='par_1_77' title="bbox 186 4425 1761 4494">
     <span class='ocr_line' id='line_1_77' title="bbox 186 4425 1761 4494; baseline 0.002 -16"><span class='ocrx_word' id='word_1_580' title='bbox 186 4425 319 4480; x_wconf 91' lang='lat' dir='ltr'><strong>nihil</strong></span> <span class='ocrx_word' id='word_1_581' title='bbox 341 4435 604 4493; x_wconf 87' lang='lat' dir='ltr'><strong>reputem,</strong></span> <span class='ocrx_word' id='word_1_582' title='bbox 627 4425 732 4478; x_wconf 89' lang='lat' dir='ltr'><strong>nisi</strong></span> <span class='ocrx_word' id='word_1_583' title='bbox 759 4441 842 4478; x_wconf 93' lang='lat' dir='ltr'><strong>me</strong></span> <span class='ocrx_word' id='word_1_584' title='bbox 863 4425 1095 4478; x_wconf 78' lang='lat' dir='ltr'><strong>Voluisse</strong></span> <span class='ocrx_word' id='word_1_585' title='bbox 1115 4425 1432 4493; x_wconf 82' lang='lat' dir='ltr'><strong>Augustino,</strong></span> <span class='ocrx_word' id='word_1_586' title='bbox 1462 4435 1514 4479; x_wconf 94' lang='lat' dir='ltr'><strong>et</strong></span> <span class='ocrx_word' id='word_1_587' title='bbox 1539 4426 1761 4494; x_wconf 90' lang='lat' dir='ltr'><strong>proinde</strong></span> 
     </span>
    </p>
   </div>
   <div class='ocr_carea' id='block_1_78' title="bbox 1875 3253 3448 3323">
    <p class='ocr_par' dir='ltr' id='par_1_78' title="bbox 1875 3253 3448 3323">
     <span class='ocr_line' id='line_1_78' title="bbox 1875 3253 3448 3323; baseline -0.001 -15"><span class='ocrx_word' id='word_1_588' title='bbox 1875 3256 1962 3310; x_wconf 90' lang='lat' dir='ltr'><strong>tiis</strong></span> <span class='ocrx_word' id='word_1_589' title='bbox 1993 3256 2100 3309; x_wconf 90' lang='lat' dir='ltr'><strong>illis</strong></span> <span class='ocrx_word' id='word_1_590' title='bbox 2131 3255 2530 3322; x_wconf 88' lang='lat' dir='ltr'><strong>patclaciendis.</strong></span> <span class='ocrx_word' id='word_1_591' title='bbox 2563 3253 2702 3307; x_wconf 83' lang='lat' dir='ltr'><strong>Nihil</strong></span> <span class='ocrx_word' id='word_1_592' title='bbox 2735 3253 2876 3307; x_wconf 89' lang='lat' dir='ltr'><strong>enim</strong></span> <span class='ocrx_word' id='word_1_593' title='bbox 2906 3263 2986 3307; x_wconf 92' lang='lat' dir='ltr'><strong>est</strong></span> <span class='ocrx_word' id='word_1_594' title='bbox 3017 3269 3189 3323; x_wconf 90' lang='lat' dir='ltr'><strong>neque</strong></span> <span class='ocrx_word' id='word_1_595' title='bbox 3213 3254 3448 3322; x_wconf 88' lang='lat' dir='ltr'><strong>gravius,</strong></span> 
     </span>
    </p>
   </div>
   <div class='ocr_carea' id='block_1_79' title="bbox 1870 3346 3446 3415">
    <p class='ocr_par' dir='ltr' id='par_1_79' title="bbox 1870 3346 3446 3415">
     <span class='ocr_line' id='line_1_79' title="bbox 1870 3346 3446 3415; baseline 0 -15"><span class='ocrx_word' id='word_1_596' title='bbox 1870 3361 2046 3415; x_wconf 91' lang='lat' dir='ltr'><strong>neque</strong></span> <span class='ocrx_word' id='word_1_597' title='bbox 2085 3347 2400 3409; x_wconf 89' lang='lat' dir='ltr'><strong>insuavius,</strong></span> <span class='ocrx_word' id='word_1_598' title='bbox 2447 3360 2605 3412; x_wconf 89' lang='lat' dir='ltr'><strong>quam</strong></span> <span class='ocrx_word' id='word_1_599' title='bbox 2651 3346 2813 3399; x_wconf 91' lang='lat' dir='ltr'><strong>stulta</strong></span> <span class='ocrx_word' id='word_1_600' title='bbox 2857 3346 3090 3400; x_wconf 87' lang='lat' dir='ltr'><strong>refutare</strong></span> <span class='ocrx_word' id='word_1_601' title='bbox 3137 3347 3446 3414; x_wconf 84' lang='lat' dir='ltr'><strong>prudenter.</strong></span> 
     </span>
    </p>
   </div>
   <div class='ocr_carea' id='block_1_80' title="bbox 1869 3438 3446 3504">
    <p class='ocr_par' dir='ltr' id='par_1_80' title="bbox 1869 3438 3446 3504">
     <span class='ocr_line' id='line_1_80' title="bbox 1869 3438 3446 3504; baseline 0.001 -14"><span class='ocrx_word' id='word_1_602' title='bbox 1869 3438 1999 3504; x_wconf 72' lang='lat' dir='ltr'><strong>Qum</strong></span> <span class='ocrx_word' id='word_1_603' title='bbox 2039 3438 2085 3490; x_wconf 90' lang='lat' dir='ltr'><strong>si</strong></span> <span class='ocrx_word' id='word_1_604' title='bbox 2131 3447 2335 3491; x_wconf 91' lang='lat' dir='ltr'><strong>tantum</strong></span> <span class='ocrx_word' id='word_1_605' title='bbox 2366 3438 2606 3500; x_wconf 90' lang='lat' dir='ltr'><strong>indices,</strong></span> <span class='ocrx_word' id='word_1_606' title='bbox 2639 3453 2734 3504; x_wconf 91' lang='lat' dir='ltr'><strong>pro</strong></span> <span class='ocrx_word' id='word_1_607' title='bbox 2763 3439 2944 3490; x_wconf 89' lang='lat' dir='ltr'><strong>stultis</strong></span> <span class='ocrx_word' id='word_1_608' title='bbox 2990 3439 3334 3504; x_wconf 90' lang='lat' dir='ltr'><strong>rejicientur;</strong></span> <span class='ocrx_word' id='word_1_609' title='bbox 3363 3440 3446 3492; x_wconf 90' lang='lat' dir='ltr'><strong>sin</strong></span> 
     </span>
    </p>
   </div>
   <div class='ocr_carea' id='block_1_81' title="bbox 1868 3526 3443 3596">
    <p class='ocr_par' dir='ltr' id='par_1_81' title="bbox 1868 3526 3443 3596">
     <span class='ocr_line' id='line_1_81' title="bbox 1868 3526 3443 3596; baseline -0.001 -14"><span class='ocrx_word' id='word_1_610' title='bbox 1868 3542 2083 3596; x_wconf 91' lang='lat' dir='ltr'><strong>operam</strong></span> <span class='ocrx_word' id='word_1_611' title='bbox 2126 3529 2180 3580; x_wconf 90' lang='lat' dir='ltr'><strong>in</strong></span> <span class='ocrx_word' id='word_1_612' title='bbox 2221 3542 2405 3580; x_wconf 92' lang='lat' dir='ltr'><strong>eorum</strong></span> <span class='ocrx_word' id='word_1_613' title='bbox 2449 3535 2635 3578; x_wconf 80' lang='lat' dir='ltr'><strong>natura</strong></span> <span class='ocrx_word' id='word_1_614' title='bbox 2676 3526 2994 3579; x_wconf 88' lang='lat' dir='ltr'><strong>declaranda</strong></span> <span class='ocrx_word' id='word_1_615' title='bbox 3038 3527 3295 3592; x_wconf 88' lang='lat' dir='ltr'><strong>insumas,</strong></span> <span class='ocrx_word' id='word_1_616' title='bbox 3336 3543 3443 3580; x_wconf 92' lang='lat' dir='ltr'><strong>non</strong></span> 
     </span>
    </p>
   </div>
   <div class='ocr_carea' id='block_1_82' title="bbox 1867 3615 3441 3683">
    <p class='ocr_par' dir='ltr' id='par_1_82' title="bbox 1867 3615 3441 3683">
     <span class='ocr_line' id='line_1_82' title="bbox 1867 3615 3441 3683; baseline -0.001 -12"><span class='ocrx_word' id='word_1_617' title='bbox 1867 3625 1975 3671; x_wconf 84' lang='lat' dir='ltr'><strong>tant</strong></span> <span class='ocrx_word' id='word_1_618' title='bbox 2000 3617 2385 3672; x_wconf 89' lang='lat' dir='ltr'><strong>contemnenda</strong></span> <span class='ocrx_word' id='word_1_619' title='bbox 2409 3615 2622 3680; x_wconf 89' lang='lat' dir='ltr'><strong>reddas,</strong></span> <span class='ocrx_word' id='word_1_620' title='bbox 2647 3630 2802 3683; x_wconf 91' lang='lat' dir='ltr'><strong>quam</strong></span> <span class='ocrx_word' id='word_1_621' title='bbox 2827 3616 3000 3667; x_wconf 76' lang='lat' dir='ltr'><strong>minus</strong></span> <span class='ocrx_word' id='word_1_622' title='bbox 3027 3615 3164 3682; x_wconf 91' lang='lat' dir='ltr'><strong>apud</strong></span> <span class='ocrx_word' id='word_1_623' title='bbox 3187 3616 3441 3682; x_wconf 75' lang='lat' dir='ltr'><strong>quosdam</strong></span> 
     </span>
    </p>
   </div>
   <div class='ocr_carea' id='block_1_83' title="bbox 1870 3703 3439 3771">
    <p class='ocr_par' dir='ltr' id='par_1_83' title="bbox 1870 3703 3439 3771">
     <span class='ocr_line' id='line_1_83' title="bbox 1870 3703 3439 3771; baseline -0.001 -13"><span class='ocrx_word' id='word_1_624' title='bbox 1870 3707 2034 3760; x_wconf 84' lang='lat' dir='ltr'><strong>facias</strong></span> <span class='ocrx_word' id='word_1_625' title='bbox 2063 3706 2245 3760; x_wconf 88' lang='lat' dir='ltr'><strong>stulta.</strong></span> <span class='ocrx_word' id='word_1_626' title='bbox 2277 3705 2383 3758; x_wconf 86' lang='lat' dir='ltr'><strong>Nec</strong></span> <span class='ocrx_word' id='word_1_627' title='bbox 2411 3705 2606 3758; x_wconf 90' lang='lat' dir='ltr'><strong>desunt</strong></span> <span class='ocrx_word' id='word_1_628' title='bbox 2646 3719 2711 3758; x_wconf 80' lang='lat' dir='ltr'><strong>ex</strong></span> <span class='ocrx_word' id='word_1_629' title='bbox 2743 3703 3050 3757; x_wconf 89' lang='lat' dir='ltr'><strong>hominibus</strong></span> <span class='ocrx_word' id='word_1_630' title='bbox 3075 3703 3311 3771; x_wconf 89' lang='lat' dir='ltr'><strong>ejusdem</strong></span> <span class='ocrx_word' id='word_1_631' title='bbox 3348 3719 3439 3757; x_wconf 81' lang='lat' dir='ltr'><strong>or-</strong></span> 
     </span>
    </p>
   </div>
   <div class='ocr_carea' id='block_1_84' title="bbox 1866 3793 3443 3866">
    <p class='ocr_par' dir='ltr' id='par_1_84' title="bbox 1866 3793 3443 3866">
     <span class='ocr_line' id='line_1_84' title="bbox 1866 3793 3443 3866; baseline -0.001 -16"><span class='ocrx_word' id='word_1_632' title='bbox 1866 3798 2012 3852; x_wconf 90' lang='lat' dir='ltr'><strong>dinis</strong></span> <span class='ocrx_word' id='word_1_633' title='bbox 2050 3798 2141 3866; x_wconf 92' lang='lat' dir='ltr'><strong>qui</strong></span> <span class='ocrx_word' id='word_1_634' title='bbox 2184 3811 2407 3852; x_wconf 89' lang='lat' dir='ltr'><strong>censere</strong></span> <span class='ocrx_word' id='word_1_635' title='bbox 2452 3796 2690 3864; x_wconf 92' lang='lat' dir='ltr'><strong>possint;</strong></span> <span class='ocrx_word' id='word_1_636' title='bbox 2740 3804 2794 3848; x_wconf 91' lang='lat' dir='ltr'><strong>et</strong></span> <span class='ocrx_word' id='word_1_637' title='bbox 2834 3794 2971 3847; x_wconf 92' lang='lat' dir='ltr'><strong>haud</strong></span> <span class='ocrx_word' id='word_1_638' title='bbox 3013 3793 3173 3848; x_wconf 86' lang='lat' dir='ltr'><strong>dubie</strong></span> <span class='ocrx_word' id='word_1_639' title='bbox 3221 3804 3443 3849; x_wconf 89' lang='lat' dir='ltr'><strong>censent</strong></span> 
     </span>
    </p>
   </div>
   <div class='ocr_carea' id='block_1_85' title="bbox 1866 3885 3442 3956">
    <p class='ocr_par' dir='ltr' id='par_1_85' title="bbox 1866 3885 3442 3956">
     <span class='ocr_line' id='line_1_85' title="bbox 1866 3885 3442 3956; baseline 0 -15"><span class='ocrx_word' id='word_1_640' title='bbox 1866 3904 2025 3956; x_wconf 91' lang='lat' dir='ltr'><strong>quam</strong></span> <span class='ocrx_word' id='word_1_641' title='bbox 2057 3889 2182 3942; x_wconf 84' lang='lat' dir='ltr'><strong>vilia</strong></span> <span class='ocrx_word' id='word_1_642' title='bbox 2210 3897 2265 3943; x_wconf 92' lang='lat' dir='ltr'><strong>et</strong></span> <span class='ocrx_word' id='word_1_643' title='bbox 2292 3887 2635 3956; x_wconf 90' lang='lat' dir='ltr'><strong>despicienda</strong></span> <span class='ocrx_word' id='word_1_644' title='bbox 2665 3886 2774 3940; x_wconf 91' lang='lat' dir='ltr'><strong>sint</strong></span> <span class='ocrx_word' id='word_1_645' title='bbox 2800 3885 2998 3952; x_wconf 92' lang='lat' dir='ltr'><strong>scripta</strong></span> <span class='ocrx_word' id='word_1_646' title='bbox 3032 3885 3120 3938; x_wconf 91' lang='lat' dir='ltr'><strong>illa</strong></span> <span class='ocrx_word' id='word_1_647' title='bbox 3152 3901 3254 3938; x_wconf 90' lang='lat' dir='ltr'><strong>non</strong></span> <span class='ocrx_word' id='word_1_648' title='bbox 3282 3886 3442 3941; x_wconf 92' lang='lat' dir='ltr'><strong>modo</strong></span> 
     </span>
    </p>
   </div>
   <div class='ocr_carea' id='block_1_86' title="bbox 1866 3976 3442 4048">
    <p class='ocr_par' dir='ltr' id='par_1_86' title="bbox 1866 3976 3442 4048">
     <span class='ocr_line' id='line_1_86' title="bbox 1866 3976 3442 4048; baseline -0.001 -14"><span class='ocrx_word' id='word_1_649' title='bbox 1866 3980 2185 4048; x_wconf 80' lang='lat' dir='ltr'><strong>Augustino,</strong></span> <span class='ocrx_word' id='word_1_650' title='bbox 2214 3979 2307 4032; x_wconf 91' lang='lat' dir='ltr'><strong>sed</strong></span> <span class='ocrx_word' id='word_1_651' title='bbox 2340 3994 2406 4032; x_wconf 91' lang='lat' dir='ltr'><strong>ne</strong></span> <span class='ocrx_word' id='word_1_652' title='bbox 2430 3978 2725 4042; x_wconf 86' lang='lat' dir='ltr'><strong>Theodolo,</strong></span> <span class='ocrx_word' id='word_1_653' title='bbox 2758 3977 2841 4031; x_wconf 92' lang='lat' dir='ltr'><strong>vel</strong></span> <span class='ocrx_word' id='word_1_654' title='bbox 2873 3977 3085 4040; x_wconf 86' lang='lat' dir='ltr'><strong>Facete,</strong></span> <span class='ocrx_word' id='word_1_655' title='bbox 3121 3977 3204 4031; x_wconf 88' lang='lat' dir='ltr'><strong>vel</strong></span> <span class='ocrx_word' id='word_1_656' title='bbox 3230 3976 3442 4032; x_wconf 83' lang='lat' dir='ltr'><strong>Floreto</strong></span> 
     </span>
    </p>
   </div>
   <div class='ocr_carea' id='block_1_87' title="bbox 1865 4068 3441 4140">
    <p class='ocr_par' dir='ltr' id='par_1_87' title="bbox 1865 4068 3441 4140">
     <span class='ocr_line' id='line_1_87' title="bbox 1865 4068 3441 4140; baseline -0.001 -14"><span class='ocrx_word' id='word_1_657' title='bbox 1865 4071 2044 4140; x_wconf 84' lang='lat' dir='ltr'><strong>digna.</strong></span> <span class='ocrx_word' id='word_1_658' title='bbox 2071 4071 2270 4125; x_wconf 86' lang='lat' dir='ltr'><strong>Tamen</strong></span> <span class='ocrx_word' id='word_1_659' title='bbox 2296 4072 2419 4140; x_wconf 92' lang='lat' dir='ltr'><strong>quia</strong></span> <span class='ocrx_word' id='word_1_660' title='bbox 2452 4071 2504 4124; x_wconf 91' lang='lat' dir='ltr'><strong>id</strong></span> <span class='ocrx_word' id='word_1_661' title='bbox 2528 4085 2632 4124; x_wconf 92' lang='lat' dir='ltr'><strong>non</strong></span> <span class='ocrx_word' id='word_1_662' title='bbox 2664 4070 2740 4123; x_wconf 94' lang='lat' dir='ltr'><strong>illi</strong></span> <span class='ocrx_word' id='word_1_663' title='bbox 2769 4068 2940 4122; x_wconf 91' lang='lat' dir='ltr'><strong>solum</strong></span> <span class='ocrx_word' id='word_1_664' title='bbox 2965 4069 3056 4137; x_wconf 91' lang='lat' dir='ltr'><strong>qui</strong></span> <span class='ocrx_word' id='word_1_665' title='bbox 3085 4078 3242 4123; x_wconf 88' lang='lat' dir='ltr'><strong>totam</strong></span> <span class='ocrx_word' id='word_1_666' title='bbox 3267 4085 3441 4125; x_wconf 87' lang='lat' dir='ltr'><strong>meam</strong></span> 
     </span>
    </p>
   </div>
   <div class='ocr_carea' id='block_1_88' title="bbox 1865 4157 3436 4231">
    <p class='ocr_par' dir='ltr' id='par_1_88' title="bbox 1865 4157 3436 4231">
     <span class='ocr_line' id='line_1_88' title="bbox 1865 4157 3436 4231; baseline -0.003 -14"><span class='ocrx_word' id='word_1_667' title='bbox 1865 4177 2086 4231; x_wconf 89' lang='lat' dir='ltr'><strong>operam</strong></span> <span class='ocrx_word' id='word_1_668' title='bbox 2133 4176 2229 4215; x_wconf 92' lang='lat' dir='ltr'><strong>seu</strong></span> <span class='ocrx_word' id='word_1_669' title='bbox 2275 4162 2491 4214; x_wconf 86' lang='lat' dir='ltr'><strong>inanem</strong></span> <span class='ocrx_word' id='word_1_670' title='bbox 2539 4159 2880 4223; x_wconf 89' lang='lat' dir='ltr'><strong>damnarunt,</strong></span> <span class='ocrx_word' id='word_1_671' title='bbox 2921 4157 3014 4212; x_wconf 89' lang='lat' dir='ltr'><strong>scd</strong></span> <span class='ocrx_word' id='word_1_672' title='bbox 3063 4159 3155 4212; x_wconf 91' lang='lat' dir='ltr'><strong>alii</strong></span> <span class='ocrx_word' id='word_1_673' title='bbox 3191 4161 3436 4226; x_wconf 89' lang='lat' dir='ltr'><strong>permulti</strong></span> 
     </span>
    </p>
   </div>
   <div class='ocr_carea' id='block_1_89' title="bbox 1865 4249 3440 4320">
    <p class='ocr_par' dir='ltr' id='par_1_89' title="bbox 1865 4249 3440 4320">
     <span class='ocr_line' id='line_1_89' title="bbox 1865 4249 3440 4320; baseline -0.001 -14"><span class='ocrx_word' id='word_1_674' title='bbox 1865 4268 1972 4306; x_wconf 92' lang='lat' dir='ltr'><strong>non</strong></span> <span class='ocrx_word' id='word_1_675' title='bbox 2011 4251 2265 4320; x_wconf 89' lang='lat' dir='ltr'><strong>credunt,</strong></span> <span class='ocrx_word' id='word_1_676' title='bbox 2306 4259 2508 4304; x_wconf 90' lang='lat' dir='ltr'><strong>tantum</strong></span> <span class='ocrx_word' id='word_1_677' title='bbox 2540 4251 2664 4318; x_wconf 90' lang='lat' dir='ltr'><strong>quia</strong></span> <span class='ocrx_word' id='word_1_678' title='bbox 2704 4250 2784 4302; x_wconf 90' lang='lat' dir='ltr'><strong>illi</strong></span> <span class='ocrx_word' id='word_1_679' title='bbox 2813 4249 3028 4303; x_wconf 87' lang='lat' dir='ltr'><strong>Fratres</strong></span> <span class='ocrx_word' id='word_1_680' title='bbox 3056 4249 3440 4305; x_wconf 75' lang='lat' dir='ltr'><strong>Prmdicatores</strong></span> 
     </span>
    </p>
   </div>
   <div class='ocr_carea' id='block_1_90' title="bbox 1869 4340 3436 4410">
    <p class='ocr_par' dir='ltr' id='par_1_90' title="bbox 1869 4340 3436 4410">
     <span class='ocr_line' id='line_1_90' title="bbox 1869 4340 3436 4410; baseline -0.001 -14"><span class='ocrx_word' id='word_1_681' title='bbox 1869 4350 2260 4410; x_wconf 89' lang='lat' dir='ltr'><strong>nuncupantur,</strong></span> <span class='ocrx_word' id='word_1_682' title='bbox 2289 4343 2410 4395; x_wconf 91' lang='lat' dir='ltr'><strong>volo</strong></span> <span class='ocrx_word' id='word_1_683' title='bbox 2455 4341 2574 4395; x_wconf 88' lang='lat' dir='ltr'><strong>istis</strong></span> <span class='ocrx_word' id='word_1_684' title='bbox 2601 4342 2865 4397; x_wconf 84' lang='lat' dir='ltr'><strong>rationem</strong></span> <span class='ocrx_word' id='word_1_685' title='bbox 2896 4340 3193 4410; x_wconf 87' lang='lat' dir='ltr'><strong>approbare</strong></span> <span class='ocrx_word' id='word_1_686' title='bbox 3231 4341 3436 4395; x_wconf 89' lang='lat' dir='ltr'><strong>laboris</strong></span> 
     </span>
    </p>
   </div>
   <div class='ocr_carea' id='block_1_91' title="bbox 1868 4431 3438 4502">
    <p class='ocr_par' dir='ltr' id='par_1_91' title="bbox 1868 4431 3438 4502">
     <span class='ocr_line' id='line_1_91' title="bbox 1868 4431 3438 4502; baseline -0.002 -14"><span class='ocrx_word' id='word_1_687' title='bbox 1868 4435 1975 4488; x_wconf 93' lang='lat' dir='ltr'><strong>mei</strong></span> <span class='ocrx_word' id='word_1_688' title='bbox 2002 4451 2014 4486; x_wconf 93' lang='lat'>:</span> <span class='ocrx_word' id='word_1_689' title='bbox 2044 4436 2088 4488; x_wconf 91' lang='lat' dir='ltr'><strong>si</strong></span> <span class='ocrx_word' id='word_1_690' title='bbox 2119 4433 2280 4488; x_wconf 88' lang='lat' dir='ltr'><strong>modo</strong></span> <span class='ocrx_word' id='word_1_691' title='bbox 2320 4433 2606 4502; x_wconf 90' lang='lat' dir='ltr'><strong>approbari</strong></span> <span class='ocrx_word' id='word_1_692' title='bbox 2647 4435 2846 4498; x_wconf 91' lang='lat' dir='ltr'><strong>sinant,</strong></span> <span class='ocrx_word' id='word_1_693' title='bbox 2877 4441 2968 4487; x_wconf 93' lang='lat' dir='ltr'><strong>aut</strong></span> <span class='ocrx_word' id='word_1_694' title='bbox 2994 4431 3438 4500; x_wconf 83' lang='lat' dir='ltr'><strong>approbationem</strong></span> 
     </span>
    </p>
   </div>
   <div class='ocr_carea' id='block_1_92' title="bbox 185 4516 1772 4596">
    <p class='ocr_par' dir='ltr' id='par_1_92' title="bbox 185 4516 1756 4586">
     <span class='ocr_line' id='line_1_92' title="bbox 185 4516 1756 4586; baseline 0.001 -15"><span class='ocrx_word' id='word_1_695' title='bbox 185 4516 397 4571; x_wconf 73' lang='lat' dir='ltr'><strong>Christo</strong></span> <span class='ocrx_word' id='word_1_696' title='bbox 416 4517 618 4586; x_wconf 89' lang='lat' dir='ltr'><strong>aliquid</strong></span> <span class='ocrx_word' id='word_1_697' title='bbox 642 4517 944 4571; x_wconf 86' lang='lat' dir='ltr'><strong>studiorum</strong></span> <span class='ocrx_word' id='word_1_698' title='bbox 973 4530 1214 4570; x_wconf 90' lang='lat' dir='ltr'><strong>meorum</strong></span> <span class='ocrx_word' id='word_1_699' title='bbox 1239 4531 1476 4582; x_wconf 89' lang='lat' dir='ltr'><strong>sacrare,</strong></span> <span class='ocrx_word' id='word_1_700' title='bbox 1501 4517 1756 4585; x_wconf 61' lang='lat' dir='ltr'><strong>praeclare</strong></span> 
     </span>
    </p>
   </div>
   <div class='ocr_carea' id='block_1_93' title="bbox 1875 4516 3440 4596">
    <p class='ocr_par' dir='ltr' id='par_1_93' title="bbox 1875 4522 3440 4596">
     <span class='ocr_line' id='line_1_93' title="bbox 1875 4522 3440 4596; baseline -0.003 -16"><span class='ocrx_word' id='word_1_701' title='bbox 1875 4527 2164 4596; x_wconf 21' lang='lat' dir='ltr'><strong>intelligant</strong></span> <span class='ocrx_word' id='word_1_702' title='bbox 2205 4543 2218 4579; x_wconf 91' lang='lat'>:</span> <span class='ocrx_word' id='word_1_703' title='bbox 2257 4541 2484 4596; x_wconf 92' lang='lat' dir='ltr'><strong>quorum</strong></span> <span class='ocrx_word' id='word_1_704' title='bbox 2511 4541 2610 4596; x_wconf 91' lang='lat' dir='ltr'><strong>ego</strong></span> <span class='ocrx_word' id='word_1_705' title='bbox 2639 4525 2847 4594; x_wconf 89' lang='lat' dir='ltr'><strong>aliquos</strong></span> <span class='ocrx_word' id='word_1_706' title='bbox 2869 4525 3030 4580; x_wconf 90' lang='lat' dir='ltr'><strong>credo</strong></span> <span class='ocrx_word' id='word_1_707' title='bbox 3059 4522 3190 4576; x_wconf 90' lang='lat' dir='ltr'><strong>tales</strong></span> <span class='ocrx_word' id='word_1_708' title='bbox 3214 4536 3352 4584; x_wconf 77' lang='lat' dir='ltr'><strong>esse,</strong></span> <span class='ocrx_word' id='word_1_709' title='bbox 3384 4531 3440 4576; x_wconf 88' lang='lat' dir='ltr'><strong>ut</strong></span> 
     </span>
    </p>
   </div>
   <div class='ocr_carea' id='block_1_94' title="bbox 187 4607 1756 4676">
    <p class='ocr_par' dir='ltr' id='par_1_94' title="bbox 187 4607 1756 4676">
     <span class='ocr_line' id='line_1_94' title="bbox 187 4607 1756 4676; baseline 0.001 -16"><span class='ocrx_word' id='word_1_710' title='bbox 187 4621 393 4661; x_wconf 89' lang='lat' dir='ltr'><strong>mecum</strong></span> <span class='ocrx_word' id='word_1_711' title='bbox 423 4617 600 4661; x_wconf 87' lang='lat' dir='ltr'><strong>actum</strong></span> <span class='ocrx_word' id='word_1_712' title='bbox 638 4608 950 4662; x_wconf 81' lang='lat' dir='ltr'><strong>existimare</strong></span> <span class='ocrx_word' id='word_1_713' title='bbox 985 4607 1178 4662; x_wconf 89' lang='lat' dir='ltr'><strong>debeo.</strong></span> <span class='ocrx_word' id='word_1_714' title='bbox 1219 4607 1426 4676; x_wconf 86' lang='lat' dir='ltr'><strong>Quippe</strong></span> <span class='ocrx_word' id='word_1_715' title='bbox 1463 4608 1553 4675; x_wconf 93' lang='lat' dir='ltr'><strong>qui</strong></span> <span class='ocrx_word' id='word_1_716' title='bbox 1595 4609 1756 4662; x_wconf 88' lang='lat' dir='ltr'><strong>etiam</strong></span> 
     </span>
    </p>
   </div>
   <div class='ocr_carea' id='block_1_95' title="bbox 184 4696 1761 4767">
    <p class='ocr_par' dir='ltr' id='par_1_95' title="bbox 184 4696 1761 4767">
     <span class='ocr_line' id='line_1_95' title="bbox 184 4696 1761 4767; baseline 0.001 -16"><span class='ocrx_word' id='word_1_717' title='bbox 184 4696 394 4767; x_wconf 77' lang='lat' dir='ltr'><strong>frigida:</strong></span> <span class='ocrx_word' id='word_1_718' title='bbox 424 4698 669 4766; x_wconf 89' lang='lat' dir='ltr'><strong>poculum</strong></span> <span class='ocrx_word' id='word_1_719' title='bbox 704 4706 922 4764; x_wconf 89' lang='lat' dir='ltr'><strong>pr0pter</strong></span> <span class='ocrx_word' id='word_1_720' title='bbox 948 4712 1008 4751; x_wconf 88' lang='lat' dir='ltr'><strong>se</strong></span> <span class='ocrx_word' id='word_1_721' title='bbox 1037 4713 1298 4767; x_wconf 86' lang='lat' dir='ltr'><strong>suumque</strong></span> <span class='ocrx_word' id='word_1_722' title='bbox 1328 4712 1522 4752; x_wconf 91' lang='lat' dir='ltr'><strong>nomen</strong></span> <span class='ocrx_word' id='word_1_723' title='bbox 1568 4698 1761 4767; x_wconf 74' lang='lat' dir='ltr'><strong>prmbi-</strong></span> 
     </span>
    </p>
   </div>
   <div class='ocr_carea' id='block_1_96' title="bbox 184 4788 1762 4856">
    <p class='ocr_par' dir='ltr' id='par_1_96' title="bbox 184 4788 1762 4856">
     <span class='ocr_line' id='line_1_96' title="bbox 184 4788 1762 4856; baseline 0 -14"><span class='ocrx_word' id='word_1_724' title='bbox 184 4797 299 4843; x_wconf 88' lang='lat' dir='ltr'><strong>tum</strong></span> <span class='ocrx_word' id='word_1_725' title='bbox 340 4788 786 4842; x_wconf 89' lang='lat' dir='ltr'><strong>irremuneratum</strong></span> <span class='ocrx_word' id='word_1_726' title='bbox 826 4803 884 4842; x_wconf 94' lang='lat' dir='ltr'><strong>se</strong></span> <span class='ocrx_word' id='word_1_727' title='bbox 925 4803 1030 4841; x_wconf 93' lang='lat' dir='ltr'><strong>non</strong></span> <span class='ocrx_word' id='word_1_728' title='bbox 1062 4790 1457 4856; x_wconf 74' lang='lat' dir='ltr'><strong>prmteriturum</strong></span> <span class='ocrx_word' id='word_1_729' title='bbox 1490 4789 1762 4856; x_wconf 91' lang='lat' dir='ltr'><strong>pollicitus</strong></span> 
     </span>
    </p>
   </div>
   <div class='ocr_carea' id='block_1_97' title="bbox 181 4878 1764 4948">
    <p class='ocr_par' dir='ltr' id='par_1_97' title="bbox 181 4878 1764 4948">
     <span class='ocr_line' id='line_1_97' title="bbox 181 4878 1764 4948; baseline -0.001 -14"><span class='ocrx_word' id='word_1_730' title='bbox 181 4887 268 4934; x_wconf 84' lang='lat' dir='ltr'><strong>est</strong></span> <span class='ocrx_word' id='word_1_731' title='bbox 312 4895 326 4930; x_wconf 90' lang='lat'><strong>:</strong></span> <span class='ocrx_word' id='word_1_732' title='bbox 371 4878 494 4932; x_wconf 87' lang='lat' dir='ltr'><strong>huic</strong></span> <span class='ocrx_word' id='word_1_733' title='bbox 539 4893 754 4948; x_wconf 88' lang='lat' dir='ltr'><strong>quoque</strong></span> <span class='ocrx_word' id='word_1_734' title='bbox 794 4893 926 4932; x_wconf 62' lang='lat' dir='ltr'><strong>mea:</strong></span> <span class='ocrx_word' id='word_1_735' title='bbox 957 4879 1240 4947; x_wconf 87' lang='lat' dir='ltr'><strong>voluntati,</strong></span> <span class='ocrx_word' id='word_1_736' title='bbox 1271 4895 1428 4946; x_wconf 91' lang='lat' dir='ltr'><strong>quam</strong></span> <span class='ocrx_word' id='word_1_737' title='bbox 1474 4895 1630 4932; x_wconf 92' lang='lat' dir='ltr'><strong>unam</strong></span> <span class='ocrx_word' id='word_1_738' title='bbox 1674 4879 1764 4933; x_wconf 69' lang='lat' dir='ltr'><strong>ille</strong></span> 
     </span>
    </p>
   </div>
   <div class='ocr_carea' id='block_1_98' title="bbox 181 4970 1765 5038">
    <p class='ocr_par' dir='ltr' id='par_1_98' title="bbox 181 4970 1765 5038">
     <span class='ocr_line' id='line_1_98' title="bbox 181 4970 1765 5038; baseline -0.001 -14"><span class='ocrx_word' id='word_1_739' title='bbox 181 4979 364 5034; x_wconf 86' lang='lat' dir='ltr'><strong>curat,</strong></span> <span class='ocrx_word' id='word_1_740' title='bbox 392 4971 617 5038; x_wconf 89' lang='lat' dir='ltr'><strong>gratiam</strong></span> <span class='ocrx_word' id='word_1_741' title='bbox 655 4973 850 5024; x_wconf 89' lang='lat' dir='ltr'><strong>referet</strong></span> <span class='ocrx_word' id='word_1_742' title='bbox 879 4987 891 5022; x_wconf 90' lang='lat'><strong>:</strong></span> <span class='ocrx_word' id='word_1_743' title='bbox 925 4970 1223 5038; x_wconf 56' lang='lat' dir='ltr'><strong>praesertim</strong></span> <span class='ocrx_word' id='word_1_744' title='bbox 1253 4983 1372 5022; x_wconf 91' lang='lat' dir='ltr'><strong>cum</strong></span> <span class='ocrx_word' id='word_1_745' title='bbox 1415 4971 1527 5038; x_wconf 90' lang='lat' dir='ltr'><strong>ipse</strong></span> <span class='ocrx_word' id='word_1_746' title='bbox 1556 4970 1765 5023; x_wconf 85' lang='lat' dir='ltr'><strong>labores</strong></span> 
     </span>
    </p>
   </div>
   <div class='ocr_carea' id='block_1_99' title="bbox 181 5058 1765 5123">
    <p class='ocr_par' dir='ltr' id='par_1_99' title="bbox 181 5058 1765 5123">
     <span class='ocr_line' id='line_1_99' title="bbox 181 5058 1765 5123; baseline 0.002 -12"><span class='ocrx_word' id='word_1_747' title='bbox 181 5074 370 5113; x_wconf 82' lang='lat' dir='ltr'><strong>omnes</strong></span> <span class='ocrx_word' id='word_1_748' title='bbox 411 5074 560 5114; x_wconf 87' lang='lat' dir='ltr'><strong>meos</strong></span> <span class='ocrx_word' id='word_1_749' title='bbox 606 5060 676 5114; x_wconf 87' lang='lat' dir='ltr'><strong>ita</strong></span> <span class='ocrx_word' id='word_1_750' title='bbox 722 5059 935 5113; x_wconf 85' lang='lat' dir='ltr'><strong>demum</strong></span> <span class='ocrx_word' id='word_1_751' title='bbox 982 5070 1126 5114; x_wconf 91' lang='lat' dir='ltr'><strong>ratos</strong></span> <span class='ocrx_word' id='word_1_752' title='bbox 1167 5058 1298 5112; x_wconf 91' lang='lat' dir='ltr'><strong>tnilti</strong></span> <span class='ocrx_word' id='word_1_753' title='bbox 1339 5074 1459 5113; x_wconf 90' lang='lat' dir='ltr'><strong>esse</strong></span> <span class='ocrx_word' id='word_1_754' title='bbox 1497 5061 1681 5123; x_wconf 64' lang='lat' dir='ltr'><strong>velim,</strong></span> <span class='ocrx_word' id='word_1_755' title='bbox 1717 5061 1765 5114; x_wconf 92' lang='lat' dir='ltr'><strong>si</strong></span> 
     </span>
    </p>
   </div>
   <div class='ocr_carea' id='block_1_100' title="bbox 181 5150 1764 5222">
    <p class='ocr_par' dir='ltr' id='par_1_100' title="bbox 181 5150 1764 5222">
     <span class='ocr_line' id='line_1_100' title="bbox 181 5150 1764 5222; baseline 0.001 -17"><span class='ocrx_word' id='word_1_756' title='bbox 181 5150 396 5205; x_wconf 86' lang='lat' dir='ltr'><strong>Christo</strong></span> <span class='ocrx_word' id='word_1_757' title='bbox 437 5153 658 5222; x_wconf 86' lang='lat' dir='ltr'><strong>ejusque</strong></span> <span class='ocrx_word' id='word_1_758' title='bbox 704 5153 1020 5208; x_wconf 71' lang='lat' dir='ltr'><strong>castissima:</strong></span> <span class='ocrx_word' id='word_1_759' title='bbox 1060 5164 1113 5207; x_wconf 89' lang='lat' dir='ltr'><strong>et</strong></span> <span class='ocrx_word' id='word_1_760' title='bbox 1149 5152 1513 5222; x_wconf 74' lang='lat' dir='ltr'><strong>integerrima:</strong></span> <span class='ocrx_word' id='word_1_761' title='bbox 1554 5165 1764 5221; x_wconf 74' lang='lat' dir='ltr'><strong>sponsa:</strong></span> 
     </span>
    </p>
   </div>
   <div class='ocr_carea' id='block_1_101' title="bbox 182 5241 860 5310">
    <p class='ocr_par' dir='ltr' id='par_1_101' title="bbox 182 5241 860 5310">
     <span class='ocr_line' id='line_1_101' title="bbox 182 5241 860 5310; baseline 0 -14"><span class='ocrx_word' id='word_1_762' title='bbox 182 5241 440 5297; x_wconf 73' lang='lat' dir='ltr'><strong>Ecclesia:</strong></span> <span class='ocrx_word' id='word_1_763' title='bbox 470 5245 860 5310; x_wconf 73' lang='lat' dir='ltr'><strong>approbantur.</strong></span> 
     </span>
    </p>
   </div>
   <div class='ocr_carea' id='block_1_102' title="bbox 422 5332 1520 5390">
    <p class='ocr_par' dir='ltr' id='par_1_102' title="bbox 422 5332 1520 5390">
     <span class='ocr_line' id='line_1_102' title="bbox 422 5332 1520 5390; baseline 0.003 -3"><span class='ocrx_word' id='word_1_764' title='bbox 422 5334 509 5388; x_wconf 84' lang='lat' dir='ltr'><strong>DE</strong></span> <span class='ocrx_word' id='word_1_765' title='bbox 551 5333 938 5389; x_wconf 79' lang='lat' dir='ltr'><strong>VETERIBUS</strong></span> <span class='ocrx_word' id='word_1_766' title='bbox 975 5332 1520 5390; x_wconf 81' lang='lat' dir='ltr'><strong>INTERPRETIBUS</strong></span> 
     </span>
    </p>
   </div>
   <div class='ocr_carea' id='block_1_103' title="bbox 766 5438 1165 5478">
    <p class='ocr_par' dir='ltr' id='par_1_103' title="bbox 766 5438 1165 5478">
     <span class='ocr_line' id='line_1_103' title="bbox 766 5438 1165 5478; baseline 0 -1"><span class='ocrx_word' id='word_1_767' title='bbox 766 5438 924 5477; x_wconf 65' lang='lat' dir='ltr'><strong>HUIUS</strong></span> <span class='ocrx_word' id='word_1_768' title='bbox 961 5438 1165 5478; x_wconf 77' lang='lat' dir='ltr'><strong>OPERIS.</strong></span> 
     </span>
    </p>
   </div>
   <div class='ocr_carea' id='block_1_104' title="bbox 254 5513 1757 5581">
    <p class='ocr_par' dir='ltr' id='par_1_104' title="bbox 254 5513 1757 5581">
     <span class='ocr_line' id='line_1_104' title="bbox 254 5513 1757 5581; baseline -0.003 -13"><span class='ocrx_word' id='word_1_769' title='bbox 254 5515 492 5569; x_wconf 78' lang='lat' dir='ltr'><strong>Narravit</strong></span> <span class='ocrx_word' id='word_1_770' title='bbox 540 5514 701 5568; x_wconf 91' lang='lat' dir='ltr'><strong>hodie</strong></span> <span class='ocrx_word' id='word_1_771' title='bbox 747 5514 879 5567; x_wconf 91' lang='lat' dir='ltr'><strong>tnihi</strong></span> <span class='ocrx_word' id='word_1_772' title='bbox 927 5513 1132 5567; x_wconf 92' lang='lat' dir='ltr'><strong>amicus</strong></span> <span class='ocrx_word' id='word_1_773' title='bbox 1168 5514 1386 5581; x_wconf 89' lang='lat' dir='ltr'><strong>quidam</strong></span> <span class='ocrx_word' id='word_1_774' title='bbox 1430 5528 1580 5566; x_wconf 88' lang='lat' dir='ltr'><strong>meus</strong></span> <span class='ocrx_word' id='word_1_775' title='bbox 1619 5514 1757 5567; x_wconf 91' lang='lat' dir='ltr'><strong>inter</strong></span> 
     </span>
    </p>
   </div>
   <div class='ocr_carea' id='block_1_105' title="bbox 184 5604 1756 5677">
    <p class='ocr_par' dir='ltr' id='par_1_105' title="bbox 184 5604 1756 5677">
     <span class='ocr_line' id='line_1_105' title="bbox 184 5604 1756 5677; baseline -0.003 -15"><span class='ocrx_word' id='word_1_776' title='bbox 184 5607 591 5677; x_wconf 79' lang='lat' dir='ltr'><strong>Colloqucndum</strong></span> <span class='ocrx_word' id='word_1_777' title='bbox 641 5622 763 5660; x_wconf 88' lang='lat' dir='ltr'><strong>cum</strong></span> <span class='ocrx_word' id='word_1_778' title='bbox 810 5605 1079 5661; x_wconf 91' lang='lat' dir='ltr'><strong>nonnullis</strong></span> <span class='ocrx_word' id='word_1_779' title='bbox 1127 5604 1379 5658; x_wconf 79' lang='lat' dir='ltr'><strong>fratribus</strong></span> <span class='ocrx_word' id='word_1_780' title='bbox 1424 5605 1756 5659; x_wconf 89' lang='lat' dir='ltr'><strong>Dominicani</strong></span> 
     </span>
    </p>
   </div>
   <div class='ocr_carea' id='block_1_106' title="bbox 189 5694 1756 5768">
    <p class='ocr_par' dir='ltr' id='par_1_106' title="bbox 189 5694 1756 5768">
     <span class='ocr_line' id='line_1_106' title="bbox 189 5694 1756 5768; baseline -0.003 -14"><span class='ocrx_word' id='word_1_781' title='bbox 189 5699 381 5754; x_wconf 84' lang='lat' dir='ltr'><strong>ordinis</strong></span> <span class='ocrx_word' id='word_1_782' title='bbox 413 5707 571 5768; x_wconf 79' lang='lat' dir='ltr'><strong>atque</strong></span> <span class='ocrx_word' id='word_1_783' title='bbox 611 5697 862 5764; x_wconf 80' lang='lat' dir='ltr'><strong>ittSliluti,</strong></span> <span class='ocrx_word' id='word_1_784' title='bbox 903 5696 1158 5752; x_wconf 79' lang='lat' dir='ltr'><strong>incidisse</strong></span> <span class='ocrx_word' id='word_1_785' title='bbox 1189 5712 1246 5752; x_wconf 88' lang='lat' dir='ltr'><strong>se</strong></span> <span class='ocrx_word' id='word_1_786' title='bbox 1279 5696 1332 5749; x_wconf 91' lang='lat' dir='ltr'><strong>in</strong></span> <span class='ocrx_word' id='word_1_787' title='bbox 1360 5708 1662 5753; x_wconf 82' lang='lat' dir='ltr'><strong>sermonem</strong></span> <span class='ocrx_word' id='word_1_788' title='bbox 1692 5694 1756 5749; x_wconf 89' lang='lat' dir='ltr'><strong>de</strong></span> 
     </span>
    </p>
   </div>
   <div class='ocr_carea' id='block_1_107' title="bbox 1863 4610 3440 4672">
    <p class='ocr_par' dir='ltr' id='par_1_107' title="bbox 1863 4610 3440 4672">
     <span class='ocr_line' id='line_1_107' title="bbox 1863 4610 3440 4672; baseline -0.005 0"><span class='ocrx_word' id='word_1_789' title='bbox 1863 4619 1974 4672; x_wconf 87' lang='lat' dir='ltr'><strong>illis</strong></span> <span class='ocrx_word' id='word_1_790' title='bbox 2005 4617 2139 4670; x_wconf 90' lang='lat' dir='ltr'><strong>nihil</strong></span> <span class='ocrx_word' id='word_1_791' title='bbox 2180 4618 2323 4672; x_wconf 92' lang='lat' dir='ltr'><strong>inter</strong></span> <span class='ocrx_word' id='word_1_792' title='bbox 2349 4617 2636 4672; x_wconf 90' lang='lat' dir='ltr'><strong>dictionem</strong></span> <span class='ocrx_word' id='word_1_793' title='bbox 2664 4615 2939 4671; x_wconf 86' lang='lat' dir='ltr'><strong>Ciceronis</strong></span> <span class='ocrx_word' id='word_1_794' title='bbox 2976 4623 3030 4668; x_wconf 86' lang='lat' dir='ltr'><strong>et</strong></span> <span class='ocrx_word' id='word_1_795' title='bbox 3056 4610 3440 4665; x_wconf 86' lang='lat' dir='ltr'><strong>Catholicontis</strong></span> 
     </span>
    </p>
   </div>
   <div class='ocr_carea' id='block_1_108' title="bbox 1863 4702 3438 4775">
    <p class='ocr_par' dir='ltr' id='par_1_108' title="bbox 1863 4702 3438 4775">
     <span class='ocr_line' id='line_1_108' title="bbox 1863 4702 3438 4775; baseline -0.004 -13"><span class='ocrx_word' id='word_1_796' title='bbox 1863 4709 2112 4775; x_wconf 88' lang='lat' dir='ltr'><strong>intersit;</strong></span> <span class='ocrx_word' id='word_1_797' title='bbox 2152 4719 2245 4764; x_wconf 87' lang='lat' dir='ltr'><strong>aut</strong></span> <span class='ocrx_word' id='word_1_798' title='bbox 2280 4710 2422 4765; x_wconf 85' lang='lat' dir='ltr'><strong>inter</strong></span> <span class='ocrx_word' id='word_1_799' title='bbox 2455 4709 2738 4765; x_wconf 90' lang='lat' dir='ltr'><strong>historiam</strong></span> <span class='ocrx_word' id='word_1_800' title='bbox 2768 4706 2901 4761; x_wconf 85' lang='lat' dir='ltr'><strong>Livii</strong></span> <span class='ocrx_word' id='word_1_801' title='bbox 2939 4713 2994 4758; x_wconf 91' lang='lat' dir='ltr'><strong>et</strong></span> <span class='ocrx_word' id='word_1_802' title='bbox 3025 4702 3312 4769; x_wconf 80' lang='lat' dir='ltr'><strong>Vincentii,</strong></span> <span class='ocrx_word' id='word_1_803' title='bbox 3354 4705 3438 4756; x_wconf 82' lang='lat' dir='ltr'><strong>vel</strong></span> 
     </span>
    </p>
   </div>
   <div class='ocr_carea' id='block_1_109' title="bbox 1863 4790 3437 4870">
    <p class='ocr_par' dir='ltr' id='par_1_109' title="bbox 1863 4790 3437 4870">
     <span class='ocr_line' id='line_1_109' title="bbox 1863 4790 3437 4870; baseline -0.006 -16"><span class='ocrx_word' id='word_1_804' title='bbox 1863 4800 2005 4854; x_wconf 91' lang='lat' dir='ltr'><strong>inter</strong></span> <span class='ocrx_word' id='word_1_805' title='bbox 2033 4800 2393 4870; x_wconf 89' lang='lat' dir='ltr'><strong>cognitionem</strong></span> <span class='ocrx_word' id='word_1_806' title='bbox 2434 4813 2612 4855; x_wconf 91' lang='lat' dir='ltr'><strong>rerum</strong></span> <span class='ocrx_word' id='word_1_807' title='bbox 2647 4796 2806 4849; x_wconf 87' lang='lat' dir='ltr'><strong>Plinii</strong></span> <span class='ocrx_word' id='word_1_808' title='bbox 2834 4803 2888 4848; x_wconf 88' lang='lat' dir='ltr'><strong>et</strong></span> <span class='ocrx_word' id='word_1_809' title='bbox 2923 4790 3298 4846; x_wconf 75' lang='lat' dir='ltr'><strong>Bartholommi</strong></span> <span class='ocrx_word' id='word_1_810' title='bbox 3327 4794 3437 4845; x_wconf 79' lang='lat' dir='ltr'><strong>An-</strong></span> 
     </span>
    </p>
   </div>
   <div class='ocr_carea' id='block_1_110' title="bbox 1865 4881 3439 4960">
    <p class='ocr_par' dir='ltr' id='par_1_110' title="bbox 1865 4881 3439 4960">
     <span class='ocr_line' id='line_1_110' title="bbox 1865 4881 3439 4960; baseline -0.004 -16"><span class='ocrx_word' id='word_1_811' title='bbox 1865 4890 2014 4959; x_wconf 88' lang='lat' dir='ltr'><strong>glici,</strong></span> <span class='ocrx_word' id='word_1_812' title='bbox 2041 4899 2134 4944; x_wconf 91' lang='lat' dir='ltr'><strong>aut</strong></span> <span class='ocrx_word' id='word_1_813' title='bbox 2159 4889 2467 4960; x_wconf 81' lang='lat' dir='ltr'><strong>Hieronymi</strong></span> <span class='ocrx_word' id='word_1_814' title='bbox 2497 4898 2552 4943; x_wconf 94' lang='lat' dir='ltr'><strong>et</strong></span> <span class='ocrx_word' id='word_1_815' title='bbox 2578 4885 2815 4953; x_wconf 86' lang='lat' dir='ltr'><strong>llugonis</strong></span> <span class='ocrx_word' id='word_1_816' title='bbox 2841 4881 3136 4936; x_wconf 89' lang='lat' dir='ltr'><strong>Carrensis.</strong></span> <span class='ocrx_word' id='word_1_817' title='bbox 3164 4881 3262 4948; x_wconf 86' lang='lat' dir='ltr'><strong>Qui</strong></span> <span class='ocrx_word' id='word_1_818' title='bbox 3292 4893 3439 4952; x_wconf 59' lang='lat' dir='ltr'><strong>pote.</strong></span> 
     </span>
    </p>
   </div>
   <div class='ocr_carea' id='block_1_111' title="bbox 1870 4975 3441 5046">
    <p class='ocr_par' dir='ltr' id='par_1_111' title="bbox 1870 4975 3441 5046">
     <span class='ocr_line' id='line_1_111' title="bbox 1870 4975 3441 5046; baseline -0.002 -12"><span class='ocrx_word' id='word_1_819' title='bbox 1870 4981 1970 5045; x_wconf 91' lang='lat' dir='ltr'><strong>rit,</strong></span> <span class='ocrx_word' id='word_1_820' title='bbox 2002 4995 2124 5034; x_wconf 92' lang='lat' dir='ltr'><strong>cum</strong></span> <span class='ocrx_word' id='word_1_821' title='bbox 2154 4995 2256 5034; x_wconf 93' lang='lat' dir='ltr'><strong>nec</strong></span> <span class='ocrx_word' id='word_1_822' title='bbox 2284 4981 2472 5034; x_wconf 90' lang='lat' dir='ltr'><strong>Latine</strong></span> <span class='ocrx_word' id='word_1_823' title='bbox 2500 4977 2698 5036; x_wconf 88' lang='lat' dir='ltr'><strong>sciant,</strong></span> <span class='ocrx_word' id='word_1_824' title='bbox 2722 4990 2822 5030; x_wconf 91' lang='lat' dir='ltr'><strong>nec</strong></span> <span class='ocrx_word' id='word_1_825' title='bbox 2848 4975 2983 5030; x_wconf 92' lang='lat' dir='ltr'><strong>ullos</strong></span> <span class='ocrx_word' id='word_1_826' title='bbox 3012 4975 3181 5030; x_wconf 91' lang='lat' dir='ltr'><strong>bonos</strong></span> <span class='ocrx_word' id='word_1_827' title='bbox 3209 4992 3441 5046; x_wconf 90' lang='lat' dir='ltr'><strong>unquam</strong></span> 
     </span>
    </p>
   </div>
   <div class='ocr_carea' id='block_1_112' title="bbox 1867 5066 3442 5136">
    <p class='ocr_par' dir='ltr' id='par_1_112' title="bbox 1867 5066 3442 5136">
     <span class='ocr_line' id='line_1_112' title="bbox 1867 5066 3442 5136; baseline 0 -16"><span class='ocrx_word' id='word_1_828' title='bbox 1867 5069 2143 5136; x_wconf 86' lang='lat' dir='ltr'><strong>attigerint</strong></span> <span class='ocrx_word' id='word_1_829' title='bbox 2177 5071 2488 5136; x_wconf 90' lang='lat' dir='ltr'><strong>scriptores,</strong></span> <span class='ocrx_word' id='word_1_830' title='bbox 2529 5067 2771 5120; x_wconf 91' lang='lat' dir='ltr'><strong>innutriti</strong></span> <span class='ocrx_word' id='word_1_831' title='bbox 2810 5081 3025 5136; x_wconf 81' lang='lat' dir='ltr'><strong>semper</strong></span> <span class='ocrx_word' id='word_1_832' title='bbox 3061 5076 3114 5122; x_wconf 93' lang='lat' dir='ltr'><strong>et</strong></span> <span class='ocrx_word' id='word_1_833' title='bbox 3146 5066 3212 5121; x_wconf 91' lang='lat' dir='ltr'><strong>ad</strong></span> <span class='ocrx_word' id='word_1_834' title='bbox 3254 5068 3442 5121; x_wconf 86' lang='lat' dir='ltr'><strong>ambas</strong></span> 
     </span>
    </p>
   </div>
   <div class='ocr_carea' id='block_1_113' title="bbox 1867 5158 3442 5226">
    <p class='ocr_par' dir='ltr' id='par_1_113' title="bbox 1867 5158 3442 5226">
     <span class='ocr_line' id='line_1_113' title="bbox 1867 5158 3442 5226; baseline -0.003 -14"><span class='ocrx_word' id='word_1_835' title='bbox 1867 5174 2028 5213; x_wconf 91' lang='lat' dir='ltr'><strong>aures</strong></span> <span class='ocrx_word' id='word_1_836' title='bbox 2086 5159 2326 5212; x_wconf 84' lang='lat' dir='ltr'><strong>immersi</strong></span> <span class='ocrx_word' id='word_1_837' title='bbox 2372 5158 2718 5212; x_wconf 89' lang='lat' dir='ltr'><strong>sermonariis</strong></span> <span class='ocrx_word' id='word_1_838' title='bbox 2760 5158 2972 5224; x_wconf 88' lang='lat' dir='ltr'><strong>Parati,</strong></span> <span class='ocrx_word' id='word_1_839' title='bbox 3017 5158 3301 5226; x_wconf 89' lang='lat' dir='ltr'><strong>Discipuli,</strong></span> <span class='ocrx_word' id='word_1_840' title='bbox 3352 5167 3442 5209; x_wconf 87' lang='lat' dir='ltr'><strong>aut</strong></span> 
     </span>
    </p>
   </div>
   <div class='ocr_carea' id='block_1_114' title="bbox 1868 5247 3439 5318">
    <p class='ocr_par' dir='ltr' id='par_1_114' title="bbox 1868 5247 3439 5318">
     <span class='ocr_line' id='line_1_114' title="bbox 1868 5247 3439 5318; baseline -0.003 -16"><span class='ocrx_word' id='word_1_841' title='bbox 1868 5249 2285 5303; x_wconf 80' lang='lat' dir='ltr'><strong>Dormisecurc?</strong></span> <span class='ocrx_word' id='word_1_842' title='bbox 2329 5249 2440 5317; x_wconf 86' lang='lat' dir='ltr'><strong>Ego</strong></span> <span class='ocrx_word' id='word_1_843' title='bbox 2472 5263 2598 5302; x_wconf 87' lang='lat' dir='ltr'><strong>vero</strong></span> <span class='ocrx_word' id='word_1_844' title='bbox 2623 5249 2667 5302; x_wconf 89' lang='lat' dir='ltr'><strong>si</strong></span> <span class='ocrx_word' id='word_1_845' title='bbox 2699 5249 2838 5318; x_wconf 89' lang='lat' dir='ltr'><strong>apud</strong></span> <span class='ocrx_word' id='word_1_846' title='bbox 2879 5249 3000 5303; x_wconf 91' lang='lat' dir='ltr'><strong>illos</strong></span> <span class='ocrx_word' id='word_1_847' title='bbox 3029 5264 3132 5302; x_wconf 92' lang='lat' dir='ltr'><strong>non</strong></span> <span class='ocrx_word' id='word_1_848' title='bbox 3163 5263 3278 5301; x_wconf 89' lang='lat' dir='ltr'><strong>mea</strong></span> <span class='ocrx_word' id='word_1_849' title='bbox 3299 5287 3314 5310; x_wconf 96' lang='lat'><strong>,</strong></span> <span class='ocrx_word' id='word_1_850' title='bbox 3345 5247 3439 5300; x_wconf 84' lang='lat' dir='ltr'><strong>sed</strong></span> 
     </span>
    </p>
   </div>
   <div class='ocr_carea' id='block_1_115' title="bbox 1865 5334 3440 5407">
    <p class='ocr_par' dir='ltr' id='par_1_115' title="bbox 1865 5334 3440 5407">
     <span class='ocr_line' id='line_1_115' title="bbox 1865 5334 3440 5407; baseline -0.003 -15"><span class='ocrx_word' id='word_1_851' title='bbox 1865 5354 2049 5392; x_wconf 88' lang='lat' dir='ltr'><strong>eorum</strong></span> <span class='ocrx_word' id='word_1_852' title='bbox 2091 5337 2242 5404; x_wconf 90' lang='lat' dir='ltr'><strong>culpa</strong></span> <span class='ocrx_word' id='word_1_853' title='bbox 2276 5353 2379 5394; x_wconf 91' lang='lat' dir='ltr'><strong>non</strong></span> <span class='ocrx_word' id='word_1_854' title='bbox 2412 5337 2718 5406; x_wconf 87' lang='lat' dir='ltr'><strong>profecere,</strong></span> <span class='ocrx_word' id='word_1_855' title='bbox 2752 5339 3026 5407; x_wconf 85' lang='lat' dir='ltr'><strong>proficiam</strong></span> <span class='ocrx_word' id='word_1_856' title='bbox 3055 5335 3192 5404; x_wconf 92' lang='lat' dir='ltr'><strong>apud</strong></span> <span class='ocrx_word' id='word_1_857' title='bbox 3223 5334 3357 5387; x_wconf 87' lang='lat' dir='ltr'><strong>alios</strong></span> <span class='ocrx_word' id='word_1_858' title='bbox 3386 5344 3440 5388; x_wconf 86' lang='lat' dir='ltr'><strong>et</strong></span> 
     </span>
    </p>
   </div>
   <div class='ocr_carea' id='block_1_116' title="bbox 1867 5423 3438 5496">
    <p class='ocr_par' dir='ltr' id='par_1_116' title="bbox 1867 5423 3438 5496">
     <span class='ocr_line' id='line_1_116' title="bbox 1867 5423 3438 5496; baseline -0.003 -15"><span class='ocrx_word' id='word_1_859' title='bbox 1867 5429 2083 5496; x_wconf 78' lang='lat' dir='ltr'><strong>ingenio</strong></span> <span class='ocrx_word' id='word_1_860' title='bbox 2122 5429 2359 5495; x_wconf 84' lang='lat' dir='ltr'><strong>saniore,</strong></span> <span class='ocrx_word' id='word_1_861' title='bbox 2391 5438 2444 5482; x_wconf 90' lang='lat' dir='ltr'><strong>et</strong></span> <span class='ocrx_word' id='word_1_862' title='bbox 2485 5427 2788 5482; x_wconf 86' lang='lat' dir='ltr'><strong>eruditione</strong></span> <span class='ocrx_word' id='word_1_863' title='bbox 2818 5429 3037 5482; x_wconf 92' lang='lat' dir='ltr'><strong>meliore</strong></span> <span class='ocrx_word' id='word_1_864' title='bbox 3071 5443 3083 5476; x_wconf 91' lang='lat'><strong>:</strong></span> <span class='ocrx_word' id='word_1_865' title='bbox 3125 5423 3307 5491; x_wconf 85' lang='lat' dir='ltr'><strong>quales</strong></span> <span class='ocrx_word' id='word_1_866' title='bbox 3347 5423 3438 5476; x_wconf 55' lang='lat' dir='ltr'><strong>ha.</strong></span> 
     </span>
    </p>
   </div>
   <div class='ocr_carea' id='block_1_117' title="bbox 1868 5513 3437 5586">
    <p class='ocr_par' dir='ltr' id='par_1_117' title="bbox 1868 5513 3437 5586">
     <span class='ocr_line' id='line_1_117' title="bbox 1868 5513 3437 5586; baseline -0.002 -15"><span class='ocrx_word' id='word_1_867' title='bbox 1868 5518 1995 5571; x_wconf 88' lang='lat' dir='ltr'><strong>bent</strong></span> <span class='ocrx_word' id='word_1_868' title='bbox 2019 5518 2072 5570; x_wconf 92' lang='lat' dir='ltr'><strong>in</strong></span> <span class='ocrx_word' id='word_1_869' title='bbox 2097 5517 2285 5572; x_wconf 83' lang='lat' dir='ltr'><strong>ordine</strong></span> <span class='ocrx_word' id='word_1_870' title='bbox 2311 5534 2406 5572; x_wconf 92' lang='lat' dir='ltr'><strong>suo</strong></span> <span class='ocrx_word' id='word_1_871' title='bbox 2429 5518 2683 5586; x_wconf 85' lang='lat' dir='ltr'><strong>quosdam</strong></span> <span class='ocrx_word' id='word_1_872' title='bbox 2715 5518 2875 5570; x_wconf 87' lang='lat' dir='ltr'><strong>etiam</strong></span> <span class='ocrx_word' id='word_1_873' title='bbox 2905 5515 3034 5568; x_wconf 86' lang='lat' dir='ltr'><strong>mihi</strong></span> <span class='ocrx_word' id='word_1_874' title='bbox 3058 5513 3437 5578; x_wconf 83' lang='lat' dir='ltr'><strong>amicissimos,</strong></span> 
     </span>
    </p>
   </div>
   <div class='ocr_carea' id='block_1_118' title="bbox 1867 5607 3433 5675">
    <p class='ocr_par' dir='ltr' id='par_1_118' title="bbox 1867 5607 3433 5675">
     <span class='ocr_line' id='line_1_118' title="bbox 1867 5607 3433 5675; baseline -0.004 -16"><span class='ocrx_word' id='word_1_875' title='bbox 1867 5609 1954 5675; x_wconf 77' lang='lat' dir='ltr'><strong>qui</strong></span> <span class='ocrx_word' id='word_1_876' title='bbox 1999 5607 2258 5662; x_wconf 82' lang='lat' dir='ltr'><strong>beneﬁcio</strong></span> <span class='ocrx_word' id='word_1_877' title='bbox 2299 5610 2580 5663; x_wconf 88' lang='lat' dir='ltr'><strong>meliorum</strong></span> <span class='ocrx_word' id='word_1_878' title='bbox 2623 5609 2919 5660; x_wconf 88' lang='lat' dir='ltr'><strong>litterarum</strong></span> <span class='ocrx_word' id='word_1_879' title='bbox 2964 5618 3300 5658; x_wconf 89' lang='lat' dir='ltr'><strong>communem</strong></span> <span class='ocrx_word' id='word_1_880' title='bbox 3345 5622 3433 5671; x_wconf 82' lang='lat' dir='ltr'><strong>po.</strong></span> 
     </span>
    </p>
   </div>
   <div class='ocr_carea' id='block_1_119' title="bbox 1869 5693 3433 5768">
    <p class='ocr_par' dir='ltr' id='par_1_119' title="bbox 1869 5693 3433 5768">
     <span class='ocr_line' id='line_1_119' title="bbox 1869 5693 3433 5768; baseline -0.005 -14"><span class='ocrx_word' id='word_1_881' title='bbox 1869 5699 2134 5768; x_wconf 86' lang='lat' dir='ltr'><strong>pularium</strong></span> <span class='ocrx_word' id='word_1_882' title='bbox 2174 5713 2392 5758; x_wconf 87' lang='lat' dir='ltr'><strong>suorum</strong></span> <span class='ocrx_word' id='word_1_883' title='bbox 2434 5710 2481 5753; x_wconf 88' lang='lat' dir='ltr'><strong>et</strong></span> <span class='ocrx_word' id='word_1_884' title='bbox 2525 5705 2813 5768; x_wconf 85' lang='lat' dir='ltr'><strong>agnoscunt</strong></span> <span class='ocrx_word' id='word_1_885' title='bbox 2858 5709 3116 5762; x_wconf 79' lang='lat' dir='ltr'><strong>errorem,</strong></span> <span class='ocrx_word' id='word_1_886' title='bbox 3150 5703 3204 5749; x_wconf 90' lang='lat' dir='ltr'><strong>et</strong></span> <span class='ocrx_word' id='word_1_887' title='bbox 3234 5693 3433 5761; x_wconf 75' lang='lat' dir='ltr'><strong>delent,</strong></span> 
     </span>
    </p>
   </div>
  </div>
