3900 6324
395 333 501 389 ΗἹ

1273 336 1818 395 scrrLEttENtun
1860 332 1951 388 Al)
1989 332 2213 389 OPERA
2255 334 2309 390 s.
2352 322 2737 391 AUGUSTIXI.

3554 335 3671 392 ιιδ

396 457 469 511 et,
496 456 754 516 quatenus
777 448 920 513 licet,
948 450 1132 503 vitant.
1164 450 1371 503 Faciam
1400 450 1561 518 igitur
1590 449 1808 509 invitus,
1834 443 1973 515 quod
2006 446 2057 503 Α
2082 445 2223 507 dam,
2250 446 2397 499 velut
2423 448 2682 514 exempla.
2717 446 2895 499 Primo
2920 446 3077 507 libro,
3104 454 3274 513 capue
3300 446 3507 515 quinto,
3535 462 3669 503 cum

394 552 423 587 a
459 537 719 603 principio
760 553 864 590 non
896 549 1209 603 statueram,
1244 552 1299 592 ut
1329 541 1573 593 homines
1603 540 1708 592 vita
1740 538 1987 614 functos,

393 637 447 680 et
476 637 621 679 extra
664 628 919 682 invidiam
962 646 1173 683 omnem
1212 631 1319 698 jam
1358 631 1587 698 positos,
1620 631 1670 683 in
1711 628 1970 695 judicium

395 732 779 785 censuramque
807 731 1050 772 revocem
1078 736 1089 769 :
1123 721 1415 786 prmsertitn
1446 734 1566 772 cum
1600 718 1674 771 illi
1702 718 1967 779 homines,

393 818 648 873 quantum
683 822 801 860 mea
832 807 938 861 fert
970 810 1175 876 opinio,
1207 809 1380 877 probi,
1412 806 1550 878 quod
1583 819 1805 878 potuere
1837 825 1973 876 prce»

392 901 580 949 stiteri.
607 908 628 950 t
658 916 669 949 :
706 900 919 952 tametsi
962 903 1061 953 hoc
1094 901 1396 967 imperitum
1427 910 1585 970 atque
1618 902 1881 969 ineptum,
1916 910 1971 955 ut

354 1057 359 1063 _
402 987 512 1043 fere
537 992 627 1045 illo
648 1002 797 1045 erant
820 994 1036 1048 smeulo.
1062 993 1381 1047 Protitentur
1404 1008 1529 1061 ergo
1558 1008 1616 1047 se
1642 996 1692 1048 in
1717 994 1817 1048 hoc
1837 1008 1970 1061 Opus

389 1083 628 1136 scribere
645 1083 877 1136 Thomas
893 1083 1090 1147 Valuis,
1111 1096 1162 1139 et
1186 1084 1432 1139 Nicotaus
1446 1086 1648 1149 Trivet,
1672 1095 1721 1140 et
1742 1076 1985 1139 Jacohus'

394 1170 459 1227 de
485 1176 793 1230 Passavant.
827 1176 891 1229 Et
921 1178 1175 1232 veritates
1201 1178 1405 1245 colligit
1430 1177 1747 1231 Franciscus
1771 1180 1837 1231 de
1862 1178 1970 1230 Ma-

394 1268 539 1321 roais
571 1268 848 1333 Miuorita,
891 1284 954 1322 ne
999 1270 1175 1322 solum
1220 1286 1437 1339 regnum
1466 1268 1849 1323 Prmdicatores
1892 1277 1970 1323 te-

387 1372 566 1413 neant.
592 1362 823 1414 Primum
843 1362 1074 1415 Thomas
1092 1363 1269 1416 Valois
1290 1364 1577 1417 arbitratus
1599 1364 1761 1419 credo
1784 1354 1983 1433 ingens

399 1462 517 1501 esse
556 1466 717 1517 opus,
750 1460 803 1504 et
830 1453 985 1505 unius
1011 1453 1210 1506 viribus
1240 1454 1440 1521 majus,
1473 1471 1578 1508 nan
1614 1456 1789 1508 omnia
1822 1455 1967 1509 solus

406 1546 482 1589 2st
520 1538 669 1591 obire
701 1554 887 1603 ausus,
920 1541 1013 1595 sed
1058 1543 1259 1595 socium
1300 1560 1326 1596 s
1350 1544 1399 1596 bi
1449 1546 1696 1612 sumpsit,
1728 1558 1792 1598 ac
1823 1546 1979 1599 velut

395 1628 781 1683 s'nccedanetnn
829 1630 1063 1684 sodalem
1101 1647 1254 1686 suum
1286 1633 1559 1687 Nicolaum
1588 1634 1806 1701 Trivet,
1859 1643 1964 1688 tam

392 1718 620 1771 similem
666 1716 769 1772 sibi
809 1735 965 1789 quam
1013 1737 1171 1775 ovum
1222 1738 1359 1787 ovo;
1410 1724 1493 1778 cui
1543 1726 1658 1792 ipse
1699 1724 1959 1792 lampada,

2080 536 2261 589 CtBStlr
2288 536 2424 601 apud
2457 536 2764 589 Sallustium
2800 536 2989 589 referat
3020 550 3139 604 qua:
3172 537 3378 589 soleant
3420 537 3477 591 in
3504 538 3668 594 bellis

2080 628 2213 691 fieri,
2270 631 2379 695 rapi
2424 630 2680 696 virgines,
2713 643 2907 697 pueros
2928 628 3114 682 divelli
3158 644 3190 682 a
3231 630 3515 699 complexu
3562 646 3669 697 pa-

2078 729 2322 782 rentum;
2356 720 2515 772 etiam
2541 727 2934 773 commentator
2962 720 3074 773 hec
3096 720 3203 788 jam
3229 734 3350 774 esse
3377 737 3406 773 a
3426 720 3669 775 Catilina

2075 810 2246 873 facta,
2303 811 2571 865 Ccesarem
2627 811 2932 879 signiﬁcare
2978 812 3106 866 dicit
3164 828 3178 864 :
3238 826 3400 868 verus
3450 815 3669 869 scilicet

2072 910 2459 955 commentator
2480 902 2631 971 quasi
2657 912 3006 956 commentor.
3039 902 3172 956 Tum
3200 904 3375 970 capite
3395 905 3665 972 vigesimo

2072 990 2281 1057 quarto,
2337 990 2572 1045 Portium
2604 989 2887 1045 Latronem
2937 992 3349 1046 declamatorem
3396 992 3661 1048 Catonem

2072 1079 2237 1134 fuisse
2281 1081 2410 1135 dicit
2441 1096 2457 1133 :
2491 1081 2560 1135 ibi
2591 1082 2804 1153 egregie
2844 1082 3083 1150 disputat
3111 1099 3178 1137 an
3211 1084 3310 1137 iste
3339 1085 3407 1138 sit
3437 1086 3525 1153 qui
3557 1087 3661 1140 Ca-

2072 1174 2343 1225 tunculutn
2376 1188 2658 1241 puerorum
2698 1175 3084 1242 composuerit.
3131 1174 3196 1228 Et
3240 1174 3376 1229 libro
3414 1177 3656 1230 secundo

2070 1263 2248 1330 capite
2282 1270 2494 1331 quarto,
2538 1264 2693 1333 Atyn
2739 1263 2868 1317 dicit
2908 1263 3146 1317 oblatum
3190 1263 3348 1317 matri
3393 1263 3548 1317 deum
3592 1266 3663 1317 iis

2070 1351 2186 1419 ejus
2216 1352 2435 1421 templo,
2468 1363 2524 1406 ut
2555 1362 2773 1407 voveret
2802 1353 3124 1406 castitatem.
3155 1352 3305 1417 Quod
3336 1354 3492 1407 credo
3516 1368 3645 1407 eum

2070 1444 2322 1499 didicisse
2361 1445 2427 1498 ab
2466 1445 2646 1515 aliquo
2676 1460 2739 1498 ex
2771 1445 2939 1499 Gallis
2975 1445 3163 1498 matris
3192 1444 3373 1498 deum.
3424 1444 3492 1498 Et
3526 1454 3665 1511 post‘

2070 1534 2284 1603 paulum
2320 1553 2331 1587 :
2362 1535 2773 1605 Symphoniaci,
2811 1535 3009 1602 inquit,
3042 1543 3163 1588 sunt
3192 1540 3443 1587 canentes
3477 1536 3650 1603 tubis,

2070 1625 2152 1678 vel
2195 1625 2301 1678 alio
2332 1626 2492 1678 modo
2532 1627 2766 1679 sonitum
2800 1638 3050 1693 magnum
3081 1622 3353 1679 facientes.
3404 1626 3479 1678 Ex
3507 1627 3651 1679 dulci

2068 1726 2325 1770 consentn
2358 1732 2576 1785 magnos
2609 1718 2731 1770 facit
2776 1730 2939 1770 sonos
2976 1724 3133 1783 atque
3164 1716 3337 1771 tubas.
3369 1716 3433 1770 Et
3466 1718 3652 1785 paucis

390 1798 528 1874 quod
569 1809 735 1874 aiunt,
781 1810 1012 1865 traderet
1062 1812 1255 1878 Γυεδυς,
1304 1816 1486 1868 nescio
1516 1830 1621 1884 quo
1664 1815 1959 1869 volumine:
1996 1806 2041 1866 Β
2071 1807 2246 1860 verbis
2276 1817 2394 1875 post
2428 1824 2440 1859 ε
2475 1807 2658 1870 Vocat,
2690 1808 2883 1875 inquit,
2918 1807 3003 1860 hic
3034 1808 3363 1875 Augustinus
3393 1809 3655 1878 sympho-

382 1914 502 1954 nam
532 1904 631 1955 etsi
662 1904 784 1971 legi,
814 1919 918 1957 nou
950 1916 1127 1959 tamen
1158 1908 1427 1962 adnotavi.
1457 1908 1637 1978 Neque
1666 1923 1794 1961 vero
1822 1906 1962 1961 aliud

381 2004 731 2059 Susceperunt
760 1995 1130 2063 explicandum
1155 2013 1311 2066 quam
1341 1998 1548 2054 fabulas
1571 2009 1661 2053 aut
1684 1999 1962 2055 historias:

380 2082 695 2149 sacrilegum
723 2084 883 2138 credo
908 2085 1009 2139 rati
1036 2100 1183 2140 sacra
1212 2096 1574 2153 contrectare;
1608 2088 1661 2142 in
1684 2102 1789 2157 quo
1817 2097 1966 2142 certe

383 2172 701 2227 modestiam
734 2174 1013 2230 hominum
1048 2191 1151 2230 non
1184 2178 1531 2232 mediocriter
1558 2178 1730 2241 laudo,
1767 2174 1987 2247 quibus

381 2263 512 2315 satis
544 2265 715 2317 visum
747 2274 829 2318 est
862 2266 1079 2332 profana
1110 2270 1499 2333 contaminare,
1533 2283 1561 2321 a
1595 2268 1761 2322 sacris
1791 2269 1961 2323 absti—

386 2363 640 2407 nuerunt.
694 2355 767 2408 Ita
799 2355 866 2409 ab
896 2358 1179 2411 undecimo
1210 2358 1275 2411 ad
1307 2359 1571 2413 decimum
1605 2369 1872 2422 octavum,
1908 2369 1961 2414 et

381 2456 409 2493 a
441 2441 652 2497 decimo
699 2459 839 2498 nono
881 2446 945 2498 ad
989 2447 1307 2515 vigesimum
1349 2448 1638 2501 secundum
1680 2449 1811 2502 nihil
1850 2451 1960 2504 fere

379 2529 728 2597 scripserunt.
772 2533 923 2598 Quod
955 2543 1257 2603 promptum
1300 2545 1382 2591 est
1424 2539 1711 2607 unicuique
1754 2540 1956 2605 videre,

379 2634 503 2673 nam
546 2620 666 2674 libri
710 2631 835 2676 sunt
874 2624 926 2678 in
972 2626 1241 2679 manibus.
1293 2630 1492 2681 Octavo
1515 2644 1667 2697 vero,
1698 2639 1751 2683 et
1795 2645 1955 2697 nono,

381 2720 434 2762 et
462 2710 675 2765 decimo
707 2712 879 2779 libris,
915 2716 1107 2784 quibus
1137 2718 1467 2787 Augustinus
1497 2719 1753 2775 adversus
1787 2722 1960 2775 Plato-

383 2802 533 2855 nicos
561 2803 817 2873 disputat,
848 2808 973 2875 quid
1014 2808 1280 2865 dixissent
1308 2812 1517 2877 miselli,
1550 2814 1637 2883 qui
1668 2829 1769 2867 non
1802 2815 1959 2868 modo

379 2892 674 2961 Platonem,
725 2908 811 2950 aut
852 2898 1183 2952 Platonicum
1234 2901 1420 2965 ullum,
1462 2903 1554 2955 sed
1604 2918 1669 2955 ne
1717 2904 1955 2955 umbrata

381 2986 599 3051 quidem
637 2988 938 3057 philosophi
980 2990 1263 3043 viderant?
1309 2991 1487 3060 itaque
1535 2993 1766 3062 nequod
1800 3003 1957 3061 agant

379 3076 536 3141 desit,
564 3079 657 3130 toti
684 3091 807 3130 sunt
833 3079 882 3130 in
907 3090 1161 3134 contextu
1190 3082 1465 3147 partiendo
1487 3097 1532 3135 et
1559 3083 1951 3137 distrilutcndo.

2069 1896 2252 1949 niacos
2279 1898 2364 1965 qui
2395 1896 2447 1949 in
2474 1898 2727 1952 honorem
2752 1898 2868 1951 dere
2896 1897 3170 1951 Pudicitia
3198 1897 3440 1965 quaedam
3470 1899 3651 1964 turpia

2064 1986 2331 2042 faciebant
2362 2004 2375 2040 :
2410 2001 2513 2042 non
2552 1987 2745 2042 melius
2775 1988 2997 2042 dixisset
3021 1989 3065 2039 si
3100 1988 3186 2040 illa
3212 1996 3369 2041 aetate
3397 1987 3647 2051 vixisset;

2063 2087 2117 2132 et
2157 2079 2343 2147 paucis
2382 2079 2936 2145 interiectisverbis,
2984 2077 3253 2133 Palladem
3298 2078 3427 2133 dicit
3478 2080 3659 2135 lavari:

2062 2184 2181 2222 cum
2212 2180 2383 2224 matre
2405 2169 2563 2224 deum
2594 2169 2645 2222 in
2673 2169 2898 2223 Almone
2924 2184 3099 2224 amne.
3125 2169 3327 2224 Credas
3349 2169 3649 2225 Varronem

2065 2258 2165 2311 hoc
2204 2258 2385 2312 dicere
2434 2276 2448 2310 :
2499 2268 2703 2311 tantum
2751 2261 3003 2327 quoniam
3044 2259 3373 2329 Augusdnus
3423 2262 3649 2329 virginis

2061 2350 2294 2403 caelestis
2335 2350 2441 2404 illic
2470 2352 2736 2417 meminit,
2763 2366 2861 2406 ceu
2894 2367 2994 2406 non
3040 2363 3183 2406 esset
3228 2352 3329 2406 alia
3360 2353 3457 2407 dea
3491 2358 3643 2421 virgo

2061 2453 2216 2505 quam
2252 2438 2442 2493 Pallas.
2493 2440 2555 2493 Et
2600 2458 2768 2495 mox:
2807 2442 2945 2505 Fuit,
2991 2442 3180 2511 inquit,
3219 2458 3377 2497 scena
3425 2446 3645 2511 prppria

2060 2528 2377 2581 domuncula
2408 2529 2458 2582 iu
2485 2530 2659 2583 medio
2688 2531 2908 2597 theatri,
2936 2534 3119 2599 quales
3149 2541 3275 2585 sunt
3299 2533 3665 2586 domuncula

2061 2619 2481 2673 tahernariorum
2506 2621 2586 2674 vel
2609 2631 2963 2675 mercatorum
2985 2622 3037 2673 in
3062 2623 3646 2687 nundinis,secundum

2064 2706 2462 2774 lluguitiunem.
2501 2710 2543 2762 Ο
2571 2711 2784 2763 miserm
2816 2712 2998 2765 Scauri
3030 2719 3085 2764 et
3112 2712 3375 2779 Curionis,
3409 2724 3459 2766 et
3486 2713 3669 2767 P0lll<‘

2064 2797 2166 2863 peii
2215 2812 2389 2851 scenas
2430 2799 2734 2865 latissimae,
2782 2809 2834 2853 et
2878 2814 3006 2854 auro
3051 2802 3377 2870 argentoque
3414 2813 3643 2869 ornat»,

2061 2886 2329 2950 quomodo
2370 2888 2436 2939 ad
2480 2887 2831 2942 dotnunculas
2878 2899 3231 2944 mercatorum
3282 2891 3336 2944 in
3385 2893 3647 2945 nundinis

2061 2974 2370 3030 recidisds?
2412 2976 2515 3032 Sed
2548 2977 2649 3032 hoc
2689 2979 3043 3035 tolerabilius.
3078 2981 3141 3034 Et
3167 2981 3315 3035 addit
3347 3000 3359 3035 :
3392 2983 3445 3036 ln
3476 2997 3653 3038 scena

2064 3066 2296 3134 pulpitus
2326 3076 2469 3133 erat,
2503 3084 2659 3137 quem
2692 3071 3051 3127 ascendebant
3082 3073 3157 3127 illi
3189 3075 3279 3143 qui
3319 3074 3523 3129 fabulas
3552 3091 3643 3131 re-

378 3166 473 3218 llic
518 3170 842 3236 Augustinus
874 3176 1063 3223 tractat
1106 3171 1173 3224 de
1198 3172 1316 3235 hoc,
1342 3182 1429 3225 aut
1458 3173 1572 3240 illo,
1598 3184 1649 3227 et
1675 3175 1797 3229 facit
1824 3176 1949 3229 duo.

2063 3160 2323 3225 citabant;
2355 3169 2410 3216 et
2448 3172 2577 3231 quot
2604 3173 2757 3217 erant
2796 3166 3064 3229 carmina,
3093 3173 3173 3220 tot
3196 3167 3513 3235 reputabant
3541 3183 3643 3237 ap-

379 3255 616 3308 I’rimum
656 3265 758 3322 est;
809 3258 949 3326 quod
987 3261 1234 3328 reprobat
1278 3261 1573 3327 Platonem,
1620 3264 1725 3329 ibi;
1766 3280 1953 3320 seettn-

378 3345 523 3411 dum,
552 3346 691 3414 quod
720 3348 853 3402 dicit
879 3348 979 3403 hoc
1006 3357 1097 3403 aut
1128 3350 1279 3414 illud,
1314 3352 1385 3405 ibi
1415 3360 1469 3405 et
1497 3351 1644 3407 dicit.
1672 3353 1803 3406 Tum
1835 3371 1953 3424 qum.

378 3437 704 3503 Augustinus
733 3453 864 3507 pure
903 3453 967 3494 ac
997 3440 1183 3495 Latine
1212 3441 1445 3509 dixerat,
1494 3444 1595 3512 ipsi
1645 3453 1699 3498 ut
1742 3444 1953 3501 chartas

378 3526 654 3595 impleant,
697 3528 761 3582 ad
804 3544 957 3584 suum
1005 3545 1217 3587 caenum
1260 3546 1517 3602 suamque
1564 3535 1951 3590 obscenitath

381 3618 616 3683 trahunt,
647 3635 745 3675 ecu
772 3637 875 3675 non
908 3622 1065 3678 aliter
1093 3625 1320 3692 posteris
1352 3624 1721 3680 intellecturis.
1756 3626 1869 3680 Jatn
1900 3628 1951 3681 in

378 3709 613 3779 quinque
643 3711 823 3780 libris,
857 3722 910 3768 et
939 3723 1086 3783 parte
1117 3715 1311 3770 decimi
1343 3718 1516 3771 octavi
1563 3716 1753 3771 fabula:
1792 3729 1844 3772 et
1874 3719 1955 3772 bi-

377 3802 553 3854 storie
595 3811 906 3857 tractantur.
959 3806 1056 3858 ilic
1089 3815 1271 3873 putant
1302 3822 1360 3860 se
1390 3821 1508 3860 esse
1545 3806 1596 3859 in
1628 3822 1719 3861 sua
1765 3824 1948 3875 arena,

376 3898 429 3943 et
457 3900 713 3959 vagantur
744 3892 1051 3962 jactantque
1082 3910 1138 3949 se
1169 3906 1221 3949 ut
1255 3911 1455 3965 equus,
1487 3896 1624 3965 quod
1657 3898 1866 3964 dicitur,
1902 3900 1953 3953 in

378 3997 587 4049 campo.
620 3984 675 4036 In
707 3985 896 4052 quibus
927 3987 1116 4041 omitto
1144 3991 1412 4044 sermonis
1441 3990 1624 4044 sordes
1655 4006 1715 4045 ac
1742 3994 1952 4062 spurci-

378 4072 537 4134 liattt,
572 4072 846 4141 fatuasque
876 4084 928 4128 et
960 4076 1183 4133 insulsas
1215 4082 1548 4135 narrationes
1582 4096 1745 4151 :quas
1776 4093 1952 4140 tamen

383 4158 481 4225 ipsi
510 4161 771 4216 interdum
801 4179 863 4218 ex
891 4164 1281 4222 facundissimis
1309 4169 1656 4225 desumebant
1685 4172 1954 4241 scriptori-

377 4249 505 4315 bus;
550 4266 683 4335 guas
724 4255 900 4309 nullus
938 4258 1006 4311 sit
1047 4268 1150 4311 tam
1196 4260 1476 4329 impatiens
1506 4264 1832 4329 stomachus,
1863 4266 1953 4335 qni

384 4354 539 4395 unam
571 4359 634 4397 ex
664 4345 739 4399 eis
766 4354 857 4399 aut
882 4348 1101 4403 alteram
1132 4353 1299 4419 possit
1327 4352 1609 4422 devorare,
1636 4355 1735 4409 nisi
1762 4356 1955 4427 quibus

378 4433 516 4487 forte
546 4435 773 4489 salubria
806 4445 930 4491 sunt
968 4440 1144 4492 noxia.
1195 4441 1298 4495 Sed
1338 4442 1402 4497 ad
1434 4459 1522 4499 res
1552 4446 1695 4514 ipsas
1722 4450 1950 4502 veniam.

2060 3254 2303 3320 posuisse
2342 3251 2561 3308 fercula.
2609 3254 2732 3309 Ilaec
2776 3265 2858 3308 est
2895 3257 3231 3325 argutissima
3265 3257 3645 3324 interpretatio

2058 3342 2265 3398 ferculi.
2299 3342 2481 3413 Pergit
2509 3359 2637 3399 vero
2669 3364 2681 3397 :
2712 3346 2851 3400 Infra
2882 3349 3041 3402 etiam
3076 3347 3308 3403 latebant
3339 3348 3519 3401 larvati
3552 3349 3642 3404 hi-

2056 3435 2311 3498 striones,
2342 3443 2395 3489 et
2421 3436 2590 3498 mimi,
2622 3436 2709 3504 qui
2740 3437 2918 3492 subito
2946 3446 3203 3492 exeuntes
3232 3452 3411 3493 coram
3442 3442 3640 3508 poputo

2059 3523 2292 3578 motibus
2320 3524 2562 3594 corporis
2588 3536 2973 3595 expresserunt
3005 3527 3277 3596 historias,
3307 3544 3398 3582 seu
3431 3528 3673 3583 fabufas-

2058 3614 2338 3678 rreitatas;
2384 3623 2439 3668 et
2486 3615 2572 3670 isti
2603 3619 2815 3687 proprie
2862 3616 3078 3673 fuerunt
3120 3620 3368 3689 appellati
3409 3622 3640 3676 scenici.

2059 3704 2226 3759 Scena
2295 3704 2453 3758 etiam
2521 3709 2839 3777 quandoque
2907 3708 3119 3776 ponitur
3190 3724 3287 3777 pro
3354 3711 3471 3779 ipso
3519 3715 3638 3766 tota

2058 3794 2302 3860 theatro,
2360 3796 2680 3866 quandoque
2740 3813 2840 3866 pro
2893 3798 3107 3869 fabula,
3168 3802 3484 3871 quandoque
3535 3817 3640 3870 pro

2057 3884 2369 3939 recitatione
2438 3885 2646 3941 fabulm.
2723 3887 2848 3943 llaec
2902 3891 3080 3944 omnia
3127 3892 3248 3960 quis
3305 3902 3461 3962 neget
3513 3908 3640 3948 esse

2055 3977 2423 4043 admirabilia,
2462 3993 2584 4033 cum
2637 3988 2795 4035 antea
2850 3981 3029 4036 nullus
3083 3998 3311 4052 unquam
3364 3983 3647 4039 audierit?

2056 4069 2183 4135 Quis
2210 4084 2440 4139 unquam
2470 4072 2549 4125 vel
2571 4073 2837 4127 theatrum
2858 4072 2990 4126 dixit
3012 4088 3247 4140 scenam,
3267 4075 3351 4130 vel
3378 4074 3636 4143 fabulam,

2058 4158 2138 4211 vel
2188 4159 2377 4214 fabula:
2411 4159 2817 4215 recitationem?
2862 4160 2997 4216 Tum
3042 4162 3191 4216 addit
3216 4162 3485 4219 Valerium
3524 4165 3639 4220 Ma-

2058 4248 2256 4301 ximum
2287 4250 2488 4313 dicere,
2520 4259 2807 4318 antequam
2840 4264 3016 4320 imago
3055 4253 3241 4306 matris
3264 4254 3422 4308 deum
3463 4264 3640 4308 trans-

2057 4340 2161 4393 lata
2212 4349 2353 4394 esset
2417 4355 2483 4395 ex
2536 4340 2896 4406 Pessinunte,
2965 4342 3317 4411 imperatores
3368 4345 3640 4399 ltomanos

2060 4444 2201 4498 saepe
2254 4431 2322 4484 ad
2374 4430 2746 4486 Pessinuntem
2786 4430 3000 4495 ivisse,
3057 4443 3114 4486 ut
3165 4442 3287 4488 vota
3342 4433 3637 4488 solverent.

379 4522 513 4578 Sunt
551 4534 696 4579 certe
735 4528 1101 4581 commentarii
1133 4529 1289 4585 utiles
1328 4531 1393 4586 iis
1422 4535 1512 4603 qui
1544 4532 1671 4590 nihil
1701 4552 1827 4592 vere
1864 4553 1951 4592 re-

2064 4521 2163 4576 Ubi
2195 4520 2298 4577 hoe
2327 4537 2559 4591 unquam
2599 4523 2884 4577 somniavit
2916 4522 3199 4578 Valerius?
3233 4525 3306 4580 la
3354 4542 3459 4581 non
3501 4529 3641 4584 satis

376 4625 569 4684 cteque
608 4618 745 4674 scire
793 4618 976 4673 volunt
1010 4637 1023 4670 :
1056 4622 1230 4690 qualia
1281 4634 1404 4679 sunt
1453 4627 1663 4695 ingenia
1710 4630 1949 4696 qumdam

376 4714 495 4775 quae
526 4722 590 4762 ne
621 4708 899 4763 historiam
928 4708 1141 4778 quidem
1172 4710 1360 4767 audire
1388 4714 1615 4781 possint,
1643 4730 1768 4770 vere
1796 4725 1847 4772 et
1874 4720 1951 4771 uti

375 4802 523 4866 gesta
572 4814 657 4854 res
683 4808 794 4865 est,
840 4810 1140 4865 narratam;
1186 4802 1335 4856 nefas
1378 4804 1540 4858 credo
1587 4804 1950 4864 existimantes

376 4889 577 4955 aliquid
624 4905 902 4948 remanere
956 4894 1153 4950 sinceri
1202 4909 1265 4950 ac
1309 4895 1620 4965 incorrupti.
1675 4896 1954 4956 Falluntur

375 4980 542 5047 igitur
568 4980 788 5034 infinitis
816 4985 969 5052 locis,
996 4996 1051 5041 et
1081 4989 1283 5052 fallunt,
1312 4989 1355 5044 si
1383 4990 1505 5059 quis
1528 4998 1808 5060 sequatur;
1843 5003 1953 5047 tum

375 5078 596 5141 propter
632 5073 906 5129 confusam
956 5078 1321 5151 incertamque
1361 5097 1545 5137 eorum
1588 5097 1705 5152 qua:
1746 5085 1953 5140 scribe-

380 5162 509 5215 bant
549 5162 823 5229 notitiam,
872 5174 981 5219 tum
1024 5171 1181 5224 etiam
1231 5172 1372 5241 quod
1425 5173 1753 5242 ignoratione
1779 5174 1952 5229 Latini

371 5257 641 5310 sermonis
680 5253 733 5308 in
766 5256 899 5323 ipsis
929 5257 1089 5314 rebus
1124 5262 1321 5329 passim
1364 5264 1695 5320 labebantur.
1730 5266 1808 5322 Ad
1840 5267 1954 5321 haec

372 5346 601 5402 atl'erunt
641 5346 1010 5401 commentitia
1054 5349 1320 5420 pleraque,
1358 5362 1412 5408 et
1450 5370 1719 5421 nunquam
1756 5354 1826 5410 ab
1855 5371 1952 5411 au—

374 5442 612 5495 ctoribos
639 5441 721 5495 vel
753 5439 1017 5494 somniata
1050 5457 1060 5492 :
1094 5442 1281 5509 partim
1311 5458 1373 5498 ex
1402 5445 1568 5512 gestis
1591 5445 1950 5501 Romanorum

375 5532 728 5595 ntoralizatis,
764 5532 955 5602 partim
986 5547 1107 5600 qua:
1140 5531 1299 5587 fando
1332 5535 1535 5588 narrari
1567 5535 1843 5590 audierant
1874 5538 1954 5590 in-

379 5632 457 5674 ter
499 5626 909 5689 compotandum
954 5625 1004 5678 in
1039 5625 1288 5695 hospitali
1323 5628 1603 5682 caenaculo
1634 5628 1949 5683 sodalitatis.

376 5710 634 5778 (lolligtttn
668 5726 784 5778 qua:
817 5715 980 5781 prima
1013 5728 1169 5774 erunt
1207 5719 1270 5773 ad
1304 5727 1517 5773 manum
1550 5720 1768 5788 paucula
1811 5735 1953 5788 qua:-

2062 4623 2146 4669 est
2198 4624 2250 4669 te
2300 4614 2529 4681 fingere,
2587 4615 2690 4668 nisi
2739 4624 2793 4669 et
2864 4616 2981 4670 aliis
3030 4618 3303 4673 mendacia
3368 4620 3633 4688 assignrs.

2060 4706 2251 4761 Narrat
2273 4706 2487 4774 quidem
2510 4706 2669 4761 ivisse
2690 4706 2815 4762 illuc
2830 4706 3101 4763 Romanos
3122 4710 3472 4777 imperatores
3496 4709 3639 4764 libro

2061 4798 2254 4867 primo,
2286 4796 2380 4852 sed
2434 4813 2536 4851 non
2565 4807 2687 4852 ante
2714 4807 2939 4853 matrem
2978 4798 3137 4854 deum
3168 4799 3496 4866 translatam,
3525 4814 3637 4868 quo

2059 4900 2301 4956 tempore
2341 4890 2517 4944 nullus
2557 4904 2793 4959 unquam
2824 4888 3096 4944 Romanus
3124 4905 3188 4945 eo
3216 4898 3298 4946 est
3344 4891 3634 4960 profectus.

2054 4978 2253 5047 Adjicit
2278 4979 2553 5036 Pantheon
2582 4981 2837 5048 templum
2860 4995 2889 5032 a
2913 4979 3219 5035 Domitiano
3243 4996 3450 5051 magnae
3476 4984 3635 5038 matri

2055 5068 2217 5123 deum
2242 5078 2572 5125 exstructum
2614 5069 2799 5131 fuisse,
2835 5083 2957 5123 cum
3007 5070 3281 5125 Pantheon
3310 5071 3634 5127 exstruxerit

2056 5173 2181 5218 ante
2209 5162 2565 5218 Domitianum
2590 5161 2821 5230 Agrippa
2844 5160 2962 5217 Jovi
3000 5161 3223 5228 Victori,
3254 5163 3449 5219 deinde
3474 5171 3637 5219 eazte-

2059 5252 2131 5305 ris
2168 5252 2287 5305 diis.
2326 5252 2391 5305 Et
2422 5250 2535 5305 htec
2556 5251 2732 5304 omnia
2779 5252 2831 5304 in
2872 5250 3060 5306 eodem
3091 5266 3215 5307 vere
3248 5267 3413 5308 aureo
3454 5263 3507 5309 et
3543 5269 3644 5308 co-

2059 5344 2210 5412 pioso
2233 5341 2468 5410 capitulo
2505 5342 2538 5396 4
2562 5340 2681 5395 libri
2713 5357 2768 5405 n,
2810 5340 2951 5408 quod
2985 5340 3105 5395 licet
3132 5355 3299 5396 cornu
3344 5344 3515 5412 capia:
3540 5359 3642 5413 ap-

2059 5435 2245 5503 pelles.
2271 5435 2326 5488 ln
2346 5442 2496 5487 sexto
2519 5447 2645 5488 vero
2670 5433 2845 5501 capite
2865 5431 3111 5487 versiculi
3134 5442 3257 5487 sunt
3284 5433 3475 5504 Persii,
3499 5450 3645 5505 quos

2059 5534 2171 5592 ipse
2204 5525 2541 5579 testivissimc
2571 5524 2797 5593 explicat
2824 5541 2837 5578 :

2183 5607 2393 5662 Discite,
2419 5617 2447 5653 ο
2468 5606 2652 5663 miseri,
2675 5612 2725 5653 et
2747 5618 2915 5655 causas
2929 5619 3205 5667 cognoscite
3229 5618 3413 5666 rerum,

2181 5669 2307 5787 8am
2328 5678 2511 5776 SIUIHUS‘),
2539 5672 2589 5723 et
2607 5667 2839 5728 quidnam
2865 5670 3037 5719 victuri
3058 5672 3322 5732 gignimur,
3350 5671 3467 5719 crdo

2227 5732 2300 5779 uis
2326 5744 2341 5775 ι
2360 5736 2461 5775 atus
3350 5756 3355 5759 ι

2227 5732 2300 5779 uis
2326 5732 2498 5776 datus?
3350 5756 3355 5759 ι
