3900 6310
164 320 281 376 διε)
878 312 1224 369 v..moatnt
1261 309 1855 368 EXERCITATIONES
1896 311 1964 367 IN
2001 315 2058 369 s.
2103 313 2467 371 AUGUSTIM
2506 309 2759 379 ortam.
3356 339 3458 396 450

163 431 288 497 sic,
340 427 545 497 inquit,
585 426 832 482 ordinata
861 427 946 482 est
989 427 1218 481 humana
1251 434 1459 489 natura,
1502 424 1642 492 quod
1689 434 1774 478 est
1804 427 1847 482 Α
1878 423 1983 475 alio
2025 424 2165 478 solet
2202 432 2443 492 tempore
2483 425 2684 492 effluat,
2731 424 2850 485 abit
2880 448 2998 488 cum
3043 451 3108 490 eo
3147 439 3313 506 fetus,
3356 448 3457 500 ue'c

157 539 349 594 super
373 523 532 576 bruta
555 521 830 575 animalia.
861 520 1114 575 Putabam
1145 531 1264 573 esse
1291 515 1452 570 infra.
1478 518 1590 570 .Aut
1620 527 1775 569 metae
1878 515 2061 582 augeri
2097 530 2196 569 nec
2222 516 2289 568 ali
2319 527 2513 583 potest.
2553 517 2658 573 Sed
2693 521 2818 574 libet
2856 526 3237 593 explicationes
3273 535 3456 591 audire

159 629 350 684 quam
370 612 550 667 mollis
575 611 780 665 ﬂexus?
810 611 982 675 Mone,
1012 609 1202 677 inquit,
1229 607 1279 662 id
1309 615 1416 671 est,
1445 606 1655 662 mortis.
1679 607 1770 658 At-

159 707 270 775 qui
307 721 372 759 ex
406 704 505 757 hac
537 703 715 756 nullus
754 711 836 755 est
880 701 1068 755 ﬂexus.
1101 699 1239 766 Quid
1269 713 1428 768 asper
1456 699 1585 753 utile
1615 713 1773 752 num-

155 812 306 850 mus
335 796 517 849 habet.
545 794 642 848 llic
671 785 790 847 cum
821 793 1089 860 ignoraret
1113 806 1212 845 cur
1237 805 1396 858 asper
1427 803 1673 842 nummus
1694 788 1775 841 di-

157 895 420 951 ceretur,
451 899 558 939 non
579 883 748 938 defuit
775 883 1127 937 moralizatio.
1154 882 1344 950 Asper,
1375 879 1560 948 inquit,
1596 880 1644 932 id
1667 887 1770 942 est,

156 987 450 1047 quantum
495 976 689 1030 habeat
727 974 1068 1044 asperitatis:
1103 983 1321 1042 prepter
1362 985 1522 1026 curas
1551 985 1772 1040 magnas

162 1081 321 1136 quas
375 1067 605 1134 ingerit;
653 1071 876 1134 propter
899 1062 1044 1132 quod
1083 1071 1140 1116 et
1181 1061 1352 1131 spinis
1395 1069 1774 1128 comparantur

163 1157 412 1212 divitiae.
444 1157 558 1211 Non
588 1154 667 1209 sic
696 1153 908 1208 Persius
927 1166 1024 1208 sua
1049 1161 1156 1206 tam
1177 1161 1332 1206 acute
1359 1150 1645 1214 intellexit,
1675 1163 1775 1202 nec

165 1258 291 1302 tam
339 1257 546 1302 sancte.
599 1245 668 1300 Et
713 1244 888 1313 capite
936 1252 1148 1309 octavo,
1199 1243 1266 1297 de
1295 1241 1468 1311 poetis
1501 1239 1774 1293 adnotatio

169 1341 346 1409 digna
386 1354 507 1408 qu:e
549 1337 618 1391 ad
648 1336 868 1391 verbum
911 1334 1202 1389 ediscatur.
1236 1333 1547 1396 Poetarum,
1578 1331 1770 1400 inquit,

171 1431 292 1482 duo
321 1437 451 1483 sunt
472 1441 696 1495 genera,
723 1437 933 1480 veteres
956 1433 1010 1478 et
1035 1424 1178 1478 novi.
1205 1422 1430 1476 Veteres
1450 1421 1628 1475 omnia
1657 1435 1774 1488 quae

175 1523 458 1577 cauebant
484 1518 873 1574 convertebant
900 1517 966 1570 ad
1009 1517 1214 1571 risum:
1250 1515 1390 1568 unde
1433 1514 1502 1568 de
1531 1512 1776 1567 meretri-

178 1619 287 1668 ciis
317 1625 372 1668 et
401 1612 628 1680 stupris,
659 1622 712 1664 et
737 1609 819 1662 his
845 1624 963 1677 qua:
988 1616 1236 1678 poterant
1267 1619 1558 1673 provocare
1582 1605 1770 1667 risttm,

181 1702 535 1758 tractabant:
567 1700 706 1753 sicut
754 1698 972 1752 Plautus
1023 1707 1076 1750 et
1113 1695 1414 1750 Terentius.
1447 1692 1598 1747 .Novi
1645 1707 1772 1746 vero

1876 604 2306 658 vocabulorum?
2349 607 2620 662 Exclamat
2667 612 2891 680 August.
2926 616 3020 669 lib.
3068 633 3143 670 It:
3181 619 3223 672 υ
3248 628 3456 680 animos

1877 709 2131 762 germane
2152 696 2444 752 Romanos.
2486 699 2770 766 Germane,
2805 706 2993 774 inquit,
3021 709 3071 761 id
3114 721 3195 764 est
3219 713 3346 778 alte,
3373 719 3458 770 vel

1876 787 2203 851 immaniter,
2266 805 2387 843 nam
2438 791 2690 847 Germani
2732 795 2926 850 habent
2969 800 3221 856 immania
3260 814 3314 859 et
3353 808 3456 862 alta

1875 892 2124 946 corpora.
2173 880 2236 932 Et
2283 881 2333 934 in
2382 882 2572 936 eodem
2608 885 2832 954 loquens
2867 890 3192 957 Augustinus
3230 896 3298 950 de
3347 897 3457 951 lino

1874 975 1966 1020 aut
2014 968 2192 1023 lanula
2231 969 2531 1038 flaminum,
2580 990 2687 1042 quo
2727 977 3032 1032 vinciebant
3072 992 3252 1051 caput,
3294 1001 3453 1055 quem

1874 1057 2081 1124 apicem
2115 1060 2480 1128 nominabant,
2521 1066 2669 1131 quasi
2721 1070 3084 1124 summitatem
3116 1090 3129 1126 :
3156 1075 3328 1143 Apex,
3379 1079 3461 1130 in-

1875 1151 2007 1217 quit,
2064 1166 2258 1206 nomen
2302 1162 2385 1206 est
2442 1155 2717 1222 cujusdam
2763 1159 3204 1232 historiographi,
3247 1175 3304 1220 ut
3347 1168 3458 1236 jam

1876 1239 2174 1294 mirandum
2205 1256 2308 1296 non
2348 1243 2418 1296 sit
2461 1245 2653 1300 fecisse
2685 1247 2847 1302 Deum
2893 1251 3137 1306 homines
3185 1271 3257 1309 ex
3303 1258 3454 1326 limo‘,

1873 1328 1994 1385 cum
2022 1332 2122 1386 iste
2147 1332 2303 1387 faciat
2333 1349 2399 1388 ex
2422 1336 2551 1389 lino.
2580 1338 2646 1390 Et
2665 1353 2786 1392 cum
2814 1339 2954 1395 libro
2979 1353 3170 1410 quarto
3191 1348 3437 1414 posuisse

1874 1421 2206 1490 Augustinus
2239 1424 2377 1477 inter
2410 1427 2653 1494 prodigia
2685 1427 2912 1483 feminas
2936 1439 2990 1484 et
3024 1433 3252 1500 gallinas
3279 1443 3332 1488 et
3358 1435 3459 1490 ho.

1876 1514 2047 1565 mines
2079 1527 2258 1566 versas
2299 1513 2354 1566 in
2401 1517 2696 1570 masculum
2755 1533 2984 1576 sexum:
3013 1523 3212 1590 Credo,
3260 1525 3453 1595 inquit,

1875 1597 2107 1652 litteram
2133 1613 2252 1654 esse
2280 1599 2489 1667 falsam,
2517 1617 2676 1672 quam
2699 1614 2878 1663 tamen
2902 1609 3053 1662 multi
3079 1611 3201 1665 libri
3233 1613 3452 1668 habent.

1878 1686 2105 1742 Deberet
2130 1698 2308 1744 autem
2341 1691 2516 1745 littera
2548 1693 2627 1748 sic
2643 1708 2782 1759 csse,
2809 1695 2862 1749 in
2891 1697 3135 1753 homines
3164 1712 3213 1755 et
3243 1717 3457 1758 mascuc

180 1790 660 1862 reprehendebant
691 1789 816 1842 vitia
847 1789 1118 1840 hominum
1151 1785 1497 1849 nominatim;
1529 1783 1771 1842 undenuc
1803 1783 1848 1844 Β
1878 1777 1982 1830 lum
2007 1794 2215 1834 sexum.
2252 1780 2376 1835 Vult
2405 1785 2546 1836 enim
2575 1785 2654 1838 sic
2680 1785 2882 1852 dicere,
2915 1789 3056 1857 quod
3084 1789 3297 1846 feminae
3322 1808 3455 1848 con-

182 1888 219 1936 h
244 1883 442 1936 uniucs
478 1880 833 1945 lacessebant,
869 1893 1054 1932 eorum
1083 1877 1210 1930 vitia
1245 1885 1527 1944 carpentes
1557 1889 1685 1927 vera
1717 1882 1771 1927 et

184 1974 350 2035 ficta;
397 1983 453 2026 et
498 1971 853 2040 pingebantur
888 1969 1040 2032 nudi,
1081 1969 1203 2036 quia
1237 1967 1363 2019 vitia
1397 1963 1764 2018 denudabant.

183 2065 350 2120 Tales
381 2071 555 2131 poeta:
591 2061 782 2115 comici
826 2059 1044 2130 satyrici
1086 2057 1464 2126 appellantur:
1499 2055 1638 2108 sicut
1669 2053 1775 2106 llo-

185 2155 386 2216 rati=:s,
439 2151 676 2218 Persius,
713 2151 1007 2213 Juvenalis,
1048 2161 1102 2204 et
1146 2146 1473 2216 hujusmodi.
1510 2145 1578 2198 Et
1616 2144 1773 2212 paulo

196 2254 323 2313 post
355 2262 368 2296 :
397 2244 623 2298 Possunt
655 2252 834 2297 autem
868 2253 1036 2311 poeta:
1060 2239 1267 2308 tragici,
1301 2240 1440 2292 sicut
1471 2246 1526 2291 et
1554 2237 1770 2301 comici,

181 2335 354 2390 dividi
401 2334 455 2388 in
498 2334 631 2388 duas
664 2347 864 2402 paries.
908 2333 1071 2386 Primi
1123 2333 1238 2400 puri
1283 2332 1500 2400 tragici;
1549 2327 1772 2383 secundi

188 2441 322 2481 vero
349 2427 523 2496 elegi,
554 2434 844 2480 tractantes
875 2425 943 2478 de
985 2423 1178 2492 elegia,
1229 2423 1279 2475 id
1309 2433 1393 2476 est
1427 2422 1495 2475 de
1533 2420 1768 2473 miseria.

185 2516 282 2571 Sic
313 2516 422 2580 ille,
454 2531 524 2569 ex
553 2515 844 2570 Aristotele
871 2513 1053 2578 credo,
1087 2521 1182 2565 aut
1207 2512 1253 2565 si
1280 2513 1398 2580 quis
1428 2513 1528 2564 hoc
1559 2524 1772 2578 quoque

187 2608 409 2662 doctius
452 2607 518 2661 de
570 2606 742 2674 poetis
784 2605 1022 2672 scripsit,
1059 2614 1113 2657 et
1151 2613 1330 2658 tamen
1376 2603 1467 2670 qui
1511 2602 1642 2654 nihil
1675 2617 1771 2654 un-

190 2713 356 2769 quam
384 2698 448 2752 de
474 2699 536 2750 iis
564 2705 842 2766 poetarum
875 2695 1164 2764 generibus
1209 2693 1432 2756 audivit,
1476 2708 1580 2744 nun
1614 2691 1771 2744 intel-

187 2791 322 2860 liget
350 2803 504 2858 quam
530 2789 716 2842 ft'i\0la
746 2786 860 2840 lucc
881 2799 934 2841 et
965 2787 1209 2855 imperita
1241 2786 1367 2849 sint,
1395 2785 1587 2838 nedum
1612 2784 1770 2835 stu'ta

203 2893 367 2950 atque
396 2879 640 2932 ridicula.
689 2877 745 2932 Si
781 2878 1006 2941 audivit,
1047 2874 1168 2929 huic
1203 2874 1424 2944 perinde
1458 2873 1560 2926 ista
1591 2877 1768 2933 erunt,

187 2985 315 3027 cum
346 2973 415 3025 de
436 2974 592 3023 novLs
613 2979 671 3024 et
699 2969 972 3024 veteribus
1001 2966 1234 3036 loquitur
1263 2963 1453 3033 poetis,
1487 2976 1550 3026 ac
1577 2960 1623 3015 si
1651 2961 1770 3030 quis

189 3063 336 3116 dicat
362 3063 779 3116 architectorum
808 3059 1043 3113 officium
1086 3066 1167 3111 est
1196 3054 1405 3110 calceos
1434 3066 1616 3118 suere,
1645 3067 1768 3105 ecr-

1875 1883 2044 1922 versaa
2075 1872 2273 1925 suntin
2298 1872 2542 1928 homines
2567 1891 2579 1927 :
2613 1877 2664 1928 id
2695 1885 2779 1930 est
2809 1878 2864 1931 in
2892 1879 3055 1947 viros,
3077 1889 3130 1935 et
3158 1883 3370 1951 gallina:
3397 1886 3454 1942 in

1876 1961 2171 2014 masculum
2203 1977 2415 2017 sexum.
2458 1963 2501 2019 Ο
2538 1967 2788 2022 tenebras
2817 1969 2964 2023 illius
2991 1973 3166 2026 aetatis
3193 1973 3455 2030 miseran-

1874 2051 1991 2118 das,
2017 2061 2070 2105 et
2089 2061 2267 2106 tamen
2298 2055 2407 2108 illis
2429 2056 2573 2110 oculi
2604 2058 2890 2113 assuefacti
2919 2061 3119 2117 illatam
3138 2064 3246 2133 jam
3279 2067 3452 2123 lucem

1871 2153 2122 2212 spectare
2144 2161 2252 2200 non
2281 2149 2580 2204 sustinent!
2604 2151 2850 2207 Claudite
2879 2154 3010 2208 lSIas
3041 2154 3304 2212 fenestras
3333 2173 3453 2214 orn-

1875 2253 1970 2292 t.es
1998 2248 2051 2292 et
2081 2241 2324 2308 rimulas,
2355 2257 2538 2310 nequa
2561 2244 2648 2297 lux
2677 2256 2957 2312 penetrate
2979 2257 3157 2317 queat,
3189 2260 3244 2305 et
3274 2253 3453 2306 fruan-

1875 2338 1962 2380 tur
1986 2328 2156 2383 libere
2184 2345 2278 2383 sua
2311 2341 2502 2396 nocte;
2537 2342 2748 2388 tenuem
2777 2352 2988 2406 quoque
3013 2347 3064 2393 et
3090 2339 3450 2409 languidulam

1873 2424 1925 2477 in
1959 2426 2244 2480 tenebroso
2269 2428 2520 2482 cubiculo
2548 2430 2774 2484 meridie
2817 2415 2935 2500 ipso
2970 2434 3449 2492 accenditslueer-

1871 2531 2016 2569 nam.
2061 2517 2192 2570 Illud
2240 2519 2295 2571 in
2341 2519 2528 2572 eodem
2583 2521 2748 2575 miror
2787 2521 3098 2593 interprete,
3147 2529 3284 2595 quod
3329 2543 3450 2583 eum

1873 2609 2217 2674 gravissimos
2247 2610 2471 2688 haberet
2493 2625 2758 2676 auctores,
2787 2629 2852 2668 ex
2877 2617 3069 2682 quibus
3091 2621 3344 2673 nonnulla
3372 2635 3452 2673 so-

1873 2695 2000 2749 litus
2041 2705 2124 2750 est
2169 2698 2472 2761 desumere,
2507 2711 2793 2769 possetque
2831 2718 2893 2755 ex
2940 2705 3142 2758 eisdem
3175 2707 3278 2760 alia
3305 2723 3450 2775 qua:-

1874 2787 1995 2839 dam
2027 2786 2238 2854 allerre,
2273 2789 2457 2842 maluit
2482 2789 2550 2843 ab
2579 2789 2782 2844 lsidoro
2807 2802 3006 2859 petere,
3039 2802 3130 2847 aut
3159 2795 3258 2851 hoc
3295 2801 3445 2866 pejo-

1875 2876 2041 2942 ribus,
2077 2877 2396 2946 lluguitione
2426 2889 2480 2933 et
2508 2878 2791 2935 Vincentio
2823 2880 3089 2938 historiali
3111 2901 3131 2938 τ
3177 2888 3316 2954 quod
3359 2887 3448 2942 su-

1871 2965 2069 3032 Spieari
2099 2982 2182 3021 me
2209 2968 2354 3036 cogit
2392 2969 2568 3037 ipsum
2607 2970 2689 3024 vel
2736 2971 2914 3026 aliena
2951 2989 3069 3028 esse
3093 2990 3248 3030 usum
3292 2977 3343 3032 iu
3373 2977 3449 3033 ci-

1877 3057 2055 3112 tandis
2076 3061 2383 3113 auctoribus
2407 3076 2590 3129 opera,
2635 3063 2716 3118 vel
2747 3064 2941 3118 citatis
2964 3075 3055 3120 aut
3094 3068 3362 3125 invmisse
3395 3071 3449 3127 in

187 3153 396 3208 donum
428 3166 556 3207 vero
584 3151 850 3206 aedificare
875 3167 889 3205 :
917 3159 970 3204 et
997 3164 1116 3204 cum
1155 3163 1324 3203 novos
1359 3146 1594 3202 comicos
1617 3153 1770 3198 vocat
1799 3134 1844 3197 C
1876 3149 2055 3218 aliquo
2077 3149 2213 3205 vade
2244 3167 2476 3219 mecum,
2502 3162 2590 3206 aut
2621 3155 2893 3222 rapiamus
2917 3164 3108 3226 totum,
3137 3170 3228 3214 aut
3256 3161 3322 3216 dc
3348 3163 3450 3216 ali-

197 3249 486 3313 satyricos,
513 3257 612 3297 ceu
632 3241 760 3311 quis
787 3242 934 3295 dicati
959 3240 1184 3294 fartores
1213 3252 1333 3293 esse
1361 3245 1766 3292 textores:eum

184 3337 432 3390 comicos
456 3333 594 3388 dixit
621 3331 906 3402 elcgiacos,
939 3331 1083 3386 velut
1119 3330 1308 3400 aliquis
1338 3344 1598 3398 agasones
1627 3329 1770 3383 dicat

196 3437 411 3488 nautas,
437 3432 532 3478 aut
567 3433 812 3477 tonsores
843 3420 1211 3476 carbonarios.
1242 3421 1357 3474 Jam
1393 3434 1514 3471 cum
1539 3418 1771 3485 explicat

187 3516 390 3584 elegia,
416 3517 468 3569 id
492 3523 576 3569 est
604 3515 842 3580 miseria,
873 3530 979 3567 non
1005 3527 1161 3567 secus
1189 3527 1346 3580 quam
1378 3512 1420 3563 si
1447 3511 1770 3578 interprete-

189 3609 272 3663 ris
298 3625 312 3660 :
340 3607 623 3672 scrinium,
664 3607 728 3660 id
777 3616 869 3661 est
906 3607 1061 3660 liber.
1104 3607 1168 3660 Et
1205 3619 1321 3672 cap.
1365 3605 1489 3669 109,
1535 3618 1654 3655 cum
1702 3603 1771 3657 de

204 3698 392 3752 Philto
421 3708 624 3766 ageret,
668 3700 766 3751 iste
803 3697 1036 3765 scripsit,
1082 3698 1272 3764 inquit,
1305 3695 1619 3749 contu'diaui
1654 3708 1770 3762 qu:e

202 3793 506 3858 appellatur
552 3789 845 3855 Aulularia,
882 3788 1033 3856 quasi
1065 3801 1170 3839 non
1213 3787 1391 3839 aliam.
1440 3787 1506 3838 At
1537 3785 1770 3853 philusoo

210 3882 360 3949 phati
393 3895 606 3950 quoque
643 3881 811 3932 voluit
853 3880 946 3932 lib.
966 3894 1056 3931 vn.
1093 3879 1222 3931 Nam
1263 3893 1382 3930 cum
1426 3877 1647 3929 diXiaSci
1676 3880 1774 3928 Au-

193 3972 399 4040 gustin.
442 3972 649 4026 Menam
695 3972 872 4037 deam,
900 3985 1017 4038 qu:e
1058 3970 1350 4022 menstruis
1393 3977 1606 4036 prmest,
1637 3983 1768 4020 con-

198 4069 342 4120 ferre
373 4066 569 4120 fluores
596 4074 900 4120 menstruus
931 4064 995 4118 ad
1029 4063 1142 4131 ejus
1170 4062 1308 4130 quod
1341 4069 1658 4128 conceptum
1691 4069 1773 4114 est

199 4157 603 4220 incrementum,
633 4157 845 4225 ignarus
872 4155 1094 4208 flucrem
1122 4163 1455 4207 menstruum
1480 4151 1585 4204 dici
1613 4151 1769 4204 etiam

199 4248 516 4302 muliebrem
549 4248 884 4316 sanguinem,
926 4248 1013 4314 qui
1050 4247 1288 4298 fluxurus
1317 4251 1432 4295 erat
1471 4243 1521 4296 in
1566 4258 1766 4307 mense,

196 4340 300 4394 nisi
329 4341 412 4394 Vel
441 4339 552 4395 fetu
586 4340 668 4394 vel
719 4340 818 4392 alia
866 4353 1025 4391 causa
1065 4338 1416 4400 detineretur,
1461 4336 1645 4402 incipit
1684 4334 1772 4388 di-

199 4431 470 4500 stinguere
505 4431 818 4499 sanguiuem
854 4438 1210 4490 menstruum,
1244 4443 1351 4480 uno
1391 4429 1551 4480 modo
1580 4441 1676 4494 pro
1707 4440 1771 4477 eo

1873 3255 1978 3308 quo
2009 3241 2303 3297 audivisse.
2345 3243 2479 3297 Nam
2520 3245 2885 3305 definitionem
2919 3248 3036 3315 Dei,
3077 3266 3233 3320 quam
3261 3267 3325 3308 ex
3354 3253 3449 3308 Ci-

1876 3335 2091 3388 ceronis
2123 3335 2298 3402 primo
2319 3332 2479 3390 Tusc.
2513 3347 2704 3405 quiest.
2733 3340 2869 3392 "citat
2893 3343 3243 3409 Augustinus,
3275 3345 3374 3398 cotl
3397 3348 3447 3414 gi

1871 3425 2001 3476 dicit
2026 3438 2092 3477 ex
2122 3423 2203 3476 his
2232 3439 2350 3490 qu:e
2383 3426 2434 3477 in
2459 3440 2517 3478 ιιι
2541 3427 2613 3479 De
2638 3426 2758 3480 Nat.
2787 3429 2938 3481 deur.
2969 3430 3195 3496 span-im
3229 3441 3324 3484 trat
3345 3442 3446 3498 tat;

1871 3522 1920 3566 et
1953 3513 2370 3575 consolationem
2401 3514 2468 3568 de
2492 3525 2662 3568 morte
2699 3516 2844 3582 filias,
2891 3519 3098 3571 nescire
3136 3535 3195 3572 se
3226 3521 3357 3575 dicit
3381 3537 3448 3577 an

1871 3609 1936 3661 sit
1967 3607 2056 3660 lib.
2096 3621 2166 3658 xu
2195 3607 2532 3663 Orationum,
2577 3620 2698 3658 cum
2739 3607 2929 3660 Cicero
2961 3607 3072 3676 ipse
3106 3609 3160 3660 in
3191 3610 3448 3668 Aeadem.

1868 3710 1923 3752 et
1954 3701 2112 3751 Tusc.
2165 3708 2378 3766 qumst.,
2413 3707 2463 3751 et
2497 3696 2804 3751 Lactantius
2843 3706 2896 3752 et
2935 3697 3137 3754 Plinius
3185 3701 3301 3768 ejus
3331 3704 3433 3759 libr

1866 3791 2236 3843 meminerint.
2275 3789 2470 3842 Valerii
2515 3789 2701 3843 Sorani
2754 3789 2884 3842 nihil
2913 3791 3224 3845 recordatur
3266 3808 3323 3848 se
3372 3797 3451 3867 lc;

1868 3884 2036 3950 gisse.
2071 3897 2189 3934 eum
2236 3880 2350 3948 ejus
2381 3880 2449 3933 sit
2480 3880 2685 3932 mentio
2720 3881 2858 3948 apud
2893 3880 3145 3945 Plinium,
3183 3882 3445 3952 Solinnm,

1875 3973 2226 4034 Lactantium,
2265 3970 2630 4035 Plutarchum,
2660 3971 2926 4036 Servium,
2957 3971 3303 4029 Macrobium.
3334 3975 3451 4031 Jam

1875 4081 1938 4117 ex
1979 4067 2162 4118 multis
2196 4065 2522 4133 Diogeuihus
2547 4079 2735 4130 unum,
2770 4073 2822 4118 et
2856 4078 2921 4118 ex
2960 4066 3140 4122 multis
3185 4067 3454 4124 Eschini-

1872 4157 1972 4209 bus
2000 4172 2185 4219 unum,
2213 4166 2262 4208 et
2285 4171 2350 4210 ex
2378 4155 2599 4209 Socrate
2630 4166 2683 4208 et
2709 4155 2938 4209 Isocrate
2961 4158 3207 4213 eumdem
3234 4163 3454 4231 conglu-

1875 4249 2044 4300 tinare
2067 4257 2121 4300 et
2143 4249 2602 4300 eonferruminare
2626 4245 2824 4300 invitos
2852 4257 2905 4301 et
2929 4251 3068 4302 male
3094 4251 3452 4318 cohaerentes,

1875 4352 1979 4389 non
2015 4352 2218 4400 rarum,
2251 4348 2305 4388 ut
2337 4353 2436 4390 nec
2465 4337 2567 4391 alia
2594 4340 2774 4391 omnia
2805 4355 2815 4391 :
2851 4353 2967 4407 qu:e
2999 4340 3041 4391 si
3076 4344 3322 4408 persequi
3351 4345 3456 4396 sin-

1877 4428 2096 4495 gillatim
2142 4436 2364 4493 tentem,
2397 4443 2507 4481 rem
2557 4429 2610 4482 in
2658 4429 2925 4482 infinitum
2974 4429 3283 4483 extendere.
3333 4430 3456 4485 lltcc

199 4523 344 4591 quod
374 4533 455 4576 est
479 4530 881 4592 purgamentum
913 4531 1136 4584 naturae,
1167 4528 1222 4573 et
1248 4517 1473 4586 singulis
1501 4516 1774 4569 minsibus
1806 4499 1851 4556 υ
1880 4534 1995 4588 qu:e
2042 4518 2262 4586 adduxi,
2318 4528 2518 4572 tantum
2573 4519 2717 4574 velut
2760 4521 3055 4588 specimina
3110 4519 3287 4587 posui,
3336 4537 3456 4589 qu:e

200 4616 431 4684 cjicilur.
463 4617 581 4670 Alio
612 4615 771 4669 modo
809 4615 1067 4683 accipitur
1109 4629 1204 4680 pro
1245 4611 1504 4680 sanguine
1541 4609 1634 4678 qui
1682 4624 1775 4676 per

197 4707 517 4774 eiectionem
568 4717 844 4776 purgatur,
894 4715 948 4760 ct
983 4714 1100 4773 post
1129 4705 1267 4758 fluor
1311 4713 1620 4756 menstruus
1667 4716 1773 4752 non

197 4798 408 4851 confert
428 4798 491 4850 ad
513 4799 898 4852 incrementum
931 4797 1092 4862 fetus,
1119 4796 1218 4849 nisi
1246 4811 1340 4865 per
1370 4795 1640 4855 accidens,
1671 4793 1777 4848 sri-

200 4890 326 4942 licet
353 4903 450 4957 per
477 4903 627 4943 suam
669 4888 985 4943 absentiam.
1015 4886 1238 4941 Confert
1274 4886 1416 4939 enim
1455 4900 1551 4952 pro
1583 4893 1769 4938 tanto:

197 4979 326 5047 quia
347 4993 467 5032 cum
497 4979 613 5048 ipse
644 4979 948 5048 expellitur,
988 4977 1202 5046 sanguis
1226 4976 1314 5029 ille
1342 4975 1484 5028 unde
1514 4975 1652 5028 fetus
1678 4990 1773 5027 au-

197 5077 370 5139 getur,
395 5068 626 5124 efficitur
651 5069 921 5134 mundior,
943 5077 996 5123 et
1013 5071 1076 5122 ad
1103 5066 1401 5137 augendum
1437 5065 1645 5118 melior.
1667 5063 1774 5118 Sed

199 5161 388 5216 beatus
435 5162 759 5229 Augustinus
813 5162 1086 5215 extensive
1129 5161 1374 5229 loquens,
1430 5168 1583 5210 vocat
1620 5157 1768 5211 illum

200 5252 512 5319 sanguinem
554 5253 640 5320 qui
688 5254 980 5319 depuratur
1009 5253 1228 5304 lluorcin
1264 5256 1618 5304 menstruum.
1653 5247 1777 5304 llaec

202 5343 312 5398 ille.
341 5343 578 5397 Primum
605 5341 723 5412 quis
763 5359 995 5413 unquam
1018 5345 1338 5410 sanguinem
1382 5343 1531 5396 illum
1563 5342 1653 5410 qui
1681 5357 1775 5409 pu-

203 5434 313 5488 rior
335 5443 577 5490 remanet
614 5435 666 5488 in
699 5450 923 5502 corpore
954 5432 1190 5487 mulieris
1221 5441 1339 5503 post
1359 5434 1589 5502 ejectum
1619 5447 1769 5485 mcu-

203 5532 426 5591 stzuum,
467 5527 677 5578 vocavit
717 5525 936 5578 fluorem
983 5524 1350 5576 menstruum?
1395 5521 1594 5576 Deinde
1635 5537 1772 5590 quo-

204 5613 358 5667 modo
387 5615 474 5667 isti
511 5625 771 5682 augentur
798 5615 932 5687 fetus
965 5616 1016 5668 in
1049 5613 1212 5667 locis?
1249 5615 1337 5684 qui
1383 5614 1425 5667 si
1459 5622 1763 5667 menstruus

206 5701 291 5760 ille
323 5703 544 5773 deﬂuat,
586 5705 720 5760 fiant
758 5705 1162 5772 imbecilliores;
1203 5705 1330 5761 etsi
1363 5704 1588 5776 largius,
1619 5714 1674 5760 et
1716 5713 1774 5761 ut

1884 4611 2051 4678 prima
2102 4608 2339 4678 profecto
2386 4609 2619 4664 volxenti
2665 4610 2856 4664 librum
2903 4617 3265 4662 occurrerunt.
3319 4597 3456 4665 Sunt

1875 4699 2026 4757 enim
2070 4719 2236 4772 usque
2271 4706 2406 4757 adeo
2436 4703 2732 4773 frequentia
2767 4711 2820 4757 et
2853 4703 3039 4767 densa,
3077 4710 3133 4753 ut
3160 4702 3453 4768 periculum

1884 4808 1990 4846 non
2015 4795 2082 4847 sit
2112 4811 2176 4847 ne
2199 4795 2416 4860 lateant,
2450 4796 2492 4847 si
2522 4810 2625 4848 non
2648 4793 2953 4845 iudicentur
2980 4807 2994 4844 :
3023 4800 3260 4856 exstant,
3288 4795 3452 4849 nimi-

1880 4903 2021 4953 rum,
2055 4897 2107 4940 ct
2138 4889 2366 4942 nchrunt
2408 4902 2465 4940 se
2509 4894 2666 4952 atque
2694 4885 2829 4936 adeo
2861 4883 3106 4951 ingerunt
3144 4885 3314 4938 oculis
3339 4902 3455 4941 om-

1882 4980 2026 5031 niuin
2059 4978 2348 5032 volentium
2389 4975 2762 5041 intueri,_qu:c
2794 4989 2892 5029 nec
2920 4975 2973 5028 in
3003 4991 3164 5044 opere
3195 4977 3312 5047 ipso
3335 4995 3452 5032 sum

1884 5076 2244 5121 Consectatus.
2298 5065 2430 5118 Tum
2478 5079 2546 5117 ne
2588 5061 2803 5116 fastidio
2846 5064 3032 5119 lectori
3083 5081 3258 5122 essem
3312 5079 3454 5121 tanta

1887 5155 2215 5226 prolixitate,
2250 5163 2359 5207 tum
2384 5153 2523 5223 quod
2555 5154 2815 5222 ineptiora
2849 5166 2994 5219 sunt,
3026 5171 3186 5226 quam
3216 5165 3271 5210 ut
3298 5159 3350 5210 in
3375 5159 3452 5210 eis

1879 5249 2189 5305 refellendis
2240 5247 2439 5316 aliquid
2483 5247 2732 5301 collocari
2780 5263 2957 5317 operte
2999 5248 3261 5302 debuerit.
3297 5239 3454 5311 Quis-

1880 5341 2000 5409 quis
2031 5337 2158 5390 mihi
2186 5325 2340 5390 fidem
2367 5351 2470 5389 non
2500 5336 2678 5399 habet,
2709 5338 2846 5405 legat
2875 5340 3018 5405 ipse:
3051 5344 3107 5389 et
3127 5335 3453 5401 veljudieet,

1882 5431 1927 5483 si
1957 5437 2038 5482 est
2063 5429 2276 5494 doctus,
2309 5429 2388 5482 vel
2420 5443 2447 5479 a
2482 5427 2811 5480 doctioribus
2841 5427 3156 5482 sententiain
3187 5426 3452 5492 exquirat,

1874 5520 2086 5589 illisque
2129 5522 2474 5573 assentiatur.
2503 5517 2660 5585 Quod
2694 5519 2738 5571 si
2769 5519 2886 5584 quis
2924 5526 3008 5570 est
3035 5515 3120 5583 qui
3159 5515 3271 5568 lucc
3301 5520 3456 5570 unice

1875 5611 2049 5666 forsan
2071 5623 2133 5664 ac
2155 5619 2340 5665 tenere
2367 5610 2742 5680 complectitur
2769 5617 2823 5660 et
2851 5615 3018 5671 amat,
3051 5606 3213 5662 habet
3237 5623 3343 5662 non
3369 5623 3455 5664 so-

1874 5704 1981 5760 lum
2009 5703 2106 5759 hos
2127 5702 2564 5770 commentarios,
2589 5701 2681 5758 sed
2709 5701 2872 5755 etiam
2905 5698 3314 5770 Iluguitionem,
3348 5699 3451 5752 Pa:
