3900 6308
451 309 546 372 151

1300 296 1852 356 SUPPLEMENTUM
1893 294 1983 348 AD
2023 291 2248 347 OPI'JRA
2291 294 2348 350 S.
2395 292 2782 350 AUGUSTINL

3589 307 3628 354 ἰ
3639 297 3716 354 ἒιὲ

453 424 612 492 piam,
656 420 990 480 Grmeistam,
1023 416 1276 469 Joannem
1317 413 1385 466 de
1425 410 1737 471 Garlaudia,
1781 406 2018 462 Cath‘oli-
2053 411 2097 468 Λ
2131 408 2212 460 lus
2241 408 2413 462 a-tatis
2437 409 2610 461 illius?
2641 409 2758 463 Jam
2780 421 2888 462 non
2911 407 3086 461 minus
3107 422 3170 461 ex
3191 406 3417 462 historia
3440 415 3494 462 et
3517 406 3717 465 fabulis
3746 474 3752 486 .

451 527 587 577 con;
630 510 736 565 illis
775 525 833 565 se
862 509 1114 564 omnibus
1161 504 1417 566 oblectet,
1449 500 1592 570 quod
1629 500 1702 552 sit
1727 500 1777 552 ei
1823 499 2022 552 bonum

454 613 894 672 prosperumque,
933 607 989 651 et
1029 597 1081 650 in
1130 608 1316 649 eorum
1363 590 1649 658 complexu
1693 589 1916 642 haereat.
1961 587 2031 640 At

455 693 672 747 Thema:
698 691 875 744 Valois
899 698 954 743 et
975 687 1198 742 Nicolao
1219 683 1402 738 Trivet
1427 680 1624 750 prodiit
1647 679 1788 734 velut
1808 690 2030 732 succen-

455 788 680 840 tnriatus
705 783 936 837 lacubus
976 779 1376 839 l’assavantius,
1410 790 1570 845 quem
1620 789 1813 828 nomen
1857 773 2030 840 ipsum

457 875 656 928 indicat
687 873 847 927 fuisse
875 886 1111 926 scurram
1142 870 1372 937 aliquem
1402 866 1676 930 festivum,
1709 864 1800 934 qui
1831 862 2029 916 sodali-

458 964 587 1016 tium
627 972 793 1014 totum
843 959 1150 1014 oblectabat
1179 974 1193 1012 :
1219 959 1328 1020 cui,
1370 964 1428 1009 ιιι
1478 955 1664 1017 credo,
1718 968 1812 1021 per
1852 952 2030 1020 jocum

458 1053 745 1119 lusumque
785 1066 975 1104 nomen
1007 1050 1303 1101 Passavant
1340 1056 1422 1099 est
1456 1061 1485 1098 a
1528 1044 1748 1113 reliquis
1781 1043 2034 1096 fratribus

458 1142 708 1194 inditum.
743 1140 1089 1208 Loquendum
1122 1147 1204 1191 est
1240 1138 1306 1190 de
1335 1136 1687 1198 Tertulliano,
1732 1133 1869 1185 nihil
1899 1132 2030 1184 mihi

459 1232 716 1294 occurrit,
764 1240 1071 1284 reservetur
1096 1244 1216 1281 cum
1261 1227 1412 1288 aliis;
1460 1225 1525 1278 dc
1556 1223 1766 1276 Valerio
1805 1221 2032 1283 Sorano,

461 1322 592 1373 nihil
629 1320 756 1373 mihi
790 1319 949 1373 modo
993 1317 1250 1381 occurrit,
1282 1323 1586 1369 reservetur
1614 1327 1737 1366 cum
1777 1312 1934 1375 aliis;
1967 1311 2033 1364 de

461 1415 790 1480 XenOpliane
817 1423 871 1465 et
913 1415 1249 1479 Anaxagora,
1279 1410 1345 1462 de
1384 1407 1679 1470 Lactantio,
1728 1414 2034 1459 reserVetur

461 1522 580 1558 cum
609 1506 753 1557 aliis.
785 1503 920 1569 Quid
953 1502 1149 1555 malum
1182 1508 1305 1553 sunt
1333 1501 1429 1551 ista
1459 1498 1604 1550 alia?
1641 1497 1728 1550 ubi
1759 1496 2035 1548 reservas?

462 1597 514 1651 in
553 1610 708 1663 quem
742 1593 933 1647 usum?
977 1592 1103 1659 quid
1145 1590 1284 1658 quod
1318 1603 1417 1641 nec
1447 1589 1648 1656 legerat
1693 1586 2036 1654 expositores

464 1687 632 1755 ipsos,
660 1684 854 1752 quibus
885 1683 1014 1735 dicit
1040 1696 1099 1734 se
1121 1695 1214 1734 sua
1235 1679 1452 1742 addere,
1485 1686 1541 1732 ut
1571 1677 1666 1731 lib.
1691 1693 1767 1742 ιιι,
1798 1691 1915 1743 cap.
1948 1675 2034 1737 l2,

2136 497 2410 561 veritates,
2457 512 2614 565 quam
2647 512 2713 551 ex
2764 497 2926 551 rebus
2957 496 3269 564 theologicis
3303 497 3536 566 colligis.
3579 499 3750 566 (με’

2132 588 2331 655 glacies
2364 596 2467 652 est,
2492 602 2613 642 cum
2642 587 2973 656 Augustinus
3012 595 3193 640 narrat
3225 587 3421 642 Ninum
3466 587 3749 660 Assyriis'

2133 679 2429 748 imperasse
2465 680 2718 748 primum,
2753 689 2805 735 te
2852 679 2996 733 illico
3022 693 3121 733 ceu
3161 679 3445 735 veritatem
3482 681 3719 750 plastem

2133 783 2255 822 cum
2295 771 2542 825 formulis
2589 771 2694 825 tuis
2732 771 2799 824 ad
2846 769 3146 839 fingendam
3177 785 3243 824 ex
3281 770 3381 824 hoc
3416 773 3717 827 veritatem

2134 874 2450 924 accurrere,
2496 874 2592 915 ceu
2631 875 2740 915 non
2773 860 2931 915 aliter
2977 859 3150 914 futura
3182 860 3444 915 veritate?
3480 861 3718 929 Veritas,

2137 953 2332 1020 inquis.
2365 952 2530 1008 Ninus
2561 953 2661 1006 fuit
2687 969 2780 1007 rex
2817 953 3157 1023 Assyriorum
3182 956 3412 1024 primus.
3437 955 3548 1011 Gur
3568 957 3715 1026 quod

2139 1042 2294 1109 paulo
2326 1052 2448 1095 ante
2482 1043 2678 1110 legitur
2720 1057 2825 1097 non
2867 1052 2952 1098 est
2979 1045 3144 1098 etiam
3185 1046 3427 1100 veritas?
3463 1061 3563 1100 cur
3609 1064 3716 1100 non

2140 1133 2296 1200 paulo
2336 1135 2485 1201 post?
2511 1135 2574 1187 Et
2600 1149 2760 1189 unum
2801 1137 3106 1204 exemplum
3147 1137 3346 1191 adduxi
3392 1155 3488 1207 pro
3527 1141 3716 1194 multis

2139 1226 2395 1280 millibus.
2436 1226 2550 1280 Jam
2574 1229 2728 1294 quale
2765 1237 2846 1281 est
2877 1237 2930 1282 te
2964 1229 3178 1298 ﬁgulum
3208 1231 3516 1299 veritatum,
3550 1234 3715 1286 modo

2136 1317 2256 1369 aliis
2282 1318 2505 1381 incerta,
2539 1327 2592 1371 et
2627 1319 2887 1385 imprimis
2909 1331 3258 1374 controversa
3281 1322 3613 1377 admiscere:
3650 1333 3713 1378 ut

2135 1422 2256 1460 cum
2285 1417 2470 1461 contra
2508 1407 2848 1475 Aquinaltnos
2874 1410 3134 1480 disputas,
3170 1427 3276 1480 quo
3299 1412 3429 1466 nihil
3463 1413 3590 1468 facis
3613 1430 3716 1469 nec

2139 1497 2390 1552 libentius
2418 1513 2517 1552 nec
2556 1500 2780 1566 proinde
2802 1501 3074 1564 crebrius;
3115 1503 3276 1555 modo
3309 1503 3469 1557 etiam
3500 1505 3596 1558 tibi
3629 1507 3714 1560 in-

2137 1595 2308 1650 certa,
2342 1596 2397 1640 ut
2428 1587 2572 1641 verbi
2612 1589 2805 1656 gratia,
2838 1604 2957 1643 cum
2987 1590 3329 1646 lloloferncm
3371 1594 3520 1647 illum
3550 1610 3614 1649 ex
3648 1598 3713 1649 li-

2141 1677 2234 1730 bro
2261 1677 2442 1730 Judith
2491 1679 2622 1732 dicis
2666 1679 2829 1732 fuisse
2859 1678 3058 1750 Cyrum
3089 1683 3306 1736 Assueri
3351 1694 3403 1737 et
3432 1685 3629 1739 Esther
3659 1686 3718 1738 fi-

464 1777 543 1828 sic
573 1774 761 1827 scribit
787 1791 798 1824 :
827 1773 879 1824 lu
907 1772 1007 1823 hoc
1033 1786 1153 1840 cap.
1189 1771 1256 1823 1?.
1287 1769 1413 1822 facit
1443 1769 1579 1837 Aug.
1608 1767 1938 1822 mentionem
1970 1767 2036 1818 de
2074 1782 2112 1836 ιι
2145 1769 2295 1831 lium,
2334 1769 2401 1822 de
2425 1785 2530 1836 quo
2570 1771 2880 1826 veritatibus
2922 1772 3125 1841 aliquot
3153 1782 3271 1841 post
3305 1789 3422 1827 eam
3454 1775 3717 1844 ambigis;

465 1866 562 1918 dea
598 1865 785 1928 Fcbre,
839 1864 904 1917 de
947 1879 1049 1930 qua
1090 1862 1217 1915 dicit
1248 1865 1522 1929 expositor
1551 1861 1691 1931 quod
1740 1860 1838 1913 ftiit
1868 1871 2038 1913 mater

468 1955 786 2022 Alsculapii,
818 1954 958 2021 quod
990 1964 1071 2007 est
1101 1953 1199 2006 dea
1244 1952 1458 2019 inferni,
1487 1960 1542 2005 et
1570 1951 1709 2019 quod
1736 1950 1901 2004 Numa
1945 1965 2037 2004 rex

467 2048 696 2100 Sacravit
721 2048 836 2099 dea:
867 2045 1022 2100 Febri
1055 2059 1291 2099 mensem
1324 2045 1694 2098 Februarium.
1725 2045 1882 2112 Atqui
1913 2060 2040 2096 nun-

467 2152 625 2205 quam
657 2138 704 2189 id
735 2137 1007 2202 expositor
1029 2137 1263 2202 scripsit,
1296 2136 1397 2188 nisi
1427 2136 1607 2189 forsan
1639 2151 1723 2188 res
1754 2145 1856 2188 tam
1881 2135 2040 2188 stulta

468 2244 534 2282 ex
582 2228 855 2282 codicibus
900 2229 968 2280 sit
997 2227 1063 2279 ab
1102 2227 1219 2278 aliis
1254 2226 1524 2291 fratribus,
1571 2226 1658 2292 qui
1704 2241 1821 2278 eam
1854 2226 2042 2293 depre-

472 2319 772 2373 henderunt
801 2332 952 2370 erasa
984 2334 996 2367 :
1028 2317 1120 2368 sed
1163 2316 1410 2369 videlicet
1437 2329 1600 2383 super
1640 2329 1848 2368 comam
1881 2318 2042 2368 frater

470 2409 661 2475 aliquis
703 2407 1046 2460 Passavantio
1095 2414 1407 2459 narraverat
1456 2407 1506 2457 id
1545 2405 1905 2472 expositoretn
1954 2406 2040 2458 di-

472 2514 614 2551 cere.
641 2497 904 2550 Cmterum
937 2509 1042 2564 quo
1071 2494 1319 2561 reprehet
1353 2493 1530 2557 modo,
1563 2495 1859 2547 audiamus.
1887 2494 2037 2560 Quod

473 2603 580 2641 non
622 2588 829 2640 videtur
873 2589 1005 2640 bene
1034 2585 1254 2651 dictum,
1305 2583 1494 2651 inquit,
1546 2583 1688 2635 salva
1737 2583 1815 2634 sui
1847 2587 2038 2651 gratia.

471 2678 600 2732 Nam
652 2679 791 2731 sicut
823 2678 953 2730 infra
996 2677 1218 2740 dicetur,
1255 2672 1597 2742 IEsculapius
1627 2673 1842 2741 fingitur
1880 2674 2043 2727 fuisse

473 2771 616 2824 filius
662 2768 846 2822 l‘htebi
895 2776 950 2820 et
987 2767 1480 2820 Coronidiszsicut
1532 2764 1642 2818 vult
1687 2764 1905 2818 Ovidius
1951 2778 2043 2817 se-

471 2861 644 2914 cundo
671 2860 795 2912 Met.
838 2859 946 2911 Nec
977 2873 1207 2926 unquam
1255 2857 1448 2923 legitur
1471 2857 1611 2923 quod
1660 2856 1891 2910 thbus
1921 2871 2044 2908 cum

476 2952 647 3006 Febre
685 2949 1016 3013 convenerit,
1063 2949 1146 3000 vel
1193 2947 1334 3013 quod
1367 2962 1428 2999 ex
1461 2961 1524 2999 ea
1573 2947 1734 2998 lilium
1777 2949 2041 3013 genuerit.

473 3043 606 3096 Tum
654 3041 839 3106 incipit
884 3037 1245 3106 philoSOphari
1292 3045 1347 3088 et
1387 3037 1729 3102 conjeCturas
1781 3052 2038 3103 quairerc.

2144 1860 2301 1912 modo
2347 1861 2504 1912 etiam
2555 1861 2636 1914 vel
2679 1863 2857 1930 pueris
2886 1862 3038 1927 falsa,
3088 1874 3145 1916 nt.
3171 1864 3236 1918 de
3276 1864 3375 1919 hoc
3413 1866 3530 1933 ipso
3576 1869 3719 1934 quod

2142 1951 2330 2005 Darius
2370 1954 2437 2005 sit
2479 1953 2620 2007 filius
2648 1954 2862 2006 Assneri
2907 1963 2960 2007 et
2995 1953 3209 2018 Esther,
3250 1965 3356 2007 tum
3393 1957 3533 2024 quod
3575 1959 3718 2011 tertii

2145 2042 2262 2095 libri
2294 2043 2474 2096 Esdrai
2505 2044 2828 2110 Augustinus
2860 2060 2964 2097 non
2990 2045 3314 2110 meminerit,
3343 2062 3464 2100 cum
3497 2050 3628 2103 citet
3650 2066 3719 2104 ex

2141 2147 2206 2182 eo
2229 2131 2576 2197 quzestionem
2612 2132 2750 2184 illam
2796 2132 2861 2184 de
2901 2148 2959 2186 re
3006 2148 3125 2200 qua:
3157 2133 3470 2190 fortitudine
3505 2139 3720 2192 caeteris

2149 2228 2476 2273 antestaret:
2509 2222 2669 2274 etiam
2694 2221 2880 2276 eodem
2905 2222 3096 2292 capite,
3121 2238 3224 2293 quo
3257 2235 3309 2278 ιιι
3335 2227 3386 2280 id
3417 2227 3551 2280 dicis
3581 2228 3720 2282 libro

2143 2307 2350 2362 decimo
2379 2319 2588 2376 octavo,
2625 2313 2690 2364 ita
2724 2315 2978 2368 veritates
3019 2324 3135 2367 tuas
3185 2330 3287 2369 non
3328 2332 3394 2370 ex
3432 2334 3534 2371 una
3579 2319 3719 2372 sim-

2145 2397 2269 2464 plici
2306 2400 2530 2458 veritate
2559 2401 2756 2455 videtis
2787 2404 3064 2471 effingere,
3095 2405 3190 2458 sed
3235 2407 3424 2473 partim
3456 2422 3519 2460 ex
3546 2408 3718 2473 veris,

2147 2489 2337 2556 partim
2388 2505 2451 2544 ex
2483 2491 2720 2557 incertis,
2774 2494 2962 2560 partim
2998 2495 3263 2562 litigiosis,
3299 2499 3488 2564 partim
3526 2498 3718 2553 falsis:

2145 2589 2204 2632 ut
2251 2590 2420 2634 statua
2471 2581 2560 2634 illa
2590 2597 2748 2649 quam
2781 2598 2875 2651 per
2901 2585 3134 2652 quietem
3163 2585 3722 2642 Nabuchodonosorus

2147 2669 2296 2735 vidit,
2320 2685 2383 2723 ex
2407 2684 2559 2733 auro,
2583 2683 2827 2740 argento,
2858 2672 3102 2742 chalybe,
3129 2674 3290 2741 ferro,
3319 2686 3372 2728 et
3391 2676 3577 2746 argilla
3601 2687 3722 2732 erat

2153 2763 2403 2815 conflata.
2439 2763 2544 2817 Sed
2571 2763 2676 2816 sint
2705 2779 2838 2819 sane
2865 2767 3116 2820 veritates
3147 2767 3283 2830 istm,
3315 2779 3568 2836 quantum
3599 2772 3722 2826 aliis

2149 2850 2382 2912 libuerit,
2415 2852 2545 2904 nihil
2580 2853 2836 2919 impedio;
2880 2863 2934 2908 et
2974 2855 3218 2922 legantur
3247 2856 3314 2910 ab
3343 2857 3425 2911 his
3455 2859 3545 2926 qui
3575 2860 3722 2928 ejus-

2151 2939 2293 2992 modi
2324 2951 2524 2992 amant.
2566 2941 2676 3008 Ego
2703 2957 2854 3007 vero,
2883 2957 2998 3011 qum
3029 2945 3143 3013 ipse
3167 2945 3231 2998 ad
3257 2947 3480 3001 verbum
3513 2965 3576 3002 ex
3612 2955 3723 3003 Au-

2145 3029 2358 3095 gustino
2397 3028 2579 3094 refert,
2615 3031 2893 3099 Augustini
2929 3049 3050 3088 esse
3083 3045 3243 3102 puto;
3277 3047 3470 3092 exntera
3502 3055 3622 3109 qua:
3651 3043 3722 3096 de

471 3132 577 3184 Nec
608 3131 1006 3192 convenienter,
1045 3127 1237 3194 inquit,
1273 3125 1487 3192 fingitur
1524 3125 1872 3192 .Esculapius
1903 3126 2042 3178 filius
2073 3139 2116 3199 ρ
2149 3130 2246 3172 suo
2270 3118 2438 3183 addit,
2473 3133 2579 3172 non
2608 3123 2929 3188 peculiarius
2955 3125 3018 3178 ad
3049 3129 3399 3194 Augustinum
3427 3133 3718 3197 pertinere,

475 3222 682 3284 Febris,
725 3234 844 3272 cum
879 3219 992 3286 ipse
1039 3217 1374 3286 postmodum
1413 3217 1482 3268 sit
1525 3216 1734 3268 habitus
1761 3216 1894 3270 deus
1943 3233 2047 3269 ine-

471 3313 685 3374 dicinai,
715 3325 832 3378 qua:
858 3309 1016 3362 habet
1042 3309 1243 3362 febrem
1266 3307 1556 3376 expellere.
1581 3307 1694 3361 Jam
1728 3324 1792 3362 ne
1825 3311 2044 3361 omnino

471 3404 611 3456 desit
639 3402 778 3472 quod
803 3403 890 3454 alii
925 3401 1127 3469 possint
1156 3415 1250 3468 pro
1277 3415 1334 3453 se
1356 3399 1701 3467 reSpondere,
1731 3400 1908 3452 addit:
1930 3399 2042 3452 Nisi

471 3497 677 3548 dicatur
705 3495 775 3548 ita
802 3493 1034 3546 crudelis
1068 3491 1228 3556 filius,
1259 3491 1402 3560 quod
1438 3500 1662 3543 matrem
1697 3502 2046 3559 persequatur

473 3586 690 3653 ubique,
715 3592 770 3636 et
801 3584 945 3636 omni
983 3583 1113 3636 sede
1142 3581 1398 3648 expellat.
1430 3580 1707 3633 .locularcs
1744 3591 1866 3633 sunt
1897 3581 2045 3632 addi-

471 3676 644 3728 tiones
683 3674 817 3738 istm,
857 3672 921 3726 ad
955 3674 1118 3725 risum
1153 3669 1413 3724 fratribus
1453 3671 1774 3724 movendum
1820 3680 2041 3738 parate.

470 3767 593 3821 lstis
630 3768 876 3820 omnibus
919 3765 1130 3818 accedit
1183 3762 1497 3817 Franciscus
1529 3763 1596 3817 de
1637 3763 1890 3823 Maronis.
1939 3776 2042 3814 non

471 3860 646 3926 quivis
671 3857 877 3917 doctor,
911 3855 1004 3906 sed
1055 3854 1418 3912 illuminatus;
1451 3861 1506 3904 et
1540 3853 1786 3906 veritates
1815 3851 2042 3919 Colligit,

469 3947 622 4012 quasi
652 3955 845 3998 cmtera
875 3952 1054 3996 essent
1079 3940 1232 3993 falsa.
1266 3940 1369 3992 Sed
1399 3940 1483 3991 hic
1511 3955 1613 3997 non
1647 3942 1814 4008 magis
1844 3942 1908 3992 ad
1943 3941 2042 3994 hoc

469 4049 604 4101 opus
643 4041 849 4099 spectat
896 4045 1052 4097 quatit
1104 4027 1168 4080 ad
1220 4037 1412 4081 CIL-tera
1444 4029 1730 4106 Augustini
1766 4045 1778 4079 :
1826 4045 1890 4081 ex
1923 4031 2042 4097 quis

470 4122 720 4174 omnibus
745 4121 815 4172 ita
843 4120 1052 4172 videtur
1071 4118 1322 4172 veritates
1345 4117 1598 4186 selegisse
1629 4132 1690 4171 ae
1712 4119 2037 4186 SCpOSlllSSe,

472 4222 528 4266 tit
557 4211 807 4281 Virgilius
857 4225 1096 4279 gemmas
1137 4225 1168 4264 e
1217 4210 1548 4262 stercoribus
1596 4209 1775 4263 Ennii.
1809 4210 1958 4275 Quod
1994 4211 2041 4263 si

471 4305 631 4359 alieni
663 4319 689 4356 a
720 4312 902 4357 nostra
936 4302 1195 4369 religione
1234 4302 1513 4368 Augustini
1544 4315 1704 4369 Opera
1734 4310 1950 4355 sumant
1985 4301 2039 4356 iu

471 4397 736 4458 inutilius,
771 4395 915 4449 illius
937 4393 1138 4446 scilicet
1165 4392 1481 4446 illutnlnatis
1507 4393 1818 4447 veritatibus
1846 4394 2044 4447 illumi-

2149 3224 2305 3277 quam
2338 3225 2455 3277 quae
2477 3225 2505 3263 a
2528 3213 2887 3268 sumrnulariis
2909 3223 3002 3268 aut
3029 3218 3393 3271 sententiariis
3413 3222 3722 3275 auctoribus

2147 3299 2212 3350 de
2235 3300 2499 3354 similibus
2521 3303 2933 3358 conscribuntur
2964 3320 3128 3374 prope
3173 3306 3400 3361 infinita.
3435 3309 3558 3364 llazc
3592 3326 3721 3378 pauc

2149 3389 2268 3442 cula
2333 3389 2399 3442 de
2429 3390 2808 3459 interpretibus
2854 3393 3010 3462 hujus
3047 3396 3228 3463 operis
3263 3397 3465 3453 dixisse
3502 3414 3586 3454 me
3615 3401 3722 3454 las-

2147 3492 2263 3531 sum
2285 3488 2339 3532 et
2368 3481 2705 3534 festinantem
2738 3482 2802 3534 ad
2832 3483 2933 3536 alia
2963 3486 3030 3537 sit
3062 3485 3215 3554 satis,
3247 3496 3448 3541 tantum
3479 3489 3545 3542 ad
3578 3489 3720 3544 bona

2150 3571 2358 3640 ingenia
2389 3574 2914 3629 commonefacienda
2954 3591 3060 3629 non
3097 3592 3180 3632 me
3211 3581 3428 3635 omnino
3461 3580 3513 3636 in
3547 3581 3632 3638 his
3657 3583 3721 3638 li-

2146 3663 2256 3717 bris
2284 3673 2457 3716 actum
2489 3665 2676 3732 egisse.

2318 3753 2581 3818 QUINAM
2625 3756 2933 3811 NOMINUM
2977 3759 3271 3814 FUERINT
3313 3759 3539 3827 GOTHI,

2493 3861 2558 3898 ΕΤ
2598 3861 2842 3908 QUOMODO
2875 3863 3051 3902 ιιοιιΑιι
3083 3864 3364 3904 Clil‘ERINT.

2214 3935 2344 3990 Cum
2377 3936 2700 4004 Augustinus
2731 3953 2793 3990 ex
2843 3939 3079 3992 Romana
3126 3942 3437 4008 captivitate
3473 3944 3717 3998 occasio-

2145 4043 2266 4083 nem
2297 4029 2586 4098 sumpserit
2611 4029 2875 4084 scriLen-li
2915 4031 2981 4084 de
3021 4032 3248 4087 Civitate
3277 4033 3392 4097 Dei,
3438 4043 3495 4088 ut
3540 4037 3604 4090 iis
3633 4052 3717 4091 re-

2144 4120 2430 4187 Sponderet
2459 4121 2547 4190 qui
2568 4136 2680 4175 eam
2707 4123 2912 4176 cladem
2935 4123 3249 4178 Christianae
3275 4117 3514 4195 religioni
3543 4128 3717 4196 impu-

2147 4213 2351 4275 tabant,
2382 4227 2561 4281 operm
2594 4215 2819 4281 pretium
2842 4217 2944 4268 erit
2967 4217 3124 4270 altius
3155 4220 3464 4274 narratione
3490 4223 3713 4288 repetita

2144 4301 2436 4368 explicare,
2475 4303 2691 4370 quinam
2725 4303 2996 4358 hominum
3027 4307 3219 4361 fuerint
3243 4305 3421 4372 Gothi,
3449 4311 3716 4377 quomodo

2144 4392 2196 4445 in
2253 4391 2455 4447 Italiam
2509 4394 2776 4459 venerint,
2824 4396 3128 4464 Crbemque
3171 4400 3430 4465 ceperint.
3476 4399 3711 4455 Primum

472 4499 613 4549 nata,
642 4486 768 4556 quid
798 4485 873 4538 eis
898 4483 1072 4537 veniet
1112 4484 1162 4535 iu
1193 4491 1424 4535 mentem
1456 4483 1521 4536 de
1563 4483 1863 4550 hujusmodi
1899 4484 2041 4539 veri-
2071 4503 2117 4560 ι)
2144 4485 2382 4538 οηιιιὶιιιη
2426 4487 2536 4539 fere
2580 4485 2737 4539 video
2781 4496 3054 4552 constare,
3101 4502 3234 4556 quos
3275 4491 3540 4558 posterior
3584 4501 3714 4547 aetas

471 4579 698 4632 tatibus?
722 4575 844 4646 quid
875 4575 1303 4643 suspicahttntur,
1328 4574 1454 4643 quid
1477 4575 1725 4629 credent?
1756 4576 2038 4642 Nimirum,

469 4685 590 4725 esse
617 4681 806 4724 cit-tera
842 4668 924 4720 vel
952 4681 1131 4733 parum
1163 4680 1311 4730 vera,
1346 4666 1430 4718 vel
1464 4666 1719 4718 Ecclesia:
1754 4678 2038 4734 suspecta;

470 4762 560 4816 illa
589 4757 956 4813 tantummodo
994 4756 1160 4809 teneri
1201 4764 1255 4807 et
1283 4755 1450 4808 asseri
1485 4769 1514 4806 a
1569 4755 1722 4808 nobis
1753 4769 1850 4808 Ceu
1889 4757 2037 4809 firma

466 4861 520 4903 et
554 4851 868 4912 indubitata,
911 4857 966 4899 ιιι
991 4863 1108 4915 qua:
1155 4845 1485 4898 illuminatus
1527 4844 1716 4897 doctor
1748 4846 2033 4899 indicarit:

466 4943 520 4991 in
552 4938 743 5006 quibus
781 4946 955 4991 tamen
994 4938 1169 4991 rixosa
1204 4935 1391 5000 multa,
1418 4935 1522 4988 alia
1570 4935 1837 5005 ambigua,
1876 4938 2035 4990 e-iant

466 5027 601 5080 falsa
637 5025 910 5091 complura
966 5027 1222 5079 inveniat.
1277 5026 1406 5078 Nam
1442 5025 1486 5077 si
1527 5026 1707 5078 omnia
1759 5027 2035 5094 Augusﬁui

466 5128 594 5173 sunt
628 5132 778 5185 atque
804 5131 950 5179 vera,
979 5117 1104 5184 quid
1147 5117 1278 5169 mihi
1313 5132 1433 5170 cum
1479 5117 1585 5170 tuis
1617 5117 1949 5182 verLtatibus,
1984 5119 2036 5170 iii

467 5223 694 5279 quarum
731 5207 998 5274 plerisque
1029 5205 1160 5257 nihil
1193 5204 1472 5273 Augustini
1505 5206 1662 5259 dictis
1703 5207 1888 5270 addis;
1918 5222 2036 5260 cuiu

466 5317 596 5357 vero
625 5300 797 5364 addis,
825 5295 1194 5365 sophisticaris
1225 5312 1236 5346 :
1265 5303 1318 5348 et
1339 5311 1443 5348 non
1475 5304 1530 5348 ιιι
1568 5297 1849 5364 Augustini
1886 5295 2034 5348 veri-

467 5404 630 5448 tatem
669 5390 932 5461 sequeris,
962 5387 1056 5441 scd
1086 5387 1232 5439 illum
1274 5400 1394 5438 cum
1436 5385 1659 5437 veritate
1687 5387 1898 5439 obtorto
1926 5388 2037 5441 col-

467 5481 553 5548 lo,
585 5499 690 5552 quo
722 5487 833 5552 ipse
860 5482 939 5535 vis
969 5492 1207 5549 torques,
1243 5490 1432 5544 nempe
1471 5476 1537 5529 ad
1571 5473 1860 5532 factionem
1905 5479 2035 5532 Sco-

464 5570 644 5633 ticam,
674 5583 729 5625 ut
753 5583 934 5627 contra
962 5571 1222 5625 Thomam
1245 5570 1454 5622 locutus
1481 5566 1762 5628 videatur;
1788 5577 1840 5623 ct
1869 5585 2035 5623 cona-

463 5659 539 5711 ris
572 5658 740 5730 ipsum
777 5664 951 5729 putari
981 5661 1160 5717 dicere
1184 5674 1300 5714 dum
1333 5673 1398 5714 ne
1429 5656 1676 5728 cogitavit
1706 5658 1922 5728 quidem
1954 5662 2032 5717 ul-

2149 4574 2375 4640 Gnthos,
2419 4576 2649 4643 priorem
2697 4575 2858 4630 Getas
2903 4592 3240 4646 nuncupasse
3270 4598 3282 4630 :
3314 4591 3371 4633 ιιι
3417 4581 3504 4634 illa
3547 4595 3712 4650 pauca

2148 4681 2208 4720 ex
2264 4666 2453 4734 priscis
2496 4667 2772 4722 vocabulis
2814 4682 2921 4722 non
2965 4671 3223 4738 corrupit.
3271 4671 3358 4726 Sic
3396 4671 3623 4727 Rutilius
3659 4682 3710 4727 et

2149 4756 2472 4809 Claudianus
2511 4765 2703 4825 poclm,
2737 4773 2857 4812 cum
2885 4759 2952 4813 de
2992 4759 3182 4814 Gothis
3214 4761 3520 4831 loquuntur,
3551 4762 3712 4818 Getas

2146 4864 2240 4901 eos
2282 4862 2493 4917 semper
2525 4848 2820 4903 nominant.
2866 4852 3086 4907 Orosius
3131 4852 3314 4908 itidem
3344 4853 3396 4906 in
3437 4853 3666 4907 llistoria
3699 4869 3712 4905 :

2147 4937 2313 5002 Getm,
2347 4939 2533 5009 inquit,
2574 4940 2663 5008 qui
2699 4955 2838 4993 nunc
2881 4939 3061 5006 Gothi,
3112 4957 3247 5012 quos
3276 4944 3579 4998 Alexander
3607 4944 3718 4999 evi-

2144 5029 2333 5083 t-ndos
2373 5031 2756 5096 pronuntiavit,
2803 5030 3039 5100 Pyrrhus
3077 5017 3378 5100 exhorruit,
3417 5033 3599 5089 Caesar
3623 5050 3717 5090 au-

2143 5127 2246 5173 tem
2278 5119 2585 5183 declinavit,
2634 5119 2834 5173 relictis
2871 5136 3140 5190 vacueque
3180 5122 3334 5178 factis
3371 5124 3622 5188 sedibus,
3653 5138 3716 5184 ac

2142 5211 2266 5264 totis
2297 5210 2503 5264 viribus
2536 5210 2632 5263 tuti
2671 5212 2936 5266 Romanas
2978 5213 3205 5282 ingressi
3236 5215 3555 5283 provincias.
3593 5216 3716 5268 llic-

2141 5315 2397 5369 ronymus
2435 5301 2485 5352 in
2536 5300 2812 5382 Genesim,
2863 5301 3067 5358 Gothos
3111 5305 3177 5359 ab
3221 5307 3444 5360 eruditis
3482 5307 3716 5382 antiquis

2144 5389 2304 5444 Getas
2344 5390 2645 5444 nominatos
2684 5375 2802 5446 csse
2840 5403 3087 5448 testatur.
3123 5393 3268 5449 Getae
3314 5410 3442 5449 vero
3471 5375 3716 5466 suntqui

2144 5481 2284 5533 circa
2335 5479 2525 5534 lstrurn
2575 5480 2791 5535 fluvium
2848 5483 3125 5549 habitant,
3185 5496 3242 5539 ut
3302 5496 3553 5541 auctores
3594 5495 3718 5540 sunt

2145 5567 2363 5634 Strabo,
2396 5570 2547 5637 Mela,
2576 5572 2800 5633 Plinius,
2826 5582 2880 5628 et
2910 5574 3035 5638 alii;
3061 5576 3268 5644 lateque
3298 5577 3568 5644 regionem
3594 5589 3716 5644 pos-

2147 5661 2322 5718 sidcnt
2349 5663 2599 5722 incultam
2628 5680 2817 5736 magna
2851 5675 3021 5736 parte,
3054 5680 3106 5724 et
3138 5667 3400 5738 rigoribus
3423 5667 3714 5724 immitem:
