3900 6314
143 339 262 395 453

859 332 1206 390 VARIORUM
1247 329 1841 388 EXERCITATIONES
1880 330 1946 386 IN
1984 332 2041 388 S.
2085 331 2450 389 AUGUSTINI
2488 332 2736 389 OPERA.

3331 345 3433 401 154

143 461 471 520 tenentque
525 451 778 507 ulteriora
808 451 1040 522 ,lstri1ad
1075 451 1370 521 Scythiam,
1418 458 1473 504 et
1515 449 1760 505 citeriora
1789 462 1840 522 Α
1867 450 2063 519 iniquis
2093 462 2279 519 pacem
2311 463 2433 504 cum
2465 450 2572 504 illis
2615 450 2889 506 fecerunt:
2934 467 3091 522 quam
3137 457 3295 516 Gothi
3329 477 3434 517 non

142 544 226 597 ad
259 542 587 606 Thraciam,
616 542 705 596 ubi
738 541 960 606 Tomu‘s,
1007 542 1177 597 Ovidii
1214 543 1348 596 vatis
1374 541 1566 596 exsilio
1593 541 1760 605 clara,

148 639 265 706 qui
300 650 364 690 se
397 635 539 704 apud
572 633 735 688 Getas
779 648 940 703 agere
974 648 1074 687 non
1115 633 1282 688 semel
1320 633 1375 687 in
1416 631 1681 687 Tristibus
1711 641 1766 687 et

151 728 360 780 Ponto
408 741 468 780 sc
500 725 620 790 ibit,
663 732 773 779 tum
801 735 854 779 ct
901 725 1288 779 mediterranea
1327 733 1591 793 occupant
1629 725 1764 780 Ger-

151 816 422 870 maniam
461 829 648 869 versus
697 824 751 869 et
796 815 916 869 lstri
954 814 1176 880 fontem,
1226 830 1359 884 quos
1400 814 1593 870 Strabo
1629 815 1767 869 libro

154 908 419 974 septimo
445 905 614 959 Dacos
636 912 690 960 et
713 905 838 958 olim
865 905 1038 958 Davos
1062 905 1362 958 nominatos
1389 919 1508 958 esse
1528 905 1621 970 ait,
1645 919 1764 957 cum

161 999 480 1053 viciniores
503 999 672 1052 I‘onto
695 997 1004 1052 dicerentur
1029 1012 1059 1050 a
1080 998 1280 1052 Gra:cis
1302 998 1471 1061 Getze,
1493 997 1770 1052 eumdein-

165 1103 288 1156 que
346 1089 594 1154 utrisque
644 1088 852 1154 pupulis
914 1102 1219 1142 sermonem
1258 1102 1394 1142 esse.
1456 1087 1769 1156 Quanquam

166 1181 397 1234 Plinius
427 1194 536 1232 non
582 1177 723 1232 aliud
768 1178 910 1232 inter
952 1179 1048 1232 hos
1081 1181 1305 1247 populos
1336 1179 1544 1233 videtur
1566 1179 1769 1247 signifi-

174 1285 322 1324 care
353 1269 648 1322 discrimen
677 1283 819 1334 esse,
856 1283 1012 1337 quam
1044 1269 1186 1337 quod
1222 1267 1369 1322 Getae
1396 1268 1597 1323 Graecis
1623 1276 1766 1334 sunt,

175 1361 277 1426 qui
309 1358 573 1412 Romanis
619 1358 764 1412 Daci.
807 1359 914 1413 Sed
958 1374 1052 1413 nos
1093 1357 1410 1413 Strabonem
1457 1359 1557 1413 hoc
1585 1374 1774 1428 seque-

179 1463 317 1502 mur
350 1448 491 1500 loco.
511 1446 672 1502 Geta:
703 1447 929 1501 barbara
957 1457 1011 1501 et
1042 1450 1150 1503 fera
1181 1465 1310 1517 gens
1330 1458 1431 1514 est,
1462 1449 1664 1504 viribus
1694 1458 1774 1503 at-

181 1552 298 1602 que
342 1536 524 1590 animo
565 1537 784 1591 immani
837 1539 1025 1592 murtis-
1059 1548 1446 1608 contempwre,
1478 1540 1616 1608 quod
1649 1555 1770 1608 per-

183 1642 416 1680 suasum
449 1628 679 1681 habeant
717 1627 894 1682 redire
939 1630 1166 1694 animas,
1212 1629 1349 1683 sicut
1380 1631 1510 1682 Mela
1550 1631 1771 1684 scribit:

191 1727 292 1770 aut
322 1717 365 1770 si
390 1732 494 1770 non
527 1717 768 1782 redeant,
799 1733 904 1771 non
930 1728 1102 1773 tamen
1126 1721 1408 1787 exstingui,
1430 1731 1484 1775 et
1510 1722 1560 1774 in
1586 1722 1776 1775 melio-

1866 539 2153 593 admodum
2188 540 2493 593 diuturnam
2525 550 2831 607 servarunt,
2863 543 3070 609 ignavia
3104 555 3158 599 et
3187 552 3434 604 socordia

1867 631 2093 687 Gallieni
2125 632 2382 701 principis
2417 632 2561 686 freti.
2594 631 2709 686 Non
2729 633 2839 702 jam
2878 632 3159 690 Thraciam
3188 639 3439 709 Mysiam-

1865 740 1990 791 que,
2023 724 2114 778 sed
2146 724 2326 777 Asiam
2351 725 2518 793 ipsam
2548 723 2809 779 Minorem
2848 736 2971 780 sunt
3002 735 3210 782 tentare
3236 729 3434 785 adorti.

1868 815 2171 884 Bithyniam
2201 823 2444 868 vexatam
2477 814 2865 882 spoliaverunt,
2898 820 3206 886 reversique
3241 820 3293 873 in
3335 820 3442 874 Eu-

1868 919 2087 973 r0pam,
2159 904 2445 957 Thraciam
2508 903 2978 974 Macedoniamque
3039 918 3436 976 pervastarunt.

1868 996 2074 1062 Quibus
2105 997 2156 1049 in
2207 995 2465 1048 Achaiam
2496 995 2837 1050 venientibus
2883 997 3146 1052 Macrinus
3189 1014 3248 1054 se
3289 1001 3442 1070 obje-

1871 1088 1963 1150 cit,
1996 1101 2196 1154 eosque
2224 1087 2350 1139 vicit
2379 1100 2440 1139 ac
2465 1085 2659 1154 fugavit
2704 1099 3034 1155 persecutus,
3067 1103 3340 1160 quousque
3373 1091 3440 1144 il-

1875 1175 1952 1229 los
1985 1177 2122 1228 intra
2166 1176 2300 1230 fines
2339 1190 2480 1228 suos
2503 1177 2779 1244 compulit.
2809 1177 3010 1242 Quibus
3042 1189 3219 1236 tamen
3248 1197 3306 1236 se
3334 1199 3440 1237 non

1871 1264 1963 1319 diu
1985 1266 2334 1328 continuere;
2359 1280 2662 1334 quanquam
2701 1267 2901 1334 egressi
2927 1269 2978 1321 in
3007 1272 3440 1326 strenuissimum

1874 1358 2170 1427 principem
2212 1357 2534 1420 inciderunt,
2569 1356 2742 1410 virum
2782 1371 2880 1411 nec
2920 1359 3141 1413 minoris
3181 1361 3446 1419 felicitatis

1873 1464 2030 1518 quain
2057 1451 2290 1514 virtutis,
2323 1449 2370 1502 si
2402 1450 2505 1502 vita
2536 1449 2695 1502 modo
2723 1451 3033 1519 contigisset
3060 1450 3113 1504 in
3146 1454 3446 1522 principatu

1875 1539 2200 1593 diuturnior.
2225 1540 2476 1592 Claudius
2503 1540 2599 1592 fuit
2624 1540 2668 1593 is
2689 1542 2778 1607 qui
2809 1549 3048 1595 trecenta
3077 1543 3240 1596 millia
3260 1558 3444 1599 eorum

1877 1631 2066 1698 partim
2091 1629 2309 1693 delevit,
2345 1630 2536 1697 partim
2573 1630 2735 1696 cepit.
2767 1629 3034 1684 infinitam
3067 1631 3235 1687 fuisse
3264 1637 3439 1704 gentis

1879 1725 2033 1792 hujus
2057 1723 2450 1777 multitudinem
2492 1725 2748 1790 Oportuit.
2788 1723 2901 1776 Non
2933 1724 3074 1777 enim
3107 1728 3301 1779 multus
3333 1738 3448 1795 post

196 1822 291 1861 res
336 1807 493 1861 sedes
544 1808 850 1875 immigrare
885 1812 1063 1878 :quud
1109 1812 1150 1863 si
1195 1822 1439 1864 neutrum
1485 1814 1780 1881 contingat,
1818 1818 1859 1874 Β
1888 1829 2078 1878 annos,
2110 1815 2397 1868 Aureliano
2423 1815 2703 1879 imperium
2731 1823 2967 1878 tenente,
3002 1813 3066 1868 ad
3097 1830 3243 1868 artua
3277 1819 3448 1872 redie—

186 1907 454 1965 pr;e.~tarc
493 1907 642 1953 certe
673 1899 792 1952 vita:
835 1911 1081 1955 mortem.
1125 1902 1282 1954 Fama
1323 1911 1425 1968 est,
1461 1904 1772 1970 posteriori-

189 1989 297 2039 bus
337 1986 532 2040 deinde
580 1989 908 2054 temporibus
947 1991 1108 2045 Getas
1138 1993 1488 2059 Ostrogothus
1527 2007 1646 2047 esse
1694 1995 1777 2046 di-

183 2090 318 2132 ctus
342 2095 356 2131 :
390 2079 559 2132 Dacos
587 2095 714 2134 vero
746 2081 1046 2149 Visiguthos
1074 2085 1255 2150 patriis
1284 2083 1614 2137 numinibus:
1635 2085 1774 2152 quod

187 2169 241 2220 bi
278 2169 348 2222 ad
390 2169 759 2236 Occidentem,
808 2171 872 2223 ad
923 2171 1192 2228 Orientem
1236 2174 1314 2226 illi
1349 2175 1517 2243 magis
1561 2184 1773 2244 speeta-

189 2271 336 2315 rent.
383 2261 793 2315 Confunduntur
822 2271 997 2318 tamen
1041 2264 1354 2333 plerumque
1388 2267 1467 2318 lue
1499 2265 1775 2335 cognomi-

187 2353 443 2406 nationes
471 2368 649 2406 rerum
700 2367 727 2404 a
758 2353 1127 2420 scriptoribus,
1177 2371 1278 2408 non
1322 2356 1480 2410 modo
1513 2358 1776 2412 recentio-

192 2445 366 2511 ribus,
425 2444 519 2497 sed
556 2444 715 2497 etiam
773 2445 1030 2510 antiquis.
1080 2444 1225 2498 llanc
1279 2455 1492 2514 gentem
1535 2447 1769 2514 tradunt,

189 2535 303 2602 jam
341 2534 467 2586 olim
501 2533 727 2586 florente
745 2547 867 2586 cum
897 2535 1181 2601 plurimum
1217 2536 1451 2588 Romana
1488 2552 1568 2600 re,
1602 2538 1773 2605 impe-

194 2624 400 2676 tumin
447 2624 772 2691 provinciam
816 2625 993 2691 populi
1030 2625 1254 2679 Roiuani
1304 2626 1662 2680 Mithridatico
1701 2630 1775 2681 fe-

192 2712 340 2765 cisse
363 2711 500 2766 bello
533 2731 544 2762 :
577 2727 710 2780 quos
743 2712 1014 2778 Lucullus,
1047 2716 1136 2780 qui
1176 2715 1227 2767 in
1258 2716 1382 2768 Asia
1425 2731 1617 2784 magno
1654 2732 1772 2770 cum

190 2803 437 2856 exercitu
480 2803 774 2870 imperator
803 2819 889 2858 res
927 2805 1167 2874 gerebat,
1215 2819 1244 2858 e
1273 2805 1436 2874 Mysia
1469 2821 1589 2858 cum
1626 2806 1776 2860 clade

191 2898 393 2965 exegit.
429 2897 556 2950 Post
592 2912 719 2951 vero
748 2898 1040 2952 erebista
1069 2898 1225 2965 duce,
1259 2915 1377 2954 cum
1407 2900 1475 2955 ab
1507 2917 1571 2956 eo
1609 2903 1676 2955 ad
1702 2905 1776 2956 la-

195 2991 356 3043 bores
404 2990 799 3058 militaremque
853 2991 1187 3059 disciplinam
1236 3003 1421 3047 essent
1464 2992 1774 3058 assuefacti,

162 3139 164 3141 _
193 3092 438 3146 egressos
463 3080 735 3148 regionem
760 3094 907 3134 suam
931 3081 1123 3135 multas
1145 3082 1242 3135 sibi
1261 3091 1447 3151 gentes
1473 3085 1772 3153 subegisse,

1881 1915 2025 1968 runt,
2057 1906 2338 1972 primoque
2387 1904 2572 1972 prrclio
2599 1913 2723 1956 sunt
2761 1903 2828 1955 ad
2869 1903 3158 1956 Danubium
3191 1908 3446 1972 superati.

1880 1997 1964 2050 FI.
1993 1996 2367 2050 Constantinus
2406 2003 2546 2047 tanta
2584 1993 2701 2047 illos
2739 1993 2884 2047 caede
2913 1992 3118 2057 affecit,
3153 2003 3211 2048 ut
3239 2005 3451 2063 cogeret

1880 2086 2094 2140 tandem
2126 2085 2319 2138 multos
2359 2098 2454 2153 per
2483 2097 2651 2136 annos
2681 2084 2887 2151 quietos
2913 2097 3050 2137 esse.
3092 2082 3164 2137 Ita
3191 2084 3330 2139 enim
3363 2086 3450 2139 isti

1878 2175 2208 2245 pugnabant,
2242 2184 2298 2228 nt
2334 2191 2522 2244 magno
2553 2175 2781 2227 hostium
2831 2174 2972 2227 malo
3003 2176 3310 2244 vincerent,
3344 2192 3450 2232 non

1879 2267 2084 2319 minore
2107 2281 2202 2319 suo
2228 2266 2588 2318 vincerentur.
2615 2265 2784 2332 Atque
2808 2266 2919 2318 haec
2942 2264 3152 2332 quidem
3176 2275 3454 2334 gesserunt

1879 2358 2058 2419 Gothi,
2083 2373 2238 2427 quam
2270 2358 2355 2410 diu
2385 2366 2558 2411 certas
2590 2355 2687 2424 ipsi
2713 2355 3006 2410 habuerunt
3031 2357 3205 2411 sedes.
3235 2357 3455 2411 Valente

1878 2449 2141 2519 principe,
2177 2448 2383 2510 llunni,
2417 2449 2502 2514 qui
2533 2458 2583 2501 et
2614 2447 2708 2516 ipsi
2741 2460 2858 2500 sunt
2891 2448 3122 2518 Scythae,
3156 2448 3248 2502 sed
3281 2449 3454 2502 immi-

1879 2543 2041 2593 tiores
2072 2541 2420 2608 rudioresque
2463 2539 2675 2591 humani
2713 2539 3020 2593 commercii
3049 2583 3063 2604 ,
3107 2540 3157 2592 in
3192 2540 3456 2608 Ryphmos

1878 2640 2085 2684 montes
2124 2630 2487 2683 inclinatiores
2513 2671 2526 2695 ,
2582 2630 2718 2682 inter
2759 2629 2980 2682 Tanaim
3033 2628 3458 2696 Massagetasqne

1879 2721 2116 2774 eoi-clusi
2147 2759 2160 2782 ,
2193 2720 2396 2772 Gothos
2425 2718 2639 2787 regione
2669 2733 2825 2784 quam
2859 2717 3152 2770 incolerent
3177 2760 3189 2782 ,
3229 2732 3322 2785 per
3353 2717 3456 2770 vim

1878 2810 2105 2877 ejcccre.
2151 2810 2280 2874 Qua:
2317 2808 2525 2859 tametsi
2570 2806 2757 2873 rigoris
2784 2805 3099 2872 intemperie
3130 2821 3314 2874 parum
3356 2807 3458 2859 hu~

1879 2899 2051 2951 manis
2073 2907 2184 2951 erat
2212 2897 2396 2950 usibus
2421 2895 2723 2960 commoda,
2758 2904 2932 2948 tamen
2961 2895 3134 2947 llunni
3165 2895 3459 2948 saluberri-

1880 3005 2017 3042 mam
2040 2989 2513 3054 suaviSsimamque
2533 2987 2768 3041 omnium
2792 2987 3188 3053 existimabant,
3217 2987 3460 3041 homines

1878 3091 2027 3132 extra
2070 3079 2198 3132 solis
2230 3077 2341 3130 vias
2381 3091 2676 3144 cursusque
2720 3076 2828 3130 nati
2868 3084 2922 3129 et
2963 3076 3190 3132 educati.
3236 3076 3327 3130 llic
3353 3076 3461 3145 jatn

196 3171 442 3240 Istroque
473 3188 594 3226 cum
629 3174 856 3225 maxima
887 3173 1104 3241 trajeclo
1126 3190 1309 3241 manu,
1336 3176 1641 3242 Thraciam,
1664 3177 1770 3230 Μει-
1799 3177 1842 3237 C
1878 3169 2034 3222 Golhi
2066 3167 2314 3233 Sedibus.
2344 3167 2611 3230 domibus.
2647 3166 2844 3221 lariblls
2873 3168 3257 3237 νειιοιίὺιιεειιιο
3293 3168 3462 3231 οκυῑίι

196 3264 504 3331 cedoniam,
532 3274 583 3318 et
615 3264 848 3334 illyrium
876 3266 978 3318 late
1009 3267 1381 3334 depopulatos,
1411 3268 1675 3332 ingentmn
1703 3271 1776 3320 fe-

121 3363 126 3369 '
198 3353 334 3406 cisse
366 3353 625 3406 Romanis
653 3367 930 3407 terrorem.
963 3354 1302 3423 Interitnqtte,
1333 3355 1455 3409 dum
1483 3358 1532 3409 in
1559 3372 1651 3411 eos
1676 3360 1776 3411 llo-

200 3454 484 3493 manorum
514 3454 658 3493 arma
693 3440 1066 3508 expediuntur,
1098 3442 1387 3496 erebista
1419 3443 1526 3497 fato
1557 3458 1777 3497 conces-

200 3529 288 3582 sit.
323 3534 598 3598 Augustus
631 3531 867 3600 legiones
897 3531 1006 3586 fere
1046 3533 1231 3586 decem
1262 3534 1315 3586 in
1357 3535 1474 3588 illos
1518 3535 1662 3588 misit
1690 3550 1781 3589 co-

205 3636 433 3689 rumque
483 3638 613 3690 opes
662 3639 828 3691 usque
882 3625 1016 3678 adeo
1065 3626 1286 3689 attrivit,
1331 3639 1384 3680 ut
1429 3643 1491 3681 ex
1530 3628 1782 3682 ducentis

207 3714 440 3768 millibus
466 3714 693 3768 militum
717 3717 780 3768 ad
813 3717 1162 3786 quadraginta
1195 3719 1360 3771 millia
1389 3721 1569 3788 ecpias
1595 3735 1780 3774 eorum

208 3805 502 3874 redegerit,
534 3821 597 3859 ac
628 3822 813 3874 parum
845 3810 1073 3862 abfuerit
1097 3811 1222 3877 quin
1250 3821 1460 3879 gentem
1494 3821 1656 3866 to:am
1682 3815 1780 3866 im-

210 3896 357 3961 perio
401 3896 661 3950 subderct
701 3898 959 3950 liumano.
1013 3900 1227 3968 Aliquot
1277 3916 1444 3953 annos
1487 3913 1605 3971 post
1653 3904 1784 3957 fines

211 3983 482 4038 Romanos
515 3986 763 4053 ingrcssi,
796 3988 1017 4055 Oppium
1052 3989 1306 4043 Sabinum
1337 3991 1672 4044 consularem
1700 3995 1780 4044 vi-

216 4089 328 4127 rum
359 4090 481 4127 cum
509 4075 744 4129 exercitu
769 4078 1099 4143 ceciderunt,
1131 4080 1218 4146 qui
1249 4093 1276 4130 a
1310 4077 1560 4132 Cornelio
1591 4079 1781 4148 Fusco,

217 4165 518 4219 Domitiano
542 4168 801 4236 principe,
836 4177 955 4237 post
995 4171 1140 4223 varia
1171 4170 1353 4237 pra-lia
1392 4170 1602 4224 tandem
1632 4186 1782 4225 com-

216 4255 383 4324 pressi
432 4264 579 4309 sunt.
631 4255 894 4325 Traianus
941 4258 1233 4326 imperator
1278 4259 1502 4313 multum
1540 4275 1661 4314 cum
1707 4261 1785 4315 eis

215 4361 510 4416 magnaque
540 4363 660 4401 cum
692 4349 857 4417 gloria
889 4349 1242 4417 belligeravit.
1288 4352 1589 4406 Antoninus
1618 4350 1783 4406 Cara-

214 4437 346 4490 calla
389 4453 483 4505 per
532 4439 868 4492 occasionem
917 4440 1049 4492 nihil
1092 4439 1196 4492 tale
1237 4440 1569 4507 suSpicantes
1615 4441 1782 4494 vehe-

1882 3261 1968 3327 qui
2019 3259 2152 3312 ultra
2193 3259 2399 3312 alienos
2436 3268 2587 3312 erant
2633 3257 2772 3312 soliti
2812 3259 2946 3311 lines
2991 3258 3263 3323 invadere,
3292 3263 3463 3314 coacti

1880 3356 2006 3402 sunt
2044 3350 2121 3402 vel
2153 3359 2375 3402 mortem
2408 3349 2614 3401 fortiter
2638 3357 2890 3414 oppetere
2911 3388 2924 3411 ,
2956 3349 3039 3401 vel
3071 3350 3124 3401 in
3168 3350 3322 3401 alieni
3364 3351 3463 3404 soli

1883 3440 2296 3506 possessionem,
2318 3453 2436 3489 rum
2464 3438 2560 3505 ipsi
2585 3436 2909 3504 nullumjam
2936 3437 3212 3502 haberent,
3239 3439 3465 3494 interere.

1882 3529 2016 3582 Sunt
2043 3529 2129 3595 qui
2166 3543 2268 3579 non
2310 3529 2473 3579 Getas
2507 3527 2626 3577 illus
2654 3540 2788 3593 quos
2818 3525 3168 3593 OstrOgothos
3205 3530 3462 3598 diximus,

1885 3618 2095 3672 venisse
2139 3617 2189 3668 in
2238 3630 2420 3683 agrum
2470 3614 2648 3683 populi
2701 3614 2922 3666 llomani
2977 3616 3326 3682 perhibeant,
3371 3622 3467 3674 sed

1887 3709 2206 3776 Visogothus
2250 3708 2455 3760 fortuna
2502 3706 2766 3761 sociorum
2797 3709 3116 3759 conterritos
3139 3707 3469 3763 deliberasse

1887 3799 1952 3852 de
1978 3798 2242 3853 mutandis
2265 3798 2501 3864 sedibus,
2527 3799 2727 3852 veritos
2755 3812 2821 3851 ne
2849 3796 3032 3850 cadem
3058 3808 3234 3851 essent
3261 3801 3468 3866 passuri

1887 3907 2004 3960 qum
2026 3890 2362 3960 Ostrogothi,
2395 3889 2807 3943 extcnilcutibus
2838 3904 2898 3942 se
2929 3891 3072 3942 velut
3104 3890 3310 3944 marino
3335 3902 3467 3946 :I‘Sltt

1888 3983 2144 4036 lltn‘micis
2168 3983 2359 4045 armis,
2385 3980 2695 4048 vicinasque
2725 3982 2967 4049 regiones
2996 3981 3315 4036 dolentibus.
3346 3982 3470 4037 llaec

1888 4090 1974 4130 res
2004 4075 2321 4144 Visogothos
2355 4075 2404 4126 in
2441 4089 2556 4128 eam
2596 4076 2910 4127 sententiam
2955 4074 3163 4142 impulit
3186 4084 3240 4128 ut
3269 4076 3470 4143 legatos

1887 4167 1952 4220 ad
1989 4167 2262 4221 Valentem
2307 4166 2603 4218 Romanum
2637 4163 3012 4230 imteratorem
3043 4169 3349 4234 mitterent,
3381 4168 3468 4234 qui

1887 4259 2060 4326 gentis
2091 4258 2301 4311 nomine
2343 4256 2563 4326 My~iam
2606 4257 2740 4308 citra
2786 4257 3082 4310 Danubium
3131 4257 3325 4310 flumen
3370 4259 3468 4312 sibi

1891 4349 2222 4401 iucolendam
2265 4355 2542 4415 peterent,
2593 4349 2916 4413 spondentes
2957 4347 3225 4399 communi
3257 4346 3472 4400 nomine

1890 4457 1949 4496 se
1979 4456 2164 4496 omnrs
2191 4442 2543 4494 Christianam
2580 4442 2830 4508 pietatem
2867 4448 3178 4507 accepturus
3199 4480 3212 4500 ,
3238 4437 3470 4490 futurus-

212 4535 418 4580 mcnter
446 4526 650 4580 afflixit.
684 4526 937 4581 Gordiani
967 4543 1092 4582 vero
1125 4529 1453 4596 temporibus
1487 4529 1538 4583 in
1583 4529 1778 4582 Roma-
1812 4535 1862 4595 D
1889 4550 1992 4605 que
2015 4537 2180 4588 bonos
2203 4533 2492 4601 fidelesque
2517 4533 2878 4585 Romanorum
2901 4530 3472 4600 stipendiarios,annis

211 4629 311 4668 nos
336 4615 467 4669 fines
504 4615 931 4684 frequentissime
961 4633 1019 4671 se
1049 4617 1413 4682 effundebant,
1444 4633 1577 4686 quos
1606 4619 1780 4672 minor

211 4707 514 4761 Gordianus
570 4707 710 4760 facili
761 4723 920 4777 Opera
967 4711 1228 4764 excedere
1276 4713 1540 4778 provincia
1584 4712 1779 4782 coegit.

211 4804 384 4858 Ferox
427 4813 480 4858 ct
510 4805 740 4872 inquieta
772 4819 924 4872 gens,
966 4807 1184 4874 suisque
1223 4807 1438 4860 sedibus
1487 4808 1624 4861 male
1654 4822 1782 4860 eun-

215 4903 381 4960 teuta,
417 4895 643 4948 subinde
689 4910 876 4948 causas
919 4895 1120 4949 alienas
1162 4896 1442 4948 invadendi
1486 4897 1779 4964 quaerebat.

216 4986 394 5053 Itaque
429 4985 671 5053 Philippo
705 4985 973 5039 Bustrensi
1007 4988 1348 5055 imperatore,
1382 4986 1470 5054 qui
1499 4988 1695 5051 primus
1717 5001 1779 5039 ex

217 5077 468 5129 Romanis
497 5078 823 5146 principibus
869 5076 1226 5131 Christianam
1259 5078 1506 5145 pTetatem
1550 5085 1630 5128 est
1661 5091 1783 5144 pro-

213 5167 404 5234 fessus,
437 5169 618 5222 multis
648 5168 883 5222 czedihus
920 5169 1318 5237 populationibu
1352 5179 1454 5235 que
1482 5166 1640 5219 editis
1672 5181 1784 5217 am-

216 5256 352 5326 plius
397 5266 635 5312 trecenta
670 5259 780 5312 fere
807 5259 1042 5312 virorum
1083 5260 1242 5312 millia
1281 5259 1332 5311 in
1376 5257 1643 5326 proximas
1680 5257 1782 5311 sibi

214 5345 494 5401 Thraciam
539 5347 866 5418 Mysiamque
898 5350 1185 5402 irruerunt.
1227 5349 1305 5401 Ad
1338 5363 1468 5418 quos
1518 5348 1784 5416 expellen-

218 5436 312 5489 dos
340 5438 534 5490 missus
573 5437 764 5491 Decius
795 5453 907 5492 rem
952 5453 1133 5506 parum
1173 5439 1482 5505 plerumque
1527 5451 1782 5506 prospere

224 5535 473 5578 tentatam
506 5535 557 5580 et
585 5527 698 5595 ipse
736 5526 982 5580 infectam
1015 5527 1247 5594 reliquit,
1281 5541 1437 5595 quam
1479 5527 1774 5580 succedens

222 5614 458 5682 Philippo
495 5616 545 5668 in
597 5616 894 5682 principatu
942 5617 1310 5670 dissimulavit.
1353 5617 1536 5670 Gallus
1577 5617 1773 5671 deinde

224 5716 378 5773 pater,
415 5716 468 5760 et
499 5706 818 5762 Volusianus
850 5707 1002 5778 filius,
1033 5709 1196 5763 certis
1224 5708 1618 5765 conditionibus
1661 5709 1765 5765 sibi

1890 4627 2002 4681 suis
2030 4625 2326 4694 opibusiiue
2359 4624 2406 4676 fit
2431 4639 2489 4678 es
2529 4623 2649 4677 illos
2687 4624 2863 4691 populi
2899 4621 3122 4675 Romani
3153 4621 3220 4672 ab
3250 4621 3473 4673 incursi-

1892 4714 1988 4770 bus
2013 4716 2341 4784 reliquorum
2365 4715 2681 4785 Scytharum
2707 4714 2891 4766 -cdulo
2913 4712 3244 4764 dc'ensuros.
3271 4710 3472 4776 Quibus

1892 4807 2286 4861 conditionibus
2329 4807 2589 4860 adductus
2626 4805 2817 4856 Valens
2859 4802 3170 4868 Lupicinrm
3209 4812 3262 4856 et
3308 4803 3471 4856 Maxi-

1891 4911 2035 4949 mum
2070 4897 2211 4950 velut
2244 4897 2551 4949 duumviros
2578 4893 2716 4959 agris
2745 4892 3044 4946 dividendis
3084 4895 3147 4945 ad
3181 4910 3275 4948 eos
3304 4896 3467 4959 m'sit,

1892 4986 1980 5054 qui
2025 4986 2179 5040 sedes
2232 4984 2537 5052 Visoguthis
2585 4982 2988 5038 distribuerent.
3036 4985 3098 5038 lli
3147 5001 3264 5038 eum
3311 4999 3472 5038 avare

1892 5075 2282 5142 crudeliterque
2315 5074 2572 5126 haberent
2601 5087 2833 5139 gentem,
2864 5077 3088 5144 primunt
3121 5077 3260 5132 ferre
3287 5077 3466 5140 Gothi,

1893 5178 1945 5222 et
1972 5166 2308 5220 dissimulare
2341 5165 2586 5234 injuriam
2609 5208 2621 5227 ,
2655 5183 2720 5222 ne
2755 5169 2929 5236 primo
2960 5174 3136 5223 statim
3164 5171 3354 5240 alienae
3382 5185 3469 5223 re-

1894 5256 2067 5322 gionis
2101 5256 2340 5322 ingressu
2373 5271 2456 5308 res
2491 5268 2768 5320 novarent,
2802 5259 3191 5325 existimantes,
3223 5275 3342 5311 cum
3374 5275 3469 5310 cx-

1891 5345 2068 5400 satiati
2100 5347 2209 5398 suis
2231 5346 2419 5412 opibus
2449 5345 2611 5400 duces
2641 5359 2841 5415 essent,
2876 5348 3110 5402 facturos
3137 5347 3386 5400 sacvicrnli
3417 5359 3470 5403 et

1893 5435 2134 5506 rapiendi
2186 5436 2366 5490 finem.
2426 5437 2528 5491 Sed
2580 5439 2656 5490 illi
2695 5439 2819 5491 dum
2867 5439 3094 5506 maligne
3142 5449 3472 5496 couuueatus

1893 5527 2191 5596 partiuntur
2213 5535 2266 5579 et
2289 5537 2496 5588 curant,
2523 5525 2713 5580 famem
2742 5526 3127 5580 intolerabilem
3157 5527 3468 5595 eli‘ecerunt,

1890 5633 2008 5685 qua:
2036 5625 2090 5671 et
2134 5617 2260 5686 ipsis
2291 5616 2517 5671 ducibus
2549 5625 2602 5669 et
2632 5616 2870 5670 Romanu
2902 5616 3124 5686 principi
3159 5617 3321 5673 exitio
3351 5619 3470 5674 fuit.

1891 5710 2050 5771 Gothi
2081 5711 2222 5767 enim
2263 5725 2381 5767 cum
2413 5709 2549 5764 fame
2573 5709 2681 5780 jam
2713 5724 2772 5767 so
2810 5709 2950 5765 velut
2991 5709 3196 5767 belluas
3229 5710 3473 5770 viderent
