3900 6334
424 327 532 385 ιεε

1325 322 1882 378 δυρριΕΜΕΝτυΜ
1923 320 2015 375 AD
2052 319 2277 376 omni
2320 324 2379 378 s.
2426 324 2814 381 AUGUSTINI.
2902 332 2909 337 ί
2970 334 2995 339 ~

3632 332 3751 388 456

427 442 841 513 peti,correptis
864 436 1343 492 tumultuosissime
1370 438 1534 491 armis
1562 436 1833 489 Romanos
1854 436 2019 489 duces
2048 441 2091 496 Α
2125 435 2230 488 dEni
2263 436 2468 491 alendae
2499 447 2661 500 esset,
2691 449 2862 491 castra
2888 438 3050 493 duces
3078 438 3336 507 dividunt,
3366 445 3747 513 diversisque

428 547 549 586 eum
580 530 836 597 przesidiis
865 530 1117 582 atmcitcr
1143 530 1356 582 cmdunt
1377 572 1393 596 ,
1435 540 1491 582 et
1526 530 1595 581 ita
1627 529 1817 581 armati
1854 537 2019 580 tutam

430 622 647 690 Mysiam
691 632 1079 689 pervagantur,
1114 620 1273 688 inque
1304 620 1599 689 proximam
1636 619 2021 671 transcendunt

429 712 734 773 Thraciam,
758 727 915 777 quam
940 710 1041 763 sibi
1066 710 1377 780 vectigalem
1403 710 1767 763 reddiderunt.
1797 712 1889 762 ilic
1915 711 2020 763 illis

429 802 663 855 occurrit
692 800 916 863 Valens;
950 811 1349 870 pugnatumque
1369 808 1449 853 est
1474 800 1689 866 acriter,
1719 798 1847 851 fusis
1871 799 2021 867 fuga-

431 892 605 960 tisque
637 891 891 945 Romanis
914 931 931 957 ,
961 906 1149 959 magna
1194 890 1244 944 in
1278 893 1357 945 eis
1395 890 1527 943 faeta
1569 901 1762 958 strage.
1796 890 2020 943 Saucius

432 984 725 1050 imperator
752 982 807 1035 in
839 981 1066 1036 hostium
1098 989 1413 1049 potestatem
1456 981 1606 1033 vivus
1636 979 1777 1033 venit
1815 970 1838 1033 τ’
1861 994 2017 1049 quem

430 1074 504 1127 illi
554 1073 887 1127 eli'eratiores
933 1083 1051 1141 post
1107 1083 1306 1126 tantum
1346 1073 1664 1127 exhaustum
1706 1070 2016 1141 Sanguinem

430 1166 608 1221 vivum
640 1176 1050 1233 cremaverunt,
1083 1176 1334 1235 rectaque
1360 1166 1681 1236 Byzantium
1714 1174 1936 1234 petunt:
1968 1174 2022 1221 et

432 1261 596 1315 nullis
623 1260 833 1315 obviam
878 1258 1028 1313 factis
1073 1260 1239 1312 armis
1262 1298 1278 1322 ,
1316 1259 1501 1311 urbem
1532 1272 1731 1312 corona
1779 1257 2015 1325 cingunt,

432 1339 552 1422 quae
581 1352 886 1419 aliquandiu
914 1366 1076 1419 Opera
1109 1358 1164 1405 et
1201 1350 1428 1404 consilio
1460 1348 1750 1403 Dominicai
1782 1347 2019 1403 Valentis

432 1442 674 1511 conjugis
707 1441 1037 1495 obsidionem
1067 1442 1179 1494 suis
1205 1441 1395 1508 opibus
1419 1440 1571 1504 tulit,
1611 1440 1942 1493 confirmatis
1966 1441 2017 1491 in

432 1534 593 1586 iidem
630 1532 885 1601 principis
918 1532 1112 1585 civium
1144 1534 1338 1586 animis
1370 1546 1557 1599 inagna
1600 1531 1887 1585 Dominicm
1917 1531 2018 1583 lar-

428 1622 652 1692 gitione.
722 1624 849 1676 Post
904 1621 1257 1675 Valentiniani
1308 1621 1546 1675 Valentis
1593 1621 1771 1674 fratris
1822 1623 2017 1675 virtute

428 1713 603 1766 soluta
625 1711 924 1779 obsidione,
949 1720 1092 1765 retro
1114 1712 1378 1765 abierunt.
1412 1711 1811 1765 Valentinianus
1837 1711 2015 1765 Theo-

2128 526 2349 593 profecti
2386 528 2484 580 viis
2509 540 2596 596 per
2632 528 2958 582 Pannoniam
2981 571 2994 594 ,
3033 530 3294 600 lllyricum
3325 532 3744 604 Noricumque,

2126 617 2361 671 incensis
2389 620 2713 685 vastatisipie
2738 621 2905 673 obviis
2939 619 3092 673 rebus
3117 622 3382 687 omnibus,
3413 623 3469 676 iii
3508 623 3743 677 Italiam

2128 709 2362 761 veniunt.
2385 707 2630 762 Bullinus
2651 725 2770 762 cuiu
2798 710 3182 777 imprudentius
3202 712 3431 780 cogitata
3446 698 3747 783 exseque-

2125 815 2290 864 retur,
2323 800 2387 852 ad
2418 800 2853 854 Thessalonicam
2884 816 2912 851 a
2943 802 3196 855 militibus
3226 806 3431 857 occisus
3462 814 3584 859 est.
3630 807 3746 860 Sti-

2124 891 2228 942 lien
2258 894 2486 944 astutius
2513 892 2733 944 consilia
2766 891 3005 957 celabat;
3038 904 3087 945 et
3119 892 3468 963 Ithadagasus
3499 897 3744 963 quidem

2125 997 2217 1048 per
2246 982 2507 1034 Etruriam
2536 982 2600 1035 ad
2631 982 2823 1036 Urbem
2855 997 2975 1035 cuiu
3008 986 3218 1051 agmine
3248 985 3535 1050 veniebat,
3569 986 3743 1056 longe

2123 1074 2332 1141 lateque
2354 1088 2665 1143 quacunque
2684 1074 2784 1127 iret
2808 1072 2981 1142 fugam
3006 1085 3372 1143 terroremque
3392 1078 3738 1131 ostendistis.

2123 1164 2351 1234 'I'repida
2398 1165 2632 1220 ltomana
2661 1167 2847 1220 civitas
2893 1166 3251 1221 mercenaries
3280 1170 3444 1223 duces
3478 1171 3739 1225 venienti

2122 1256 2362 1324 opponit.
2394 1256 2739 1326 lthadagasus
2768 1258 3116 1312 inconsultius
3140 1260 3384 1313 exercitu
3406 1273 3549 1315 casti
3567 1262 3739 1331 i-que

2120 1342 2431 1415 dispositis,
2464 1349 2516 1401 in
2547 1347 2660 1402 loca
2691 1363 2750 1402 se
2789 1349 2967 1417 iniqua
3005 1351 3377 1418 prtccipitavit.
3411 1352 3733 1407 Commea-

2096 1439 2264 1495 .tibus
2311 1441 2575 1508 ademptis
2620 1440 3009 1496 multitudinem
3059 1458 3209 1498 Suam
3256 1446 3395 1500 fame
3449 1449 3732 1505 confecit.

2100 1530 2238 1599 .lpse
2263 1530 2613 1599 comploratis
2639 1533 2800 1587 rebus
2824 1574 2839 1598 ,
2869 1532 2993 1586 dum
3025 1534 3198 1603 fugam
3229 1550 3322 1604 per
3346 1540 3573 1592 occulta
3604 1555 3735 1595 cum

2122 1629 2303 1696 paucis
2332 1638 2498 1684 tentat
2522 1668 2538 1694 ,
2574 1644 2602 1682 a
2635 1628 2891 1683 Romanis
2921 1630 3176 1684 militibus
3201 1630 3539 1700 interceptus
3569 1646 3735 1687 neca-

2123 1733 2309 1790 tusque
2337 1730 2419 1776 est
2443 1762 2459 1785 ,
2507 1719 2803 1775 Gothorum
2852 1720 3193 1775 multitudine
3221 1720 3502 1776 vilissimis
3538 1726 3737 1791 pretiis

430 1802 639 1856 dosium
662 1802 954 1870 Hispanum
980 1803 1153 1855 virum
1182 1803 1405 1856 accitum
1433 1818 1498 1855 ex
1526 1803 1775 1871 Hispania
1800 1802 2017 1869 θάίψιει-
2048 1805 2094 1862 Β
2124 1815 2414 1868 divendita.
2444 1811 2747 1868 Secundum
2782 1815 2919 1867 lianc
2948 1810 3242 1866 Gothorum
3270 1814 3509 1879 cladem,
3548 1815 3737 1870 Alari-

429 1894 527 1959 vit,
560 1893 980 1963 participemque
1012 1892 1136 1946 fecit
1168 1893 1398 1962 imperii.
1451 1892 1548 1947 llic
1585 1892 1789 1946 Gothos
1837 1894 2019 1948 inuitis

430 1981 629 2048 prteliis
659 1980 817 2049 fregit
841 1980 1220 2048 coutuditque,
1251 1988 1305 2035 et
1332 1980 1598 2049 supplices
1624 1996 1807 2050 pacem
1847 1984 2021 2050 coegit

431 2082 649 2141 petere;
680 2086 840 2142 quam
870 2086 990 2125 cum
1020 2072 1275 2140 dedisset,
1312 2088 1511 2142 rexque
1537 2088 1725 2129 eorum
1756 2072 2020 2128 Athalari-

430 2179 524 2218 cus
554 2163 863 2233 Byzantium
893 2162 958 2216 ad
988 2164 1345 2217 Theodosium
1387 2180 1586 2233 argrum
1620 2165 1895 2219 visendum
1930 2152 2038 2220 ve:

432 2256 636 2319 uisset,
668 2270 758 2308 rex
793 2256 846 2308 in
878 2255 1123 2308 morbum
1172 2255 1353 2322 lapsus
1377 2296 1392 2319 ,
1430 2256 1627 2323 aliquot
1658 2267 1838 2325 postea
1870 2272 2020 2311 meu-

430 2346 578 2400 sibas
609 2346 849 2398 moritur.
900 2345 1054 2398 Gothi
1083 2353 1193 2398 toto
1226 2346 1433 2409 imperii
1463 2346 1745 2400 Theodosii
1780 2358 2018 2415 tempore

431 2435 531 2490 sub
564 2434 802 2489 Romano
850 2435 1169 2502 imperatore
1203 2437 1497 2490 militarunt
1526 2478 1539 2500 ,
1574 2452 1670 2491 nec
1710 2453 1889 2507 regeri
1923 2440 2017 2492 lia-

432 2525 664 2579 buerunt
687 2524 847 2595 alium
872 2569 886 2592 ,
918 2540 1015 2579 nec
1056 2526 1244 2582 ducem
1268 2567 1282 2588 ,
1316 2528 1415 2581 nisi
1444 2544 1598 2597 quem
1628 2530 1898 2591 Romanus
1925 2532 2018 2585 de-

429 2616 482 2668 di
516 2625 597 2669 set
624 2616 931 2684 imperator.
974 2616 1116 2671 Inter
1156 2619 1270 2672 lia-c
1298 2620 1666 2685 Theodosius,
1709 2622 2014 2689 Mediolani,

418 2706 680 2775 princeps
705 2707 821 2760 sine
850 2710 1211 2762 controversia
1241 2720 1294 2763 et
1327 2710 1464 2766 bello
1511 2721 1566 2766 et
1597 2728 1723 2781 pare
1758 2714 2015 2783 optimus,

432 2800 657 2852 moritur
683 2838 699 2864 ,
736 2799 897 2854 Basso
937 2812 990 2855 et
1037 2802 1280 2872 Philippo
1307 2817 1447 2858 coss.
1483 2806 1682 2859 relictis
1712 2808 1938 2861 Arcadio
1965 2819 2016 2862 et

431 2887 668 2942 Ilouorzo
698 2888 843 2957 filiis,
870 2899 925 2944 et
956 2890 1187 2945 Placidia
1215 2892 1341 2946 filia.
1372 2894 1658 2948 Arcadium
1689 2896 1937 2963 Byzantio
1963 2908 2018 2953 et

429 2978 502 3033 illi
529 2980 783 3033 Oiieiitali
811 2980 1046 3048 praefecit
1073 2983 1296 3051 imperio
1318 3028 1331 3051 ,
1368 2986 1657 3040 lionorium
1686 2988 2015 3042 Uccidedaii

430 3070 792 3140 Riinanazque
822 3072 961 3126 urbi.
1014 3073 1082 3127 Et
1117 3075 1240 3143 quia
1265 3076 1492 3144 juvenes
1521 3078 1805 3132 admodum
1838 3092 2012 3148 erant,

431 3173 637 3217 tutores
695 3165 1123 3233 educatoresque
1176 3176 1494 3224 testamento
1539 3173 1829 3239 assignavit

429 3249 699 3305 liuftinum
722 3288 736 3310 ,
766 3251 887 3306 huic
916 3254 1259 3321 Stiliconem,
1287 3256 1489 3311 vafrum
1513 3270 1795 3330 utrumque
1816 3272 1866 3315 et
1898 3278 2013 3317 sce-

412 3344 659 3405 leratum
711 3340 1015 3404 hominem,
1063 3346 1360 3412 enjusmodi
1411 3350 1619 3418 ingenia
1664 3351 1913 3408 facillime
1960 3357 2010 3408 in

428 3432 641 3485 intimas
670 3446 728 3485 se
754 3433 930 3486 solent
955 3438 1103 3488 aulas
1125 3435 1417 3491 insinuare.
1445 3439 1506 3492 Hi
1533 3443 1827 3511 principum
1855 3456 2012 3499 tetatc

428 3526 634 3594 injuriae
663 3529 892 3584 obnoxia
921 3530 984 3583 ad
1014 3544 1137 3585 suas
1186 3533 1343 3588 ambo
1391 3536 1660 3604 augendas
1697 3553 1825 3606 opes
1848 3581 1861 3602 ,
1897 3555 2009 3595 ina-

428 3634 690 3690 giianique
737 3623 840 3677 sibi
891 3633 946 3676 et
992 3624 1329 3679 immodicam
1377 3630 1663 3695 parandam
1723 3635 2009 3699 potcn‘iam

426 3713 751 3780 abutentes,
799 3734 903 3771 non
930 3719 1039 3787 jam
1072 3723 1141 3775 de
1188 3725 1389 3788 privata
1434 3724 1605 3792 aliqua
1655 3729 2013 3796 magnitudine

427 3806 663 3871 cegitare
689 3846 703 3869 ,
752 3811 845 3860 sed
887 3810 952 3861 ad
987 3812 1278 3878 principale
1311 3814 1479 3879 ipsum
1514 3814 1776 3882 faSIigium
1805 3817 2012 3873 animos

428 3901 649 3952 nefariis
679 3902 1086 3968 cogitationibus
1124 3905 1449 3970 adjecerunt.
1482 3906 1721 3961 iluflinus
1751 3909 1871 3975 sibi,
1902 3912 2012 3967 Sti-

426 3990 529 4041 lico
558 3991 667 4041 lilio
693 3990 974 4056 imperium
1000 3991 1229 4045 allectab
1248 4003 1304 4045 it.
1336 3994 1464 4046 Cum
1496 3995 1609 4050 haec
1638 4006 1858 4066 uterque
1884 4015 2012 4054 con-

425 4078 543 4131 silia
574 4080 814 4144 agitaret.
842 4079 981 4132 bello
1010 4096 1144 4148 Opus
1170 4091 1284 4136 erat
1314 4083 1377 4136 ad
1403 4098 1493 4138 cas
1520 4099 1606 4140 res
1630 4089 2005 4157 perlicieudas,

427 4177 484 4219 tit
513 4176 828 4234 tempestate
858 4171 1083 4224 turbatis
1112 4174 1272 4227 rebus
1299 4188 1419 4227 cum
1449 4177 1624 4229 minus
1654 4190 1837 4231 eorum
1867 4178 2010 4233 desi-

425 4258 571 4312 deria
601 4257 1161 4327 deprehenderentur,
1197 4272 1307 4318 tum
1348 4279 1474 4319 vero
1506 4266 1891 4334 perficerentur
1929 4269 2008 4322 fa-

424 4350 578 4405 cilius
594 4352 853 4420 percuisis
876 4352 1172 4421 principum
1192 4357 1381 4410 animis
1405 4357 1665 4412 bellorum
1691 4360 2004 4432 terroribus,

424 4443 554 4495 nihil
595 4458 698 4496 non
745 4443 1158 4499 concedentibus
1198 4448 1456 4513 proximis
1484 4449 1583 4504 sibi
1626 4450 1753 4504 viris
1778 4490 1793 4516 ,
1836 4462 1889 4505 et
1916 4453 2005 4521 qui

424 4547 603 4588 rerum
626 4534 860 4588 omnium
884 4535 1431 4591 administrationibus
1458 4552 1768 4607 pricesseut.
1800 4540 1929 4594 Nam
1955 4542 2005 4596 iu
2038 4538 2088 4597 D

424 4641 557 4695 pace
587 4632 731 4681 velut
757 4642 947 4681 sereno
975 4638 1028 4681 et
1057 4630 1345 4698 tranquillo
1372 4634 1543 4699 C(BIO,
1576 4643 1628 4687 et
1654 4634 1901 4701 ciignosci
1932 4644 2010 4689 te-

425 4720 619 4773 nebras
669 4735 883 4773 suorum
919 4721 1216 4773 animorum
1244 4764 1259 4787 ,
1305 4726 1361 4774 et
1392 4723 1561 4790 puniri
1611 4725 2009 4779 consulentibus

424 4824 519 4875 per
545 4814 711 4865 otium
771 4812 1098 4882 principibus
1144 4828 1302 4882 posse
1350 4829 1454 4867 non
1486 4817 1815 4884 ignorabant.
1866 4818 2009 4885 Quo-

423 4902 561 4954 circa
590 4903 820 4971 Gothos,
852 4917 1064 4974 gentem
1092 4907 1158 4961 ad
1188 4922 1274 4963 res
1300 4923 1470 4962 novas
1500 4910 1859 4981 tumultusque
1893 4912 2005 4967 bei-

424 4991 552 5043 licos
585 4994 868 5047 exeieudos
894 5001 1243 5064 aptissimam,
1267 5014 1358 5068 sp,-
1386 5000 1610 5070 ingentis
1643 5006 1833 5070 prmdie
1862 5015 2005 5057 uter-

421 5099 525 5151 que
554 5084 724 5136 sollici
750 5094 805 5137 at
851 5096 908 5137 ut
958 5106 1056 5141 suo
1106 5092 1329 5161 principi
1378 5094 1573 5148 bellum
1616 5095 1789 5149 faciat.
1845 5094 2002 5151 Gothi

419 5174 753 5229 occa-iuueni
777 5178 964 5231 adesse
986 5183 1104 5244 rati,
1134 5188 1211 5237 vel
1237 5189 1311 5239 rei
1335 5190 1557 5258 alicujus
1580 5191 1711 5243 bene
1731 5191 2000 5259 gercudm,

419 5272 497 5324 vel
526 5282 671 5324 certe
702 5271 962 5325 intentato
994 5274 1372 5353 bellogdomum
1407 5299 1525 5335 cum
1562 5284 1695 5337 haud
1727 5300 1882 5353 parva
1912 5300 2001 5339 re-

418 5363 615 5417 deundi
643 5364 840 5432 praeda,
864 5380 1011 5420 arma
1045 5350 1286 5433 induunt,
1314 5390 1542 5445 regoque
1565 5378 1630 5432 de
1652 5395 1749 5432 suo
1777 5394 2002 5447 corpore

415 5466 481 5504 cx
533 5454 836 5510 Bilthoruu
886 5457 1077 5513 illustri
1112 5461 1306 5515 familia
1339 5466 1549 5520 Alarico
1595 5479 1817 5535 creato,
1870 5472 2003 5527 ﬁnes

417 5555 543 5594 suos
573 5560 764 5616 magno
793 5552 1085 5605 vicinorum
1122 5559 1326 5608 terrore
1371 5558 1743 5623 egrediuntur.
1781 5562 1911 5616 iluic
1942 5579 2002 5617 se

417 5631 575 5699 paulo
605 5647 723 5699 post
768 5639 1110 5711 Rliailag-asus
1154 5659 1273 5697 cum
1326 5648 1671 5703 ducentorum
1706 5653 1999 5707 Gothorum

416 5722 651 5779 millibus
680 5727 948 5797 coojungit
972 5745 987 5780 τ
1012 5748 1239 5804 cumque
1270 5755 1335 5791 nu
1364 5743 1406 5792 la
1439 5744 1564 5796 satis
1597 5754 1735 5799 tera
1765 5745 1999 5804 muititu-

2121 1920 2218 1959 cus
2245 1906 2296 1959 in
2320 1905 2522 1960 Italiam
2545 1904 2709 1971 venit,
2743 1905 3031 1974 majoribus
3061 1906 3234 1961 adhuc
3264 1907 3501 1961 miscens
3538 1910 3734 1962 omnia

2122 1993 2413 2050 terroribus
2462 2010 2620 2064 quam
2663 1995 2861 2050 fecerat
2904 1994 3270 2064 Ithadagasus.
3321 1997 3387 2050 At
3425 1998 3604 2066 cujus
3655 2009 3736 2052 ret

2122 2088 2362 2139 nuntium
2384 2126 2399 2150 ,
2431 2084 2636 2155 Stilico,
2666 2086 2755 2154 qui
2788 2086 3022 2156 Byzantii
3052 2096 3187 2151 erat,
3222 2089 3508 2155 praemissa
3541 2091 3736 2161 copia—

2122 2194 2239 2232 rum
2290 2188 2476 2247 parte,
2530 2193 2648 2246 quin
2694 2186 2990 2232 extremum
3024 2179 3319 2233 Gothorum
3366 2196 3578 2250 agmen
3612 2199 3736 2237 car-

2121 2271 2295 2336 pendo
2315 2270 2382 2322 ab
2408 2279 2583 2337 strage
2609 2268 2782 2338 aliqua
2816 2284 3003 2339 magna
3030 2284 3383 2339 agrorumque
3409 2275 3735 2330 Vastatione

2122 2361 2329 2414 hostem
2358 2360 2682 2425 deterreret;
2733 2366 2844 2428 ipse
2872 2378 2965 2430 per
2992 2378 3137 2417 oram
3173 2362 3359 2432 Superi
3390 2366 3571 2420 maris
3606 2381 3733 2421 cum

2122 2455 2325 2508 viribus
2373 2455 2638 2523 peditatus
2685 2456 3057 2524 equitatusque
3102 2456 3167 2509 ad
3213 2455 3389 2510 hostes
3423 2461 3730 2524 pervenit;

2120 2556 2345 2614 uterque
2374 2546 2642 2600 exercitus
2674 2556 2849 2599 castra
2885 2561 3048 2615 proiie
3090 2545 3394 2600 Ravennam
3434 2550 3729 2602 contulit:

2121 2636 2281 2690 Gothi
2313 2635 2630 2690 Po‘lentiam
2663 2637 2802 2689 viam
2835 2635 3143 2690 obtinebant
3172 2680 3186 2705 ,
3240 2651 3462 2690 numero
3494 2636 3731 2707 quidem

2122 2729 2359 2799 potiores
2384 2772 2397 2797 ,
2432 2728 2526 2783 sed
2573 2735 2687 2782 arte
2715 2738 2767 2782 et
2797 2727 3074 2797 disciplina
3107 2728 3319 2782 militari
3366 2743 3731 2800 nequaquam

2120 2837 2241 2876 cum
2284 2821 2521 2877 exercitu
2572 2821 2811 2876 Romano
2839 2822 3201 2891 comparandi.
3276 2820 3461 2877 Stilico
3515 2823 3735 2879 bellico

2119 2924 2236 2969 astu
2264 2916 2577 2984 plerumque
2606 2914 2809 2971 Gothos
2838 2916 3123 2983 superaiit,
3151 2916 3516 2985 compulitipre
3547 2917 3615 2971 iri
3646 2934 3736 2972 ar-

2117 3014 2262 3059 ctum
2293 3006 2575 3074 quemdam
2608 3005 2783 3060 locum
2809 3047 2823 3069 ,
2864 3006 2952 3060 ubi
2984 3005 3176 3061 sedens
3206 3007 3467 3061 coniicere
3500 3018 3736 3076 poterat

2119 3095 2344 3162 bellum,
2373 3096 2418 3151 si
2444 3096 2694 3151 voluisset
2718 3111 2732 3153 :
2758 3112 2940 3152 verum
2966 3111 3087 3152 cum
3115 3099 3350 3153 exercitu
3371 3112 3494 3154 esse
3522 3099 3738 3159 decre-

1877 3188 1891 3225 :
1940 3175 2014 3228 illi
2042 3167 2089 3231 C
2120 3197 2288 3256 vei-at,
2313 3202 2588 3259 quousque
2616 3191 2898 3259 populares
2924 3189 3004 3245 sui
3032 3188 3252 3245 Vandali
3285 3193 3336 3244 in
3362 3191 3607 3246 Goliam
3643 3208 3735 3250 ve-

2120 3282 2341 3334 nissent.
2392 3281 2498 3335 Pro
2539 3282 2755 3335 indiibio
2782 3284 2923 3337 enim
2955 3281 3180 3337 habebat
3210 3298 3324 3337 caui
3359 3283 3469 3337 fore
3501 3298 3730 3340 certain

2117 3372 2454 3427 occasionem
2482 3373 2689 3442 imperii
2714 3373 2976 3429 Eucherio
3002 3374 3110 3427 lilio
3134 3375 3371 3441 parandi.
3396 3374 3467 3428 Ita
3495 3376 3734 3435 levibus

2116 3466 2317 3534 aliquot
2349 3465 2729 3525 certaminibus
2764 3465 2967 3519 hostem
3014 3464 3323 3519 lacessendo
3354 3476 3572 3535 tempus
3617 3479 3734 3523 Ira-

2117 3556 2277 3611 hebat
2309 3574 2321 3608 :
2355 3558 2491 3625 quod
2526 3556 2765 3610 Alarlcus
2796 3572 2914 3610 cuin
2944 3572 3039 3624 per
3067 3559 3307 3612 occultos
3329 3566 3540 3612 meatus
3573 3561 3731 3616 olfe-

2114 3649 2293 3711 cisset,
2320 3648 2687 3702 adilonorinm
2716 3649 2921 3703 detulit.
2949 3649 3130 3717 quue
3161 3651 3303 3703 velut
3337 3664 3558 3704 munere
3593 3666 3731 3707 cum

2115 3742 2409 3810 placatiore
2435 3743 2534 3795 sibi
2583 3741 2819 3794 Honorio
2862 3756 2920 3794 se
2948 3757 3167 3794 usurum
3201 3741 3533 3795 existimaret
3561 3784 3578 3805 ,
3628 3754 3727 3811 per

2115 3831 2331 3886 eosdem
2364 3833 2565 3902 legatos
2594 3846 2727 3902 quos
2757 3832 2821 3885 ad
2858 3833 3211 3902 detegendum
3266 3832 3496 3886 ilonorio
3527 3837 3727 3889 scelus

2113 3925 2385 3980 Stiliconls
2410 3925 2647 3987 miserat,
2680 3924 2864 3979 Gallice
2889 3935 3091 3993 partem
3119 3940 3229 3978 sum
3258 3924 3582 4009 multitudini
3628 3942 3727 3994 pe-

2117 4020 2197 4072 tiit
2227 4038 2240 4074 :
2273 4020 2507 4073 victuros
2534 4031 2591 4071 se
2619 4018 2820 4086 legibus
2852 4018 3103 4071 Romanis
3125 4057 3138 4080 ,
3174 4032 3271 4070 nec
3304 4032 3464 4085 parvo
3498 4017 3724 4073 futuros

2115 4111 2232 4166 usui
2261 4112 2483 4178 imperio
2511 4111 2765 4181 bellisque
2794 4110 3067 4174 Romanis,
3102 4112 3364 4180 nullisque
3398 4112 3724 4179 provincia—

2115 4203 2251 4256 libus
2279 4202 2367 4255 vel
2414 4203 2516 4256 lide
2552 4202 2634 4256 vel
2679 4202 2932 4271 obsequio
2961 4217 3084 4272 erga
3122 4202 3387 4257 Romanos
3425 4218 3716 4260 cessuros.

2113 4293 2403 4360 Imperator
2423 4294 2636 4363 ancip'ti
2670 4296 2809 4347 inaio
2834 4310 3146 4363 concussus,
3180 4295 3230 4348 in
3255 4306 3454 4365 partem
3479 4297 3719 4353 ditionis

2114 4384 2317 4439 Gothos
2342 4385 2601 4455 recipere,
2627 4396 2782 4453 quam
2813 4386 3324 4466 Stiliconis-pei-lidia
3358 4387 3456 4442 sibi
3483 4389 3718 4467 suisque

2102 4474 2330 4528 exitium
2363 4490 2549 4544 parare
2581 4477 2786 4531 maluit.
2818 4479 2999 4548 Neque
3030 4480 3171 4533 enim
3206 4481 3403 4548 primus
3433 4479 3716 4537 detulerat

2113 4566 2179 4617 ad
2213 4565 2503 4619 Honorium
2539 4568 2801 4632 Alaricus,
2829 4571 2967 4639 quod
2998 4572 3183 4625 Stiiieo
3213 4582 3465 4640 coqueret
3495 4570 3708 4627 scelus.

2113 4656 2221 4710 Nec
2250 4665 2423 4709 tamen
2455 4668 2623 4712 tutum
2656 4661 2871 4727 putabat
2900 4664 3091 4729 quovis
3122 4672 3361 4729 tempore
3393 4663 3568 4715 virum
3602 4662 3708 4718 tol-

2116 4746 2228 4802 lere
2257 4761 2321 4801 ex
2356 4747 2557 4802 duabus
2583 4753 2840 4805 uxoribus
2867 4753 2964 4807 sibi
2996 4767 3260 4817 socerum,
3293 4764 3345 4807 et
3387 4753 3576 4821 opibus
3606 4769 3702 4807 sue

2114 4854 2206 4908 pia
2232 4840 2493 4905 privatum
2518 4842 2779 4912 fastigium
2807 4843 3090 4908 rol'enleui
3110 4832 3503 4914 potentemque.
3526 4843 3707 4907 Simul

2116 4933 2275 5001 igitur
2318 4948 2437 4989 cum
2486 4935 2671 5003 legatis
2720 4936 3011 4990 Godiorum
3042 4937 3247 4993 litteras
3288 4938 3352 4991 ad
3384 4937 3703 4993 Stiliconem

2115 5026 2274 5079 mittit
2299 5068 2313 5087 ,
2344 5035 2401 5080 ut
2431 5028 2600 5095 primo
2640 5042 2850 5094 quoque
2896 5036 3131 5096 tempore
3161 5028 3361 5082 Go.hos
3390 5028 3440 5081 in
3469 5027 3702 5082 Gallam

2117 5119 2298 5176 venire
2328 5117 2620 5185 permittat.
2671 5115 2897 5169 Nuntius
2944 5117 3028 5171 hic
3057 5117 3151 5170 fuit
3184 5118 3423 5172 Stiliconi
3457 5132 3616 5185 asper
3646 5128 3703 5173 et

2113 5192 2448 5278 importunus
2479 5226 2490 5259 :
2522 5209 2713 5277 quippe
2740 5220 2791 5262 et
2820 5223 2876 5261 se
2907 5210 3133 5263 fraudari
3165 5220 3307 5263 tanta
3337 5226 3430 5276 sue
3458 5206 3695 5276 vi-leliai,

2111 5310 2160 5352 et
2191 5315 2283 5352 sua
2317 5298 2557 5351 consulta
2600 5302 2771 5365 palam
2817 5301 2927 5354 lieri
2966 5300 3354 5369 suspiCabatur.
3403 5302 3570 5355 lltnsit
3597 5303 3699 5356 ali-

2111 5391 2343 5460 quandiu
2373 5405 2495 5445 acer
2522 5400 2574 5446 et
2605 5391 2634 5444 fi
2657 5408 2750 5446 rox
2793 5393 3003 5446 animus
3026 5435 3039 5457 ,
3096 5396 3310 5448 tandem
3358 5395 3495 5464 quod
3530 5395 3695 5449 tutius

2112 5491 2225 5535 erat
2254 5491 2471 5535 secutus
2500 5524 2514 5547 ,
2563 5486 2854 5552 paritiiruni
2897 5498 2954 5536 se
2978 5484 3143 5552 jussis
3176 5485 3427 5553 principis
3477 5487 3557 5538 sui
3605 5500 3694 5541 re-

2106 5572 2338 5641 spondit.
2388 5574 2491 5628 Sed
2528 5590 2593 5625 ne
2643 5577 2807 5629 resin
2854 5585 3019 5629 totum
3050 5592 3080 5631 e
3110 5579 3352 5631 manibis
3398 5578 3691 5641 laheretur,

2107 5664 2323 5715 Satrium
2353 5662 2636 5733 quemdam
2670 5680 2786 5718 cum
2815 5666 3050 5720 .iudaicis
3079 5667 3246 5734 copiis
3274 5668 3567 5732 subornat,
3599 5669 3692 5738 qui

2110 5753 2404 5811 Gothorum
2436 5756 2671 5823 vesrigiis
2698 5757 2942 5825 proxime
2971 5757 3218 5812 insistens
3243 5799 3258 5825 ,
3290 5759 3441 5813 caesis
3471 5775 3567 5831 per
3590 5772 3688 5813 oc-
