3900 6310
154 298 245 352 ιεῖ
866 295 1210 352 vsmonun
1253 297 1846 355 EXERCITATIONES
1885 302 1951 354 ut
1989 302 2043 356 ς.
2087 281 2454 362 incusum
2495 309 2739 366 (irent.

152 412 404 463 ς.εςῑιτιιρῐη
434 408 638 476 aliquot
679 409 912 464 millibus
938 450 952 474 ,
1000 410 1310 480 irritaliilem
1357 414 1606 480 populum
1636 413 1701 467 ad
1731 419 1784 479 Α
1808 416 2110 484 diligentem
2135 457 2154 482 ,
2203 435 2262 473 ac
2294 423 2427 474 bene
2457 422 2669 476 doctum

149 501 311 555 tuadus
339 499 685 566 rumpendum
712 499 968 566 impellat.
983 497 1180 554 ‘Saulus
1202 501 1465 555 dominico
1479 501 1585 565 die,
1601 518 1708 572 quo

146 610 206 645 ex
235 600 408 644 vetere
453 599 650 641 nostra:
695 589 965 657 religionis
992 591 1229 644 instituto
1259 587 1510 646 feriamur
1531 633 1546 657 ,
1585 609 1707 648 cum

149 684 238 735 ιιιιὶ
265 681 411 734 rebus
440 679 609 732 sacris
633 681 815 731 intenti
847 678 1001 732 Gothi
1028 693 1225 748 essent,
1252 683 1502 748 impetum
1534 684 1586 736 in
1614 699 1711 738 eos

151 775 298 833 facit,
333 771 610 838 primoque
653 771 878 824 tumulttt
907 771 1104 839 aliquot
1135 788 1196 826 ex
1228 774 1306 827 eis
1332 776 1540 828 sternit.
1578 776 1710 828 Ter-

156 864 226 914 titi
257 860 410 914 Gothi
436 861 634 923 Subito,
659 871 918 928 quantum
941 861 991 914 in
1019 862 1368 930 trepidatione
1396 880 1571 919 rerum
1597 867 1709 920 fieri

163 959 388 1018 poterat,
421 965 547 1003 num
574 950 640 1004 ad
670 964 818 1004 arma
847 953 1271 1007 concurrendum
1316 965 1459 1010 esset
1499 960 1711 1012 consal-

162 1053 272 1095 tant.
292 1041 522 1095 Venerat
548 1043 689 1096 enim
715 1044 766 1096 in
797 1043 1106 1112 religionem
1135 1045 1267 1099 festo
1295 1047 1596 1102 Servatoris
1625 1044 1712 1105 die

163 1145 282 1183 arma
315 1125 541 1186 tractare
566 1173 579 1195 ,
610 1136 897 1185 humanum
924 1135 1232 1203 sanguinem
1263 1135 1481 1190 fundere
1502 1179 1514 1198 ,
1537 1139 1712 1193 credes

165 1219 406 1271 hominum
458 1218 654 1273 facere.
706 1221 812 1274 Sed
844 1237 963 1274 cum
995 1223 1161 1276 Juclzei
1195 1227 1408 1279 modum
1437 1227 1708 1281 occidendi

166 1310 545 1379 trucidandique
572 1325 680 1364 non
725 1321 982 1380 ponerent
1007 1353 1021 1378 ,
1054 1315 1152 1368 sibi
1181 1311 1404 1385 quisque
1429 1318 1711 1372 consilium

166 1399 304 1466 cepit,
344 1415 448 1452 non
479 1409 789 1466 exsliectato
825 1404 1115 1468 communi,
1144 1413 1202 1458 ut
1230 1421 1374 1459 arma
1408 1409 1486 1460 sui
1532 1409 1711 1462 tuendi

166 1491 306 1559 gratia
332 1489 596 1544 indueret.
645 1491 882 1562 Cumque
899 1493 1008 1561 jam
1038 1493 1342 1563 frequentes
1371 1499 1560 1552 armati
1585 1513 1711 1552 eon-

168 1581 445 1646 venissent,
496 1581 738 1635 Alaricus
784 1598 878 1651 pro
907 1592 1144 1652 tempore
1183 1581 1434 1640 instrueta
1469 1587 1584 1642 acie
1616 1587 1711 1641 im-

169 1671 283 1724 bel‘e
305 1687 468 1739 genus
505 1658 776 1726 hominum
819 1675 972 1729 facile
998 1677 1160 1731 sistit.
1210 1677 1346 1733 Hinc
1377 1679 1592 1733 connixi
1617 1679 1714 1734 ali-

168 1772 389 1829 quantum
421 1761 580 1816 Gothi
612 1763 826 1818 Judaeos
855 1758 1080 1820 fundunt
1103 1760 1407 1836 fugantque.
1449 1769 1514 1823 Et
1537 1765 1710 1838 questi
1741 1780 1787 1840 ῃ
1819 1779 2090 1832 meridiem
2120 1821 2134 1846 ,
2183 1797 2298 1836 curn
2344 1784 2564 1841 Romani
2620 1790 2881 1859 principes
2922 1809 3109 1850 somno
3149 1801 3228 1867 vel

169 1867 348 1907 coactos
371 1869 429 1908 se
471 1870 502 1907 a
547 1855 893 1910 violatoribus
935 1857 1147 1911 humani
1171 1858 1309 1926 juris
1345 1859 1581 1912 divinum
1623 1860 1711 1927 jus

169 1945 372 2010 polluere
392 1959 454 1997 ac
475 1945 860 2008 Contaminare,
886 1947 1150 2001 Christum
1176 1950 1344 2014 ipsum
1369 1941 1712 2012 invocantes,

169 2049 244 2101 per
266 2034 408 2102 cujus
431 2035 667 2101 juratum
704 2051 898 2090 numen
928 2035 1099 2090 fmdus
1135 2046 1278 2091 esset
1309 2039 1556 2107 utrinque
1588 2054 1714 2092 san-

170 2125 343 2190 citum,
400 2129 656 2195 cujusque
714 2128 872 2181 ferias
927 2141 1112 2182 contra
1177 2145 1325 2184 suam
1382 2132 1710 2185 voluntatem

170 2229 362 2278 cruore,
394 2217 630 2271 cardiths
651 2257 666 2278 ,
701 2226 878 2285 strage
909 2218 1230 2280 foedasseut,
1262 2221 1335 2273 ira
1365 2222 1586 2286 incensi,
1619 2237 1715 2290 per

170 2305 366 2358 mediam
403 2307 602 2360 italiam
634 2308 699 2359 ad
735 2308 929 2362 Urbem
965 2310 1104 2364 ferre
1133 2311 1279 2380 signa
1327 2326 1569 2381 pergnn'.
1627 2314 1711 2364 Iti-

168 2396 357 2449 miserat
383 2393 566 2449 Stilico
596 2397 878 2450 nonnullos
918 2398 1106 2452 milites
1153 2410 1400 2470 tanquam
1432 2404 1545 2456 sine
1575 2402 1713 2456 bello

169 2485 389 2546 inutiles,
417 2501 552 2553 quos
579 2487 642 2538 ad
676 2480 989 2555 prmseritem
1023 2499 1275 2545 terrorem
1307 2501 1518 2546 coactus
1540 2503 1619 2546 est
1649 2493 1713 2546 ab

167 2573 460 2643 imperatore
487 2587 727 2645 repetere
752 2618 766 2641 ,
810 2578 966 2631 simul
998 2594 1116 2633 cum
1148 2583 1515 2650 supplemento
1539 2584 1713 2650 copia-

166 2679 297 2727 rum,
324 2675 374 2717 ut
400 2668 636 2721 maximis
660 2669 857 2722 viribus
885 2668 1175 2724 Gothorum
1204 2663 1480 2725 conatibus
1504 2674 1710 2727 obviam

163 2753 332 2807 iretur.
378 2756 654 2820 llouoritts,
689 2761 959 2826 patefactis
991 2761 1260 2816 Stiliconis
1297 2765 1565 2826 consiliis,
1603 2778 1713 2815 ma-

160 2860 300 2912 gnam
336 2849 554 2902 militum
586 2866 798 2904 manum
843 2853 908 2906 ad
953 2867 1074 2906 eum
1107 2855 1306 2919 mittit,
1341 2856 1464 2908 dato
1491 2856 1712 2910 ducibus

161 2939 348 2991 occulte
383 2941 596 3007 negotio
620 2983 636 3006 ,
680 2951 736 2994 ut
773 2953 1072 3010 opportuno
1114 2946 1188 2998 rei
1230 2946 1446 3014 agendae
1473 2954 1713 3015 tempore

161 3037 368 3094 captato,
396 3030 704 3085 Stiliconem
729 3048 846 3087 cum
875 3036 984 3089 filio
1007 3037 1340 3094 obtrnncent.
1378 3039 1451 3093 illi
1477 3055 1714 3094 commu-

3276 321 3382 377 £338

2699 466 2713 487 ,
2763 436 3014 494 quantum
3062 447 3124 486 ex
3173 437 3384 502 scriptis

1803 507 2045 572 judicare
2092 521 2328 575 possum.
2371 509 2568 564 Scribit
2617 527 2747 578 ergo
2779 531 2795 565 :
2824 514 3115 572 Obsederat
3164 523 3382 580 Romam

1814 596 2054 648 Alaricus
2079 597 2186 664 jam
2219 598 2484 651 biennium
2508 640 2522 664 ,
2550 616 2646 655 nec
2682 603 2963 669 Honorius,
2996 609 3082 677 qui
3119 610 3385 670 Ravennze

1807 688 2105 752 desidebat,
2146 699 2239 742 aut
2277 690 2417 745 ferre
2457 697 2725 762 suppe'ias
2761 707 2963 764 poterat
3000 711 3090 754 aut
3134 705 3382 760 audebat.

1810 778 1941 830 Nam
1965 794 2082 832 cum
2109 781 2236 833 nihil
2260 783 2606 851 mimisquam
2645 789 2708 837 de
2735 789 2886 843 l'rliis
2921 792 3092 845 salute
3129 797 3387 852 soliicitus

1811 879 1985 934 esset,
2020 871 2277 927 Stilicone
2303 875 2615 942 ἱηιρνΐυοιο,
2647 880 2834 960 durem
2869 886 3130 940 exercitui
3167 885 3386 946 minime

1811 961 2126 1028 prtefecerat
2165 963 2258 1029 qui
2287 980 2398 1018 rem
2440 967 2697 1023 adversus
2729 959 2929 1026 Gothos
2964 975 3403 1035 administraret.

1817 1049 1965 1129 Unde
2006 1048 2193 1104 Gothis
2249 1055 2555 1110 obsidenda:
2611 1060 2766 1114 Urbis
2813 1065 3101 1134 cogitatio,
3146 1069 3387 1126 Romano

1815 1124 1980 1194 milite
2019 1150 2109 1196 aut
2145 1144 2369 1214 dilapso,
2406 1157 2494 1203 aut
2529 1153 2760 1220 segniter
2794 1170 2905 1210 rem
2942 1170 3149 1227 agente.
3189 1164 3387 1220 Verum

1811 1246 1929 1284 eam
1957 1234 2144 1286 frustra
2179 1236 2450 1293 obsessam
2474 1254 2591 1293 cum
2617 1257 2917 1311 expugnare
2944 1250 2992 1300 vi
3015 1265 3118 1302 non
3143 1265 3384 1320 possent,

1815 1323 1880 1375 ad
1917 1325 2093 1376 dolum
2133 1325 2299 1380 hostis
2334 1329 2588 1385 barbarus
2623 1336 2864 1389 vrrtitur.
2913 1339 3295 1398 Profectionem
3331 1347 3388 1402 in

1820 1416 2042 1480 patriam
2087 1417 2337 1484 simulat,
2387 1431 2758 1492 trecentosque
2796 1428 3016 1494 juvenes
3055 1436 3296 1501 corporis
3335 1445 3389 1490 et

1817 1503 1978 1556 animi
2003 1505 2051 1557 vi
2080 1517 2391 1573 prmstantes
2411 1512 2609 1582 deligit,
2636 1531 2768 1583 quos
2791 1509 3038 1574 Romanis
3065 1513 3390 1595 principibus

1815 1595 1958 1649 dono
1994 1597 2103 1662 det,
2130 1598 2416 1656 instructos
2451 1607 2597 1671 prius
2621 1617 2675 1660 ut
2704 1612 2845 1663 omni
2867 1612 3121 1681 obsequio
3144 1613 3390 1672 dominos

1817 1701 1943 1740 suos
1985 1692 2274 1756 promereri
2317 1694 2579 1759 studeant,
2626 1707 2679 1751 et
2717 1699 2781 1753 ad
2827 1695 3024 1768 certam
3068 1705 3208 1761 diem
3247 1705 3396 1764 circa

3277 1803 3388 1855 01Ῐο

1815 1879 2084 1935 vacarent,
2111 1872 2174 1924 ad
2204 1873 2500 1929 Asinariam
2524 1868 2729 1946 portam
2753 1883 3036 1948 advolent;
3071 1887 3388 1946 interfectis-

1811 1975 1916 2026 que
1944 1960 2232 2030 improviso
2254 1966 2448 2020 insultu
2473 1971 2800 2037 custodibus,
2828 1985 3031 2042 portam
3064 1980 3162 2033 sibi
3195 1994 3388 2049 praesto

1815 2046 2006 2102 futuris
2027 2052 2287 2118 aperiant.
2313 2056 2515 2112 Interea
2538 2061 2692 2114 Gethi
2716 2078 2832 2115 cum
2859 2069 3083 2122 reditum
3108 2046 3208 2125 alia
3230 2083 3388 2139 atque

1814 2139 1915 2192 alia
1943 2139 2134 2196 deesse
2160 2144 2257 2198 sibi
2286 2147 2594 2204 simulantes
2624 2151 2930 2219 differrent,
2961 2164 3180 2214 trecenti
3209 2163 3388 2233 illiju-

1815 2243 1978 2284 venes
2007 2234 2289 2290 occasiOne
2319 2239 2528 2307 egregie
2558 2242 2636 2295 usi
2662 2286 2676 2307 ,
2717 2255 2923 2312 portam
2965 2259 3131 2304 strato
3160 2252 3247 2307 die
3276 2255 3387 2308 suis

1815 2322 2097 2388 aperiunt,
2131 2333 2183 2379 et
2226 2327 2558 2383 intromissus
2604 2334 2807 2387 Gothus
2859 2333 3056 2407 majore
3101 2343 3387 2411 ignominia

1810 2423 1970 2477 quam
2013 2411 2205 2468 damno
2253 2419 2436 2472 urbem
2497 2436 2708 2477 om-iem
2758 2428 3056 2495 p-pttlatur.
3110 2433 3248 2488 Sunt
3297 2440 3386 2506 qui

1815 2498 2000 2553 Probae
2045 2502 2260 2559 illustris
2293 2508 2498 2563 femina:
2525 2524 2577 2565 et
2606 2515 3018 2583 opulentissima:
3049 2538 3206 2591 opera
3237 2498 3385 2596 pate-

1815 2589 2004 2644 factam
2029 2591 2213 2647 Gothis
2239 2606 2440 2662 portam
2472 2603 2788 2670 existiment,
2814 2623 2932 2661 cum
2966 2612 3170 2678 plebem
3194 2616 3385 2671 Roma-

1817 2695 1939 2732 nam
1971 2684 2169 2747 passim
2199 2685 2335 2738 fame
2362 2699 2414 2739 et
2446 2692 2645 2742 morbis
2689 2698 2950 2761 pecudum
3000 2716 3148 2754 more
3192 2705 3384 2758 caden-

1814 2777 1921 2821 tem
1944 2771 2307 2828 miseraretur.
2325 2775 2436 2828 Duo
2462 2785 2799 2851 suntcognitu
2826 2775 3384 2861 nonindignamnnm,

1812 2857 2046 2912 edictum
2095 2865 2160 2914 ab
2209 2864 2415 2918 Alarico
2448 2860 2604 2923 fuiSsc
2629 2913 2643 2935 ,
2679 2883 2732 2924 ut
2762 2857 3075 2944 quicunque
3108 2880 3157 2935 in
3189 2857 3384 2953 templa

1813 2948 2056 3007 divorum
2094 2955 2480 3026 confugerent,
2525 2964 2789 3031 prcccipuc
2822 2965 2962 3021 Petri
2991 2979 3043 3024 et
3082 2961 3269 3040 Pauli,
3303 2948 3384 3030 his

1817 3043 1958 3095 nulla
1989 3044 2066 3098 vis
2097 3045 2381 3102 inferretur
2409 3065 2424 3102 :
2455 3053 2592 3119 quod
2631 3063 2684 3107 et
2728 3071 2930 3110 summa
2963 3059 3062 3115 fide
3091 3065 3378 3120 servatum.

158 3117 319 3171 nicato
345 3123 480 3173 inter
505 3135 566 3174 se
595 3123 816 3176 consilio
839 3167 853 3189 ,
895 3125 1085 3196 dieque
1117 3129 1379 3183 destinato
1415 3145 1521 3197 quo
1552 3129 1713 3200 impe-
1741 3128 1784 3188 C
1805 3128 2058 3185 Alterum
2084 3173 2099 3195 ,
2128 3135 2269 3203 quod
2306 3152 2426 3192 cum
2480 3151 2772 3199 nuntiatum
2801 3148 3050 3207 ,Honorio
3094 3165 3238 3210 esset
3283 3157 3383 3212 Ra-

159 3206 260 3259 rata
293 3211 540 3280 principis
569 3219 785 3269 strenue
817 3229 1148 3286 peragerent,
1179 3220 1374 3275 diversi
1401 3221 1708 3277 Stiliconem

157 3311 208 3351 ac
233 3299 385 3353 tilium
407 3303 604 3368 adorti,
623 3313 675 3358 et
692 3319 784 3359 eos
807 3299 968 3375 ipsos,
991 3318 1044 3363 et
1064 3324 1129 3363 ex
1154 3314 1470 3367 necessariis
1511 3315 1709 3383 aliquot

153 3395 230 3458 qui
263 3397 361 3447 vtrn
396 3399 691 3467 parabant,
733 3401 914 3457 Romae
943 3403 995 3457 in
1040 3404 1153 3458 foro
1185 3405 1332 3461 Paeis
1364 3409 1703 3466 interficiunt.

153 3479 448 3553 Imprudens
481 3493 657 3546 tamen
687 3501 740 3547 et
766 3495 985 3564 ignavus
1016 3498 1279 3566 princeps,
1314 3501 1448 3556 duce
1478 3505 1704 3569 sublato,

150 3574 196 3627 in
223 3577 336 3644 ejus
384 3581 559 3634 locum
593 3584 858 3639 neminem
901 3588 1208 3657 subrogaVit
1241 3608 1253 3642 :
1287 3592 1448 3646 credo
1478 3610 1544 3649 ne
1569 3597 1707 3649 ullus

153 3679 317 3731 parem
352 3681 534 3724 nactus
566 3677 851 3740 potentiam
872 3718 885 3740 ,
913 3679 1102 3731 similia
1123 3681 1413 3735 moliretur.
1446 3684 1517 3736 lta
1547 3701 1708 3740 ever.

151 3757 277 3809 citus
301 3762 410 3813 sine
450 3765 716 3832 pra'cipuo
745 3767 920 3834 aliquo
957 3769 1091 3823 duce
1136 3773 1328 3827 misere
1355 3789 1383 3826 a
1413 3774 1596 3829 Gothis
1624 3777 1706 3830 fu-

149 3859 246 3910 sus,
283 3865 371 3916 per
400 3854 596 3905 multas
625 3855 802 3909 clades
834 3867 1088 3913 tet-rorem
1122 3861 1330 3916 Gothici
1367 3865 1593 3919 nominis
1625 3867 1701 3919 in-

149 3947 340 4002 gentem
395 3943 620 3996 imbibit.
677 3943 832 3999 Go.hi
880 3951 1181 4014 superiores
1221 3952 1382 4019 facti,
1428 3955 1492 4008 ad
1525 3956 1704 4011 urbem

149 4025 354 4082 Romam
382 4030 531 4098 signa
563 4033 750 4087 infesta
777 4035 976 4090 ducunt
1003 4079 1016 4101 ,
1050 4055 1272 4106 eamque
1300 4042 1578 4097 obsidione
1615 4045 1703 4099 diu

148 4127 366 4181 pressam
417 4119 671 4189 capiunt,
729 4125 986 4194 diripiunt
1035 4130 1221 4197 majori
1272 4135 1498 4187 tumulttt
1547 4146 1704 4206 atque

147 4209 452 4276 expilatione
475 4217 672 4278 rerum,
697 4231 852 4285 qttam
880 4219 1110 4275 caedibus
1134 4232 1222 4276 aut
1241 4223 1458 4293 stupris,
1486 4229 1704 4295 aliis'jue

150 4305 281 4356 tetris
311 4318 374 4357 ac
403 4304 563 4359 ftedis
615 4307 934 4364 facinoribus
981 4329 1096 4380 qiue
1142 4315 1362 4370 urbibus
1390 4320 1702 4386 expugnatis

147 4395 388 4447 committi
430 4410 526 4464 per
567 4395 899 4453 insolentiam
945 4403 1168 4456 militum
1213 4406 1406 4459 solent.
1460 4409 1701 4463 Alaricn’s

1813 3233 2000 3275 venum
2023 3263 2038 3287 ,
2070 3218 2293 3280 Roinam
2326 3230 2585 3297 perditam
2612 3274 2626 3296 ,
2675 3235 2900 3293 credidit
2944 3241 3032 3296 ille
3060 3235 3127 3298 de
3161 3243 3385 3317 pugnaci

1811 3310 1964 3367 Gallo
1981 3317 2063 3369 cui
2085 3332 2278 3374 nomen
2303 3334 2416 3377 erat
2448 3326 2650 3393 ltomm,
2675 3332 3024 3397 signiﬁcatum
3053 3338 3190 3406 esse,
3215 3344 3382 3398 admi-

1809 3411 2089 3472 ratumque
2125 3411 2471 3466 vehementer
2501 3425 2606 3469 tam
2634 3421 2809 3472 subito
2839 3427 3061 3489 periisse
3103 3445 3222 3484 eum
3260 3435 3380 3500 qni-

1804 3483 1926 3544 cum
1962 3495 2118 3561 paulo
2156 3507 2279 3551 ante
2321 3499 2659 3559 festivissime
2705 3508 2920 3563 luserat.
2954 3512 3076 3567 flare
3102 3483 3373 3586 Egnatius.

1811 3581 1913 3633 llas
1930 3596 2115 3636 omnes
2136 3585 2311 3639 clades
2335 3589 2831 3648 maledicentissima
2856 3609 2907 3650 et
2926 3599 3084 3667 impia
3105 3581 3236 3671 gens
3257 3609 3380 3662 reli-

1806 3673 1951 3739 giuni
1977 3672 2292 3727 Christianae
2322 3675 2636 3747 imputabat,
2663 3677 2857 3752 negans
2891 3689 3123 3745 futurum
3147 3703 3200 3747 ut
3225 3703 3378 3764 capta”

1810 3779 2036 3833 unquam
2069 3774 2209 3821 esset
2241 3767 2406 3822 Roma
2427 3811 2441 3834 ,
2475 3774 2516 3825 si
2550 3774 2767 3829 deorum
2800 3771 3082 3848 religiones
3107 3799 3134 3838 a
3165 3789 3380 3858 majori;

1810 3856 1905 3907 bus
1954 3855 2122 3912 eultas
2171 3854 2499 3929 traditasque
2552 3867 2780 3932 posteris
2840 3871 3130 3929 tenuissent
3170 3892 3185 3929 :
3227 3854 3379 3948 quasi

1807 3963 1934 4002 vero
1964 3965 2065 4002 non
2098 3950 2340 4006 eamdem
2375 3957 2442 4008 ob
2471 3970 2682 4009 causam
2708 3998 2722 4022 ,
2756 3961 2876 4028 quia
2907 3958 3157 4020 violatum
3185 3979 3266 4025 est
3289 3971 3379 4039 jus

1809 4038 2093 4093 humanum
2121 4080 2134 4104 ,
2165 4041 2296 4096 Galli
2331 4045 2454 4096 olim
2483 4045 2695 4115 vigentil
2719 4063 2778 4102 us
2804 4095 2816 4115 ,
2849 4059 2904 4103 ut
2933 4052 3080 4108 aiunt
3105 4096 3120 4122 ,
3149 4038 3378 4116 maxime

1809 4129 1982 4195 inpiis
2024 4131 2126 4184 illis
2165 4132 2422 4198 insaniis,
2471 4133 2664 4189 Urbem
2712 4128 2951 4205 ceperint
2994 4154 3047 4199 et
3076 4149 3372 4215 diruerint;

1804 4233 1898 4270 ceu
1948 4235 2050 4273 non
2103 4224 2255 4275 multi
2305 4224 2651 4291 imperatores
2691 4226 2975 4286 Christiani
3022 4239 3224 4303 Optime
3260 4255 3373 4295 rem

1805 4304 2100 4376 gesserint,
2132 4322 2185 4365 et
2217 4322 2465 4381 tanquam
2497 4331 2600 4370 non
2628 4316 2740 4373 hare
2781 4322 3049 4376 inclinatio
3079 4326 3285 4394 imperii
3320 4341 3375 4383 et

1807 4399 2119 4452 manifestus
2156 4401 2219 4453 ad
2253 4406 2457 4456 ruinam
2487 4419 2640 4460 casus
2670 4412 2894 4478 cmperit
2919 4413 3018 4467 sub
3046 4414 3374 4483 imperatori-

148 4481 267 4534 enim
293 4485 482 4538 urbem
514 4486 845 4554 ingressurus
872 4533 886 4556 ,
935 4492 1041 4545 duo
1071 4495 1118 4546 in
1158 4495 1344 4549 castris
1369 4497 1538 4551 edicta
1579 4515 1699 4568 pro-

1811 4489 1900 4540 bus
1931 4487 2242 4557 gentilibus,
2277 4502 2329 4546 et
2358 4510 2460 4547 non
2495 4513 2587 4563 per
2616 4503 2856 4555 eamdem
2897 4506 3193 4560 socordiam
3227 4507 3374 4576 igna-

149 4579 377 4632 posnerat
410 4591 421 4625 ε
455 4575 678 4629 alterum
704 4618 717 4640 ,
763 4593 791 4631 a
821 4581 965 4634 crede
995 4591 1047 4636 et
1090 4584 1377 4639 violatione
1428 4587 1697 4642 hominum

148 4658 475 4730 abstinerent,
506 4667 604 4718 sibi
627 4670 885 4734 ejusmodi
917 4687 1004 4726 res
1031 4671 1418 4743 displicituras;
1449 4679 1696 4744 alterum,

150 4755 439 4822 utcapita'le
471 4768 642 4823 esset,
677 4754 717 4812 si
760 4758 876 4828 quis
912 4778 1032 4817 eum
1072 4766 1158 4832 qui
1193 4766 1256 4820 ad
1286 4770 1478 4837 templa
1506 4771 1698 4838 princi-

149 4849 251 4902 ptnu
276 4845 641 4912 apostolorum
665 4848 989 4918 confugisset
1035 4851 1274 4921 laederet,
1305 4867 1391 4909 aut
1426 4859 1536 4925 ipsa
1567 4865 1701 4914 terni

151 4931 218 4992 pla
261 4937 505 4992 violaret.
554 4938 718 5008 Capta
765 4951 847 4995 est
883 4957 912 4995 a
957 4944 1147 4998 Gothis
1189 4946 1354 5000 Roma
1399 4965 1537 5002 anno
1585 4961 1703 5019 post

147 5027 364 5080 eamdem
395 5030 666 5084 conditam
702 5032 867 5096 1161,
898 5036 1000 5088 cal.
1038 5036 1238 5105 April,
1277 5037 1460 5091 Flavio
1486 5049 1539 5092 et
1568 5039 1701 5093 Var-

149 5123 261 5167 rone
281 5131 424 5170 coss.
469 5119 586 5182 Quo
615 5129 770 5188 pacto
799 5123 868 5174 sit
893 5133 1043 5191 capta
1084 5139 1266 5192 parum
1318 5127 1585 5194 explicant
1615 5144 1700 5182 re-

148 5214 246 5257 rum
271 5209 580 5276 scriptores.
616 5211 844 5279 Baptism
880 5213 1128 5281 Egnatius
1158 5229 1215 5268 se
1239 5217 1449 5269 modum
1476 5217 1591 5285 ejus
1621 5219 1696 5272 rei

148 5289 255 5350 dicit
283 5313 344 5352 ex
381 5300 640 5369 Procopio
669 5301 856 5355 Grtrco
884 5300 1094 5365 afferre,
1117 5305 1400 5375 mirarique
1432 5308 1694 5377 interpre-

149 5387 239 5436 lctn
269 5389 346 5443 vel
374 5405 495 5444 eum
529 5392 700 5445 locum
743 5393 997 5446 scientem
1046 5394 1462 5464 pru‘dentemque
1504 5399 1696 5451 transi-

151 5470 307 5545 liisse;
355 5482 434 5535 vel
479 5483 521 5534 si
576 5485 625 5536 in
673 5485 916 5537 mutilum
966 5484 1148 5539 incidit
1185 5486 1457 5551 codicem,
1506 5503 1694 5556 parum

1801 4579 2044 4646 viamque
2073 4579 2338 4634 llonorius
2369 4585 2607 4641 amiserit
2634 4589 2875 4655 Romam,
2901 4607 2995 4659 per
3016 4609 3169 4662 quam
3198 4595 3376 4651 Galie-

1806 4683 1903 4722 nus
1930 4667 2239 4741 Egyjitttrn,
2272 4675 2482 4741 Asiam,
2514 4677 2758 4744 Galliam,
2792 4680 2856 4732 ad
2886 4682 3105 4748 quarum
3137 4685 3373 4750 perdita.

1803 4774 1918 4813 rum
1969 4777 2209 4818 rumores
2265 4763 2416 4820 dictis
2469 4769 2653 4822 luserit
2701 4771 2903 4822 facetis.
2962 4771 3227 4828 Adversus
3273 4776 3377 4829 hos

1804 4850 1961 4918 igitur
1992 4851 2233 4907 homines
2279 4866 2477 4908 sancta:
2508 4855 2805 4924 religionis,
2836 4857 3040 4912 etiamsi
3072 4861 3210 4916 nulla
3237 4878 3374 4918 eon-

1805 4940 2008 5006 tigisset
2040 4941 2346 5005 calamitas,
2387 4945 2627 4996 inimicos
2654 4943 2707 4995 et
2737 4944 3002 5012 infensos,
3041 4951 3205 5007 libros
3238 4953 3370 5010 con-

1801 5027 2012 5094 scripsit
2043 5027 2364 5093 Augustinus
2407 5029 2541 5082 duos
2579 5028 2632 5083 et
2672 5029 2892 5100 viginti,
2939 5039 3216 5096 Civitatem
3250 5043 3366 5110 Dei,

1803 5118 1910 5172 hoc
1953 5128 2030 5172 est
2074 5119 2422 5173 Christianam
2478 5122 2783 5192 religionem
2832 5127 3086 5186 adversus
3129 5133 3368 5190 rabiosa:

1798 5222 1954 5279 atque
1994 5213 2179 5279 impias
2216 5226 2399 5266 eorum
2429 5217 2672 5282 querelas
2698 5217 2990 5284 defendens

2252 5301 2891 5364 ANIMADVERSIONES

2171 5407 2220 5446 ΙΝ
2262 5409 2436 5448 LIBROS
2482 5411 2546 5448 υε
2590 5411 2834 5452 οινιτΑτε
2879 5417 2982 5454 DEI.

1868 5482 2027 5540 [ωηο
2055 5500 2090 5537 r.
2123 5483 2252 5552 Cap.
2293 5486 2341 5539 1.
2383 5487 2460 5539 Αη
2503 5503 2604 5540 non
2640 5491 2789 5541 etiam
2825 5488 2904 5540 illi
2934 5489 3150 5544 Romani
3179 5491 3365 5549 Christi

149 5565 566 5626 animadvertisse
614 5575 738 5639 quid
798 5574 1026 5628 deesset.
1086 5575 1398 5644 Procopium
1449 5576 1692 5634 Graecum

1811 5576 1989 5628 contini
2029 5578 2198 5646 infesti
2240 5582 2355 5630 sum
2379 5619 2394 5643 ,
2432 5580 2614 5648 quibus
2642 5591 2846 5648 prapter
2877 5577 3126 5634 Christum
3165 5583 3362 5640 (turbari

149 5659 365 5713 nendum
395 5663 497 5715 vidi
527 5679 542 5724 ;
597 5664 726 5716 fides
754 5665 856 5715 erit
890 5679 1050 5728 penes
1091 5666 1388 5736 Egnatium,
1421 5668 1687 5723 hominem
1796 5680 2141 5737 pepercerunt.
2189 5667 2454 5723 Testrmtur
2489 5671 2583 5723 hoc
2614 5680 2893 5739 martyrum
2926 5669 3118 5820 togas“
3142 5675 3363 5732 basilica

407 5755 673 5810 larunt.
726 5752 972 5818 XLVII.
3124 5805 3125 5808 η

407 5755 673 5810 larunt.
726 5752 972 5818 XLVII.
2983 5761 3064 5818 15
3124 5805 3125 5808 η
