3900 6322
458 294 564 356 859

1340 277 1893 341 SUPPLEMENTUM
1934 276 2025 333 so
2064 259 2291 332 optauit
2332 274 2388 331 s.
2431 244 2802 330 anausim}

3608 270 3730 325 460

460 407 834 479 Apostolorum,
864 416 976 471 qua:
999 400 1049 453 in
1076 399 1168 453 illa
1195 394 1467 450 vastatione
1501 392 1650 445 Urbis
1678 391 1745 473 ad
1773 406 1825 443 se
1853 389 2031 479 conkfu-
2060 380 2373 469 Amatores
2418 386 2615 442 ethnici
2668 382 2857 479 similia
2910 380 2960 433 in
3005 378 3351 479 Christiana:
3383 375 3725 479 virginemn

460 462 641 570 gientes
666 509 781 547 suos
811 492 1100 559 alienasque
1127 479 1474 565 receperunth
1510 480 1617 535 Sed
1645 468 1753 533 non
1782 486 1894 532 erat
1926 462 2037 529 dis-

461 582 813 644 simulandum
832 581 996 635 hosce
1018 577 1273 632 barbaros
1292 572 1459 627 fuisSc
1474 570 1829 633 Christianos,
1854 580 2040 637 quam-

460 679 540 733 vis
569 675 683 731 Arii
710 681 911 728 sectam
940 675 1310 739 sequeremur.
1355 662 1488 717 Vide
1531 660 1751 714 Paulum
1794 656 2040 712 Orosium

461 770 553 826 lib.
582 784 678 835 vn,
712 780 829 834 cap.
858 763 912 829 6,
945 762 996 815 in
1031 761 1157 813 fine.
1199 756 1304 813 Sed
1334 752 1586 810 laudandi
1618 752 1841 805 fuissent
1871 748 2042 801 hatre-

462 860 637 927 reti‘ci,
679 867 733 913 et
768 855 845 910 rci
887 849 1268 907 admirabilitas
1304 842 1622 908 minuenda;
1670 838 1809 910 quod
1841 836 2044 927 simpli-

464 952 577 1005 cior
605 926 821 1018 quidem
850 943 1080 1012 scriptor
1111 940 1287 994 facere
1318 935 1575 1007 potuisset
1597 972 1613 998 ,
1637 929 1731 987 sed
1761 937 1867 984 non
1898 926 2045 981 calli-

465 1043 563 1097 dus
591 1039 794 1094 rhetor.

535 1134 665 1203 Cap.
694 1132 745 1185 5.
792 1126 923 1181 Ecce
944 1124 1176 1197 qualibus
1197 1119 1292 1174 diis
1312 1117 1484 1172 urbem
1511 1112 1729 1170 Romani
1750 1109 2046 1203 servandam

468 1202 845 1280 commendasse
874 1215 1177 1290 gaudebant.
1222 1210 1266 1265 0
1296 1210 1509 1263 nimiam
1538 1202 1879 1259 miserabilem
1908 1215 2048 1255 erro-

469 1314 609 1369 rem!
645 1308 784 1381 etc.]
831 1305 1020 1362 lrridet
1052 1314 1242 1371 nempe
1280 1299 1410 1355 deos
1446 1297 1534 1367 qui
1575 1309 1675 1350 nec
1704 1291 1900 1360 templa
1929 1300 2043 1355 sua,

472 1419 569 1459 nec
593 1412 793 1458 statuas
819 1411 1035 1453 scrvare
1064 1400 1367 1465 potucrant.
1414 1387 1556 1443 ldem
1594 1386 1717 1441 facit
1747 1382 2051 1437 Lactantius

470 1482 643 1551 2nstit.
678 1489 851 1545 Divin.
881 1487 974 1540 lib.
1008 1501 1070 1551 ιι,
1096 1484 1215 1552 cap.
1243 1482 1276 1536 ι
1303 1491 1356 1535 et
1382 1478 1529 1532 alibi.
1558 1474 1700 1531 Idem
1729 1485 1940 1543 quoque
1960 1466 2052 1524 alii

472 1595 682 1639 veteres
705 1575 991 1633 Christiani
1012 1591 1028 1641 ;
1051 1572 1167 1637 sed,
1186 1568 1288 1625 nisi
1314 1567 1494 1631 fallor,
1525 1562 1909 1633 imprudenter,
1931 1572 2053 1613 cum

472 1662 661 1730 Similia
690 1669 1024 1737 aliquatenus
1060 1661 1260 1718 Judaeis
1304 1658 1461 1727 objici
1490 1661 1731 1725 possent,
1763 1650 1852 1721 qui
1878 1659 2053 1704 tamen

2134 466 2455 531 fervidiores
2502 483 2765 544 martyres
2804 470 2987 541 jacere
3032 478 3265 538 possent.
3317 466 3428 523 Sed
3481 464 3726 538 iniquior

2140 566 2239 620 fuit
2264 566 2494 621 ethnicis
2519 564 2784 626 omnibus.
2812 570 2929 631 post
2956 559 3346 616 controversias
3367 556 3724 628 Pelagianae;

2144 655 2264 725 quia
2314 654 2441 708 nihil
2491 655 2606 709 sine
2651 654 2841 722 gratia,
2876 650 2976 705 hoc
3021 659 3101 705 est
3131 649 3310 703 afﬂatu
3337 648 3521 705 divino
3548 650 3725 706 inusi-

2144 754 2252 799 tato
2278 785 2292 810 ,
2325 745 2521 799 bonum
2570 758 2689 797 esse
2716 742 2924 797 dicebat
2944 781 2959 807 ,
3009 740 3325 810 uolebatque
3354 751 3475 795 eam
3500 734 3730 810 gratiam

2143 836 2371 890 ethnicis
2401 834 2582 905 tribui.

2213 924 2342 993 Cap.
2370 923 2461 977 26.
2506 920 2751 988 Quaedam
2774 916 2962 974 sanctis
2990 920 3211 997 feniinw,
3240 926 3465 995 tempore
3491 937 3733 991 persecu-

2147 1017 2300 1072 tionis
2324 1056 2339 1080 ,
2371 1025 2425 1068 ut
2451 1014 2770 1068 insectatores
2798 1028 2905 1067 sate
2944 1000 3204 1081 pudicitiae
3242 998 3518 1065 devitartnt
3546 1014 3597 1065 in
3645 1030 3730 1065 ra-

2147 1114 2353 1175 pturum
2381 1112 2527 1172 atque
2555 1109 2846 1157 necaturum
2869 1118 2923 1155 se
2946 1102 3159 1171 ﬂuvium
3196 1102 3539 1170 proiecerunt,
3571 1096 3731 1169 eoque

2148 1193 2298 1247 modo
2335 1193 2589 1265 defuncta:
2616 1200 2756 1259 sunt,
2785 1205 3061 1261 earumque
3102 1190 3345 1261 martyria
3384 1190 3435 1241 in
3474 1190 3731 1243 catholica

2151 1282 2383 1337 Ecclesia
2404 1283 2719 1337 veneratione
2746 1281 3067 1335 celeberrima
3106 1273 3501 1350 frequentantur.
3518 1280 3543 1351 j
3566 1280 3735 1335 Tales

2152 1357 2431 1427 Domninai
2477 1371 2600 1425 filiae
2640 1371 2861 1425 Bernice
2909 1379 2961 1424 et
2990 1368 3275 1436 Prosdoce,
3310 1357 3527 1438 quarum
3570 1366 3731 1422 nata"-

2154 1451 2259 1519 lem
2291 1462 2568 1519 celebrant
2595 1461 2767 1517 (ἔπειθί
2797 1461 2885 1516 die
2909 1462 2941 1516 4
2969 1460 3215 1514 Octobris
3242 1470 3296 1514 et
3322 1460 3389 1514 de
3419 1460 3609 1529 quibus
3636 1473 3733 1513 εις

2155 1562 2261 1611 stat
2290 1555 2508 1625 elegans
2537 1554 2754 1609 homilia
2775 1552 2999 1608 Joannis
3019 1551 3387 1621 Chrysostomi
3414 1552 3543 1605 tomi
3573 1538 3734 1620 primi

2156 1646 2247 1702 5|.
2296 1647 2426 1701 Eam
2476 1646 2664 1703 Latine
2709 1640 2931 1700 inseruit
2976 1644 3122 1698 Actis
3159 1642 3381 1698 sinceris
3423 1652 3479 1698 et
3520 1643 3736 1698 selectis

704 1724 952 1812 colebant
980 1737 1168 1807 Deum.
1220 1748 1312 1804 Sic
1351 1724 1403 1800 et
1445 1744 1577 1799 alias
1608 1741 1853 1796 fecerunt
1880 1738 2055 1793 minus
2089 1749 2132 1808 Β
2162 1748 2453 1809 martyrum
2485 1736 2689 1791 Theod.
2723 1735 3030 1798 Ruinartus,
3057 1724 3145 1788 ubi
3175 1730 3332 1788 etiam
3362 1728 3612 1802 quaedam
3646 1730 3734 1787 ha.

472 1851 765 1925 prudentes
806 1838 1131 1907 Christiani,
1171 1832 1399 1895 ethnicis
1439 1834 1752 1925 objicientes
1780 1828 2056 1925 quae-ipsis

474 1920 542 2001 En}
570 1940 799 1999 ethnicis
826 1938 1036 2007 objecta
1066 1933 1313 1999 fuerant,
1342 1930 1400 1983 ’ut
1432 1921 1529 1982 viri
1555 1925 1695 1980 docti
1723 1920 2057 1978 animadver-

476 2044 674 2094 terunt.
726 2032 795 2087 At
845 2029 890 2084 si
933 2026 1303 2099 prudentiores
1349 2020 1608 2085 fuissent,
1654 2017 1719 2071 iis
1756 2015 1929 2068 armis
1961 2026 2058 2083 pro

478 2130 736 2201 religione
763 2123 1061 2180 Christiana
1087 2117 1345 2173 utendum
1372 2116 1469 2169 fuit
1498 2127 1616 2181 qua:
1644 2108 1762 2164 usui
1790 2119 2059 2201 nunquam

478 2194 711 2278 ethnicis
739 2216 965 2273 fuissent
992 2219 1084 2265 aut
1112 2223 1232 2265 esse
1260 2212 1513 2277 possent,
1541 2216 1661 2256 cum
1686 2196 1900 2253 veritati
1928 2194 2057 2250 nihil

479 2324 766 2369 Commune
782 2308 852 2363 sit
878 2319 997 2361 cum
1025 2299 1325 2356 mendacio.
1352 2296 1547 2350 Verum
1574 2292 1841 2355 rhetores,
1864 2287 2059 2343 verisi-

478 2388 684 2459 inilium
712 2398 868 2469 aequo
902 2386 1171 2450 avidiores
1208 2396 1544 2459 captatores,
1570 2384 1708 2463 talia
1738 2380 1939 2437 monita
1965 2392 2059 2433 ne-

479 2505 740 2565 quaquam
767 2486 1132 2545 attendebant.
1390 2552 1393 2553 ν

549 2560 680 2653 Cap.
705 2583 758 2639 5.
793 2579 954 2648 Quem
982 2592 1170 2631 morem
1199 2574 1349 2628 etiam
1375 2569 1546 2625 Caesar
1571 2566 1723 2640 (sicut
1749 2562 1919 2653 scribit
1941 2560 2063 2616 Sal-

480 2651 663 2731 lustius
688 2713 704 2739 ,
747 2670 1007 2726 nobilitate
1042 2664 1269 2721 veritatis
1317 2655 1609 2725 historicus)
1664 2651 1910 2708 sententia
1946 2664 2059 2715 sua,

480 2781 636 2838 quam
655 2764 720 2819 de
745 2758 1030 2833 conjuratis
1050 2757 1102 2810 in
1127 2763 1306 2810 senatu
1326 2750 1521 2815 habuit,
1549 2756 1943 2800 commemorare
1963 2755 2065 2838 non

480 2830 875 2928 prietermittit.]
906 2847 1202 2904 Credebam
1232 2843 1377 2897 illico
1397 2882 1413 2907 ,
1441 2854 1563 2894 cum
1592 2839 1705 2928 haec
1734 2833 1962 2928 prim—um
1986 2830 2063 2928 le:

481 2921 685 3020 gerem,
711 2944 798 3000 hic
818 2939 1104 3009 legendum
1132 2934 1449 3020 nobilitatus,
1473 2928 1566 2984 sed
1592 2927 1830 3020 inspecta
1853 2921 2065 3020 Erasini

481 3012 718 3094 editione
740 3074 755 3098 ,
788 3030 899 3086 vidi
929 3026 1179 3084 mendum
1211 3012 1313 3077 hoc
1337 3034 1458 3075 esse
1484 3014 1922 3089 typograpbicum
1942 3053 1956 3078 ,
1987 3012 2066 3067 le-

2158 1830 2266 1893 bct,
2298 1830 2435 1883 hanc
2463 1828 2515 1882 in
2544 1841 2681 1892 rem,
2711 1827 2764 1880 in
2796 1824 3011 1896 praeﬁxa
3040 1823 3424 1891 admonitione,
3453 1823 3603 1878 lectu
3632 1814 3737 1877 non

2158 1912 2337 1992 indign
2355 1938 2391 1975 ι.
2749 1987 2754 1997 ι
3325 1985 3328 1989 ἢ
3554 1981 3561 1987 ,

2228 2012 2362 2068 Ibid.
2393 2010 2470 2065 De
2512 2011 2590 2065 his
2632 2007 2763 2064 nihil
2808 2004 2992 2063 temere
3030 2004 3195 2062 audeo
3234 2008 3495 2081 judicare.
3548 2005 3739 2062 Utrunt

2159 2102 2294 2155 enim
2318 2100 2560 2154 Ecclesia
2587 2100 2840 2169 aliquibus
2867 2098 2968 2167 [ide
2996 2096 3659 2176 dignisiesti/icationibus,
3689 2084 3743 2149 ut

2158 2210 2334 2249 earum
2353 2194 2647 2247 memoriam
2673 2192 2745 2244 sic
2773 2189 3008 2255 honoret,
3038 2190 3206 2243 divina
3226 2190 3529 2261 persuaserit
3558 2200 3745 2242 aueto~

2161 2286 2285 2337 ritas
2314 2280 2529 2352 nescio.]
2560 2281 2722 2335 Multo
2750 2279 3057 2336 credibilius
3087 2288 3170 2335 est
3199 2294 3225 2331 a
3256 2279 3446 2334 vicinis
3483 2278 3746 2334 Ecclesiis

2162 2374 2389 2443 primum
2431 2386 2522 2426 eas
2554 2372 2791 2442 virgines
2836 2370 2890 2425 in
2917 2370 3157 2425 ordinem
3187 2378 3478 2440 martyrum
3507 2369 3746 2432 relatas;

2162 2464 2301 2534 quod
2336 2465 2436 2518 hoc
2459 2505 2476 2528 ,
2516 2462 2770 2533 quidquid
2803 2461 2902 2516 fuit
2944 2462 3148 2532 peccati
3178 2502 3194 2527 ,
3226 2460 3358 2516 satis
3385 2461 3599 2517 elutam
3632 2474 3748 2516 esse

2163 2564 2481 2621 censerent,
2513 2554 2693 2609 animo
2720 2570 2826 2625 quo
2857 2554 2911 2608 in
2945 2554 2994 2608 id
3043 2554 3367 2620 inciderant,
3403 2553 3506 2609 hoc
3533 2565 3629 2609 est
3669 2554 3747 2608 iub

2164 2646 2437 2700 temeratae
2481 2645 2743 2699 castitatis
2786 2653 2840 2700 et
2882 2642 3152 2712 religionis
3186 2644 3500 2700 Christianae
3529 2658 3743 2699 amorc.

2164 2734 2305 2790 Sane
2328 2736 2492 2791 multa
2537 2735 2841 2801 laudantur,
2875 2735 2927 2788 in
2954 2733 3148 2804 quibus
3173 2742 3353 2789 tantus
3390 2732 3617 2790 animus
3645 2732 3747 2789 non

2166 2826 2421 2891 emicuit,
2468 2833 2695 2896 quantus
2735 2824 2790 2879 in
2836 2824 2902 2880 iis
2944 2839 3063 2895 qua:
3107 2825 3450 2880 excusatione
3479 2824 3749 2894 indigent.

2165 2917 2524 2985 Quamobrem
2566 2915 2619 2971 id
2649 2931 2832 2971 carum
2865 2916 3060 2971 factum
3094 2915 3313 2970 laudare
3343 2929 3451 2970 non
3477 2900 3750 2971 dubitavit

2164 3006 2582 3077 Chrysostomus
2608 3021 2908 3077 novumque
2936 3016 2992 3062 et
3018 3007 3323 3061 inusitatum
3353 3006 3630 3077 baptisma
3661 3023 3750 3063 vo-

481 3127 821 3199 gendumque
848 3119 1132 3173 nobilitata:
1155 3154 1170 3180 ,
1201 3113 1303 3167 hoc
1323 3120 1407 3166 est
1431 3150 1445 3176 ,
1491 3106 1771 3164 celebratae
1798 3102 2059 3160 veritatis.
2090 3101 2135 3162 C
2166 3100 2309 3173 care.
2358 3098 2486 3164 Qua:
2529 3099 2582 3153 in
2641 3099 2876 3153 Ecclesia
2913 3100 3307 3154 constituuntur
3352 3114 3503 3185 saepe
3541 3103 3751 3155 sensim

482 3196 780 3275 Cbservant
806 3221 985 3267 autem
1026 3198 1112 3262 hic
1142 3200 1508 3267 Benedictini,
1555 3199 1607 3254 in
1652 3196 1900 3253 omnibus
1930 3208 2061 3250 mss.

483 3290 584 3377 legi
613 3321 716 3360 non
749 3302 941 3365 Cwsar,
971 3297 1065 3354 sed
1088 3296 1231 3360 Cato,
1254 3307 1435 3349 verum
1461 3292 1582 3362 quia
1612 3288 1771 3343 verba
1794 3301 1909 3355 qua:
1940 3299 2066 3354 pro-

474 3376 590 3465 fert
617 3405 805 3467 postea
833 3391 1165 3462 Augustinus
1192 3393 1317 3441 sunt
1355 3384 1411 3438 in
1439 3381 1678 3437 oratione
1713 3376 1929 3432 Caesaris
1958 3388 2066 3430 non

485 3488 720 3553 Catonis,
751 3501 782 3541 a
806 3484 1003 3542 criticis
1033 3487 1294 3537 mutatum
1325 3490 1445 3531 esse
1471 3487 1687 3528 nomen.
1719 3469 2068 3539 SuSpicantur

486 3567 587 3652 ipsi
618 3577 857 3649 potuisse
888 3574 1000 3629 ﬁeri
1031 3581 1090 3627 ut
1119 3568 1444 3638 Augustinus
1474 3562 1730 3619 memoria
1762 3561 1943 3629 lapsus
1972 3558 2063 3612 sit.

486 3651 555 3728 iis
584 3686 650 3727 eo
680 3668 933 3725 libentius
955 3663 1309 3728 assentimur,
1347 3658 1487 3728 quod
1511 3655 1652 3710 aliud
1696 3666 1857 3723 agens
1888 3651 2069 3720 Augu-

488 3762 663 3817 Stinus
683 3800 699 3825 ,
729 3768 783 3812 ut
814 3759 870 3810 fit
890 3796 906 3823 ,
938 3754 1230 3822 vidensque
1260 3750 1375 3803 haec
1401 3746 1565 3801 verba
1591 3744 1758 3812 magis
1786 3741 1973 3796 fecisse
2001 3738 2068 3794 ad

489 3864 708 3919 scopum
739 3845 995 3902 orationis
1033 3841 1241 3896 Catonis
1280 3853 1437 3907 quam
1467 3834 1683 3889 Ca’saris
1702 3872 1716 3896 ,
1746 3846 1809 3886 ea
1836 3829 2069 3899 potuerit

491 3944 770 4012 prOpterea
797 3935 977 3989 Catoni
1001 3932 1252 3987 tribuere.
1278 3931 1432 3997 Saepe
1458 3925 1636 3980 animo
1660 3925 1711 3978 in
1740 3938 1854 3978 rem
1879 3935 2067 3991 quam-

491 4031 631 4101 piam
654 4026 795 4082 serio
823 4026 1046 4087 intento,
1067 4021 1323 4077 memoria
1353 4018 1527 4072 minus
1554 4014 1657 4068 ﬁda
1684 4024 1787 4089 est.

559 4118 689 4185 Cap.
718 4114 771 4170 9.
818 4113 941 4168 Sui:
966 4112 1117 4178 fama:
1156 4127 1215 4164 ac
1243 4109 1397 4164 saluti
1426 4106 1759 4166 consulentes,
1790 4101 1911 4154 dum
1942 4099 2071 4152 insi-

491 4210 603 4265 dias
628 4217 779 4279 atque
806 4207 1018 4277 impetus
1061 4204 1313 4257 malorum
1358 4194 1595 4268 timent.]
1628 4194 1834 4249 Dudum
1884 4191 2067 4245 obser-

489 4307 709 4355 vaverat
733 4296 887 4353 Joan.
922 4293 1072 4350 Frid.
1105 4291 1435 4356 Gronovius,
1470 4288 1749 4343 Observat.
1789 4283 1842 4337 in
1880 4282 2064 4349 script.

488 4386 912 4454 ecclesiasticos,
940 4397 1059 4456 cap.
1096 4384 1185 4450 l7,
1215 4382 1267 4436 in
1294 4394 1424 4435 mss.
1458 4378 1646 4433 deesse
1674 4389 1857 4430 vocem
1886 4388 2069 4425 consu-

2167 3201 2223 3247 et
2265 3192 2383 3248 sine
2414 3188 2617 3246 matura
2664 3191 2768 3245 ulla
2800 3187 3184 3247 deliberatione
3224 3190 3275 3245 in
3306 3205 3423 3244 eam
3470 3190 3753 3260 irrepunt;

2167 3282 2407 3351 quinimo
2451 3289 2505 3334 et
2551 3281 2605 3334 in
2657 3281 2783 3350 ipsis
2827 3280 3107 3346 conciliis,
3138 3280 3228 3335 ubi
3273 3279 3539 3350 sull‘ragiis
3565 3282 3752 3337 omnia

2167 3374 2612 3440 decernebantur,
2660 3390 2766 3429 non
2797 3375 3065 3431 doctiores
3085 3416 3099 3441 ,
3129 3376 3217 3444 qui
3247 3377 3397 3445 pauci
3430 3385 3596 3430 erant
3620 3419 3635 3444 ,
3665 3377 3755 3430 sed

2169 3466 2369 3535 plures,
2404 3465 2503 3521 hoc
2547 3475 2629 3521 est
2677 3466 3000 3522 indoctiores
3029 3472 3120 3522 aut
3148 3476 3295 3522 certe
3336 3468 3669 3522 auctoritate
3697 3482 3754 3520 ac

2168 3557 2379 3613 dicendi
2410 3557 2660 3614 facultate
2687 3559 2991 3628 superiores
3035 3558 3387 3614 audiebantur
3407 3598 3425 3625 ,
3468 3568 3526 3613 ut
3558 3564 3755 3615 omnes

2169 3657 2383 3715 norunt,
2416 3664 2514 3704 nec
2546 3648 2820 3719 ignorabat
2850 3649 2967 3719 ipse
2994 3650 3341 3720 Augustinus.

2238 3742 2403 3796 LIBRO
2442 3756 2501 3795 ιι.
2532 3741 2659 3810 Cap.
2700 3742 2753 3796 '5.
2794 3739 3049 3795 Memento
3076 3750 3241 3794 autem
3287 3755 3364 3794 me
3390 3738 3490 3793 ista
3519 3755 3753 3793 comme-

2167 3843 2449 3887 morantem
2489 3832 2656 3885 adliuc
2697 3841 2874 3885 contra
2921 3824 3182 3901 imperitos
3224 3846 3411 3902 agere,
3441 3847 3506 3884 ea:
3530 3828 3753 3899 quorum

2167 3924 2422 3993 imperitia
2453 3922 2584 3975 illud
2625 3937 2824 3992 quoque
2851 3932 3018 3975 ortum
3046 3932 3118 3977 est
3151 3922 3360 3992 uulgare
3384 3904 3712 3992 proverbium
3736 3938 3753 3976 :

2169 4013 2354 4068 Pluvia
2393 4012 2553 4080 deﬁt,
2597 4022 2755 4068 causa
2784 4011 3093 4067 Christiani.
3128 4011 3262 4067 Sunt
3300 4027 3518 4079 namque
3545 4015 3641 4083 qui
3667 4029 3752 4068 ιιι)⁴

2169 4120 2285 4158 rum
2319 4103 2502 4157 studiis
2533 4102 2821 4157 liberalibus
2845 4102 3061 4157 instituti
3086 4112 3259 4156 amant
3288 4102 3560 4157 historiam
3586 4144 3605 4169 ,
3650 4122 3748 4174 qua

2171 4182 2414 4260 facillime
2460 4193 2557 4247 ista
2603 4201 2893 4255 noverunt;
2946 4192 3035 4246 sed
3086 4201 3140 4245 ut
3187 4192 3328 4246 nobis
3373 4192 3749 4247 ineruditorum

2171 4284 2345 4337 turbas
2387 4284 2744 4354 infestissimas
2783 4283 3043 4350 reddant,
3084 4300 3137 4338 se
3190 4299 3336 4338 nosse
3381 4284 3747 4349 dissitaulant,

2170 4371 2298 4446 etc.]
2323 4373 2561 4439 Norant,
2593 4388 2786 4442 nempe
2809 4413 2825 4440 ,
2854 4374 2995 4442 quod
3033 4381 3189 4428 antea
3218 4373 3351 4427 dixit
3391 4372 3747 4442 Augustinus,

489 4487 677 4547 lentes,
718 4449 960 4545 adeoque
1009 4449 1313 4528 delendam.
1359 4469 1447 4523 Sic
1477 4467 1617 4522 enim
1664 4479 1806 4534 smpe
1834 4461 2067 4530 loquitur
2093 4449 2148 4511 Ι)
2174 4480 2278 4519 non
2307 4465 2482 4519 minus
2508 4473 2632 4519 ante
2659 4462 2959 4518 Christiana
2990 4472 3228 4534 tempora
3254 4505 3268 4529 ,
3298 4478 3457 4534 quam
3487 4464 3752 4533 deinceps

491 4569 816 4645 Augustinus
840 4610 855 4633 ,
903 4576 960 4620 ut
1006 4564 1141 4617 infra
1172 4577 1289 4630 cap.
1319 4561 1387 4613 ’50
1416 4577 1426 4613 :
1462 4557 1621 4611 Istam
1662 4556 1798 4608 vobis
1844 4564 2065 4606 ntefnens

492 4640 862 4723 calamitatem;
903 4664 954 4711 et
978 4668 1094 4722 cap.
1123 4651 1228 4706 ὗες
1258 4648 1409 4701 Hunc
1433 4644 1695 4715 probi'atis
1719 4653 1764 4695 et
1796 4640 2068 4694 honestatis

492 4754 797 4808 eversionem
818 4748 954 4802 vobis
968 4745 1143 4817 Scipio
1164 4742 1248 4795 ille
1273 4738 1541 4791 metuebat.
1568 4735 1713 4786 lianc
1733 4731 2068 4787 auimadvcr.

493 4844 700 4896 sionem
724 4838 922 4909 judicio
946 4850 1042 4891 suo
1064 4830 1452 4888 confirmarunt
1472 4823 1703 4879 editores
1718 4821 2066 4875 Parisienses.

563 4928 695 4994 Cap.
744 4928 833 4982 i7.
875 4930 946 4979 Ac
976 4942 1064 4995 per
1105 4923 1199 4977 hoc
1246 4930 1292 4975 et
1335 4933 1446 4987 quae
1489 4930 1542 4969 se
1582 4912 1870 4965 occiderunt
1901 4910 2069 4980 (san-

494 5016 828 5072 ctimoniales
859 5029 926 5069 ne
950 5016 1264 5069 vitiareutur
1293 5026 1322 5063 a
1353 5004 1650 5075 militibus)
1692 5020 1754 5057 ne
1794 5003 2070 5073 quidquam

496 5106 788 5179 hujusmodi
829 5114 1139 5175 paterentur,
1184 5102 1297 5170 quis
1343 5099 1596 5152 humanus
1640 5094 1919 5161 alfectusei
1945 5092 2072 5147 nolit

496 5192 756 5272 ignosci?]
789 5193 898 5249 [lac
937 5192 1003 5246 de
1046 5206 1106 5245 re
1155 5190 1333 5243 multis
1362 5189 1472 5257 agit
1500 5188 1553 5241 in
1583 5184 1951 5255 sequentibus,
1981 5181 2070 5236 ubi

493 5287 687 5346 merito
729 5293 782 5340 et
839 5281 1006 5337 ﬁrmis
1048 5277 1342 5333 rationibus
1397 5279 1732 5351 αὐτοχειρίαν
1777 5279 2066 5343 oppugnat.

492 5381 601 5440 Sed
629 5376 773 5434 aliud
800 5386 884 5432 est
912 5373 1051 5429 velle
1080 5370 1282 5442 ignosci
1311 5370 1374 5424 iis
1399 5371 1488 5440 qui
1518 5370 1574 5424 in
1602 5377 1843 5423 extremo
1864 5380 1987 5421 casu
2010 5372 2064 5420 et

490 5473 669 5527 animo
715 5465 935 5540 periculi
983 5461 1261 5517 atrocitate
1305 5458 1655 5530 perturbato,
1703 5457 1880 5513 simile
1934 5455 2063 5526 quid

491 5563 763 5626 fecerunt;
803 5557 943 5614 aliud
988 5556 1186 5611 tactum
1231 5552 1477 5623 probare.
1525 5549 1733 5606 Vellem
1780 5556 1956 5604 tamen
2006 5555 2063 5602 ut

491 5649 749 5703 Lucretiae
773 5658 827 5703 et
850 5647 1035 5705 Catoni
1064 5645 1266 5713 :e'qui'or
1292 5651 1473 5700 noster
1502 5641 1710 5707 fuisset,
1737 5654 1857 5694 cum
1883 5637 2060 5693 decla-

2170 4554 2436 4608 siccitates
2479 4553 2719 4622 aliasque
2756 4554 2805 4606 id
2850 4568 3016 4621 genus
3054 4555 3385 4609 calamitates
3433 4556 3747 4623 contigisse.

2171 4643 2237 4696 Ν(
2253 4658 2339 4695 mo
2361 4642 2628 4710 copiosius
2649 4643 3006 4710 objeetionem
3040 4642 3239 4698 hancce
3281 4643 3515 4710 diduxit,
3546 4655 3604 4699 et
3635 4645 3752 4713 plu-

2171 4732 2319 4788 ribus
2349 4732 2645 4787 confutavit
2671 4730 2829 4801 quam
2860 4734 3124 4788 Arnobius
3154 4734 3248 4789 lib.
3278 4748 3499 4788 tcmura
3524 4735 3750 4789 Gentes.

2173 4820 2316 4876 Inter
2357 4821 2596 4877 eruditos
2641 4822 2761 4877 illos
2804 4838 2936 4893 quos
2981 4831 3242 4879 memorat
3270 4826 3627 4894 Augustinus,
3656 4839 3752 4879 ac-

2178 4903 2477 4967 censendus
2506 4912 2601 4966 fuit
2643 4912 2992 4982 Symmachus
3033 4914 3121 4969 ille
3153 4913 3280 4968 Urbi
3323 4913 3630 4982 prmfectus,
3664 4916 3751 4981 qui

2177 5001 2303 5056 talia
2354 5002 2514 5056 habet
2555 5002 2613 5056 in
2659 5001 2913 5056 relatione
2953 5003 3130 5057 oblata
3162 5004 3559 5070 Valentiniano,
3610 5020 3752 5058 anno

2177 5095 2316 5162 384,
2348 5106 2503 5165 quam
2547 5093 2837 5149 confutavit
2864 5094 3198 5149 Ambrosius.
3242 5096 3373 5150 Vide
3403 5112 3549 5148 num.
3600 5094 3668 5148 t-i
3700 5096 3750 5147 in

2175 5184 2411 5239 editione
2448 5182 2823 5239 Ambrosiana.
2856 5184 2935 5238 Ad
2972 5200 3087 5239 eam
3118 5185 3435 5239 calumniam
3463 5183 3751 5238 confutan-

2177 5274 2322 5337 dam,
2350 5280 2535 5342 rogatu
2562 5274 2868 5342 Augustini,
2892 5273 3171 5329 historiam
3199 5276 3438 5331 scribere
3467 5288 3753 5344 aggressus

2173 5375 2256 5421 est
2283 5365 2473 5422 Paulus
2500 5366 2743 5434 Orosius,
2763 5376 2821 5424 ut
2848 5370 2903 5424 in
2928 5368 3239 5439 przefatione
3262 5368 3378 5440 ipsa
3407 5367 3475 5423 ad
3497 5365 3755 5437 Augusti-

2171 5471 2298 5511 num
2316 5466 2575 5518 testatur.

2238 5546 2371 5618 Cap.
2417 5551 2469 5602 7.
2522 5549 2805 5619 Postquam
2846 5550 3188 5620 exprobravit
3228 5551 3360 5604 deos
3414 5549 3751 5605 ethnicorum

2170 5637 2314 5693 nulla
2354 5638 2565 5695 virtutis
2592 5650 2863 5711 praecepta
2889 5632 3185 5711 cultoribus
3215 5642 3326 5695 suis
3353 5640 3752 5711 suppeditasse,
