3900 6322
157 309 254 365 Mil

839 309 1185 365 VARIORUM
1225 309 1826 368 EXERCITATIONES
1868 310 1930 366 IN
1971 310 2025 366 S'.
2071 309 2442 367 AUGUSTINI
2480 311 2727 366 OPERA.

3318 312 3425 368 ισρ

155 424 219 477 ita
250 422 426 492 pergit
467 442 481 476 ;
520 425 594 477 An
623 423 762 476 nobis
805 424 938 492 forte
973 422 1389 492 philosriphorum
1416 423 1615 478 scholas
1656 425 1740 478 dio
1769 431 1817 488 Α
1846 424 2080 497 latrones
2106 466 2120 490 ,
2169 424 2271 478 sibi
2319 425 2544 479 invicem
2586 426 2730 478 domi
2763 425 3026 491 inimicos,
3063 441 3158 481 nec
3190 445 3422 498 unquam

152 519 573 588 sputationesque
602 506 1005 573 memorabuntih
1026 558 1041 572 .
1067 559 1079 571 .
1104 559 1117 572 .
1140 558 1152 571 .
1172 558 1185 572 .
1223 518 1343 573 Non
1369 523 1582 573 deorum
1607 537 1738 589 prte-

152 619 304 679 cepta
329 622 466 677 sunt,
507 614 596 665 sed
621 613 882 664 hominum
912 612 1111 665 inventa
1129 651 1142 676 ,
1183 613 1270 680 qui
1296 621 1549 682 utcunque
1577 613 1744 666 conati

154 711 273 754 sunt
303 741 318 766 ,
358 703 574 771 ingeniis
603 703 906 755 acutissimis
952 703 1152 767 praétliti
1171 745 1184 768 ,
1216 704 1568 756 ratiocinando
1592 704 1745 757 vesti-

155 807 276 858 gare
319 793 446 858 quid
493 793 543 843 in
574 808 740 844 rerum
768 800 952 843 natura
980 792 1202 844 latitaret
1227 832 1242 855 ,
1273 793 1394 860 quid
1422 794 1474 846 in
1522 794 1744 848 moribus

155 882 500 948 appetendum
524 890 650 934 esset
674 923 688 946 ,
717 883 838 949 quid
866 881 1198 950 fugiendum,
1227 881 1356 950 etc.]
1382 882 1661 949 Nimirum,
1693 882 1744 938 id

157 970 302 1038 quod
358 971 676 1040 religionem
735 971 994 1024 vocabant
1045 971 1240 1025 etlmici
1303 981 1417 1024 erat
1469 971 1747 1041 disciplina

159 1060 406 1128 qumdant
452 1061 825 1129 superstitiosa
866 1061 929 1114 de
969 1061 1159 1115 ritibus
1203 1077 1516 1127 sacrorum,
1555 1064 1748 1133 quibus

161 1151 288 1205 deos
324 1152 524 1228 placari
557 1152 843 1228 putabant,
876 1167 1044 1220 eaque
1075 1167 1104 1204 a
1135 1153 1504 1224 sacerdotibus
1536 1163 1589 1207 et
1616 1168 1750 1222 pen:-

163 1241 393 1296 tiﬁcibus
436 1225 728 1306 discenda,
784 1257 888 1295 non
927 1256 956 1294 a
1003 1231 1354 1310 philosophis.
1395 1242 1462 1295 At
1506 1242 1746 1311 quisquis

168 1333 305 1387 scire
335 1333 586 1401 cupiebat
613 1332 738 1401 quid
768 1330 835 1386 de
864 1331 1093 1387 Numine
1120 1333 1455 1387 sentiendum
1485 1373 1498 1397 ,
1529 1345 1582 1387 et
1607 1349 1742 1402 quo-

167 1427 322 1481 modo
355 1439 535 1479 mores
582 1423 935 1492 instituendi,
986 1439 1107 1478 eum
1151 1424 1218 1479 ad
1245 1425 1595 1493 philosophos
1620 1440 1747 1480 con-

168 1516 306 1571 ferre
343 1532 405 1571 se
439 1515 737 1584 oportebat.
768 1514 1065 1569 Audiamus
1110 1514 1208 1569 hac
1245 1517 1310 1571 de
1350 1531 1408 1569 re
1438 1515 1745 1571 Latinorum

166 1605 378 1659 Patrum
426 1605 835 1680 disertissimum
889 1603 1220 1658 Lactantium
1247 1645 1265 1678 ,q
1312 1605 1402 1658 lib.
1442 1622 1512 1669 ιν,
1550 1621 1669 1673 cap.
1713 1608 1746 1660 5

169 1695 566 1768 institutionum
618 1694 960 1766 divinarum,
1008 1709 1113 1762 quo
1142 1694 1193 1747 in
1227 1693 1364 1748 libro
1389 1696 1497 1763 agit
1523 1695 1589 1749 de
1620 1710 1742 1748 vera

164 1787 422 1854 sapientia
461 1803 472 1834 :

165 1879 314 1940 tiam;
355 1894 456 1931 non
483 1877 636 1930 modo
655 1878 776 1944 quia
799 1877 1022 1930 divinum
1042 1878 1233 1931 animal
1259 1877 1508 1930 hominem
1538 1879 1748 1930 terrenis

164 1968 531 2037 frsgilibusque
578 1967 884 2032 substernit;
922 1969 1012 2021 sed
1051 1969 1170 2034 quia
1207 1968 1342 2021 nihil
1378 1969 1448 2021 ibi
1485 1969 1748 2021 disseritur

162 2045 296 2128 quod
342 2059 579 2127 proﬁciat
623 2058 690 2111 ad
722 2074 884 2112 mores
906 2059 1209 2112 excolendos
1239 2059 1489 2129 vitamque
1515 2059 1747 2127 forman-

161 2155 310 2215 dam,
362 2167 453 2204 nec
495 2150 640 2204 habet
689 2151 1061 2220 inquisitionem
1101 2151 1328 2219 aliquant
1371 2151 1594 2204 veritatis
1618 2191 1631 2215 ,
1660 2151 1748 2204 sed

163 2236 518 2293 tantummodo
547 2241 700 2293 ritum
727 2240 926 2292 colendi
949 2283 963 2307 ,
1013 2240 1101 2307 qui
1129 2255 1229 2292 non
1257 2240 1417 2308 officio
1445 2241 1623 2293 mentis
1660 2241 1748 2292 sed

163 2333 442 2385 ministerio
465 2348 634 2400 corpo:
649 2332 690 2383 is
733 2339 952 2384 constat.
983 2330 1048 2382 Et
1075 2331 1188 2383 ideo
1218 2347 1319 2384 non
1349 2342 1420 2385 est
1450 2331 1540 2384 illa
1571 2331 1746 2398 religio

161 2440 276 2476 cera
293 2423 604 2492 judicanda,
630 2423 751 2492 quia
783 2421 937 2474 nullis
968 2422 1188 2492 justitia:
1229 2423 1524 2497 virtutisque
1553 2417 1744 2490 pra'ce-

162 2515 261 2580 ptis
292 2512 736 2585 erudit,ef]icitque
763 2512 1012 2565 meliores.
1044 2511 1223 2580 Itaque
1252 2507 1595 2580 philosOphia,
1627 2514 1745 2581 quia

160 2620 336 2656 veram
365 2597 651 2673 religionem
670 2643 683 2667 ,
725 2603 778 2653 id
805 2611 879 2656 est
910 2617 1160 2655 summam
1183 2603 1419 2670 pietatem
1447 2618 1546 2654 non
1575 2600 1743 2666 habet,

157 2713 266 2747 non
313 2700 386 2744 est
415 2709 520 2744 vera
560 2693 812 2760 sapientia
839 2732 854 2756 ,
884 2699 988 2745 etc.
1025 2691 1276 2755 Quoniam
1307 2691 1488 2760 igitur,
1518 2699 1572 2742 ut
1604 2692 1743 2756 dixi,

159 2783 488 2850 philosOphia
516 2793 562 2835 et
594 2783 771 2851 religio
804 2783 1013 2834 deorum
1056 2781 1315 2846 disiuncta
1355 2790 1473 2834 sunt
1503 2780 1746 2850 longeque

156 2881 352 2924 secreta
377 2912 392 2936 ,
432 2873 475 2924 si
510 2871 709 2940 quidem
740 2872 828 2922 alii
872 2878 985 2923 sunt
1017 2872 1329 2938 professores
1365 2870 1630 2936 sapientiw
1659 2887 1746 2938 per

159 2977 288 3028 quos
319 2962 491 3028 utique
506 2961 574 3012 ad
601 2962 717 3014 deos
742 2977 840 3013 non
863 2961 1054 3024 aditur,
1087 2960 1178 3012 alii
1208 2959 1470 3028 religionis
1496 2963 1745 3016 antistites

163 3067 254 3116 per
290 3066 414 3118 quos
455 3066 633 3120 sapere
672 3067 773 3102 non
813 3049 1058 3110 discitur;
1105 3060 1315 3118 apparet
1359 3066 1446 3102 nec
1473 3049 1614 3103 illam
1640 3067 1744 3104 esse

1847 517 2265 579 consentientes,
2294 515 2393 568 nisi
2421 516 2485 567 ad
2520 515 2848 569 iulestandos
2877 515 3170 571 latrociniis
3197 518 3420 572 vicinos.

1847 609 1997 676 Quod
2027 609 2073 680 si
2103 609 2338 662 nondum
2366 607 2569 663 deliciis
2603 607 2753 662 fracti
2782 616 2977 671 essent,
3011 609 3131 676 qufa
3165 623 3427 676 pauperes

1847 703 2141 754 etiamnum
2191 708 2382 764 erant,
2431 711 2709 767 prepterea
2760 700 3010 766 meliores
3059 699 3289 753 habendi
3321 716 3427 754 non

1847 790 2062 858 fuerunt
2099 806 2255 859 quam
2290 791 2376 844 ubi
2408 791 2769 859 sumptuosith
2797 800 2851 845 et
2892 791 3172 845 delicatius
3206 807 3429 861 peccare

1847 893 2141 948 coeperunt.
2174 881 2302 945 Quis
2348 883 2490 935 enim
2543 881 2706 948 pluris
2757 882 2911 936 faciat
2950 883 3229 937 barbaram
3279 884 3430 938 duri-

1849 976 1971 1026 tiem
2006 971 2366 1041 Scytharum,
2415 989 2547 1042 quos
2595 973 2751 1030 hodie
2785 975 3028 1029 Mosehos
3058 984 3148 1029 aut
3178 975 3430 1030 Tartarus

1848 1080 2100 1118 vocamus
2127 1104 2141 1128 ,
2195 1081 2350 1132 quam
2383 1067 2803 1121 meridianarum
2848 1067 3083 1137 gentium
3126 1068 3427 1122 molliorem

1850 1154 2179 1223 nequitiam?
2223 1155 2418 1208 Fateor
2458 1171 2746 1224 pauperem
2780 1157 2920 1210 illam
2957 1158 3254 1211 barbariem
3286 1158 3427 1212 bello

1848 1253 1903 1298 ct
1933 1245 2308 1312 prepulsandis
2338 1245 2578 1300 hostibus
2611 1246 2885 1300 meliorem
2933 1263 3082 1312 esse;
3125 1248 3218 1302 sed
3248 1264 3313 1302 an
3347 1257 3428 1303 est

1849 1335 2060 1399 melior,
2103 1337 2166 1388 ad
2218 1350 2395 1391 mores
2444 1337 2583 1406 quod
2636 1337 2864 1406 attinet,
2911 1339 3009 1392 hoc
3049 1350 3167 1405 est,
3212 1340 3426 1408 justior,

1852 1429 2250 1495 temperantior,
2283 1430 2629 1498 prudentior?
2665 1430 2781 1484 Non
2823 1442 2971 1501 puto.
3017 1430 3308 1501 Utrobique
3349 1443 3434 1487 est

1851 1518 2124 1572 barbaries
2154 1529 2206 1573 et
2252 1519 2554 1574 immanitas
2581 1562 2595 1585 ,
2627 1521 2740 1575 sive
2785 1522 2854 1574 sit
2881 1538 2998 1575 cum
3032 1521 3266 1587 deliciis,
3317 1522 3433 1575 sive

1850 1625 1969 1662 cum
2000 1611 2314 1678 pauperiore
2343 1612 2488 1665 cultu
2519 1627 2582 1664 ac
2610 1612 2750 1666 victu
2779 1612 3083 1680 conjuncta.
3119 1613 3222 1666 Sed
3258 1614 3434 1669 solent

1853 1697 2096 1752 homines
2120 1741 2134 1766 ,
2184 1701 2435 1755 vitiorum
2481 1717 2592 1756 sua:
2628 1702 2798 1756 aztatis
2830 1703 3041 1767 perlapsi
3073 1712 3230 1771 atque
3262 1704 3431 1772 impa-

516 1785 736 1838 Deorum
775 1783 963 1852 cultus,
994 1785 1205 1854 inquit,
1231 1802 1330 1838 non
1359 1785 1503 1838 habet
1541 1787 1743 1855 sapien-
1779 1784 1822 1841 Β
1853 1789 2045 1842 tientes
2074 1830 2088 1853 ,
2116 1791 2471 1859 praesentibus
2499 1807 2715 1861 semper
2742 1793 2994 1860 praeferre
3025 1803 3262 1860 tempora
3293 1808 3432 1861 pra»

1853 1880 2006 1933 terita
2042 1896 2058 1932 :
2098 1881 2287 1948 quibus
2317 1883 2362 1936 si
2391 1883 2666 1947 vixissent,
2715 1883 2919 1936 similes
2966 1884 3209 1951 querelas
3255 1882 3430 1950 profu~

1850 1971 2053 2028 dissent
2077 2015 2090 2038 ,
2125 1981 2178 2027 et
2221 1973 2275 2027 in
2308 1973 2697 2042 antiquioribus
2727 1974 2935 2026 sacculis
2969 1974 3222 2041 majorem
3265 1974 3431 2026 virtu-

1853 2074 1957 2120 tem
1986 2079 2047 2118 ac
2079 2065 2387 2118 felicitatem
2420 2064 2811 2133 quaesivissent.
2845 2065 2968 2117 llaec
3009 2065 3052 2116 si
3085 2065 3146 2117 ad
3194 2065 3430 2122 animum

1851 2155 1993 2208 serio
2023 2162 2366 2210 revocassent
2398 2155 2723 2208 recentiores
2746 2153 2992 2222 Romani,
3021 2169 3177 2210 nemo
3208 2156 3430 2215 dixisset

1850 2262 1967 2300 cum
1999 2247 2239 2324 Juvenali
2262 2256 2360 2301 sat.
2391 2248 2456 2301 ὃς

1945 2361 2139 2410 Felices
2156 2374 2446 2422 proavorum
2474 2367 2655 2417 atavos,
2679 2360 2937 2422 feliciaque
2963 2360 3040 2408 illa

1942 2420 2280 2482 Smcula,'qu:e
2306 2422 2543 2483 quondam
2565 2422 2654 2468 Sub
2679 2434 2770 2481 reg
2794 2420 2883 2468 bus
2906 2431 3053 2482 atque
3073 2423 3278 2483 tribunis

1944 2483 2184 2532 Viderunt
2210 2497 2304 2532 uno
2324 2482 2607 2531 contentam
2636 2495 2838 2531 carcere
2864 2482 3086 2530 Romam!

1920 2588 2049 2655 Cap.
2213 2581 2330 2640 Jam
2362 2590 2548 2639 multos
2589 2598 2810 2641 moverat
2839 2591 2974 2656 quod
3015 2590 3160 2642 miles
3199 2593 3427 2658 quidam,

1850 2680 1971 2729 dum
2003 2678 2164 2729 occiso
2203 2679 2363 2746 spolia
2395 2678 2677 2730 detraheret
2703 2720 2715 2742 ,
2748 2683 2958 2744 fratrem
2982 2719 2995 2741 ,
3054 2681 3242 2732 nudato
3274 2684 3428 2734 calta.

1849 2784 1961 2821 rere
1987 2809 2000 2833 ,
2033 2769 2232 2837 agnrit
2258 2809 2273 2832 ,
2307 2785 2365 2820 ac
2393 2770 2665 2820 detestatus
2711 2767 2840 2820 bella
2871 2769 3035 2820 civilia
3063 2809 3075 2832 ,
3118 2770 3331 2838 seipsum
3362 2775 3428 2823 ibi

1849 2863 2098 2929 perimcns
2125 2861 2349 2929 fraterno
2379 2863 2580 2928 corpori
2610 2859 2896 2930 adjunx’t.]
2932 2859 3157 2915 Exstant
3187 2865 3237 2916 in
3275 2866 3426 2918 Vete-

1851 2968 1965 3004 rum
1989 2952 2265 3004 Poetarum
2310 2966 2338 3004 a
2365 2950 2597 3018 .losepbo
2627 2951 2895 3016 Scaligero
2938 2952 3094 3006 editis
3118 2954 3426 3017 Cataleetis.

1848 3043 2240 3112 elegantissima
2284 3043 2388 3096 duo
2419 3059 2466 3110 ex
2489 3044 2796 3111 igrammztta
2838 3045 2889 3095 in
2924 3043 3162 3098 Ma'vinm
3201 3049 3288 3116 qui
3316 3050 3427 3117 fm-

160 3156 330 3193 uram
378 3141 712 3208 sapientiam,
764 3157 852 3192 nec
908 3141 1037 3193 hunc
1084 3142 1383 3211 religionem
1410 3184 1424 3208 ,
1467 3151 1570 3195 etc.
1617 3141 1743 3206 ρυεε
1771 3142 1816 3202 ρ
1850 3143 1972 3185 trem
1998 3134 2204 3202 ignarus
2236 3134 2522 3202 interfecit;
2550 3121 2642 3187 sed
2680 3134 2908 3187 refertur
2936 3135 3292 3190 miserandum
3323 3139 3424 3193 hoc

159 3229 392 3296 objectio
436 3229 698 3283 censenda
754 3238 870 3294 est,
931 3244 1049 3284 meo
1095 3230 1311 3298 quidem
1345 3229 1576 3298 judicio,
1609 3230 1745 3284 inter

157 3320 422 3372 maximas
466 3329 518 3372 et
573 3319 909 3374 firmissimas
959 3320 1152 3388 quibus
1198 3321 1409 3374 etlmica
1440 3321 1744 3389 superstitio

155 3409 472 3463 labefactari
504 3425 566 3463 ac
591 3410 793 3464 destrui
824 3411 1056 3478 penitus,
1089 3419 1142 3463 et
1174 3419 1356 3463 contra
1388 3411 1576 3476 religio
1590 3409 1745 3463 Chri-

154 3498 332 3551 stiana
360 3499 612 3551 illustrari
644 3506 698 3552 et
727 3499 1030 3553 confirmari
1064 3499 1253 3566 potuit,
1275 3499 1319 3552 si
1351 3499 1561 3567 quando
1581 3498 1741 3552 Chri-

154 3589 349 3642 stianis
375 3603 463 3642 res
494 3588 590 3641 fuit
618 3602 739 3641 cum
773 3588 928 3656 paulo
953 3589 1282 3642 doctioribus
1313 3583 1562 3642 ethnicis.

224 3679 359 3747 Cap.
395 3679 479 3731 17.
517 3679 595 3729 An
626 3679 756 3748 forte
793 3677 981 3746 populo
1028 3677 1259 3731 Romano
1299 3687 1569 3745 propterea
1611 3677 1743 3746 leges

157 3785 262 3822 non
291 3779 408 3822 sunt
429 3787 460 3820 a
483 3770 772 3823 numinibus
803 3769 1104 3833 constitutae,
1129 3770 1266 3838 quia,
1300 3771 1426 3823 sicut
1460 3767 1742 3824 Sallustius

157 3859 359 3927 ait,jus
388 3859 689 3927 bonumque
713 3857 853 3926 apud
885 3873 977 3912 eos
1009 3874 1113 3910 non
1145 3857 1350 3926 legibus
1379 3859 1550 3927 magis
1581 3872 1739 3927 quam

158 3958 350 4004 natura
374 3949 619 4004 valebat?
659 3949 739 4001 Ea:
762 3944 858 4001 hoc
875 3950 996 4018 jure
1021 3965 1080 4000 ac
1107 3949 1237 4001 bono
1264 3943 1410 4003 credo
1438 3961 1611 4018 raptas
1638 3965 1742 4002 esse

167 4042 414 4099 Sabinas.
442 4042 580 4108 Quid
609 4046 739 4095 enim
760 4040 953 4112 justius
984 4051 1029 4095 et
1057 4042 1232 4093 melius
1259 4057 1410 4109 quant
1453 4041 1590 4108 ﬁlias
1620 4041 1742 4094 alie-

159 4149 248 4185 nas
278 4135 458 4203 fraude
489 4132 760 4202 spectaculi
799 4131 1052 4196 inductas,
1097 4147 1196 4183 non
1239 4148 1270 4181 a
1312 4130 1606 4197 parentibus
1649 4146 1738 4182 ac-

161 4228 283 4295 cipi,
317 4229 402 4281 sed
432 4228 499 4289 ei,
533 4236 586 4278 ut
615 4226 822 4295 quisque
861 4233 1096 4293 poterat,
1126 4221 1379 4293 anferri?]
1420 4224 1607 4278 Merito
1631 4225 1739 4276 Att-

161 4321 400 4384 gustinus
433 4319 520 4371 hic
550 4328 604 4372 et
649 4319 699 4372 in
731 4316 1073 4385 sequentibus
1119 4317 1303 4369 irridet
1342 4315 1479 4384 quod
1515 4315 1736 4369 Romani

161 4407 425 4476 iactabant
451 4409 521 4461 de
551 4407 745 4460 virtute
772 4406 1107 4460 conditorum
1140 4405 1443 4472 reipublicae
1484 4418 1594 4457 sua:
1618 4444 1632 4470 ,
1685 4413 1738 4457 et

1849 3223 2056 3279 facinus
2104 3225 2170 3278 ad
2226 3224 2423 3279 bellum
2456 3226 2729 3277 Actiacum
2758 3265 2770 3287 ,
2822 3225 2961 3294 quod
2993 3229 3259 3296 Augustus
3306 3243 3426 3282 cum

1847 3317 2077 3371 Antonio
2117 3300 2315 3385 gessit;
2356 3315 2498 3384 quod
2534 3331 2661 3370 vero
2703 3316 2786 3369 lt:c
2827 3327 3071 3370 narratur
3100 3316 3328 3385 pertinet
3361 3323 3428 3374 ad

1848 3409 2056 3462 initium
2079 3407 2202 3461 belli
2226 3407 2454 3476 Syllani,
2476 3407 2798 3476 contigitque
2825 3408 2874 3460 in
2909 3411 3092 3476 prmlio
3120 3412 3258 3477 quod
3288 3424 3426 3464 θυηπ-

1847 3497 1990 3550 misit
2031 3497 2128 3549 Cn.
2177 3496 2458 3563 Pompeius
2489 3510 2608 3548 cum
2638 3495 2698 3548 L.
2735 3482 2982 3551 Cornelio
3007 3497 3197 3562 Cinna,
3226 3499 3292 3553 de
3322 3517 3426 3569 qun

1847 3588 2024 3642 Livius
2043 3589 2134 3641 lib.
2153 3603 2330 3641 Lxm.
2352 3588 2438 3639 Bis
2458 3586 2596 3640 idem
2621 3589 2790 3655 potuit
2812 3590 3137 3658 contingere,
3156 3601 3243 3644 aut
3259 3595 3422 3648 etiam

1847 3689 2000 3748 poeta
2029 3678 2094 3731 ad
2127 3677 2270 3730 aliud
2302 3675 2497 3730 bellum
2525 3676 2665 3743 quod
2693 3677 2744 3730 in
2768 3677 2872 3730 alio
2904 3682 3195 3747 cout‘gcrat
3221 3685 3421 3736 retn’it.

1967 3788 2078 3839 Exit
2104 3789 2150 3836 in
2173 3789 2457 3835 immensum
2479 3787 2683 3835 fecunda
2716 3789 2913 3837 licentia
2939 3798 3117 3848 vatum,

2028 3849 2227 3910 Obligat
2252 3850 2479 3896 historica
2507 3862 2597 3897 nec
2627 3849 2714 3896 sna
2740 3850 2887 3896 verba
2915 3851 3022 3897 lide.

1915 3952 2044 4020 Cap.
2072 3951 2163 4004 9.7.
2210 3950 2301 4003 Vir
2329 3952 2497 4021 grauis
2532 3961 2579 4004 et
2616 3952 3021 4020 philosophaster
3056 3951 3259 4009 Tullius
3301 3960 3425 4010 (εαξη

1845 4043 1906 4095 lis
1938 4043 2137 4105 futurus
2167 4038 2420 4093 clamabat
2443 4082 2458 4106 ,
2491 4041 2620 4111 etc.]
2652 4041 2906 4106 Quamvis
2934 4043 3202 4097 ethn‘cam
3255 4047 3424 4114 phifu-

1841 4134 2082 4202 50phiam
2121 4132 2399 4201 sapientia:
2426 4131 2742 4187 Christiana:
2772 4133 3016 4187 collatam
3049 4137 3239 4190 merito
3268 4153 3419 4205 sper-

1843 4233 1996 4279 neret
2024 4223 2346 4292 Augustinus
2373 4265 2386 4287 ,
2419 4231 2595 4276 tamen
2621 4237 2836 4292 semper
2868 4225 3085 4278 maximi
3117 4225 3238 4279 fecit
3272 4229 3423 4284 Cice-

1845 4332 2029 4370 ronem
2050 4349 2065 4379 ,-
2113 4315 2512 4382 hono'riliceque
2545 4315 2737 4384 ubique
2767 4317 2833 4368 de
2863 4330 2926 4370 eo
2958 4316 3166 4370 locutus
3197 4327 3278 4370 est
3305 4359 3320 4382 ,
3367 4333 3422 4376 et.

1841 4407 1976 4460 forte
2003 4405 2256 4474 pleraque
2287 4419 2404 4473 qua:
2429 4405 2494 4458 de
2525 4402 2860 4474 phi1030phia
2888 4415 3042 4460 norat
3070 4407 3119 4461 ei
3151 4406 3381 4463 debebat
3411 4430 3425 4467 ;

165 4499 405 4564 proxime
453 4508 758 4552 secutatum
824 4497 940 4565 ejus
999 4504 1239 4549 relatum.
1288 4493 1420 4548 Nam
1469 4509 1598 4548 sane
1622 4534 1636 4558 ,
1684 4504 1740 4548 ut
1767 4499 1818 4558 D
1845 4512 1967 4551 nam
1995 4495 2060 4550 ad
2092 4495 2398 4550 Grazcorum
2430 4496 2602 4549 fontes
2633 4513 2901 4567 nunquam
2928 4540 2941 4562 ,
2978 4509 3032 4552 ut
3061 4506 3242 4552 notum
3288 4511 3372 4553 est
3413 4547 3425 4563 ,

162 4591 391 4643 ostendit
421 4605 490 4644 ex
520 4574 794 4655 Sallustio,
826 4587 1277 4656 quemadmodum
1310 4585 1466 4639 etiam
1493 4601 1559 4639 ex
1591 4584 1737 4639 Livio

168 4678 525 4752 Dionysioque
557 4681 983 4744 llalicarnasseo,
1016 4689 1224 4734 constat
1254 4688 1461 4734 veteres
1487 4679 1606 4733 illos
1633 4676 1740 4732 Ro-

167 4785 344 4825 manos
376 4772 645 4840 perpetuis
689 4771 1076 4838 seditionibus,
1125 4785 1189 4824 ex
1220 4769 1539 4824 intolerabili
1585 4769 1738 4823 nobi-

165 4859 285 4913 lium
310 4860 566 4928 injustitia
590 4861 750 4926 natis,
783 4859 926 4912 domi
958 4859 1182 4928 agitatos
1214 4858 1410 4922 fuisse;
1453 4859 1581 4911 foris
1608 4873 1737 4912 vero

163 4947 309 5004 bellis
337 4952 540 5004 vicinos
585 4964 772 5004 Omnes
803 4964 1024 5004 vexasse
1051 4991 1064 5014 ,
1115 4964 1230 5018 quae
1274 4949 1390 5001 sine
1417 4962 1625 5002 summa
1651 4948 1732 5001 ἰη-

163 5040 351 5108 iustitia
374 5085 390 5108 ,
424 5042 812 5097 inhumanitate
849 5052 901 5093 et
926 5040 1242 5093 crudelitate
1272 5047 1419 5108 gesta
1452 5053 1555 5091 non
1585 5045 1730 5102 sunt,

163 5135 393 5199 quamvis
436 5134 504 5188 ab
549 5131 818 5187 hismricis
877 5130 1134 5198 speciosis
1184 5130 1488 5184 nominibus
1531 5129 1731 5182 amoris

164 5223 395 5294 imperii,
426 5224 610 5293 patria:
642 5235 694 5276 et
725 5221 1049 5274 fortitudinis
1079 5221 1338 5274 velentur.
1395 5221 1448 5275 Si
1493 5221 1731 5273 conseri-

163 5311 369 5370 berettrr
419 5313 638 5368 historia
683 5312 922 5365 Romana
970 5312 1086 5364 sine
1130 5311 1281 5376 fuco,
1335 5320 1390 5366 et
1434 5311 1723 5378 adhibitis,

158 5416 257 5458 non
306 5406 579 5459 rhetorum
627 5402 924 5466 coloribus,
973 5400 1166 5468 quibus
1195 5400 1378 5454 vitium
1409 5416 1503 5469 pro
1533 5403 1729 5455 virtute

156 5499 476 5564 vcnditatur,
504 5494 996 5566 przeconceptisque
1026 5503 1226 5546 temere
1254 5492 1610 5560 opinionibus,
1633 5493 1726 5547 sed

150 5600 310 5644 rectae
353 5589 574 5644 rationis
618 5595 673 5642 et
703 5601 843 5640 vera:
873 5584 1083 5646 virtutis
1125 5583 1412 5638 luminibus
1438 5628 1451 5651 ,
1500 5585 1728 5652 liqueret

144 5681 546 5738 taudatissimos
588 5677 708 5734 illos
754 5685 963 5734 veteres
1013 5675 1283 5731 Romanos
1333 5675 1498 5732 fuisse
1548 5689 1722 5732 meros

1841 4590 1990 4643 adiit.
2016 4587 2196 4657 Itaque
2217 4588 2346 4641 mihi
2378 4588 2695 4656 persuadere
2726 4605 2830 4643 non
2856 4604 3071 4658 possum
3101 4591 3428 4646 Ciceronem

1840 4680 1907 4735 ab
1936 4695 2000 4734 eo
2031 4679 2100 4733 ita
2130 4679 2474 4747 contemptim
2523 4678 2758 4732 habitum
2788 4718 2802 4742 ,
2854 4686 2908 4730 ut
2948 4678 3430 4746 philosophastrum

1840 4780 2073 4827 vocaret.
2108 4771 2352 4841 Plerique
2379 4786 2506 4824 mss.
2531 4771 2725 4825 habent
2753 4769 3090 4837 philosOp/tus
3133 4771 3390 4828 tertullius
3411 4814 3425 4830 .

1839 4868 1926 4921 alii
1951 4867 2221 4932 tertullius,
2243 4883 2379 4920 unus
2401 4866 2737 4920 Corbeiensis
2764 4863 3169 4933 philosophastcr
3189 4866 3410 4934 Tullius,

1839 4957 2288 5028 quemadmodum
2348 4955 2629 5023 legendum
2689 4955 2994 5020 conjecerat
3045 4957 3178 5011 Lud.
3235 4960 3412 5021 Vives.

1835 5043 2166 5098 Crediderim
2194 5044 2244 5095 in
2270 5041 2653 5110 antiquissimis
2676 5041 2944 5097 codicibus
2966 5049 3220 5116 scriptum
3250 5052 3413 5106 fuisse

1839 5133 2307 5188 PHILOSOPHUS
2338 5132 2404 5183 at.
2440 5131 2747 5198 TULLIUS,
2777 5134 2969 5189 deinde
3000 5154 3095 5205 pro
3127 5139 3175 5193 Μ
3205 5153 3233 5191 a
3263 5140 3412 5195 festi—

1837 5235 1997 5279 nante
2029 5225 2244 5278 librario
2291 5223 2484 5276 lectqu
2516 5235 2604 5276 aut
2644 5227 2897 5294 scriptum
2928 5227 3015 5290 Ill,
3044 5229 3181 5297 quod
3227 5241 3406 5297 postea

1836 5329 2144 5383 expressum
2187 5322 2298 5379 ter;
2337 5315 2476 5367 unde
2523 5316 2676 5368 nobis
2718 5325 2874 5368 natus
2912 5317 3244 5385 philosOphus
3288 5319 3385 5372 Te:-

1837 5404 2012 5457 tullius
2037 5445 2052 5469 ,
2095 5412 2185 5456 aut
2213 5414 2286 5459 ter
2313 5404 2515 5457 Tullius
2542 5446 2555 5468 ,
2600 5415 2690 5458 aut
2730 5405 2959 5473 denique
3000 5407 3407 5476 philosophoster

1835 5491 2038 5546 Tullius
2063 5535 2076 5558 ,
2125 5493 2292 5548 invito
2316 5535 2331 5558 ,
2379 5494 2481 5547 nisi
2524 5493 2699 5559 fallor,
2733 5493 3031 5560 Augustino
3056 5535 3069 5560 ,
3102 5496 3190 5562 qui
3222 5498 3406 5552 existi-

1834 5583 2010 5636 mabat
2037 5583 2103 5636 ab
2134 5596 2198 5637 eo
2227 5584 2275 5636 in
2302 5583 2484 5636 Latina
2509 5585 2682 5652 lingua
2722 5582 3093 5649 philosophiam
3115 5586 3402 5642 inchoatum

1832 5683 1876 5728 et
1903 5675 2200 5743 perfectam,
2232 5682 2413 5729 contra
2437 5673 2685 5729 Academ.
2705 5672 2796 5729 lib.
2819 5686 2855 5739 ι,
2878 5686 2932 5725 n.
2952 5671 3006 5727 8.
3030 5676 3103 5729 Ac
3132 5690 3280 5741 sane.
3304 5676 3412 5734 hoc.
