3900 6316
459 318 565 375 665

1348 316 1895 373 sucruuusnruu
1937 318 2025 371 Al)
2065 302 2292 374 OPERA
2337 319 2392 374 s.
2437 288 2827 375 anausim}.

3614 292 3718 376 iet

461 436 578 503 ipso
600 434 650 489 in
674 433 812 499 loco,
835 448 935 489 vos
965 448 1134 504 gravis
1166 431 1402 487 ostendit
1427 432 1779 501 Augustinum
1812 429 2043 486 voluisse
2075 438 2115 494 Α
2148 444 2307 487 esset.
2342 431 2584 501 Scriptor
2628 432 2695 486 de
2731 431 2876 485 Bello
2922 428 3169 485 Africano
3214 444 3333 499 cap.
3366 404 3438 481 Π
3476 446 3489 481 :
3530 427 3720 502 l'igilia

462 528 525 582 de
554 543 618 581 eo
648 527 942 582 honoriﬁce
973 524 1151 595 loqui,
1184 539 1284 579 nec
1311 526 1655 580 consentiunt
1683 539 1842 580 voces
1878 524 2043 594 gravis

461 628 507 673 et
531 617 963 690 pltilosophaster.

530 710 695 764 Ltuno
729 726 806 763 Ill.
860 708 1095 777 Caprd.
1156 705 1196 759 γ
1204 706 1249 758 ir
1292 704 1616 759 doctissimus
1663 720 1835 757 eorum
1881 702 2047 756 Varro

464 802 591 874 falsa
625 800 734 853 haec
768 814 896 861 esse,
928 798 1158 867 quamvis
1182 812 1284 850 non
1312 796 1577 859 audacter,
1624 810 1782 863 neque
1805 794 2040 861 ﬁdenter,

466 907 588 959 pene
620 898 787 943 tamen
830 894 1037 960 fatetur.
1066 888 1171 942 Sed
1209 889 1335 940 utile
1374 903 1475 940 esse
1510 884 1794 938 civitatibus
1821 882 1961 948 dicit,
1991 890 2047 934 ut

461 999 515 1036 se
552 984 645 1036 viri
673 984 851 1052 fortes,
880 981 1077 1033 etiamsi
1108 980 1297 1047 falsum
1327 980 1413 1046 sit,
1444 977 1543 1029 diis
1583 975 1774 1044 genitos
1801 988 1908 1027 esse
1936 988 2046 1026 creo

461 1074 621 1135 dant;
654 1083 705 1127 ut
737 1090 795 1128 eo
823 1073 974 1126 modo
1002 1072 1199 1125 animus
1222 1070 1497 1131 humanus,
1515 1066 1647 1119 uelut
1670 1066 1853 1118 divina:
1874 1063 2047 1133 stirpis

462 1160 705 1232 ﬁduciam
750 1179 958 1233 gerens,
1002 1178 1080 1215 res
1127 1176 1339 1231 magnas
1370 1156 1735 1228 aggredienda
1772 1162 2045 1225 prtesumat

461 1256 728 1320 audacius,
759 1252 889 1322 etc.]
919 1252 1088 1307 Nemo
1115 1250 1466 1321 philosophia:
1496 1248 1656 1317 paulo
1686 1246 1906 1316 peritior
1931 1260 2047 1301 cre-

462 1345 597 1399 didit
624 1355 882 1399 aeternum
922 1357 1117 1397 numen
1163 1342 1443 1396 mulierum
1488 1352 1678 1394 amore
1718 1352 1877 1408 posse
1902 1338 2044 1407 capi.

462 1434 644 1503 Itaque
668 1432 969 1502 quaerendae
994 1432 1383 1487 cordatioribus
1408 1432 1555 1486 luere
1584 1444 1761 1484 causa:
1786 1444 1882 1484 cur
1908 1429 2047 1483 anti-

461 1524 717 1592 quissima
751 1524 889 1578 fama
912 1531 992 1577 tot
1020 1523 1155 1577 ﬁlios
1185 1523 1406 1577 deorum
1440 1521 1787 1593 prazdicaret;
1820 1534 2044 1589 quarum

462 1616 729 1668 rationum
780 1628 937 1667 unam
973 1614 1110 1668 hanc
1137 1614 1304 1668 Varro
1335 1612 1643 1682 prodiderat
1669 1652 1684 1677 ,
1716 1613 1770 1665 in
1797 1612 2045 1682 qu0piam

463 1702 600 1759 libro
629 1718 697 1759 ex
728 1704 793 1758 iis
821 1717 957 1773 quos
994 1711 1143 1758 tanto
1189 1718 1411 1759 numero
1441 1703 1732 1772 scripserat
1757 1711 1810 1757 et
1837 1702 1923 1771 qui
1956 1716 2047 1771 pe-

2149 524 2368 579 secunda
2396 525 2555 579 noctis
2575 565 2589 590 ,
2620 524 2816 578 nimbus
2843 539 2955 576 cum
2984 538 3151 578 sum
3181 535 3445 578 casuum
3472 528 3546 575 est
3575 522 3721 578 estor-

2150 627 2226 671 tus
2256 618 2455 687 ingens.
3426 674 3429 677 η

2222 706 2351 761 Ibid.
2383 705 2721 760 Locustarum
2748 706 2883 758 enim
2910 706 2960 757 in
2991 704 3166 774 Africa
3200 702 3579 760 multitudinem
3603 692 3723 776 pro-

2149 798 2275 868 digii
2298 797 2514 850 similem
2546 798 2722 867 fuisse,
2740 812 2854 850 cum
2868 798 2980 865 jam
3002 805 3129 849 esset
3157 796 3335 866 populi
3364 795 3584 850 Romani
3607 814 3727 865 pro-

2149 890 2315 942 vincia
2340 930 2354 953 ,
2398 888 2579 941 litteris
2619 883 3033 956 mandaverunt]
3078 886 3177 954 Qui
3228 886 3343 942 haec
3384 887 3726 944 multitudine

2150 980 2515 1048 exemplorum
2559 980 2823 1033 illustrata
2855 978 3036 1034 videre
3079 979 3290 1045 avehit,
3329 979 3489 1035 adeat
3517 976 3725 1046 Oportet

2149 1068 2452 1127 Samuelem
2483 1070 2803 1127 Bochartum
2826 1110 2841 1135 ,
2897 1068 3193 1124 llierozoici
3244 1077 3385 1139 part.
3434 1070 3491 1134 ἓ,
3526 1070 3616 1125 lib.
3648 1064 3723 1133 iv,

2151 1175 2243 1216 sex
2290 1156 2476 1231 primis
2520 1158 2816 1227 capitibus;
2868 1157 2923 1213 et
2966 1157 3186 1215 Joannis
3231 1158 3426 1215 Clerici
3476 1159 3728 1215 disserta-

2152 1251 2350 1305 tiouem
2388 1249 2458 1305 de
2481 1256 2655 1304 statua
2683 1247 2850 1304 saliua
2880 1247 3074 1304 Genesi
3112 1248 3180 1303 ab
3210 1263 3275 1304 eo
3304 1246 3574 1303 illustrata:
3598 1246 3728 1303 sub-

2147 1342 2364 1411 feclam.

2221 1428 2355 1486 Ibid.
2390 1426 2531 1485 Tunc
2560 1429 2726 1485 Utica!
2745 1447 2808 1485 ea:
2834 1430 3041 1500 triginta
3061 1426 3287 1482 millibus
3306 1428 3731 1500 juni‘orum,q'u¢e

2151 1522 2217 1575 ibi
2254 1518 2397 1575 erant
2429 1522 2598 1575 decem
2638 1521 2937 1576 remansisse
2981 1518 3339 1591 confirmant]
3368 1519 3538 1575 Recte
3563 1520 3730 1574 anim-

2151 1613 2495 1667 adverterunt
2542 1613 2870 1667 Benedictini
2900 1613 3130 1681 iuniores
3171 1610 3342 1665 dictos
3372 1609 3733 1679 prmaidiarios

2154 1706 2370 1760 milites.
2418 1699 2571 1770 Quod
2624 1697 2867 1773 pluribus
2913 1702 3174 1772 exemplis
3224 1690 3604 1757 conﬁrmatum
3654 1703 3734 1757 in-

464 1794 687 1849 rieruut.
724 1793 1099 1848 Verumtamen
1149 1791 1420 1847 lraudibus
1459 1791 1801 1847 sacerdotum
1845 1799 1899 1846 et
1926 1807 2047 1845 tuu-
2077 1797 2333 1862 Bvenies
2380 1796 2517 1865 apud
2566 1794 2773 1850 Justum
2817 1793 3056 1864 Lipsium
3102 1791 3328 1862 Epistol.
3377 1788 3739 1862 qtuestionunt

465 1884 805 1939 liercularnm
853 1893 945 1938 aut
992 1883 1337 1953 deceptarum
1366 1926 1379 1949 ,
1414 1895 1505 1936 aut
1534 1891 1725 1952 sponte
1756 1881 2049 1951 impudica-

466 1992 585 2029 rum
612 2016 624 2039 ,
655 1974 792 2031 ﬁlios
826 1975 944 2029 illos
973 1975 1194 2029 deorum
1224 1974 1432 2028 debitos
1457 2014 1471 2040 ,
1519 1973 1749 2027 maxima
1779 1988 1845 2027 ex
1880 1981 2047 2042 parte,

466 2068 849 2122 existimarim.
883 2067 1015 2121 Cum
1055 2068 1321 2120 libidinosi
1369 2067 1680 2121 sacerdotes
1704 2067 1963 2135 virginem
1996 2066 2049 2119 in

467 2159 671 2226 templo
714 2169 805 2211 aut
850 2157 969 2211 luco
1012 2159 1247 2211 numinis
1292 2157 1588 2226 cnju¢piam
1622 2158 1904 2224 vitiarant,
1953 2170 2053 2212 nec

467 2265 649 2302 eorum
676 2249 928 2303 intererat
955 2248 1152 2302 ducere
1178 2262 1294 2302 eam
1327 2263 1549 2303 uxorem
1571 2289 1587 2315 ,
1621 2257 1677 2302 ut
1701 2248 1816 2316 ejus
1862 2248 2052 2302 honori

470 2340 851 2403 consulerent,
901 2354 964 2393 ex
1015 2339 1130 2407 ipso
1173 2339 1393 2392 numine
1439 2349 1622 2393 natum
1654 2353 1877 2407 puerum
1909 2338 2045 2393 dice

467 2428 625 2490 bant;
669 2442 766 2482 nec
812 2427 1005 2495 puellae
1053 2443 1346 2497 eorumque
1395 2430 1680 2498 prapiuqui
1726 2443 1840 2483 rem
1889 2444 2051 2498 nega-

446 2521 618 2584 bant,
650 2534 769 2574 cum
804 2519 991 2573 honori
1026 2519 1325 2573 vitiatarum
1358 2534 1420 2573 ea
1446 2518 1632 2573 fraude
1661 2520 2050 2576 consuleretur.

468 2611 871 2680 Antiquissimis
918 2610 1249 2678 temporibus
1300 2609 1459 2665 rudes
1507 2609 1774 2674 homines,
1807 2618 1908 2666 nec
1936 2612 2056 2667 ullis

470 2703 663 2757 studiis
708 2703 932 2772 expoliti
992 2703 1115 2757 talia
1164 2701 1264 2756 sibi
1313 2700 1625 2772 persuaderi
1695 2703 1856 2757 stulte
1913 2703 2056 2771 p‘assi

468 2805 613 2847 sum.
647 2792 897 2847 Pluribus
929 2792 1029 2845 hac
1056 2791 1124 2845 de
1153 2806 1213 2846 re
1242 2791 1352 2861 egit
1377 2791 1536 2847 Joan.
1566 2787 1804 2846 Clericus
1835 2792 1891 2846 in
1917 2791 2057 2847 notis

468 2883 532 2936 ad
562 2882 927 2951 Theogoniam
957 2881 1191 2934 llcsiodi.

540 2972 671 3041 Cap.
719 2971 805 3026 10.
847 2972 926 3023 An
964 2971 1272 3038 respondent
1308 2971 1445 3041 quod
1473 2972 1573 3024 nisi
1616 2970 1837 3025 assiduis
1866 2971 2060 3042 sibique

470 3064 707 3115 continuo
745 3059 1127 3113 succedentibus
1168 3058 1311 3112 bellis
1342 3060 1631 3114 Romanum
1660 3061 1927 3128 imperium
1954 3070 2057 3115 tam

2151 1886 2242 1941 lib.
2277 1902 2315 1952 ι,
2350 1886 2507 1955 epist.
2540 1886 2589 1938 l.

2224 1978 2385 2032 [Λιικο
2412 1992 2482 2031 tv.
2513 1977 2639 2044 Cap.
2675 1975 2727 2031 4.
2772 1968 2983 2028 Remota
3020 1966 3223 2045 justitia
3249 1973 3372 2042 quid
3408 1981 3526 2027 sunt
3553 1989 3737 2045 regna,

2152 2070 2253 2125 nisi
2272 2084 2458 2139 magna
2487 2068 2789 2130 latrocinia;
2832 2067 2951 2135 quia
2973 2076 3019 2119 et
3040 2065 3150 2136 ipsa
3178 2064 3446 2118 latrocinia
3469 2065 3598 2134 quid
3621 2076 3741 2118 sunt

2152 2163 2253 2215 nisi
2298 2175 2456 2229 parva
2481 2157 2703 2229 regna?]
2744 2158 2952 2212 Mallius
2998 2156 3187 2211 ﬂueret
3211 2157 3383 2211 oratio
3412 2156 3458 2211 si
3488 2171 3590 2225 pro
3619 2159 3741 2227 quia

2152 2254 2452 2322 legeremus
2482 2252 2642 2321 quin,
2691 2248 2972 2318 praeposita
3022 2247 3452 2317 interrogationis
3480 2256 3636 2301 nota.
3670 2246 3743 2300 Dc

2154 2359 2213 2398 re
2244 2343 2357 2411 ipsa
2389 2338 2652 2410 permulta
2685 2338 2847 2393 habet
2875 2338 3139 2407 elegantia
3179 2345 3234 2392 et
3261 2351 3385 2392 vera
3424 2336 3745 2392 Lactantius

2156 2434 2249 2488 lib.
2280 2449 2313 2486 v
2342 2431 2738 2487 lnstitutionum
2770 2430 3097 2485 divinarum.

2224 2526 2353 2596 Cap.
2388 2525 2441 2578 8.
2488 2524 2665 2594 Neque
2719 2524 2852 2576 enim
2898 2523 2948 2575 in
2993 2522 3090 2574 hoc
3151 2524 3252 2574 tam
3295 2518 3544 2592 prcclaro
3596 2514 3750 2591 aper

2161 2619 2529 2688 (prolatorum
2560 2614 2767 2686 imperii
2799 2613 3021 2666 Romani
3048 2610 3273 2682 ﬁnium)
3305 2621 3350 2665 et
3371 2622 3526 2665 tanta:
3543 2612 3748 2678 plenis-

2158 2710 2284 2763 simo
2331 2708 2597 2779 dignitatis
2644 2706 2833 2758 audent
2872 2702 3071 2771 aliquas
3116 2711 3284 2769 partes
3332 2702 3440 2755 det:
3487 2696 3752 2755 Cloacina

2161 2801 2416 2866 tribuere,
2470 2810 2555 2851 aut
2594 2796 2857 2864 Volupite;
2907 2803 2995 2847 aut
3030 2792 3312 2860 Vaticano,
3356 2793 3444 2863 qui
3484 2795 3751 2861 infantum

2158 2890 2272 2960 uagi
2298 2891 2408 2942 ibus
2442 2887 2677 2959 prwsidet
2694 2902 2713 2951 ;
2756 2892 2845 2937 aut
2866 2884 3096 2949 Cuninw,
3124 2897 3241 2953 qua:
3267 2896 3425 2936 cunas
3456 2897 3645 2935 eorum
3664 2882 3750 2935 ad-

2161 2975 2472 3046 ministrat.]
2503 2978 2791 3031 Testautur
2841 2973 3068 3028 Parisiui
3110 2972 3349 3027 editores
3398 2985 3503 3027 non
3533 2976 3755 3027 tantum

2162 3072 2214 3125 in
2246 3070 2569 3126 editionibus
2614 3067 2852 3135 aliquot,
2897 3064 2990 3120 sed
3020 3073 3073 3120 et
3103 3064 3156 3118 in
3183 3076 3312 3118 mss.
3347 3075 3466 3118 esse
3497 3077 3617 3117 non
3657 3063 3753 3116 l'a.

471 3152 619 3219 longe
646 3149 845 3217 lateque
874 3163 975 3200 non
1006 3156 1171 3216 posset
1210 3149 1418 3215 augeri,
1469 3157 1513 3201 et
1546 3158 1649 3202 tam
1677 3150 1861 3219 grandi
1891 3150 2057 3219 gloria

2171 3166 2347 3226 τίσαιτο,
2383 3159 2478 3215 sed
2510 3158 2795 3228 Vagirano:
2834 3155 2979 3237 quod
3007 3171 3105 3210 cur
3132 3155 3185 3210 in
3223 3161 3425 3209 textum
3457 3165 3565 3208 non
3600 3168 3754 3209 rece-

472 3237 814 3308 di/Tamari?]
852 3238 1019 3292 Recte
1043 3237 1346 3292 observavit
1373 3238 1422 3293 J.
1457 3237 1604 3293 Frid.
1637 3239 1945 3295 Gronovius
1976 3240 2061 3296 hic

471 3332 730 3398 dilfamari
776 3330 999 3402 perinde
1038 3344 1156 3385 esse
1185 3344 1247 3383 ac
1275 3330 1533 3385 celebrari
1554 3371 1567 3390 .
1619 3346 1846 3401 eamque
1874 3346 2059 3387 vocem

472 3429 524 3483 in
556 3440 837 3497 utramque
883 3433 1087 3496 partem
1133 3424 1295 3491 sumi,
1327 3425 1470 3494 quod
1518 3438 1583 3480 ex
1612 3425 1782 3481 Nonio
1812 3426 2062 3481 Marcello

472 3517 685 3589 probat.
735 3517 898 3572 Addit
944 3517 1283 3572 membranas
1327 3530 1458 3572 mss.
1493 3517 1740 3588 ignorare
1786 3522 1843 3573 τὸ
1891 3536 2061 3574 succe-

473 3608 732 3676 dentibus,
752 3607 1147 3679 legcndumqne
1175 3613 1327 3676 putat
1351 3608 1571 3660 assiduis
1600 3607 1793 3677 sibique
1813 3610 2063 3663 continuis

472 3706 636 3761 bellis.
662 3706 944 3761 Observat.
983 3706 1076 3760 lib.
1114 3720 1203 3770 Ill,
1231 3719 1351 3772 cap.
1382 3704 1469 3757 l6.
1503 3690 1667 3756 Miror
1690 3701 2065 3756 Benedictinos

472 3798 630 3867 hujus
665 3797 829 3849 variae
860 3795 1105 3849 lectionis
1153 3809 1259 3847 non
1291 3794 1643 3855 meminisse,
1670 3791 1821 3857 Quod
1874 3792 2065 3846 attinet

474 3891 541 3943 ad
571 3901 753 3942 vocem
782 3885 1055 3950 di/Iamare
1076 3925 1093 3950 ,
1147 3885 1201 3937 in
1234 3883 1427 3936 bonam
1472 3891 1675 3950 partem
1708 3898 1812 3938 non
1843 3899 1967 3938 raro
1996 3884 2063 3938 ab

473 3975 774 4045 Augustino
803 3974 1048 4037 sumitur,
1078 3983 1135 4026 ut
1166 3971 1321 4040 hujus
1350 3971 1468 4024 libri
1501 3985 1617 4041 cap.
1660 3972 1745 4027 5i.
1779 3973 1943 4026 Multo
1973 3990 2063 4026 au.

466 4078 565 4119 tem
603 4062 772 4114 minus
814 4077 989 4114 eorum
1020 4074 1163 4115 uoces
1205 4060 1560 4125 tolerarentur,
1610 4068 1857 4130 quantum
1883 4063 2062 4115 attinet

467 4157 535 4208 ad
575 4153 836 4208 Romanos
860 4193 875 4219 ,
927 4152 968 4205 si
1001 4151 1307 4205 Christiana:
1351 4152 1609 4222 religionis
1639 4152 1976 4219 receptionem
2018 4159 2065 4204 et

467 4243 906 4312 ili/l'antationem,
939 4241 1017 4295 uel
1046 4242 1267 4310 irruptio
1290 4240 1382 4294 illa
1416 4240 1709 4309 Gallorum,
1733 4242 1809 4294 uel
1842 4239 2064 4294 Tiberini

468 4341 542 4404 [iu
555 4334 706 4390 minis
738 4334 1033 4405 igniumque
1071 4333 1163 4385 illa
1205 4331 1567 4402 depopulatio,
1609 4331 1687 4384 uel
1719 4330 1856 4403 quod
1881 4340 2064 4384 cuncta

472 4431 618 4485 mala
648 4427 907 4498 praecedit,
934 4425 1066 4479 bella
1090 4422 1260 4477 ciuilia
1283 4433 1626 4492 sequerentur.

2162 3253 2336 3322 perint
2383 3265 2488 3306 non
2535 3248 2800 3317 intelligo,
2853 3262 2973 3303 cum
3024 3255 3221 3302 caetera
3259 3243 3483 3299 deorum
3524 3241 3755 3299 nomina

2160 3342 2449 3397 ostendant
2477 3338 2635 3408 hujus
2666 3339 2826 3392 etiam
2855 3335 3168 3390 vocabulum
3190 3348 3220 3388 a
3250 3336 3419 3406 vagitu
3439 3331 3560 3387 duci
3592 3342 3755 3403 opor.‘

2164 3431 2500 3487 tuisse.Vide
2529 3438 2583 3485 et
2608 3444 2724 3498 cap.
2753 3428 2843 3481 2i.
2883 3428 3006 3484 Scio
3036 3427 3211 3481 locum
3232 3424 3485 3479 Varronis
3514 3424 3759 3494 proferri

2162 3521 2229 3575 ab
2256 3521 2392 3576 Aulo
2418 3520 2591 3576 Gellio
2622 3519 2715 3573 lib.
2756 3533 2865 3582 xw,
2905 3532 3025 3587 cap.
3054 3517 3144 3583 l7,
3176 3515 3265 3587 qui
3294 3516 3503 3569 ridetur
3528 3514 3759 3572 lectioni

2169 3611 2405 3665 Vaticani
2448 3610 2671 3678 favere,-
2718 3609 2814 3663 sed
2858 3623 2977 3663 cum
3008 3608 3079 3663 sit
3123 3607 3349 3661 absurda
3395 3607 3754 3679 etymologia,

2162 3704 2320 3772 vulgo
2352 3703 2525 3772 potius
2554 3702 2861 3771 Vagitanum
2883 3702 3081 3755 dictum
3114 3699 3278 3754 fuisse
3306 3701 3557 3755 existimo

2233 3792 2363 3860 Cap.
2392 3792 2447 3846 9.
2490 3791 2646 3845 Hunc
2677 3790 2945 3862 (Jovem)
2975 3791 3137 3845 Varro
3179 3792 3336 3845 credit
3368 3791 3524 3843 etiam
3562 3792 3641 3845 ab
3683 3792 3759 3845 Itis

2164 3887 2261 3938 coli
2294 3885 2380 3954 qui
2420 3901 2577 3937 unum
2611 3882 2771 3937 Deum
2812 3885 2979 3937 solum
3012 3884 3197 3952 absque
3239 3882 3510 3936 simulacro
3548 3884 3756 3946 colunt,

2164 3977 2252 4029 sed
2283 3977 2383 4030 alio
2406 3976 2606 4028 nomine
2632 3974 2965 4049 nuncupari.}
2994 3975 3069 4029 De
3092 3975 3193 4029 hac
3220 3976 3471 4043 Opinione
3490 3973 3756 4031 Varronis

2166 4068 2285 4122 vide
2313 4082 2431 4137 quae
2462 4065 2766 4121 observavit
2793 4065 3026 4121 Joannes
3064 4065 3299 4120 Clericus
3344 4066 3488 4120 Artis
3532 4064 3757 4123 Critieae

2166 4168 2315 4226 parte
2344 4159 2399 4221 2,
2427 4165 2559 4212 sect.
2594 4158 2644 4225 l,
2668 4171 2784 4225 cap.
2807 4155 2891 4211 l5.

2235 4249 2364 4317 Cap.
2394 4249 2480 4303 10.
2524 4248 2647 4315 Quis
2675 4248 2806 4302 enim
2831 4248 2959 4318 ferat
2989 4246 3129 4316 quod
3164 4259 3278 4301 cum
3312 4254 3511 4300 tantum
3542 4248 3757 4302 honoris

2166 4346 2213 4391 et
2237 4339 2381 4408 quasi
2403 4338 2648 4391 castitatis
2674 4339 2777 4408 igni
2800 4338 3093 4404 tribuerint,
3116 4336 3392 4407 aliquando
3410 4334 3626 4390 Vestam
3654 4355 3752 4391 non

2167 4431 2457 4485 erubescant
2488 4432 2637 4484 etiam
2676 4428 2919 4484 Venerem
2957 4424 3199 4498 diceret]
3238 4427 3404 4483 Recto
3437 4427 3757 4483 observavit

551 4522 683 4591 Cap.
718 4518 805 4572 i8.
848 4517 1013 4572 Sacra
1037 4516 1128 4569 illa
1155 4515 1359 4584 fatalia,
1386 4531 1499 4584 qua:
1510 4520 1626 4587 jam
1653 4524 1772 4579 tres,
1799 4514 1851 4567 in
1880 4513 2061 4583 quibus
2090 4511 2140 4574 Β
2165 4521 2348 4576 Jusu‘ts
2392 4520 2600 4589 Lipsius
2632 4520 2685 4574 in
2715 4520 3056 4591 syntagmate
3084 4517 3152 4573 de
3178 4516 3339 4573 Vesta
3365 4527 3418 4573 et
3452 4518 3756 4572 vestalibus

478 4616 701 4684 fuerant,
735 4617 1022 4681 presserant
1047 4608 1273 4661 civitates
1439 4607 1676 4659 Metellus
1703 4607 1932 4675 pontifex
1956 4621 2062 4659 sua:

478 4708 699 4776 quodam
758 4704 908 4757 modo
953 4701 1133 4755 salutis
1176 4700 1357 4752 oblitus
1383 4738 1398 4763 ,
1440 4700 1642 4750 irruens
1681 4694 2061 4749 semiustulatus

479 4796 748 4867 abripuit]
772 4796 1007 4866 Trojam,
1039 4792 1333 4847 Lanuvium
1364 4800 1417 4845 et
1447 4790 1635 4844 Albam
1667 4797 1812 4842 recte
1838 4787 2057 4857 intelligi

481 4888 717 4940 ostendit
764 4887 944 4941 Justus
989 4886 1240 4955 Lipsius,
1289 4882 1650 4954 Syntagmatis
1691 4880 1758 4935 de
1797 4879 1958 4934 Vesta
2005 4889 2059 4935 et

479 4975 772 5029 vestalibus
800 4991 918 5044 cap.
950 4976 985 5028 2
1007 5019 1021 5043 ,
1055 4977 1142 5031 ubi
1171 4975 1354 5031 multis
1396 4975 1536 5029 hunc
1564 4971 1846 5043 Augustini
1883 4970 2056 5026 locum

478 5066 729 5120 illustrat.

551 5156 680 5225 Cap.
716 5154 804 5210 51.
845 5153 972 5207 Cum
1013 5156 1141 5221 pluit
1188 5164 1358 5221 terra,
1403 5173 1518 5209 cum
1568 5155 1695 5224 pluit
1735 5164 1899 5223 creta,
1947 5167 2060 5206 cum

479 5248 613 5319 pluit
641 5244 915 5315 lapidibus,
956 5259 1061 5297 non
1086 5259 1139 5297 ut
1164 5244 1367 5311 grando
1405 5245 1655 5314 appellari
1689 5245 1817 5298 solet
1846 5246 1941 5297 hoc
1969 5259 2061 5297 no-

481 5341 619 5394 mine
639 5380 652 5404 ,
684 5336 772 5392 sed
799 5334 1004 5389 omnino
1035 5332 1330 5403 lapidibus;
1373 5335 1480 5387 ltazc
1510 5336 1735 5403 profecto
1759 5335 1913 5389 etiam
1941 5351 2062 5404 gra-

480 5428 607 5481 uiter
646 5425 834 5480 laedere
862 5422 1177 5496 potueram:
1204 5422 1339 5475 Cum
1374 5419 1636 5488 lapidibus
1676 5421 1876 5488 pluisse
1905 5421 2051 5476 dice-

481 5518 631 5582 bant,
662 5520 880 5573 omnino
910 5516 1167 5586 majorem
1196 5513 1510 5585 grandincm
1541 5513 1864 5567 intellectam
1891 5512 2058 5568 fuisse

482 5609 758 5668 existimo.
790 5624 909 5663 cum
955 5608 1249 5675 praeseer
1283 5604 1609 5673 Augusunus
1653 5603 1955 5673 grandinem
1982 5603 2055 5656 ita

483 5696 679 5752 uictam
723 5699 1006 5765 observet,
1060 5698 1104 5753 si
1151 5711 1304 5765 quas,
1352 5694 1642 5761 nimirum,
1690 5692 1851 5748 solito
1880 5692 2051 5761 major

2164 4627 2286 4680 cap.
2309 4610 2375 4672 2,
2411 4612 2501 4664 vix
2531 4611 2773 4680 exempla
2813 4609 3039 4665 inveniri
3066 4607 3244 4665 Vesue
3275 4608 3487 4664 nomine
3519 4608 3761 4665 Veneris

2164 4701 2466 4770 appellatur,
2494 4715 2591 4754 nec
2621 4701 2737 4770 ejus
2764 4701 2839 4756 rei
2865 4701 2996 4755 satis
3027 4699 3280 4769 liquidam
3307 4713 3428 4754 esse
3455 4700 3733 4754 rationem

2167 4793 2263 4845 nisi
2314 4793 2448 4847 forte
2478 4793 2676 4847 amoris
2705 4802 2868 4848 azstus
2916 4807 3038 4847 cum
3084 4791 3206 4862 igne
3246 4792 3572 4847 conferatur.
3611 4790 3733 4846 Eun

2162 4884 2304 4946 vide,
2336 4884 2381 4937 si
2409 4891 2578 4938 vacat.

2239 4973 2370 5043 Cap.
2408 4974 2493 5029 l5.
2537 4973 2598 5030 Si
2636 4982 2804 5027 autem
2848 4974 2961 5026 sold
2997 4960 3238 5028 animalia
3284 4970 3585 5038 rationalia,
3624 4972 3759 5024 εἰει]

2168 5074 2284 5119 sunt
2310 5066 2556 5129 homines,
2598 5074 2765 5133 partes
2802 5060 2898 5115 Dei
2934 5078 3041 5117 esse
3078 5062 3425 5128 contendunt,‘
3456 5077 3563 5116 non
3606 5063 3754 5115 rideo

2167 5156 2367 5222 quidem
2392 5158 2433 5207 si
2464 5164 2595 5207 totus
2618 5153 2835 5206 mundus
2862 5163 2931 5206 est
2960 5151 3097 5207 Deus
3116 5193 3132 5217 ,
3169 5155 3422 5223 quomodo
3460 5153 3653 5205 bestias
3691 5155 3756 5202 ab

2165 5248 2278 5314 ejus
2300 5244 2522 5313 partibus
2544 5243 2824 5314 separent.]
2848 5243 3098 5313 lntelligit
3123 5243 3350 5308 Stoicos,
3376 5243 3463 5313 qui
3486 5242 3752 5296 mundum

2169 5333 2333 5388 Deum
2364 5347 2482 5388 esse
2503 5332 2775 5389 dicebant.
2820 5332 2949 5388 Vide
2978 5333 3185 5388 Justum
3220 5332 3455 5403 Lipsium
3496 5331 3750 5403 Physiol.

2165 5426 2462 5480 Stoicorum
2493 5423 2588 5478 lib.
2623 5440 2667 5491 ι,
2693 5425 2825 5479 diss.
2854 5424 2911 5479 8.

2234 5513 2364 5583 Cap.
2401 5513 2485 5568 16.
2519 5514 2965 5569 Vocaverunt......
2995 5517 3141 5568 deam
3168 5514 3443 5579 Murciam,
3471 5528 3580 5583 qua:
3611 5526 3756 5582 pra:-

2164 5614 2240 5656 tcr
2260 5606 2463 5656 modum
2491 5614 2706 5657 moveret
2737 5621 2797 5656 ac
2827 5605 3014 5673 faceret
3042 5604 3316 5670 ltominent,
3340 5615 3395 5658 ut
3424 5605 3495 5657 ait
3517 5602 3755 5667 Pompo-

2165 5694 2302 5766 nius,
2333 5694 2636 5764 murcidum,
2672 5696 2726 5748 id
2766 5703 2837 5747 est
2872 5694 3020 5748 nimis
3070 5696 3376 5747 drsitliosum
3423 5702 3469 5745 et
3512 5693 3753 5743 inactuo-
