  <div class='ocr_page' id='page_1' title='image "/cluster/home/n/w/nwhite01/storage/ocr_20150623/47/uva.x000827107/240.png"; bbox 0 0 3900 6308; ppageno 0'>
   <div class='ocr_carea' id='block_1_1' title="bbox 155 329 253 413">
    <p class='ocr_par' dir='ltr' id='par_1_1' title="bbox 155 329 253 413">
     <span class='ocr_line' id='line_1_1' title="bbox 155 329 253 413; baseline 0.02 -1"><span class='ocrx_word' id='word_1_1' title='bbox 155 329 253 413; x_wconf 64' lang='lat' dir='ltr'><strong>es</strong></span> 
     </span>
    </p>
   </div>
   <div class='ocr_carea' id='block_1_2' title="bbox 834 322 2735 384">
    <p class='ocr_par' dir='ltr' id='par_1_2' title="bbox 834 322 2735 384">
     <span class='ocr_line' id='line_1_2' title="bbox 834 322 2735 384; baseline 0 -3"><span class='ocrx_word' id='word_1_2' title='bbox 834 325 1186 384; x_wconf 64' lang='lat' dir='ltr'><strong>VARIORGM</strong></span> <span class='ocrx_word' id='word_1_3' title='bbox 1225 322 1817 382; x_wconf 77' lang='lat' dir='ltr'><strong>EXERCITATIONES</strong></span> <span class='ocrx_word' id='word_1_4' title='bbox 1857 323 1923 378; x_wconf 88' lang='lat' dir='ltr'><strong>IN</strong></span> <span class='ocrx_word' id='word_1_5' title='bbox 1965 324 2022 381; x_wconf 88' lang='lat' dir='ltr'><strong>S.</strong></span> <span class='ocrx_word' id='word_1_6' title='bbox 2065 322 2440 379; x_wconf 77' lang='lat' dir='ltr'><strong>AUGUSTINI</strong></span> <span class='ocrx_word' id='word_1_7' title='bbox 2482 325 2735 381; x_wconf 72' lang='lat' dir='ltr'><strong>OPERA.</strong></span> 
     </span>
    </p>
   </div>
   <div class='ocr_carea' id='block_1_3' title="bbox 3298 332 3411 401">
    <p class='ocr_par' dir='ltr' id='par_1_3' title="bbox 3298 332 3411 401">
     <span class='ocr_line' id='line_1_3' title="bbox 3298 332 3411 401; baseline 0.071 -16"><span class='ocrx_word' id='word_1_8' title='bbox 3298 332 3411 401; x_wconf 20' lang='lat'><strong>£66,</strong></span> 
     </span>
    </p>
   </div>
   <div class='ocr_carea' id='block_1_4' title="bbox 160 436 3409 513">
    <p class='ocr_par' dir='ltr' id='par_1_4' title="bbox 160 436 3409 513">
     <span class='ocr_line' id='line_1_4' title="bbox 160 436 3409 513; baseline 0 -15"><span class='ocrx_word' id='word_1_9' title='bbox 160 440 312 513; x_wconf 67' lang='lat' dir='ltr'><strong>tam]</strong></span> <span class='ocrx_word' id='word_1_10' title='bbox 345 440 713 496; x_wconf 77' lang='lat' dir='ltr'><strong>&#39;I‘ertullianus</strong></span> <span class='ocrx_word' id='word_1_11' title='bbox 739 440 807 495; x_wconf 88' lang='lat' dir='ltr'><strong>de</strong></span> <span class='ocrx_word' id='word_1_12' title='bbox 835 441 1163 510; x_wconf 71' lang='lat' dir='ltr'><strong>Spectaculis</strong></span> <span class='ocrx_word' id='word_1_13' title='bbox 1192 455 1310 509; x_wconf 85' lang='lat' dir='ltr'><strong>cap.</strong></span> <span class='ocrx_word' id='word_1_14' title='bbox 1343 440 1375 494; x_wconf 86' lang='lat'><strong>8</strong></span> <span class='ocrx_word' id='word_1_15' title='bbox 1424 458 1435 492; x_wconf 91' lang='lat'>:</span> <span class='ocrx_word' id='word_1_16' title='bbox 1477 437 1533 491; x_wconf 82' lang='grc' dir='ltr'><em>Μ</em></span> <span class='ocrx_word' id='word_1_17' title='bbox 1539 438 1727 491; x_wconf 87' lang='lat' dir='ltr'><strong>urciant</strong></span> <span class='ocrx_word' id='word_1_18' title='bbox 1759 443 1811 501; x_wconf 77' lang='grc' dir='ltr'>Α</span> <span class='ocrx_word' id='word_1_19' title='bbox 1835 438 2212 490; x_wconf 81' lang='lat' dir='ltr'><strong>constituuntur</strong></span> <span class='ocrx_word' id='word_1_20' title='bbox 2233 436 2477 489; x_wconf 85' lang='lat' dir='ltr'><strong>humana.</strong></span> <span class='ocrx_word' id='word_1_21' title='bbox 2513 437 2637 502; x_wconf 82' lang='lat' dir='ltr'><strong>Qua:</strong></span> <span class='ocrx_word' id='word_1_22' title='bbox 2657 438 2699 490; x_wconf 89' lang='lat' dir='ltr'><strong>si</strong></span> <span class='ocrx_word' id='word_1_23' title='bbox 2723 448 2986 504; x_wconf 78' lang='lat' dir='ltr'><strong>prapterea</strong></span> <span class='ocrx_word' id='word_1_24' title='bbox 3011 444 3274 511; x_wconf 84' lang='lat' dir='ltr'><strong>quisquam</strong></span> <span class='ocrx_word' id='word_1_25' title='bbox 3297 444 3409 511; x_wconf 82' lang='lat' dir='ltr'><strong>fata</strong></span> 
     </span>
    </p>
   </div>
   <div class='ocr_carea' id='block_1_5' title="bbox 155 529 1729 598">
    <p class='ocr_par' dir='ltr' id='par_1_5' title="bbox 155 529 1729 598">
     <span class='ocr_line' id='line_1_5' title="bbox 155 529 1729 598; baseline -0.005 -11"><span class='ocrx_word' id='word_1_26' title='bbox 155 536 308 588; x_wconf 83' lang='lat' dir='ltr'><strong>deant</strong></span> <span class='ocrx_word' id='word_1_27' title='bbox 345 531 591 586; x_wconf 70' lang='lat' dir='ltr'><strong>mercaris</strong></span> <span class='ocrx_word' id='word_1_28' title='bbox 618 530 813 596; x_wconf 87' lang='lat' dir='ltr'><strong>volunt,</strong></span> <span class='ocrx_word' id='word_1_29' title='bbox 837 533 917 585; x_wconf 89' lang='lat' dir='ltr'><strong>cui</strong></span> <span class='ocrx_word' id='word_1_30' title='bbox 946 534 998 586; x_wconf 88' lang='lat' dir='ltr'><strong>ia</strong></span> <span class='ocrx_word' id='word_1_31' title='bbox 1028 531 1119 585; x_wconf 89' lang='lat' dir='ltr'><strong>illa</strong></span> <span class='ocrx_word' id='word_1_32' title='bbox 1169 540 1314 598; x_wconf 85' lang='lat' dir='ltr'><strong>parte</strong></span> <span class='ocrx_word' id='word_1_33' title='bbox 1356 529 1515 583; x_wconf 75' lang='lat' dir='ltr'><strong>cedent</strong></span> <span class='ocrx_word' id='word_1_34' title='bbox 1536 543 1729 581; x_wconf 85' lang='lat' dir='ltr'><strong>vovere.</strong></span> 
     </span>
    </p>
   </div>
   <div class='ocr_carea' id='block_1_6' title="bbox 162 602 1735 691">
    <p class='ocr_par' dir='ltr' id='par_1_6' title="bbox 162 602 1735 691">
     <span class='ocr_line' id='line_1_6' title="bbox 162 602 1735 691; baseline -0.006 -10"><span class='ocrx_word' id='word_1_35' title='bbox 162 602 252 681; x_wconf 69' lang='lat' dir='ltr'><strong>Sic</strong></span> <span class='ocrx_word' id='word_1_36' title='bbox 292 623 436 678; x_wconf 88' lang='lat' dir='ltr'><strong>enim</strong></span> <span class='ocrx_word' id='word_1_37' title='bbox 475 621 761 691; x_wconf 77' lang='lat' dir='ltr'><strong>legendum</strong></span> <span class='ocrx_word' id='word_1_38' title='bbox 789 662 805 687; x_wconf 91' lang='lat'><strong>,</strong></span> <span class='ocrx_word' id='word_1_39' title='bbox 837 638 941 676; x_wconf 84' lang='lat' dir='ltr'><strong>non</strong></span> <span class='ocrx_word' id='word_1_40' title='bbox 986 620 1270 687; x_wconf 89' lang='lat' dir='ltr'><strong>marmoris,</strong></span> <span class='ocrx_word' id='word_1_41' title='bbox 1302 629 1393 673; x_wconf 91' lang='lat' dir='ltr'><strong>aut</strong></span> <span class='ocrx_word' id='word_1_42' title='bbox 1421 619 1629 683; x_wconf 87' lang='lat' dir='ltr'><strong>amoris,</strong></span> <span class='ocrx_word' id='word_1_43' title='bbox 1677 625 1735 672; x_wconf 90' lang='lat' dir='ltr'><strong>ut</strong></span> 
     </span>
    </p>
   </div>
   <div class='ocr_carea' id='block_1_7' title="bbox 161 711 1731 781">
    <p class='ocr_par' dir='ltr' id='par_1_7' title="bbox 161 711 1731 781">
     <span class='ocr_line' id='line_1_7' title="bbox 161 711 1731 781; baseline -0.003 -12"><span class='ocrx_word' id='word_1_44' title='bbox 161 714 448 771; x_wconf 86' lang='lat' dir='ltr'><strong>emendant</strong></span> <span class='ocrx_word' id='word_1_45' title='bbox 468 713 731 768; x_wconf 77' lang='lat' dir='ltr'><strong>nonnulli.</strong></span> <span class='ocrx_word' id='word_1_46' title='bbox 764 713 1035 781; x_wconf 77' lang='lat' dir='ltr'><strong>Nusquam</strong></span> <span class='ocrx_word' id='word_1_47' title='bbox 1066 721 1278 768; x_wconf 87' lang='lat' dir='ltr'><strong>veteres</strong></span> <span class='ocrx_word' id='word_1_48' title='bbox 1310 711 1562 765; x_wconf 77' lang='lat' dir='ltr'><strong>Murciam</strong></span> <span class='ocrx_word' id='word_1_49' title='bbox 1590 711 1731 764; x_wconf 83' lang='lat' dir='ltr'><strong>illam</strong></span> 
     </span>
    </p>
   </div>
   <div class='ocr_carea' id='block_1_8' title="bbox 156 786 1730 873">
    <p class='ocr_par' dir='ltr' id='par_1_8' title="bbox 156 786 1730 873">
     <span class='ocr_line' id='line_1_8' title="bbox 156 786 1730 873; baseline -0.003 -15"><span class='ocrx_word' id='word_1_50' title='bbox 156 786 355 873; x_wconf 84' lang='lat' dir='ltr'><strong>amoris</strong></span> <span class='ocrx_word' id='word_1_51' title='bbox 387 804 542 871; x_wconf 81' lang='lat' dir='ltr'><strong>deam</strong></span> <span class='ocrx_word' id='word_1_52' title='bbox 566 819 687 860; x_wconf 88' lang='lat' dir='ltr'><strong>esse</strong></span> <span class='ocrx_word' id='word_1_53' title='bbox 718 804 1090 873; x_wconf 87' lang='lat' dir='ltr'><strong>prodiderunt,</strong></span> <span class='ocrx_word' id='word_1_54' title='bbox 1120 803 1215 859; x_wconf 88' lang='lat' dir='ltr'><strong>sed</strong></span> <span class='ocrx_word' id='word_1_55' title='bbox 1263 802 1520 857; x_wconf 84' lang='lat' dir='ltr'><strong>marcoris</strong></span> <span class='ocrx_word' id='word_1_56' title='bbox 1561 811 1613 856; x_wconf 90' lang='lat' dir='ltr'><strong>et</strong></span> <span class='ocrx_word' id='word_1_57' title='bbox 1652 806 1730 869; x_wconf 78' lang='lat' dir='ltr'><strong>ig-</strong></span> 
     </span>
    </p>
   </div>
   <div class='ocr_carea' id='block_1_9' title="bbox 158 893 1734 969">
    <p class='ocr_par' dir='ltr' id='par_1_9' title="bbox 158 893 1734 969">
     <span class='ocr_line' id='line_1_9' title="bbox 158 893 1734 969; baseline -0.001 -21"><span class='ocrx_word' id='word_1_58' title='bbox 158 894 359 960; x_wconf 71' lang='lat' dir='ltr'><strong>naviat;</strong></span> <span class='ocrx_word' id='word_1_59' title='bbox 382 908 504 948; x_wconf 83' lang='lat' dir='ltr'><strong>nam</strong></span> <span class='ocrx_word' id='word_1_60' title='bbox 520 910 724 969; x_wconf 73' lang='lat' dir='ltr'><strong>marcus</strong></span> <span class='ocrx_word' id='word_1_61' title='bbox 738 894 1007 949; x_wconf 88' lang='lat' dir='ltr'><strong>veteribus</strong></span> <span class='ocrx_word' id='word_1_62' title='bbox 1024 895 1164 949; x_wconf 84' lang='lat' dir='ltr'><strong>idem</strong></span> <span class='ocrx_word' id='word_1_63' title='bbox 1180 894 1320 964; x_wconf 91' lang='lat' dir='ltr'><strong>quod</strong></span> <span class='ocrx_word' id='word_1_64' title='bbox 1342 895 1581 963; x_wconf 81' lang='lat' dir='ltr'><strong>ignavus.</strong></span> <span class='ocrx_word' id='word_1_65' title='bbox 1600 893 1734 947; x_wconf 85' lang='lat' dir='ltr'><strong>Hinc</strong></span> 
     </span>
    </p>
   </div>
   <div class='ocr_carea' id='block_1_10' title="bbox 159 970 1736 1064">
    <p class='ocr_par' dir='ltr' id='par_1_10' title="bbox 159 970 1736 1064">
     <span class='ocr_line' id='line_1_10' title="bbox 159 970 1736 1064; baseline -0.001 -25"><span class='ocrx_word' id='word_1_66' title='bbox 159 970 421 1060; x_wconf 65' lang='lat' dir='ltr'><strong>extremis</strong></span> <span class='ocrx_word' id='word_1_67' title='bbox 452 984 752 1064; x_wconf 59' lang='lat' dir='ltr'><strong>[,atinjtatis</strong></span> <span class='ocrx_word' id='word_1_68' title='bbox 776 984 1126 1059; x_wconf 71' lang='lat' dir='ltr'><strong>temporibus,</strong></span> <span class='ocrx_word' id='word_1_69' title='bbox 1169 1000 1375 1053; x_wconf 84' lang='lat' dir='ltr'><strong>murcos</strong></span> <span class='ocrx_word' id='word_1_70' title='bbox 1398 983 1736 1060; x_wconf 80' lang='lat' dir='ltr'><strong>appellabant</strong></span> 
     </span>
    </p>
   </div>
   <div class='ocr_carea' id='block_1_11' title="bbox 159 1073 1735 1149">
    <p class='ocr_par' dir='ltr' id='par_1_11' title="bbox 159 1073 1735 1149">
     <span class='ocr_line' id='line_1_11' title="bbox 159 1073 1735 1149; baseline 0 -21"><span class='ocrx_word' id='word_1_71' title='bbox 159 1074 473 1149; x_wconf 71' lang='lat' dir='ltr'><strong>ioculariter</strong></span> <span class='ocrx_word' id='word_1_72' title='bbox 498 1075 587 1149; x_wconf 81' lang='lat' dir='ltr'><strong>qui</strong></span> <span class='ocrx_word' id='word_1_73' title='bbox 615 1074 718 1139; x_wconf 85' lang='lat' dir='ltr'><strong>sibi</strong></span> <span class='ocrx_word' id='word_1_74' title='bbox 752 1075 972 1147; x_wconf 76' lang='lat' dir='ltr'><strong>pollices</strong></span> <span class='ocrx_word' id='word_1_75' title='bbox 1001 1074 1386 1143; x_wconf 62' lang='lat' dir='ltr'><strong>praeciderant,</strong></span> <span class='ocrx_word' id='word_1_76' title='bbox 1438 1091 1504 1129; x_wconf 90' lang='lat' dir='ltr'><strong>ne</strong></span> <span class='ocrx_word' id='word_1_77' title='bbox 1534 1073 1735 1129; x_wconf 79' lang='lat' dir='ltr'><strong>militia:</strong></span> 
     </span>
    </p>
   </div>
   <div class='ocr_carea' id='block_1_12' title="bbox 164 1148 1737 1237">
    <p class='ocr_par' dir='ltr' id='par_1_12' title="bbox 164 1148 1737 1237">
     <span class='ocr_line' id='line_1_12' title="bbox 164 1148 1737 1237; baseline 0.001 -20"><span class='ocrx_word' id='word_1_78' title='bbox 164 1158 355 1218; x_wconf 81' lang='lat' dir='ltr'><strong>nomen</strong></span> <span class='ocrx_word' id='word_1_79' title='bbox 384 1148 595 1237; x_wconf 73' lang='lat' dir='ltr'><strong>darent.</strong></span> <span class='ocrx_word' id='word_1_80' title='bbox 620 1164 935 1220; x_wconf 83' lang='lat' dir='ltr'><strong>Ammianus</strong></span> <span class='ocrx_word' id='word_1_81' title='bbox 970 1165 1304 1221; x_wconf 78' lang='lat' dir='ltr'><strong>Marcellinus</strong></span> <span class='ocrx_word' id='word_1_82' title='bbox 1335 1183 1349 1220; x_wconf 90' lang='lat'>:</span> <span class='ocrx_word' id='word_1_83' title='bbox 1401 1164 1509 1219; x_wconf 85' lang='lat' dir='ltr'><strong>Nec</strong></span> <span class='ocrx_word' id='word_1_84' title='bbox 1563 1182 1737 1219; x_wconf 83' lang='lat' dir='ltr'><strong>eorum</strong></span> 
     </span>
    </p>
   </div>
   <div class='ocr_carea' id='block_1_13' title="bbox 167 1238 1739 1325">
    <p class='ocr_par' dir='ltr' id='par_1_13' title="bbox 167 1238 1739 1325">
     <span class='ocr_line' id='line_1_13' title="bbox 167 1238 1739 1325; baseline 0.001 -21"><span class='ocrx_word' id='word_1_85' title='bbox 167 1252 443 1322; x_wconf 72' lang='lat' dir='ltr'><strong>aliquando</strong></span> <span class='ocrx_word' id='word_1_86' title='bbox 463 1238 694 1322; x_wconf 77' lang='lat' dir='ltr'><strong>quisque,</strong></span> <span class='ocrx_word' id='word_1_87' title='bbox 726 1264 782 1325; x_wconf 75' lang='lat' dir='ltr'><strong>ut</strong></span> <span class='ocrx_word' id='word_1_88' title='bbox 809 1242 871 1306; x_wconf 84' lang='lat' dir='ltr'><strong>in</strong></span> <span class='ocrx_word' id='word_1_89' title='bbox 894 1252 1075 1319; x_wconf 88' lang='lat' dir='ltr'><strong>Italia,</strong></span> <span class='ocrx_word' id='word_1_90' title='bbox 1113 1271 1296 1308; x_wconf 86' lang='lat' dir='ltr'><strong>munus</strong></span> <span class='ocrx_word' id='word_1_91' title='bbox 1336 1246 1585 1310; x_wconf 74' lang='lat' dir='ltr'><strong>Martium</strong></span> <span class='ocrx_word' id='word_1_92' title='bbox 1622 1270 1739 1324; x_wconf 86' lang='lat' dir='ltr'><strong>per-</strong></span> 
     </span>
    </p>
   </div>
   <div class='ocr_carea' id='block_1_14' title="bbox 169 1326 1737 1417">
    <p class='ocr_par' dir='ltr' id='par_1_14' title="bbox 169 1326 1737 1417">
     <span class='ocr_line' id='line_1_14' title="bbox 169 1326 1737 1417; baseline 0.001 -22"><span class='ocrx_word' id='word_1_93' title='bbox 169 1326 425 1396; x_wconf 85' lang='lat' dir='ltr'><strong>timescens</strong></span> <span class='ocrx_word' id='word_1_94' title='bbox 446 1326 684 1413; x_wconf 77' lang='lat' dir='ltr'><strong>pollicem</strong></span> <span class='ocrx_word' id='word_1_95' title='bbox 714 1346 808 1396; x_wconf 81' lang='lat' dir='ltr'><strong>sibi</strong></span> <span class='ocrx_word' id='word_1_96' title='bbox 840 1345 1118 1417; x_wconf 71' lang='lat' dir='ltr'><strong>prwscidit,</strong></span> <span class='ocrx_word' id='word_1_97' title='bbox 1158 1362 1285 1416; x_wconf 88' lang='lat' dir='ltr'><strong>quos</strong></span> <span class='ocrx_word' id='word_1_98' title='bbox 1315 1346 1568 1415; x_wconf 84' lang='lat' dir='ltr'><strong>jocaliter</strong></span> <span class='ocrx_word' id='word_1_99' title='bbox 1600 1360 1737 1397; x_wconf 85' lang='lat' dir='ltr'><strong>mur-</strong></span> 
     </span>
    </p>
   </div>
   <div class='ocr_carea' id='block_1_15' title="bbox 169 1416 1736 1502">
    <p class='ocr_par' dir='ltr' id='par_1_15' title="bbox 169 1416 1736 1502">
     <span class='ocr_line' id='line_1_15' title="bbox 169 1416 1736 1502; baseline 0.003 -17"><span class='ocrx_word' id='word_1_100' title='bbox 169 1422 249 1486; x_wconf 84' lang='lat' dir='ltr'><strong>cos</strong></span> <span class='ocrx_word' id='word_1_101' title='bbox 272 1416 556 1502; x_wconf 80' lang='lat' dir='ltr'><strong>appellant.</strong></span> <span class='ocrx_word' id='word_1_102' title='bbox 616 1432 836 1488; x_wconf 88' lang='lat' dir='ltr'><strong>Desides</strong></span> <span class='ocrx_word' id='word_1_103' title='bbox 856 1443 911 1487; x_wconf 87' lang='lat' dir='ltr'><strong>et</strong></span> <span class='ocrx_word' id='word_1_104' title='bbox 938 1416 1155 1501; x_wconf 80' lang='lat' dir='ltr'><strong>ignavos</strong></span> <span class='ocrx_word' id='word_1_105' title='bbox 1192 1443 1246 1489; x_wconf 90' lang='lat' dir='ltr'><strong>et</strong></span> <span class='ocrx_word' id='word_1_106' title='bbox 1274 1434 1514 1488; x_wconf 84' lang='lat' dir='ltr'><strong>imbelles</strong></span> <span class='ocrx_word' id='word_1_107' title='bbox 1546 1434 1616 1488; x_wconf 92' lang='lat' dir='ltr'><strong>ita</strong></span> <span class='ocrx_word' id='word_1_108' title='bbox 1642 1450 1736 1489; x_wconf 85' lang='lat' dir='ltr'><strong>vo—</strong></span> 
     </span>
    </p>
   </div>
   <div class='ocr_carea' id='block_1_16' title="bbox 170 1504 1737 1595">
    <p class='ocr_par' dir='ltr' id='par_1_16' title="bbox 170 1504 1737 1595">
     <span class='ocr_line' id='line_1_16' title="bbox 170 1504 1737 1595; baseline 0.002 -18"><span class='ocrx_word' id='word_1_109' title='bbox 170 1504 368 1577; x_wconf 75' lang='lat' dir='ltr'><strong>carunt.</strong></span> <span class='ocrx_word' id='word_1_110' title='bbox 401 1521 636 1591; x_wconf 73' lang='lat' dir='ltr'><strong>Murcus,</strong></span> <span class='ocrx_word' id='word_1_111' title='bbox 661 1525 942 1593; x_wconf 79' lang='lat' dir='ltr'><strong>marcidus,</strong></span> <span class='ocrx_word' id='word_1_112' title='bbox 975 1532 1033 1595; x_wconf 90' lang='lat' dir='ltr'><strong>ut</strong></span> <span class='ocrx_word' id='word_1_113' title='bbox 1070 1527 1279 1591; x_wconf 75' lang='lat' dir='ltr'><strong>ﬂaccus,</strong></span> <span class='ocrx_word' id='word_1_114' title='bbox 1319 1526 1584 1594; x_wconf 81' lang='lat' dir='ltr'><strong>ﬂaccidus.</strong></span> <span class='ocrx_word' id='word_1_115' title='bbox 1636 1525 1737 1593; x_wconf 81' lang='lat' dir='ltr'><strong>Fe-</strong></span> 
     </span>
    </p>
   </div>
   <div class='ocr_carea' id='block_1_17' title="bbox 168 1613 1738 1689">
    <p class='ocr_par' dir='ltr' id='par_1_17' title="bbox 168 1613 1738 1689">
     <span class='ocr_line' id='line_1_17' title="bbox 168 1613 1738 1689; baseline 0.002 -23"><span class='ocrx_word' id='word_1_116' title='bbox 168 1613 627 1689; x_wconf 79' lang='lat' dir='ltr'><strong>stusznturcidum,</strong></span> <span class='ocrx_word' id='word_1_117' title='bbox 659 1615 918 1684; x_wconf 85' lang='lat' dir='ltr'><strong>ignavum,</strong></span> <span class='ocrx_word' id='word_1_118' title='bbox 950 1616 1202 1685; x_wconf 84' lang='lat' dir='ltr'><strong>stultum;</strong></span> <span class='ocrx_word' id='word_1_119' title='bbox 1226 1616 1444 1669; x_wconf 82' lang='lat' dir='ltr'><strong>Plautus</strong></span> <span class='ocrx_word' id='word_1_120' title='bbox 1469 1634 1482 1670; x_wconf 88' lang='lat'><strong>:</strong></span> <span class='ocrx_word' id='word_1_121' title='bbox 1510 1617 1738 1689; x_wconf 73' lang='lat' dir='ltr'><strong>murcide</strong></span> 
     </span>
    </p>
   </div>
   <div class='ocr_carea' id='block_1_18' title="bbox 169 1682 1747 1779">
    <p class='ocr_par' dir='ltr' id='par_1_18' title="bbox 169 1682 1747 1779">
     <span class='ocr_line' id='line_1_18' title="bbox 169 1682 1747 1779; baseline 0.004 -25"><span class='ocrx_word' id='word_1_122' title='bbox 169 1705 333 1779; x_wconf 77' lang='lat' dir='ltr'><strong>nomo,</strong></span> <span class='ocrx_word' id='word_1_123' title='bbox 362 1704 561 1774; x_wconf 85' lang='lat' dir='ltr'><strong>ignave,</strong></span> <span class='ocrx_word' id='word_1_124' title='bbox 592 1682 745 1758; x_wconf 79' lang='lat' dir='ltr'><strong>iners.</strong></span> <span class='ocrx_word' id='word_1_125' title='bbox 787 1705 919 1760; x_wconf 80' lang='lat' dir='ltr'><strong>Male</strong></span> <span class='ocrx_word' id='word_1_126' title='bbox 953 1706 1006 1761; x_wconf 88' lang='lat' dir='ltr'><strong>in</strong></span> <span class='ocrx_word' id='word_1_127' title='bbox 1054 1707 1213 1761; x_wconf 81' lang='lat' dir='ltr'><strong>editis</strong></span> <span class='ocrx_word' id='word_1_128' title='bbox 1256 1708 1549 1779; x_wconf 83' lang='lat' dir='ltr'><strong>murricide,</strong></span> <span class='ocrx_word' id='word_1_129' title='bbox 1591 1682 1747 1777; x_wconf 72' lang='grc' dir='ltr'><strong>ρυοᾶ</strong></span> 
     </span>
    </p>
   </div>
   <div class='ocr_carea' id='block_1_19' title="bbox 1836 526 3409 605">
    <p class='ocr_par' dir='ltr' id='par_1_19' title="bbox 1836 526 3409 605">
     <span class='ocr_line' id='line_1_19' title="bbox 1836 526 3409 605; baseline 0.005 -24"><span class='ocrx_word' id='word_1_130' title='bbox 1836 529 2033 595; x_wconf 81' lang='lat' dir='ltr'><strong>tribuit,</strong></span> <span class='ocrx_word' id='word_1_131' title='bbox 2054 529 2173 598; x_wconf 84' lang='lat' dir='ltr'><strong>quia</strong></span> <span class='ocrx_word' id='word_1_132' title='bbox 2210 528 2376 598; x_wconf 81' lang='lat' dir='ltr'><strong>ipsam</strong></span> <span class='ocrx_word' id='word_1_133' title='bbox 2408 526 2506 580; x_wconf 85' lang='lat' dir='ltr'><strong>Dei</strong></span> <span class='ocrx_word' id='word_1_134' title='bbox 2534 529 2841 583; x_wconf 83' lang='lat' dir='ltr'><strong>voluntatem</strong></span> <span class='ocrx_word' id='word_1_135' title='bbox 2887 531 2963 584; x_wconf 83' lang='lat' dir='ltr'><strong>vel</strong></span> <span class='ocrx_word' id='word_1_136' title='bbox 2992 542 3284 601; x_wconf 79' lang='lat' dir='ltr'><strong>potestatem</strong></span> <span class='ocrx_word' id='word_1_137' title='bbox 3314 537 3409 605; x_wconf 84' lang='lat' dir='ltr'><strong>{ali</strong></span> 
     </span>
    </p>
   </div>
   <div class='ocr_carea' id='block_1_20' title="bbox 1835 618 3407 696">
    <p class='ocr_par' dir='ltr' id='par_1_20' title="bbox 1835 618 3407 696">
     <span class='ocr_line' id='line_1_20' title="bbox 1835 618 3407 696; baseline 0.005 -25"><span class='ocrx_word' id='word_1_138' title='bbox 1835 619 2037 671; x_wconf 85' lang='lat' dir='ltr'><strong>nomine</strong></span> <span class='ocrx_word' id='word_1_139' title='bbox 2071 618 2319 687; x_wconf 85' lang='lat' dir='ltr'><strong>appellat,</strong></span> <span class='ocrx_word' id='word_1_140' title='bbox 2356 622 2653 672; x_wconf 86' lang='lat' dir='ltr'><strong>sententiam</strong></span> <span class='ocrx_word' id='word_1_141' title='bbox 2680 627 2866 685; x_wconf 88' lang='lat' dir='ltr'><strong>teneat,</strong></span> <span class='ocrx_word' id='word_1_142' title='bbox 2897 621 3126 691; x_wconf 84' lang='lat' dir='ltr'><strong>linguam</strong></span> <span class='ocrx_word' id='word_1_143' title='bbox 3164 625 3407 696; x_wconf 79' lang='lat' dir='ltr'><strong>corrigat.</strong></span> 
     </span>
    </p>
   </div>
   <div class='ocr_carea' id='block_1_21' title="bbox 1836 704 3410 780">
    <p class='ocr_par' dir='ltr' id='par_1_21' title="bbox 1836 704 3410 780">
     <span class='ocr_line' id='line_1_21' title="bbox 1836 704 3410 780; baseline 0.003 -21"><span class='ocrx_word' id='word_1_144' title='bbox 1836 704 1938 759; x_wconf 88' lang='lat' dir='ltr'><strong>Cur</strong></span> <span class='ocrx_word' id='word_1_145' title='bbox 1984 708 2115 759; x_wconf 83' lang='lat' dir='ltr'><strong>enim</strong></span> <span class='ocrx_word' id='word_1_146' title='bbox 2165 721 2267 758; x_wconf 90' lang='lat' dir='ltr'><strong>non</strong></span> <span class='ocrx_word' id='word_1_147' title='bbox 2292 705 2386 758; x_wconf 82' lang='lat' dir='ltr'><strong>hoc</strong></span> <span class='ocrx_word' id='word_1_148' title='bbox 2440 707 2660 775; x_wconf 80' lang='lat' dir='ltr'><strong>primum</strong></span> <span class='ocrx_word' id='word_1_149' title='bbox 2716 708 2856 773; x_wconf 81' lang='lat' dir='ltr'><strong>dicit,</strong></span> <span class='ocrx_word' id='word_1_150' title='bbox 2902 711 3039 779; x_wconf 83' lang='lat' dir='ltr'><strong>quod</strong></span> <span class='ocrx_word' id='word_1_151' title='bbox 3099 722 3272 780; x_wconf 82' lang='lat' dir='ltr'><strong>postea</strong></span> <span class='ocrx_word' id='word_1_152' title='bbox 3328 713 3410 764; x_wconf 84' lang='lat' dir='ltr'><strong>di-</strong></span> 
     </span>
    </p>
   </div>
   <div class='ocr_carea' id='block_1_22' title="bbox 1834 798 3406 871">
    <p class='ocr_par' dir='ltr' id='par_1_22' title="bbox 1834 798 3406 871">
     <span class='ocr_line' id='line_1_22' title="bbox 1834 798 3406 871; baseline 0.003 -21"><span class='ocrx_word' id='word_1_153' title='bbox 1834 813 2008 851; x_wconf 85' lang='lat' dir='ltr'><strong>cturus</strong></span> <span class='ocrx_word' id='word_1_154' title='bbox 2053 809 2125 849; x_wconf 87' lang='lat' dir='ltr'><strong>est</strong></span> <span class='ocrx_word' id='word_1_155' title='bbox 2161 837 2177 864; x_wconf 92' lang='lat'><strong>,</strong></span> <span class='ocrx_word' id='word_1_156' title='bbox 2219 813 2334 849; x_wconf 86' lang='lat' dir='ltr'><strong>cum</strong></span> <span class='ocrx_word' id='word_1_157' title='bbox 2381 798 2443 848; x_wconf 87' lang='lat' dir='ltr'><strong>ab</strong></span> <span class='ocrx_word' id='word_1_158' title='bbox 2497 798 2587 851; x_wconf 87' lang='lat' dir='ltr'><strong>illo</strong></span> <span class='ocrx_word' id='word_1_159' title='bbox 2635 799 2900 868; x_wconf 86' lang='lat' dir='ltr'><strong>quisquam</strong></span> <span class='ocrx_word' id='word_1_160' title='bbox 2955 803 3214 870; x_wconf 70' lang='lat' dir='ltr'><strong>quaesierit</strong></span> <span class='ocrx_word' id='word_1_161' title='bbox 3281 803 3406 871; x_wconf 87' lang='lat' dir='ltr'><strong>quid</strong></span> 
     </span>
    </p>
   </div>
   <div class='ocr_carea' id='block_1_23' title="bbox 1836 870 3410 959">
    <p class='ocr_par' dir='ltr' id='par_1_23' title="bbox 1836 870 3410 959">
     <span class='ocr_line' id='line_1_23' title="bbox 1836 870 3410 959; baseline 0.004 -18"><span class='ocrx_word' id='word_1_162' title='bbox 1836 870 2019 942; x_wconf 77' lang='lat' dir='ltr'><strong>dixerit</strong></span> <span class='ocrx_word' id='word_1_163' title='bbox 2075 886 2321 959; x_wconf 79' lang='lat' dir='ltr'><strong>fatuttt?]</strong></span> <span class='ocrx_word' id='word_1_164' title='bbox 2364 887 2721 943; x_wconf 76' lang='lat' dir='ltr'><strong>Pulcherrima</strong></span> <span class='ocrx_word' id='word_1_165' title='bbox 2778 890 3014 959; x_wconf 78' lang='lat' dir='ltr'><strong>profecto</strong></span> <span class='ocrx_word' id='word_1_166' title='bbox 3060 870 3322 947; x_wconf 82' lang='lat' dir='ltr'><strong>sententia</strong></span> <span class='ocrx_word' id='word_1_167' title='bbox 3355 903 3410 948; x_wconf 88' lang='lat' dir='ltr'><strong>et</strong></span> 
     </span>
    </p>
   </div>
   <div class='ocr_carea' id='block_1_24' title="bbox 1836 979 3424 1050">
    <p class='ocr_par' dir='ltr' id='par_1_24' title="bbox 1836 979 3424 1050">
     <span class='ocr_line' id='line_1_24' title="bbox 1836 979 3424 1050; baseline 0.001 -17"><span class='ocrx_word' id='word_1_168' title='bbox 1836 980 1995 1049; x_wconf 80' lang='lat' dir='ltr'><strong>digna</strong></span> <span class='ocrx_word' id='word_1_169' title='bbox 2043 995 2161 1050; x_wconf 68' lang='lat' dir='ltr'><strong>qua:</strong></span> <span class='ocrx_word' id='word_1_170' title='bbox 2225 979 2403 1033; x_wconf 87' lang='lat' dir='ltr'><strong>aureis</strong></span> <span class='ocrx_word' id='word_1_171' title='bbox 2471 980 2659 1036; x_wconf 86' lang='lat' dir='ltr'><strong>litteris</strong></span> <span class='ocrx_word' id='word_1_172' title='bbox 2736 982 3064 1038; x_wconf 69' lang='lat' dir='ltr'><strong>inscribatnr</strong></span> <span class='ocrx_word' id='word_1_173' title='bbox 3127 986 3424 1042; x_wconf 81' lang='lat' dir='ltr'><strong>auditoriis.</strong></span> 
     </span>
    </p>
   </div>
   <div class='ocr_carea' id='block_1_25' title="bbox 1838 1068 3411 1145">
    <p class='ocr_par' dir='ltr' id='par_1_25' title="bbox 1838 1068 3411 1145">
     <span class='ocr_line' id='line_1_25' title="bbox 1838 1068 3411 1145; baseline 0.004 -21"><span class='ocrx_word' id='word_1_174' title='bbox 1838 1070 2272 1139; x_wconf 87' lang='lat' dir='ltr'><strong>philosophorum</strong></span> <span class='ocrx_word' id='word_1_175' title='bbox 2302 1077 2355 1123; x_wconf 91' lang='lat' dir='ltr'><strong>et</strong></span> <span class='ocrx_word' id='word_1_176' title='bbox 2386 1068 2780 1139; x_wconf 86' lang='lat' dir='ltr'><strong>theologorum,</strong></span> <span class='ocrx_word' id='word_1_177' title='bbox 2816 1085 2867 1125; x_wconf 90' lang='lat' dir='ltr'><strong>nt</strong></span> <span class='ocrx_word' id='word_1_178' title='bbox 2892 1074 3099 1128; x_wconf 77' lang='lat' dir='ltr'><strong>discant</strong></span> <span class='ocrx_word' id='word_1_179' title='bbox 3123 1076 3267 1129; x_wconf 87' lang='lat' dir='ltr'><strong>illico</strong></span> <span class='ocrx_word' id='word_1_180' title='bbox 3296 1094 3411 1145; x_wconf 87' lang='lat' dir='ltr'><strong>per-</strong></span> 
     </span>
    </p>
   </div>
   <div class='ocr_carea' id='block_1_26' title="bbox 1838 1158 3411 1231">
    <p class='ocr_par' dir='ltr' id='par_1_26' title="bbox 1838 1158 3411 1231">
     <span class='ocr_line' id='line_1_26' title="bbox 1838 1158 3411 1231; baseline 0.004 -20"><span class='ocrx_word' id='word_1_181' title='bbox 1838 1159 2020 1227; x_wconf 89' lang='lat' dir='ltr'><strong>spicue</strong></span> <span class='ocrx_word' id='word_1_182' title='bbox 2067 1158 2247 1226; x_wconf 89' lang='lat' dir='ltr'><strong>loqui;</strong></span> <span class='ocrx_word' id='word_1_183' title='bbox 2293 1172 2397 1226; x_wconf 89' lang='lat' dir='ltr'><strong>quo</strong></span> <span class='ocrx_word' id='word_1_184' title='bbox 2439 1160 2817 1228; x_wconf 81' lang='lat' dir='ltr'><strong>compendium</strong></span> <span class='ocrx_word' id='word_1_185' title='bbox 2864 1164 3122 1231; x_wconf 85' lang='lat' dir='ltr'><strong>temporis</strong></span> <span class='ocrx_word' id='word_1_186' title='bbox 3164 1164 3275 1231; x_wconf 88' lang='lat' dir='ltr'><strong>tiat,</strong></span> <span class='ocrx_word' id='word_1_187' title='bbox 3321 1180 3411 1217; x_wconf 74' lang='lat' dir='ltr'><strong>ex-</strong></span> 
     </span>
    </p>
   </div>
   <div class='ocr_carea' id='block_1_27' title="bbox 1840 1246 3413 1320">
    <p class='ocr_par' dir='ltr' id='par_1_27' title="bbox 1840 1246 3413 1320">
     <span class='ocr_line' id='line_1_27' title="bbox 1840 1246 3413 1320; baseline 0.004 -19"><span class='ocrx_word' id='word_1_188' title='bbox 1840 1248 2081 1316; x_wconf 88' lang='lat' dir='ltr'><strong>pulsione</strong></span> <span class='ocrx_word' id='word_1_189' title='bbox 2113 1256 2187 1300; x_wconf 92' lang='lat' dir='ltr'><strong>tot</strong></span> <span class='ocrx_word' id='word_1_190' title='bbox 2216 1246 2453 1303; x_wconf 82' lang='lat' dir='ltr'><strong>inanium</strong></span> <span class='ocrx_word' id='word_1_191' title='bbox 2483 1249 2789 1313; x_wconf 82' lang='lat' dir='ltr'><strong>verborum,</strong></span> <span class='ocrx_word' id='word_1_192' title='bbox 2819 1265 2938 1320; x_wconf 71' lang='lat' dir='ltr'><strong>qua:</strong></span> <span class='ocrx_word' id='word_1_193' title='bbox 2969 1253 3413 1320; x_wconf 82' lang='lat' dir='ltr'><strong>explicationibus</strong></span> 
     </span>
    </p>
   </div>
   <div class='ocr_carea' id='block_1_28' title="bbox 1840 1336 3410 1414">
    <p class='ocr_par' dir='ltr' id='par_1_28' title="bbox 1840 1336 3410 1414">
     <span class='ocr_line' id='line_1_28' title="bbox 1840 1336 3410 1414; baseline 0.004 -22"><span class='ocrx_word' id='word_1_194' title='bbox 1840 1338 2063 1407; x_wconf 79' lang='lat' dir='ltr'><strong>prolixis</strong></span> <span class='ocrx_word' id='word_1_195' title='bbox 2115 1336 2386 1407; x_wconf 79' lang='lat' dir='ltr'><strong>indigent;</strong></span> <span class='ocrx_word' id='word_1_196' title='bbox 2443 1349 2496 1401; x_wconf 85' lang='lat' dir='ltr'><strong>et</strong></span> <span class='ocrx_word' id='word_1_197' title='bbox 2536 1341 2726 1409; x_wconf 89' lang='lat' dir='ltr'><strong>quibus</strong></span> <span class='ocrx_word' id='word_1_198' title='bbox 2768 1342 2989 1407; x_wconf 69' lang='lat' dir='ltr'><strong>auditis,</strong></span> <span class='ocrx_word' id='word_1_199' title='bbox 3029 1346 3157 1399; x_wconf 84' lang='lat' dir='ltr'><strong>nihil</strong></span> <span class='ocrx_word' id='word_1_200' title='bbox 3199 1348 3410 1414; x_wconf 77' lang='lat' dir='ltr'><strong>quidem</strong></span> 
     </span>
    </p>
   </div>
   <div class='ocr_carea' id='block_1_29' title="bbox 1837 1428 3411 1503">
    <p class='ocr_par' dir='ltr' id='par_1_29' title="bbox 1837 1428 3411 1503">
     <span class='ocr_line' id='line_1_29' title="bbox 1837 1428 3411 1503; baseline 0.006 -18"><span class='ocrx_word' id='word_1_201' title='bbox 1837 1429 1981 1495; x_wconf 86' lang='lat' dir='ltr'><strong>novi,</strong></span> <span class='ocrx_word' id='word_1_202' title='bbox 2008 1428 2071 1482; x_wconf 91' lang='lat' dir='ltr'><strong>ad</strong></span> <span class='ocrx_word' id='word_1_203' title='bbox 2100 1442 2184 1493; x_wconf 76' lang='lat' dir='ltr'><strong>res</strong></span> <span class='ocrx_word' id='word_1_204' title='bbox 2215 1429 2356 1497; x_wconf 89' lang='lat' dir='ltr'><strong>ipsas</strong></span> <span class='ocrx_word' id='word_1_205' title='bbox 2377 1430 2519 1499; x_wconf 89' lang='lat' dir='ltr'><strong>quod</strong></span> <span class='ocrx_word' id='word_1_206' title='bbox 2548 1431 2759 1500; x_wconf 79' lang='lat' dir='ltr'><strong>attinet,</strong></span> <span class='ocrx_word' id='word_1_207' title='bbox 2797 1432 3072 1497; x_wconf 89' lang='lat' dir='ltr'><strong>discimus,</strong></span> <span class='ocrx_word' id='word_1_208' title='bbox 3116 1435 3211 1489; x_wconf 88' lang='lat' dir='ltr'><strong>sed</strong></span> <span class='ocrx_word' id='word_1_209' title='bbox 3260 1437 3411 1503; x_wconf 64' lang='lat' dir='ltr'><strong>illlCi‘,</strong></span> 
     </span>
    </p>
   </div>
   <div class='ocr_carea' id='block_1_30' title="bbox 1840 1518 3410 1589">
    <p class='ocr_par' dir='ltr' id='par_1_30' title="bbox 1840 1518 3410 1589">
     <span class='ocr_line' id='line_1_30' title="bbox 1840 1518 3410 1589; baseline 0.005 -15"><span class='ocrx_word' id='word_1_210' title='bbox 1840 1520 2054 1589; x_wconf 79' lang='lat' dir='ltr'><strong>ligimus</strong></span> <span class='ocrx_word' id='word_1_211' title='bbox 2092 1518 2350 1575; x_wconf 80' lang='lat' dir='ltr'><strong>duntaxat</strong></span> <span class='ocrx_word' id='word_1_212' title='bbox 2393 1520 2698 1588; x_wconf 85' lang='lat' dir='ltr'><strong>scholastici</strong></span> <span class='ocrx_word' id='word_1_213' title='bbox 2740 1524 3006 1581; x_wconf 78' lang='lat' dir='ltr'><strong>sermonis</strong></span> <span class='ocrx_word' id='word_1_214' title='bbox 3044 1540 3218 1579; x_wconf 91' lang='lat' dir='ltr'><strong>usum.</strong></span> <span class='ocrx_word' id='word_1_215' title='bbox 3265 1527 3410 1583; x_wconf 83' lang='lat' dir='ltr'><strong>lianc</strong></span> 
     </span>
    </p>
   </div>
   <div class='ocr_carea' id='block_1_31' title="bbox 1838 1609 3408 1681">
    <p class='ocr_par' dir='ltr' id='par_1_31' title="bbox 1838 1609 3408 1681">
     <span class='ocr_line' id='line_1_31' title="bbox 1838 1609 3408 1681; baseline 0.004 -17"><span class='ocrx_word' id='word_1_216' title='bbox 1838 1622 2012 1667; x_wconf 82' lang='lat' dir='ltr'><strong>autem</strong></span> <span class='ocrx_word' id='word_1_217' title='bbox 2046 1609 2466 1665; x_wconf 90' lang='lat' dir='ltr'><strong>admonitionem</strong></span> <span class='ocrx_word' id='word_1_218' title='bbox 2504 1613 2569 1666; x_wconf 89' lang='lat' dir='ltr'><strong>de</strong></span> <span class='ocrx_word' id='word_1_219' title='bbox 2605 1613 2708 1681; x_wconf 67' lang='lat' dir='ltr'><strong>faro</strong></span> <span class='ocrx_word' id='word_1_220' title='bbox 2735 1615 3109 1673; x_wconf 76' lang='lat' dir='ltr'><strong>necessariam</strong></span> <span class='ocrx_word' id='word_1_221' title='bbox 3134 1616 3297 1671; x_wconf 87' lang='lat' dir='ltr'><strong>tuisse</strong></span> <span class='ocrx_word' id='word_1_222' title='bbox 3325 1633 3408 1671; x_wconf 82' lang='lat' dir='ltr'><strong>tn-</strong></span> 
     </span>
    </p>
   </div>
   <div class='ocr_carea' id='block_1_32' title="bbox 1841 1702 3407 1775">
    <p class='ocr_par' dir='ltr' id='par_1_32' title="bbox 1841 1702 3407 1775">
     <span class='ocr_line' id='line_1_32' title="bbox 1841 1702 3407 1775; baseline 0.003 -18"><span class='ocrx_word' id='word_1_223' title='bbox 1841 1705 2044 1773; x_wconf 80' lang='lat' dir='ltr'><strong>telliget</strong></span> <span class='ocrx_word' id='word_1_224' title='bbox 2066 1702 2307 1772; x_wconf 86' lang='lat' dir='ltr'><strong>quisquis</strong></span> <span class='ocrx_word' id='word_1_225' title='bbox 2337 1703 2476 1773; x_wconf 80' lang='lat' dir='ltr'><strong>leget</strong></span> <span class='ocrx_word' id='word_1_226' title='bbox 2504 1703 2937 1759; x_wconf 72' lang='lat' dir='ltr'><strong>dissertationem</strong></span> <span class='ocrx_word' id='word_1_227' title='bbox 2963 1705 3030 1759; x_wconf 70' lang='grc'>12</span> <span class='ocrx_word' id='word_1_228' title='bbox 3048 1714 3101 1759; x_wconf 92' lang='lat' dir='ltr'><strong>et</strong></span> <span class='ocrx_word' id='word_1_229' title='bbox 3121 1717 3407 1775; x_wconf 85' lang='lat' dir='ltr'><strong>sequentes</strong></span> 
     </span>
    </p>
   </div>
   <div class='ocr_carea' id='block_1_33' title="bbox 168 1791 3385 1867">
    <p class='ocr_par' dir='ltr' id='par_1_33' title="bbox 168 1791 3385 1867">
     <span class='ocr_line' id='line_1_33' title="bbox 168 1791 3385 1867; baseline 0.001 -20"><span class='ocrx_word' id='word_1_230' title='bbox 168 1794 409 1862; x_wconf 74' lang='lat' dir='ltr'><strong>Scaliger</strong></span> <span class='ocrx_word' id='word_1_231' title='bbox 453 1796 751 1864; x_wconf 80' lang='lat' dir='ltr'><strong>exponebat</strong></span> <span class='ocrx_word' id='word_1_232' title='bbox 795 1798 1097 1867; x_wconf 73' lang='grc' dir='ltr'><strong>μυοκτόνον,</strong></span> <span class='ocrx_word' id='word_1_233' title='bbox 1140 1798 1244 1852; x_wconf 91' lang='lat' dir='ltr'><strong>hoc</strong></span> <span class='ocrx_word' id='word_1_234' title='bbox 1285 1808 1367 1852; x_wconf 86' lang='lat' dir='ltr'><strong>est</strong></span> <span class='ocrx_word' id='word_1_235' title='bbox 1394 1798 1729 1857; x_wconf 87' lang='lat' dir='ltr'><strong>muricidam.</strong></span> <span class='ocrx_word' id='word_1_236' title='bbox 1768 1791 1815 1850; x_wconf 81' lang='grc' dir='ltr'><strong>Β</strong></span> <span class='ocrx_word' id='word_1_237' title='bbox 1840 1794 1928 1847; x_wconf 88' lang='lat' dir='ltr'><strong>lib.</strong></span> <span class='ocrx_word' id='word_1_238' title='bbox 1964 1809 1979 1847; x_wconf 87' lang='grc' dir='ltr'>ι</span> <span class='ocrx_word' id='word_1_239' title='bbox 2010 1793 2360 1863; x_wconf 75' lang='lat' dir='ltr'><strong>Pbysiologiae</strong></span> <span class='ocrx_word' id='word_1_240' title='bbox 2392 1793 2694 1849; x_wconf 89' lang='lat' dir='ltr'><strong>Stoicorum</strong></span> <span class='ocrx_word' id='word_1_241' title='bbox 2724 1810 2755 1849; x_wconf 91' lang='lat' dir='ltr'><strong>a</strong></span> <span class='ocrx_word' id='word_1_242' title='bbox 2785 1794 2937 1849; x_wconf 81' lang='lat' dir='ltr'><strong>Justo</strong></span> <span class='ocrx_word' id='word_1_243' title='bbox 2966 1794 3146 1864; x_wconf 86' lang='lat' dir='ltr'><strong>Lipsio</strong></span> <span class='ocrx_word' id='word_1_244' title='bbox 3175 1800 3385 1851; x_wconf 83' lang='lat' dir='ltr'><strong>conseri</strong></span> 
     </span>
    </p>
   </div>
   <div class='ocr_carea' id='block_1_34' title="bbox 172 1882 1736 1953">
    <p class='ocr_par' dir='ltr' id='par_1_34' title="bbox 172 1882 1736 1953">
     <span class='ocr_line' id='line_1_34' title="bbox 172 1882 1736 1953; baseline 0.003 -16"><span class='ocrx_word' id='word_1_245' title='bbox 172 1883 434 1939; x_wconf 80' lang='lat' dir='ltr'><strong>Arnobius</strong></span> <span class='ocrx_word' id='word_1_246' title='bbox 468 1901 483 1937; x_wconf 87' lang='lat'><strong>:</strong></span> <span class='ocrx_word' id='word_1_247' title='bbox 518 1882 742 1949; x_wconf 80' lang='lat' dir='ltr'><strong>Murcia,</strong></span> <span class='ocrx_word' id='word_1_248' title='bbox 767 1886 991 1953; x_wconf 84' lang='lat' dir='ltr'><strong>segnium</strong></span> <span class='ocrx_word' id='word_1_249' title='bbox 1022 1886 1135 1939; x_wconf 85' lang='lat' dir='ltr'><strong>dea.</strong></span> <span class='ocrx_word' id='word_1_250' title='bbox 1170 1886 1293 1940; x_wconf 73' lang='lat' dir='ltr'><strong>Hmc</strong></span> <span class='ocrx_word' id='word_1_251' title='bbox 1333 1886 1541 1953; x_wconf 84' lang='lat' dir='ltr'><strong>aliaque</strong></span> <span class='ocrx_word' id='word_1_252' title='bbox 1577 1888 1736 1941; x_wconf 89' lang='lat' dir='ltr'><strong>habet</strong></span> 
     </span>
    </p>
   </div>
   <div class='ocr_carea' id='block_1_35' title="bbox 169 1972 1735 2046">
    <p class='ocr_par' dir='ltr' id='par_1_35' title="bbox 169 1972 1735 2046">
     <span class='ocr_line' id='line_1_35' title="bbox 169 1972 1735 2046; baseline 0.002 -19"><span class='ocrx_word' id='word_1_253' title='bbox 169 1972 352 2029; x_wconf 69' lang='lat' dir='ltr'><strong>Ctaud.</strong></span> <span class='ocrx_word' id='word_1_254' title='bbox 380 1972 671 2029; x_wconf 88' lang='lat' dir='ltr'><strong>Salmasius</strong></span> <span class='ocrx_word' id='word_1_255' title='bbox 702 1976 755 2033; x_wconf 90' lang='lat' dir='ltr'><strong>in</strong></span> <span class='ocrx_word' id='word_1_256' title='bbox 793 1974 1036 2032; x_wconf 87' lang='lat' dir='ltr'><strong>Solinum</strong></span> <span class='ocrx_word' id='word_1_257' title='bbox 1086 1991 1204 2044; x_wconf 84' lang='lat' dir='ltr'><strong>pag.</strong></span> <span class='ocrx_word' id='word_1_258' title='bbox 1241 1976 1345 2032; x_wconf 77' lang='grc'>656</span> <span class='ocrx_word' id='word_1_259' title='bbox 1380 1976 1467 2031; x_wconf 90' lang='lat' dir='ltr'><strong>ed.</strong></span> <span class='ocrx_word' id='word_1_260' title='bbox 1514 1976 1735 2046; x_wconf 60' lang='lat' dir='ltr'><strong>Ultrajeo</strong></span> 
     </span>
    </p>
   </div>
   <div class='ocr_carea' id='block_1_36' title="bbox 169 2065 341 2119">
    <p class='ocr_par' dir='ltr' id='par_1_36' title="bbox 169 2065 341 2119">
     <span class='ocr_line' id='line_1_36' title="bbox 169 2065 341 2119; baseline 0.006 -1"><span class='ocrx_word' id='word_1_261' title='bbox 169 2065 341 2119; x_wconf 69' lang='lat' dir='ltr'><strong>oliuae.</strong></span> 
     </span>
    </p>
   </div>
   <div class='ocr_carea' id='block_1_37' title="bbox 235 2154 1738 2233">
    <p class='ocr_par' dir='ltr' id='par_1_37' title="bbox 235 2154 1738 2233">
     <span class='ocr_line' id='line_1_37' title="bbox 235 2154 1738 2233; baseline 0.003 -25"><span class='ocrx_word' id='word_1_262' title='bbox 235 2155 367 2225; x_wconf 78' lang='lat' dir='ltr'><strong>Cap.</strong></span> <span class='ocrx_word' id='word_1_263' title='bbox 406 2155 493 2209; x_wconf 79' lang='lat' dir='ltr'><strong>i9.</strong></span> <span class='ocrx_word' id='word_1_264' title='bbox 525 2154 741 2210; x_wconf 84' lang='lat' dir='ltr'><strong>Tantum</strong></span> <span class='ocrx_word' id='word_1_265' title='bbox 767 2174 889 2230; x_wconf 82' lang='lat' dir='ltr'><strong>sane</strong></span> <span class='ocrx_word' id='word_1_266' title='bbox 917 2159 1055 2223; x_wconf 85' lang='lat' dir='ltr'><strong>huic,</strong></span> <span class='ocrx_word' id='word_1_267' title='bbox 1085 2158 1218 2212; x_wconf 87' lang='lat' dir='ltr'><strong>velut</strong></span> <span class='ocrx_word' id='word_1_268' title='bbox 1241 2163 1461 2233; x_wconf 85' lang='lat' dir='ltr'><strong>nummi,</strong></span> <span class='ocrx_word' id='word_1_269' title='bbox 1489 2161 1738 2224; x_wconf 88' lang='lat' dir='ltr'><strong>tribuunt,</strong></span> 
     </span>
    </p>
   </div>
   <div class='ocr_carea' id='block_1_38' title="bbox 166 2243 1740 2325">
    <p class='ocr_par' dir='ltr' id='par_1_38' title="bbox 166 2243 1740 2325">
     <span class='ocr_line' id='line_1_38' title="bbox 166 2243 1740 2325; baseline 0.003 -26"><span class='ocrx_word' id='word_1_270' title='bbox 166 2262 317 2325; x_wconf 65' lang='lat' dir='ltr'><strong>quam</strong></span> <span class='ocrx_word' id='word_1_271' title='bbox 348 2243 635 2300; x_wconf 82' lang='lat' dir='ltr'><strong>Fortunam</strong></span> <span class='ocrx_word' id='word_1_272' title='bbox 668 2259 864 2312; x_wconf 86' lang='lat' dir='ltr'><strong>vocant,</strong></span> <span class='ocrx_word' id='word_1_273' title='bbox 907 2260 958 2301; x_wconf 90' lang='lat' dir='ltr'><strong>ut</strong></span> <span class='ocrx_word' id='word_1_274' title='bbox 996 2251 1325 2311; x_wconf 81' lang='lat' dir='ltr'><strong>simulacrum</strong></span> <span class='ocrx_word' id='word_1_275' title='bbox 1363 2254 1494 2322; x_wconf 83' lang='lat' dir='ltr'><strong>ejus,</strong></span> <span class='ocrx_word' id='word_1_276' title='bbox 1534 2252 1668 2318; x_wconf 84' lang='lat' dir='ltr'><strong>quod</strong></span> <span class='ocrx_word' id='word_1_277' title='bbox 1708 2267 1740 2303; x_wconf 79' lang='grc' dir='ltr'><strong>η</strong></span> 
     </span>
    </p>
   </div>
   <div class='ocr_carea' id='block_1_39' title="bbox 168 2336 1740 2413">
    <p class='ocr_par' dir='ltr' id='par_1_39' title="bbox 168 2336 1740 2413">
     <span class='ocr_line' id='line_1_39' title="bbox 168 2336 1740 2413; baseline 0.005 -25"><span class='ocrx_word' id='word_1_278' title='bbox 168 2336 417 2405; x_wconf 77' lang='lat' dir='ltr'><strong>matronis</strong></span> <span class='ocrx_word' id='word_1_279' title='bbox 456 2336 743 2390; x_wconf 84' lang='lat' dir='ltr'><strong>dedicatum</strong></span> <span class='ocrx_word' id='word_1_280' title='bbox 773 2349 871 2404; x_wconf 88' lang='lat' dir='ltr'><strong>est,</strong></span> <span class='ocrx_word' id='word_1_281' title='bbox 921 2342 1071 2393; x_wconf 89' lang='lat' dir='ltr'><strong>etiant</strong></span> <span class='ocrx_word' id='word_1_282' title='bbox 1101 2340 1328 2405; x_wconf 85' lang='lat' dir='ltr'><strong>locatum</strong></span> <span class='ocrx_word' id='word_1_283' title='bbox 1348 2358 1459 2395; x_wconf 88' lang='lat' dir='ltr'><strong>esse</strong></span> <span class='ocrx_word' id='word_1_284' title='bbox 1486 2342 1740 2413; x_wconf 64' lang='lat' dir='ltr'><strong>memoria</strong></span> 
     </span>
    </p>
   </div>
   <div class='ocr_carea' id='block_1_40' title="bbox 166 2410 1738 2505">
    <p class='ocr_par' dir='ltr' id='par_1_40' title="bbox 166 2410 1738 2505">
     <span class='ocr_line' id='line_1_40' title="bbox 166 2410 1738 2505; baseline 0.005 -28"><span class='ocrx_word' id='word_1_285' title='bbox 166 2410 650 2503; x_wconf 70' lang='lat' dir='ltr'><strong>commendaveriut,</strong></span> <span class='ocrx_word' id='word_1_286' title='bbox 673 2437 824 2501; x_wconf 74' lang='lat' dir='ltr'><strong>atque</strong></span> <span class='ocrx_word' id='word_1_287' title='bbox 850 2428 1040 2498; x_wconf 71' lang='lat' dir='ltr'><strong>dixisse</strong></span> <span class='ocrx_word' id='word_1_288' title='bbox 1080 2447 1183 2505; x_wconf 72' lang='lat' dir='ltr'><strong>aqu</strong></span> <span class='ocrx_word' id='word_1_289' title='bbox 1213 2430 1385 2497; x_wconf 83' lang='lat' dir='ltr'><strong>semel,</strong></span> <span class='ocrx_word' id='word_1_290' title='bbox 1418 2432 1505 2485; x_wconf 84' lang='lat' dir='ltr'><strong>sed</strong></span> <span class='ocrx_word' id='word_1_291' title='bbox 1534 2434 1738 2498; x_wconf 85' lang='lat' dir='ltr'><strong>iterum,</strong></span> 
     </span>
    </p>
   </div>
   <div class='ocr_carea' id='block_1_41' title="bbox 164 2516 1740 2591">
    <p class='ocr_par' dir='ltr' id='par_1_41' title="bbox 164 2516 1740 2591">
     <span class='ocr_line' id='line_1_41' title="bbox 164 2516 1740 2591; baseline 0.006 -24"><span class='ocrx_word' id='word_1_292' title='bbox 164 2516 307 2581; x_wconf 85' lang='lat' dir='ltr'><strong>quod</strong></span> <span class='ocrx_word' id='word_1_293' title='bbox 334 2530 446 2568; x_wconf 86' lang='lat' dir='ltr'><strong>eant</strong></span> <span class='ocrx_word' id='word_1_294' title='bbox 464 2517 559 2569; x_wconf 82' lang='lat' dir='ltr'><strong>rite</strong></span> <span class='ocrx_word' id='word_1_295' title='bbox 583 2525 826 2572; x_wconf 68' lang='lat' dir='ltr'><strong>matronae</strong></span> <span class='ocrx_word' id='word_1_296' title='bbox 854 2520 1239 2591; x_wconf 80' lang='lat' dir='ltr'><strong>dedicaveriut.]</strong></span> <span class='ocrx_word' id='word_1_297' title='bbox 1292 2522 1529 2578; x_wconf 87' lang='lat' dir='ltr'><strong>Valerius</strong></span> <span class='ocrx_word' id='word_1_298' title='bbox 1577 2524 1740 2578; x_wconf 80' lang='lat' dir='ltr'><strong>Maxi-</strong></span> 
     </span>
    </p>
   </div>
   <div class='ocr_carea' id='block_1_42' title="bbox 169 2604 1742 2678">
    <p class='ocr_par' dir='ltr' id='par_1_42' title="bbox 169 2604 1742 2678">
     <span class='ocr_line' id='line_1_42' title="bbox 169 2604 1742 2678; baseline 0.008 -24"><span class='ocrx_word' id='word_1_299' title='bbox 169 2620 299 2657; x_wconf 83' lang='lat' dir='ltr'><strong>mus</strong></span> <span class='ocrx_word' id='word_1_300' title='bbox 326 2604 424 2659; x_wconf 89' lang='lat' dir='ltr'><strong>lib.</strong></span> <span class='ocrx_word' id='word_1_301' title='bbox 448 2620 486 2672; x_wconf 82' lang='grc' dir='ltr'><strong>ι,</strong></span> <span class='ocrx_word' id='word_1_302' title='bbox 506 2620 619 2675; x_wconf 86' lang='lat' dir='ltr'><strong>cap.</strong></span> <span class='ocrx_word' id='word_1_303' title='bbox 653 2606 686 2657; x_wconf 69' lang='grc' dir='ltr'><strong>ιι</strong></span> <span class='ocrx_word' id='word_1_304' title='bbox 721 2607 962 2678; x_wconf 83' lang='lat' dir='ltr'><strong>Excmpl.</strong></span> <span class='ocrx_word' id='word_1_305' title='bbox 997 2608 1151 2664; x_wconf 83' lang='lat' dir='ltr'><strong>Rom.</strong></span> <span class='ocrx_word' id='word_1_306' title='bbox 1181 2611 1236 2675; x_wconf 70' lang='grc'><strong>4,</strong></span> <span class='ocrx_word' id='word_1_307' title='bbox 1264 2627 1333 2665; x_wconf 82' lang='lat' dir='ltr'><strong>ex</strong></span> <span class='ocrx_word' id='word_1_308' title='bbox 1369 2613 1742 2668; x_wconf 87' lang='lat' dir='ltr'><strong>emendatione</strong></span> 
     </span>
    </p>
   </div>
   <div class='ocr_carea' id='block_1_43' title="bbox 166 2691 1741 2771">
    <p class='ocr_par' dir='ltr' id='par_1_43' title="bbox 166 2691 1741 2771">
     <span class='ocr_line' id='line_1_43' title="bbox 166 2691 1741 2771; baseline 0.006 -26"><span class='ocrx_word' id='word_1_309' title='bbox 166 2691 317 2771; x_wconf 24' lang='lat' dir='ltr'><strong>J’usti</strong></span> <span class='ocrx_word' id='word_1_310' title='bbox 338 2693 496 2763; x_wconf 89' lang='lat' dir='ltr'><strong>Lipsii</strong></span> <span class='ocrx_word' id='word_1_311' title='bbox 530 2714 541 2746; x_wconf 90' lang='lat'>:</span> <span class='ocrx_word' id='word_1_312' title='bbox 576 2694 697 2749; x_wconf 86' lang='lat' dir='ltr'><strong>Non</strong></span> <span class='ocrx_word' id='word_1_313' title='bbox 724 2698 874 2751; x_wconf 87' lang='lat' dir='ltr'><strong>semel</strong></span> <span class='ocrx_word' id='word_1_314' title='bbox 905 2700 993 2753; x_wconf 87' lang='lat' dir='ltr'><strong>sed</strong></span> <span class='ocrx_word' id='word_1_315' title='bbox 1018 2700 1090 2753; x_wconf 89' lang='lat' dir='ltr'><strong>bis</strong></span> <span class='ocrx_word' id='word_1_316' title='bbox 1121 2702 1344 2753; x_wconf 87' lang='lat' dir='ltr'><strong>loculum</strong></span> <span class='ocrx_word' id='word_1_317' title='bbox 1365 2700 1741 2771; x_wconf 84' lang='lat' dir='ltr'><strong>(simulacrum)</strong></span> 
     </span>
    </p>
   </div>
   <div class='ocr_carea' id='block_1_44' title="bbox 165 2784 1742 2867">
    <p class='ocr_par' dir='ltr' id='par_1_44' title="bbox 165 2784 1742 2867">
     <span class='ocr_line' id='line_1_44' title="bbox 165 2784 1742 2867; baseline 0.008 -31"><span class='ocrx_word' id='word_1_318' title='bbox 165 2784 417 2865; x_wconf 74' lang='lat' dir='ltr'><strong>constitit,</strong></span> <span class='ocrx_word' id='word_1_319' title='bbox 451 2787 528 2840; x_wconf 86' lang='lat' dir='ltr'><strong>his</strong></span> <span class='ocrx_word' id='word_1_320' title='bbox 559 2790 702 2858; x_wconf 87' lang='lat' dir='ltr'><strong>prius</strong></span> <span class='ocrx_word' id='word_1_321' title='bbox 745 2790 903 2844; x_wconf 80' lang='lat' dir='ltr'><strong>verbis</strong></span> <span class='ocrx_word' id='word_1_322' title='bbox 932 2807 951 2845; x_wconf 89' lang='lat'><strong><em>:</em></strong></span> <span class='ocrx_word' id='word_1_323' title='bbox 990 2808 1113 2846; x_wconf 76' lang='lat' dir='ltr'><strong>iure</strong></span> <span class='ocrx_word' id='word_1_324' title='bbox 1144 2808 1238 2867; x_wconf 76' lang='lat' dir='ltr'><strong>Ill-3,</strong></span> <span class='ocrx_word' id='word_1_325' title='bbox 1280 2810 1563 2861; x_wconf 59' lang='lat' dir='ltr'><strong>annuam,</strong></span> <span class='ocrx_word' id='word_1_326' title='bbox 1609 2810 1742 2849; x_wconf 85' lang='lat' dir='ltr'><strong>vtot-</strong></span> 
     </span>
    </p>
   </div>
   <div class='ocr_carea' id='block_1_45' title="bbox 166 2878 1744 2959">
    <p class='ocr_par' dir='ltr' id='par_1_45' title="bbox 166 2878 1744 2959">
     <span class='ocr_line' id='line_1_45' title="bbox 166 2878 1744 2959; baseline 0.008 -30"><span class='ocrx_word' id='word_1_327' title='bbox 166 2890 312 2946; x_wconf 63' lang='lat' dir='ltr'><strong>Sjl&#39;tS;</strong></span> <span class='ocrx_word' id='word_1_328' title='bbox 346 2878 531 2933; x_wconf 85' lang='lat' dir='ltr'><strong>deinde</strong></span> <span class='ocrx_word' id='word_1_329' title='bbox 554 2894 572 2931; x_wconf 87' lang='lat'><em>:</em></span> <span class='ocrx_word' id='word_1_330' title='bbox 600 2879 733 2934; x_wconf 78' lang='lat' dir='ltr'><strong>Rm:</strong></span> <span class='ocrx_word' id='word_1_331' title='bbox 764 2897 1011 2959; x_wconf 78' lang='lat' dir='ltr'><strong>utctsrts.</strong></span> <span class='ocrx_word' id='word_1_332' title='bbox 1054 2882 1182 2950; x_wconf 64' lang='lat' dir='ltr'><strong>Quae</strong></span> <span class='ocrx_word' id='word_1_333' title='bbox 1214 2899 1339 2959; x_wconf 84' lang='lat' dir='ltr'><strong>vera</strong></span> <span class='ocrx_word' id='word_1_334' title='bbox 1383 2894 1464 2940; x_wconf 88' lang='lat' dir='ltr'><strong>est</strong></span> <span class='ocrx_word' id='word_1_335' title='bbox 1488 2887 1665 2951; x_wconf 88' lang='lat' dir='ltr'><strong>lectio,</strong></span> <span class='ocrx_word' id='word_1_336' title='bbox 1690 2896 1744 2942; x_wconf 92' lang='lat' dir='ltr'><strong>et</strong></span> 
     </span>
    </p>
   </div>
   <div class='ocr_carea' id='block_1_46' title="bbox 169 2956 1250 3040">
    <p class='ocr_par' dir='ltr' id='par_1_46' title="bbox 169 2956 1250 3040">
     <span class='ocr_line' id='line_1_46' title="bbox 169 2956 1250 3040; baseline 0.006 -19"><span class='ocrx_word' id='word_1_337' title='bbox 169 2983 284 3036; x_wconf 71' lang='lat' dir='ltr'><strong>prta</strong></span> <span class='ocrx_word' id='word_1_338' title='bbox 311 2969 483 3025; x_wconf 88' lang='lat' dir='ltr'><strong>oculis</strong></span> <span class='ocrx_word' id='word_1_339' title='bbox 506 2971 802 3040; x_wconf 81' lang='lat' dir='ltr'><strong>AuguStino</strong></span> <span class='ocrx_word' id='word_1_340' title='bbox 830 2956 995 3029; x_wconf 74' lang='lat' dir='ltr'><strong>tuisse</strong></span> <span class='ocrx_word' id='word_1_341' title='bbox 1020 2974 1250 3031; x_wconf 85' lang='lat' dir='ltr'><strong>videtur.</strong></span> 
     </span>
    </p>
   </div>
   <div class='ocr_carea' id='block_1_47' title="bbox 241 3056 1738 3141">
    <p class='ocr_par' dir='ltr' id='par_1_47' title="bbox 241 3056 1738 3141">
     <span class='ocr_line' id='line_1_47' title="bbox 241 3056 1738 3141; baseline 0.008 -28"><span class='ocrx_word' id='word_1_342' title='bbox 241 3056 373 3130; x_wconf 86' lang='lat' dir='ltr'><strong>Cap.</strong></span> <span class='ocrx_word' id='word_1_343' title='bbox 415 3060 506 3116; x_wconf 72' lang='lat'><strong>2|.</strong></span> <span class='ocrx_word' id='word_1_344' title='bbox 538 3061 685 3135; x_wconf 74' lang='grc' dir='ltr'><strong>ῡὶυιε</strong></span> <span class='ocrx_word' id='word_1_345' title='bbox 714 3061 1044 3136; x_wconf 79' lang='lat' dir='ltr'><strong>Fructcsete.]</strong></span> <span class='ocrx_word' id='word_1_346' title='bbox 1082 3066 1279 3139; x_wconf 80' lang='lat' dir='ltr'><strong>Scripti</strong></span> <span class='ocrx_word' id='word_1_347' title='bbox 1318 3068 1529 3129; x_wconf 83' lang='lat' dir='ltr'><strong>codices</strong></span> <span class='ocrx_word' id='word_1_348' title='bbox 1558 3070 1738 3141; x_wconf 84' lang='lat' dir='ltr'><strong>Augu-</strong></span> 
     </span>
    </p>
   </div>
   <div class='ocr_carea' id='block_1_48' title="bbox 1842 1883 3407 1957">
    <p class='ocr_par' dir='ltr' id='par_1_48' title="bbox 1842 1883 3407 1957">
     <span class='ocr_line' id='line_1_48' title="bbox 1842 1883 3407 1957; baseline 0.006 -26"><span class='ocrx_word' id='word_1_349' title='bbox 1842 1894 1963 1952; x_wconf 74' lang='lat' dir='ltr'><strong>plm,</strong></span> <span class='ocrx_word' id='word_1_350' title='bbox 1994 1883 2081 1937; x_wconf 91' lang='lat' dir='ltr'><strong>ubi</strong></span> <span class='ocrx_word' id='word_1_351' title='bbox 2121 1883 2286 1937; x_wconf 82' lang='lat' dir='ltr'><strong>fatum</strong></span> <span class='ocrx_word' id='word_1_352' title='bbox 2328 1884 2417 1938; x_wconf 89' lang='lat' dir='ltr'><strong>ille</strong></span> <span class='ocrx_word' id='word_1_353' title='bbox 2460 1885 2733 1939; x_wconf 88' lang='lat' dir='ltr'><strong>contendit</strong></span> <span class='ocrx_word' id='word_1_354' title='bbox 2770 1885 3015 1940; x_wconf 87' lang='lat' dir='ltr'><strong>etl&#39;ectum</strong></span> <span class='ocrx_word' id='word_1_355' title='bbox 3065 1901 3184 1942; x_wconf 83' lang='lat' dir='ltr'><strong>esse</strong></span> <span class='ocrx_word' id='word_1_356' title='bbox 3230 1889 3407 1957; x_wconf 41' lang='lat' dir='ltr'><strong>provi‘</strong></span> 
     </span>
    </p>
   </div>
   <div class='ocr_carea' id='block_1_49' title="bbox 1838 1973 3411 2045">
    <p class='ocr_par' dir='ltr' id='par_1_49' title="bbox 1838 1973 3411 2045">
     <span class='ocr_line' id='line_1_49' title="bbox 1838 1973 3411 2045; baseline 0.005 -17"><span class='ocrx_word' id='word_1_357' title='bbox 1838 1974 2035 2028; x_wconf 86' lang='lat' dir='ltr'><strong>deuti-.e</strong></span> <span class='ocrx_word' id='word_1_358' title='bbox 2066 1973 2281 2040; x_wconf 85' lang='lat' dir='ltr'><strong>divinae,</strong></span> <span class='ocrx_word' id='word_1_359' title='bbox 2328 1973 2470 2045; x_wconf 91' lang='lat' dir='ltr'><strong>quod</strong></span> <span class='ocrx_word' id='word_1_360' title='bbox 2516 1984 2570 2030; x_wconf 92' lang='lat' dir='ltr'><strong>et</strong></span> <span class='ocrx_word' id='word_1_361' title='bbox 2615 1984 2824 2032; x_wconf 86' lang='lat' dir='ltr'><strong>veteres</strong></span> <span class='ocrx_word' id='word_1_362' title='bbox 2878 1977 3072 2031; x_wconf 87' lang='lat' dir='ltr'><strong>multos</strong></span> <span class='ocrx_word' id='word_1_363' title='bbox 3117 1978 3411 2036; x_wconf 88' lang='lat' dir='ltr'><strong>credidisse</strong></span> 
     </span>
    </p>
   </div>
   <div class='ocr_carea' id='block_1_50' title="bbox 1845 2064 2105 2119">
    <p class='ocr_par' dir='ltr' id='par_1_50' title="bbox 1845 2064 2105 2119">
     <span class='ocr_line' id='line_1_50' title="bbox 1845 2064 2105 2119; baseline -0.004 -1"><span class='ocrx_word' id='word_1_364' title='bbox 1845 2064 2105 2119; x_wconf 83' lang='lat' dir='ltr'><strong>ostendit.</strong></span> 
     </span>
    </p>
   </div>
   <div class='ocr_carea' id='block_1_51' title="bbox 1911 2139 3405 2227">
    <p class='ocr_par' dir='ltr' id='par_1_51' title="bbox 1911 2139 3405 2227">
     <span class='ocr_line' id='line_1_51' title="bbox 1911 2139 3405 2227; baseline 0.003 -20"><span class='ocrx_word' id='word_1_365' title='bbox 1911 2152 2040 2222; x_wconf 89' lang='lat' dir='ltr'><strong>Cap.</strong></span> <span class='ocrx_word' id='word_1_366' title='bbox 2068 2154 2153 2223; x_wconf 81' lang='lat' dir='ltr'><strong>t0.</strong></span> <span class='ocrx_word' id='word_1_367' title='bbox 2180 2153 2463 2225; x_wconf 85' lang='lat' dir='ltr'><strong>Postquam</strong></span> <span class='ocrx_word' id='word_1_368' title='bbox 2492 2171 2608 2227; x_wconf 89' lang='lat' dir='ltr'><strong>cap.</strong></span> <span class='ocrx_word' id='word_1_369' title='bbox 2636 2156 2669 2212; x_wconf 83' lang='lat'><strong>9</strong></span> <span class='ocrx_word' id='word_1_370' title='bbox 2693 2159 2969 2226; x_wconf 75' lang='lat' dir='ltr'><strong>proposuit</strong></span> <span class='ocrx_word' id='word_1_371' title='bbox 2991 2139 3405 2227; x_wconf 74' lang='lat' dir='ltr'><strong>argnmcittatio-</strong></span> 
     </span>
    </p>
   </div>
   <div class='ocr_carea' id='block_1_52' title="bbox 1842 2244 3411 2320">
    <p class='ocr_par' dir='ltr' id='par_1_52' title="bbox 1842 2244 3411 2320">
     <span class='ocr_line' id='line_1_52' title="bbox 1842 2244 3411 2320; baseline 0.005 -22"><span class='ocrx_word' id='word_1_372' title='bbox 1842 2260 1963 2307; x_wconf 87' lang='lat' dir='ltr'><strong>nem</strong></span> <span class='ocrx_word' id='word_1_373' title='bbox 1992 2244 2289 2314; x_wconf 88' lang='lat' dir='ltr'><strong>Ciceronis,</strong></span> <span class='ocrx_word' id='word_1_374' title='bbox 2321 2249 2673 2317; x_wconf 75' lang='lat' dir='ltr'><strong>quaprobare</strong></span> <span class='ocrx_word' id='word_1_375' title='bbox 2702 2251 3016 2317; x_wconf 76' lang='lat' dir='ltr'><strong>conabatur,</strong></span> <span class='ocrx_word' id='word_1_376' title='bbox 3044 2252 3088 2304; x_wconf 89' lang='lat' dir='ltr'><strong>si</strong></span> <span class='ocrx_word' id='word_1_377' title='bbox 3119 2252 3243 2320; x_wconf 89' lang='lat' dir='ltr'><strong>quid</strong></span> <span class='ocrx_word' id='word_1_378' title='bbox 3272 2262 3411 2307; x_wconf 81' lang='lat' dir='ltr'><strong>esset</strong></span> 
     </span>
    </p>
   </div>
   <div class='ocr_carea' id='block_1_53' title="bbox 1843 2337 3411 2411">
    <p class='ocr_par' dir='ltr' id='par_1_53' title="bbox 1843 2337 3411 2411">
     <span class='ocr_line' id='line_1_53' title="bbox 1843 2337 3411 2411; baseline 0.004 -22"><span class='ocrx_word' id='word_1_379' title='bbox 1843 2337 1894 2391; x_wconf 91' lang='lat' dir='ltr'><strong>in</strong></span> <span class='ocrx_word' id='word_1_380' title='bbox 1928 2346 2106 2393; x_wconf 82' lang='lat' dir='ltr'><strong>nostra</strong></span> <span class='ocrx_word' id='word_1_381' title='bbox 2138 2347 2421 2409; x_wconf 89' lang='lat' dir='ltr'><strong>potestate,</strong></span> <span class='ocrx_word' id='word_1_382' title='bbox 2464 2340 2514 2393; x_wconf 91' lang='lat' dir='ltr'><strong>id</strong></span> <span class='ocrx_word' id='word_1_383' title='bbox 2549 2357 2578 2394; x_wconf 93' lang='lat' dir='ltr'><strong>a</strong></span> <span class='ocrx_word' id='word_1_384' title='bbox 2619 2341 2729 2396; x_wconf 89' lang='lat' dir='ltr'><strong>Deo</strong></span> <span class='ocrx_word' id='word_1_385' title='bbox 2766 2351 2913 2396; x_wconf 88' lang='lat' dir='ltr'><strong>certo</strong></span> <span class='ocrx_word' id='word_1_386' title='bbox 2964 2358 3069 2395; x_wconf 80' lang='lat' dir='ltr'><strong>non</strong></span> <span class='ocrx_word' id='word_1_387' title='bbox 3112 2342 3411 2411; x_wconf 70' lang='lat' dir='ltr'><strong>praevideri,</strong></span> 
     </span>
    </p>
   </div>
   <div class='ocr_carea' id='block_1_54' title="bbox 1840 2428 3412 2500">
    <p class='ocr_par' dir='ltr' id='par_1_54' title="bbox 1840 2428 3412 2500">
     <span class='ocr_line' id='line_1_54' title="bbox 1840 2428 3412 2500; baseline 0.004 -21"><span class='ocrx_word' id='word_1_388' title='bbox 1840 2428 1963 2497; x_wconf 83' lang='lat' dir='ltr'><strong>quia</strong></span> <span class='ocrx_word' id='word_1_389' title='bbox 1986 2436 2194 2496; x_wconf 85' lang='lat' dir='ltr'><strong>poterat</strong></span> <span class='ocrx_word' id='word_1_390' title='bbox 2213 2444 2317 2483; x_wconf 89' lang='lat' dir='ltr'><strong>non</strong></span> <span class='ocrx_word' id='word_1_391' title='bbox 2339 2431 2678 2500; x_wconf 81' lang='lat' dir='ltr'><strong>contingere;</strong></span> <span class='ocrx_word' id='word_1_392' title='bbox 2706 2441 2797 2485; x_wconf 89' lang='lat' dir='ltr'><strong>aut</strong></span> <span class='ocrx_word' id='word_1_393' title='bbox 2818 2433 2861 2485; x_wconf 85' lang='lat' dir='ltr'><strong>si</strong></span> <span class='ocrx_word' id='word_1_394' title='bbox 2887 2434 3062 2487; x_wconf 86' lang='lat' dir='ltr'><strong>omnia</strong></span> <span class='ocrx_word' id='word_1_395' title='bbox 3086 2448 3114 2486; x_wconf 90' lang='lat' dir='ltr'><strong>a</strong></span> <span class='ocrx_word' id='word_1_396' title='bbox 3140 2434 3245 2487; x_wconf 84' lang='lat' dir='ltr'><strong>Deo</strong></span> <span class='ocrx_word' id='word_1_397' title='bbox 3268 2444 3412 2488; x_wconf 82' lang='lat' dir='ltr'><strong>certa</strong></span> 
     </span>
    </p>
   </div>
   <div class='ocr_carea' id='block_1_55' title="bbox 1842 2519 3409 2595">
    <p class='ocr_par' dir='ltr' id='par_1_55' title="bbox 1842 2519 3409 2595">
     <span class='ocr_line' id='line_1_55' title="bbox 1842 2519 3409 2595; baseline 0.006 -25"><span class='ocrx_word' id='word_1_398' title='bbox 1842 2519 2285 2587; x_wconf 67' lang='lat' dir='ltr'><strong>prmviderentur,</strong></span> <span class='ocrx_word' id='word_1_399' title='bbox 2336 2522 2469 2576; x_wconf 87' lang='lat' dir='ltr'><strong>nihil</strong></span> <span class='ocrx_word' id='word_1_400' title='bbox 2506 2536 2629 2578; x_wconf 87' lang='lat' dir='ltr'><strong>esse</strong></span> <span class='ocrx_word' id='word_1_401' title='bbox 2656 2525 2706 2578; x_wconf 92' lang='lat' dir='ltr'><strong>in</strong></span> <span class='ocrx_word' id='word_1_402' title='bbox 2740 2534 2917 2579; x_wconf 83' lang='lat' dir='ltr'><strong>nostra</strong></span> <span class='ocrx_word' id='word_1_403' title='bbox 2963 2536 3246 2594; x_wconf 78' lang='lat' dir='ltr'><strong>potestate,</strong></span> <span class='ocrx_word' id='word_1_404' title='bbox 3288 2529 3409 2595; x_wconf 83' lang='lat' dir='ltr'><strong>quia</strong></span> 
     </span>
    </p>
   </div>
   <div class='ocr_carea' id='block_1_56' title="bbox 1843 2610 3413 2689">
    <p class='ocr_par' dir='ltr' id='par_1_56' title="bbox 1843 2610 3413 2689">
     <span class='ocr_line' id='line_1_56' title="bbox 1843 2610 3413 2689; baseline 0.006 -29"><span class='ocrx_word' id='word_1_405' title='bbox 1843 2610 2146 2675; x_wconf 80' lang='lat' dir='ltr'><strong>necessario</strong></span> <span class='ocrx_word' id='word_1_406' title='bbox 2172 2625 2350 2685; x_wconf 80' lang='lat' dir='ltr'><strong>omnia</strong></span> <span class='ocrx_word' id='word_1_407' title='bbox 2381 2613 2591 2682; x_wconf 84' lang='lat' dir='ltr'><strong>tierent.</strong></span> <span class='ocrx_word' id='word_1_408' title='bbox 2624 2614 2805 2683; x_wconf 83' lang='lat' dir='ltr'><strong>Capite</strong></span> <span class='ocrx_word' id='word_1_409' title='bbox 2842 2615 2902 2669; x_wconf 90' lang='lat' dir='ltr'><strong>t0</strong></span> <span class='ocrx_word' id='word_1_410' title='bbox 2927 2618 3213 2685; x_wconf 84' lang='lat' dir='ltr'><strong>respondet</strong></span> <span class='ocrx_word' id='word_1_411' title='bbox 3238 2618 3413 2689; x_wconf 75' lang='lat' dir='ltr'><strong>Angu-</strong></span> 
     </span>
    </p>
   </div>
   <div class='ocr_carea' id='block_1_57' title="bbox 1844 2698 3415 2770">
    <p class='ocr_par' dir='ltr' id='par_1_57' title="bbox 1844 2698 3415 2770">
     <span class='ocr_line' id='line_1_57' title="bbox 1844 2698 3415 2770; baseline 0.008 -20"><span class='ocrx_word' id='word_1_412' title='bbox 1844 2698 2015 2763; x_wconf 84' lang='lat' dir='ltr'><strong>stinus</strong></span> <span class='ocrx_word' id='word_1_413' title='bbox 2041 2740 2055 2764; x_wconf 93' lang='lat'><strong>,</strong></span> <span class='ocrx_word' id='word_1_414' title='bbox 2108 2700 2200 2753; x_wconf 89' lang='lat' dir='ltr'><strong>sed</strong></span> <span class='ocrx_word' id='word_1_415' title='bbox 2236 2701 2305 2755; x_wconf 90' lang='lat' dir='ltr'><strong>ita</strong></span> <span class='ocrx_word' id='word_1_416' title='bbox 2343 2709 2399 2754; x_wconf 91' lang='lat' dir='ltr'><strong>ut</strong></span> <span class='ocrx_word' id='word_1_417' title='bbox 2427 2702 2530 2757; x_wconf 87' lang='lat' dir='ltr'><strong>vim</strong></span> <span class='ocrx_word' id='word_1_418' title='bbox 2558 2702 2875 2770; x_wconf 82' lang='lat' dir='ltr'><strong>objectionis</strong></span> <span class='ocrx_word' id='word_1_419' title='bbox 2905 2721 3008 2759; x_wconf 89' lang='lat' dir='ltr'><strong>non</strong></span> <span class='ocrx_word' id='word_1_420' title='bbox 3041 2707 3295 2770; x_wconf 87' lang='lat' dir='ltr'><strong>sensisse,</strong></span> <span class='ocrx_word' id='word_1_421' title='bbox 3327 2718 3415 2762; x_wconf 87' lang='lat' dir='ltr'><strong>aut</strong></span> 
     </span>
    </p>
   </div>
   <div class='ocr_carea' id='block_1_58' title="bbox 1843 2786 3413 2864">
    <p class='ocr_par' dir='ltr' id='par_1_58' title="bbox 1843 2786 3413 2864">
     <span class='ocr_line' id='line_1_58' title="bbox 1843 2786 3413 2864; baseline 0.005 -24"><span class='ocrx_word' id='word_1_422' title='bbox 1843 2786 2234 2855; x_wconf 85' lang='lat' dir='ltr'><strong>dissimulasse,</strong></span> <span class='ocrx_word' id='word_1_423' title='bbox 2289 2790 2333 2844; x_wconf 88' lang='lat' dir='ltr'><strong>si</strong></span> <span class='ocrx_word' id='word_1_424' title='bbox 2380 2790 2567 2853; x_wconf 88' lang='lat' dir='ltr'><strong>sensit,</strong></span> <span class='ocrx_word' id='word_1_425' title='bbox 2614 2792 2873 2846; x_wconf 88' lang='lat' dir='ltr'><strong>videatur.</strong></span> <span class='ocrx_word' id='word_1_426' title='bbox 2904 2793 3026 2848; x_wconf 87' lang='lat' dir='ltr'><strong>Non</strong></span> <span class='ocrx_word' id='word_1_427' title='bbox 3050 2810 3190 2863; x_wconf 85' lang='lat' dir='ltr'><strong>ergo,</strong></span> <span class='ocrx_word' id='word_1_428' title='bbox 3222 2794 3413 2864; x_wconf 85' lang='lat' dir='ltr'><strong>inquit,</strong></span> 
     </span>
    </p>
   </div>
   <div class='ocr_carea' id='block_1_59' title="bbox 1847 2880 3416 2953">
    <p class='ocr_par' dir='ltr' id='par_1_59' title="bbox 1847 2880 3416 2953">
     <span class='ocr_line' id='line_1_59' title="bbox 1847 2880 3416 2953; baseline 0.004 -21"><span class='ocrx_word' id='word_1_429' title='bbox 1847 2887 2113 2949; x_wconf 72' lang='lat' dir='ltr'><strong>propterea</strong></span> <span class='ocrx_word' id='word_1_430' title='bbox 2144 2880 2273 2933; x_wconf 80' lang='lat' dir='ltr'><strong>nihil</strong></span> <span class='ocrx_word' id='word_1_431' title='bbox 2299 2880 2448 2934; x_wconf 68' lang='lat' dir='ltr'><strong>estin</strong></span> <span class='ocrx_word' id='word_1_432' title='bbox 2470 2890 2645 2935; x_wconf 87' lang='lat' dir='ltr'><strong>nostra</strong></span> <span class='ocrx_word' id='word_1_433' title='bbox 2675 2884 2952 2950; x_wconf 75' lang='lat' dir='ltr'><strong>voluntate,</strong></span> <span class='ocrx_word' id='word_1_434' title='bbox 2976 2885 3099 2953; x_wconf 89' lang='lat' dir='ltr'><strong>quia</strong></span> <span class='ocrx_word' id='word_1_435' title='bbox 3123 2882 3264 2938; x_wconf 81' lang='lat' dir='ltr'><strong>Deus</strong></span> <span class='ocrx_word' id='word_1_436' title='bbox 3289 2902 3416 2952; x_wconf 74' lang='lat' dir='ltr'><strong>pra:-</strong></span> 
     </span>
    </p>
   </div>
   <div class='ocr_carea' id='block_1_60' title="bbox 1844 2970 3416 3045">
    <p class='ocr_par' dir='ltr' id='par_1_60' title="bbox 1844 2970 3416 3045">
     <span class='ocr_line' id='line_1_60' title="bbox 1844 2970 3416 3045; baseline 0.003 -21"><span class='ocrx_word' id='word_1_437' title='bbox 1844 2970 1989 3024; x_wconf 79' lang='lat' dir='ltr'><strong>scivit</strong></span> <span class='ocrx_word' id='word_1_438' title='bbox 2029 2970 2151 3037; x_wconf 84' lang='lat' dir='ltr'><strong>quid</strong></span> <span class='ocrx_word' id='word_1_439' title='bbox 2193 2974 2421 3041; x_wconf 79' lang='lat' dir='ltr'><strong>futurum</strong></span> <span class='ocrx_word' id='word_1_440' title='bbox 2439 2982 2573 3045; x_wconf 79' lang='lat' dir='ltr'><strong>esset</strong></span> <span class='ocrx_word' id='word_1_441' title='bbox 2614 2973 2666 3026; x_wconf 88' lang='lat' dir='ltr'><strong>in</strong></span> <span class='ocrx_word' id='word_1_442' title='bbox 2704 2982 2877 3039; x_wconf 82' lang='lat' dir='ltr'><strong>nostra</strong></span> <span class='ocrx_word' id='word_1_443' title='bbox 2908 2976 3183 3035; x_wconf 75' lang='lat' dir='ltr'><strong>voluntate.</strong></span> <span class='ocrx_word' id='word_1_444' title='bbox 3228 2977 3299 3031; x_wconf 81' lang='lat' dir='ltr'><strong>At</strong></span> <span class='ocrx_word' id='word_1_445' title='bbox 3334 2976 3416 3031; x_wconf 70' lang='grc' dir='ltr'><strong>(Σί-</strong></span> 
     </span>
    </p>
   </div>
   <div class='ocr_carea' id='block_1_61' title="bbox 1846 3060 3418 3135">
    <p class='ocr_par' dir='ltr' id='par_1_61' title="bbox 1846 3060 3418 3135">
     <span class='ocr_line' id='line_1_61' title="bbox 1846 3060 3418 3135; baseline 0.003 -19"><span class='ocrx_word' id='word_1_446' title='bbox 1846 3075 1970 3116; x_wconf 74' lang='lat' dir='ltr'><strong>ceto</strong></span> <span class='ocrx_word' id='word_1_447' title='bbox 2001 3060 2206 3116; x_wconf 81' lang='lat' dir='ltr'><strong>dixerat</strong></span> <span class='ocrx_word' id='word_1_448' title='bbox 2242 3061 2290 3116; x_wconf 87' lang='lat' dir='ltr'><strong>in</strong></span> <span class='ocrx_word' id='word_1_449' title='bbox 2318 3072 2489 3118; x_wconf 84' lang='lat' dir='ltr'><strong>nostra</strong></span> <span class='ocrx_word' id='word_1_450' title='bbox 2519 3072 2784 3133; x_wconf 81' lang='lat' dir='ltr'><strong>potestate,</strong></span> <span class='ocrx_word' id='word_1_451' title='bbox 2820 3065 2922 3123; x_wconf 88' lang='lat' dir='ltr'><strong>hoc</strong></span> <span class='ocrx_word' id='word_1_452' title='bbox 2952 3074 3055 3131; x_wconf 88' lang='lat' dir='ltr'><strong>est,</strong></span> <span class='ocrx_word' id='word_1_453' title='bbox 3084 3064 3227 3135; x_wconf 85' lang='lat' dir='ltr'><strong>quod</strong></span> <span class='ocrx_word' id='word_1_454' title='bbox 3267 3076 3418 3134; x_wconf 78' lang='lat' dir='ltr'><strong>pote-</strong></span> 
     </span>
    </p>
   </div>
   <div class='ocr_carea' id='block_1_62' title="bbox 167 3135 3419 3231">
    <p class='ocr_par' dir='ltr' id='par_1_62' title="bbox 167 3135 3419 3231">
     <span class='ocr_line' id='line_1_62' title="bbox 167 3135 3419 3231; baseline 0.005 -37"><span class='ocrx_word' id='word_1_455' title='bbox 167 3148 297 3203; x_wconf 75' lang='lat' dir='ltr'><strong>stini</strong></span> <span class='ocrx_word' id='word_1_456' title='bbox 323 3150 508 3225; x_wconf 62' lang='lat' dir='ltr'><strong>(ygrba</strong></span> <span class='ocrx_word' id='word_1_457' title='bbox 540 3162 665 3207; x_wconf 70' lang='lat' dir='ltr'><strong>sunt</strong></span> <span class='ocrx_word' id='word_1_458' title='bbox 688 3154 875 3209; x_wconf 65' lang='lat' dir='ltr'><strong>(naua,</strong></span> <span class='ocrx_word' id='word_1_459' title='bbox 907 3135 1153 3213; x_wconf 70' lang='lat' dir='ltr'><strong>Salmasﬁ</strong></span> <span class='ocrx_word' id='word_1_460' title='bbox 1180 3135 1247 3212; x_wconf 54' lang='lat' dir='ltr'><strong>an</strong></span> <span class='ocrx_word' id='word_1_461' title='bbox 1272 3158 1512 3214; x_wconf 64' lang='lat' dir='ltr'><strong>somnum</strong></span> <span class='ocrx_word' id='word_1_462' title='bbox 1538 3135 1745 3231; x_wconf 58' lang='grc' dir='ltr'><strong>ρηείδο</strong></span> <span class='ocrx_word' id='word_1_463' title='bbox 1771 3135 1818 3202; x_wconf 86' lang='lat' dir='ltr'><strong>C</strong></span> <span class='ocrx_word' id='word_1_464' title='bbox 1851 3164 2028 3204; x_wconf 79' lang='lat' dir='ltr'><strong>ramus</strong></span> <span class='ocrx_word' id='word_1_465' title='bbox 2058 3151 2200 3206; x_wconf 88' lang='lat' dir='ltr'><strong>nolle</strong></span> <span class='ocrx_word' id='word_1_466' title='bbox 2225 3160 2317 3205; x_wconf 87' lang='lat' dir='ltr'><strong>aut</strong></span> <span class='ocrx_word' id='word_1_467' title='bbox 2347 3153 2517 3218; x_wconf 83' lang='lat' dir='ltr'><strong>velle;</strong></span> <span class='ocrx_word' id='word_1_468' title='bbox 2551 3153 2621 3207; x_wconf 90' lang='lat' dir='ltr'><strong>ita</strong></span> <span class='ocrx_word' id='word_1_469' title='bbox 2647 3162 2704 3208; x_wconf 89' lang='lat' dir='ltr'><strong>ut</strong></span> <span class='ocrx_word' id='word_1_470' title='bbox 2731 3154 2796 3207; x_wconf 87' lang='lat' dir='ltr'><strong>ad</strong></span> <span class='ocrx_word' id='word_1_471' title='bbox 2825 3154 2964 3214; x_wconf 84' lang='lat' dir='ltr'><strong>alter</strong></span> <span class='ocrx_word' id='word_1_472' title='bbox 2989 3165 3175 3215; x_wconf 83' lang='lat' dir='ltr'><strong>utrum</strong></span> <span class='ocrx_word' id='word_1_473' title='bbox 3200 3170 3304 3211; x_wconf 92' lang='lat' dir='ltr'><strong>non</strong></span> <span class='ocrx_word' id='word_1_474' title='bbox 3335 3171 3419 3211; x_wconf 84' lang='lat' dir='ltr'><strong>es-</strong></span> 
     </span>
    </p>
   </div>
   <div class='ocr_carea' id='block_1_63' title="bbox 168 3238 1745 3318">
    <p class='ocr_par' dir='ltr' id='par_1_63' title="bbox 168 3238 1745 3318">
     <span class='ocr_line' id='line_1_63' title="bbox 168 3238 1745 3318; baseline 0.008 -28"><span class='ocrx_word' id='word_1_475' title='bbox 168 3238 258 3311; x_wconf 85' lang='lat' dir='ltr'><strong>e_d.</strong></span> <span class='ocrx_word' id='word_1_476' title='bbox 312 3239 616 3318; x_wconf 74' lang='lat' dir='ltr'><strong>Ultraject.)</strong></span> <span class='ocrx_word' id='word_1_477' title='bbox 643 3259 777 3313; x_wconf 89' lang='lat' dir='ltr'><strong>quos</strong></span> <span class='ocrx_word' id='word_1_478' title='bbox 804 3244 856 3298; x_wconf 92' lang='lat' dir='ltr'><strong>in</strong></span> <span class='ocrx_word' id='word_1_479' title='bbox 891 3244 1172 3301; x_wconf 88' lang='lat' dir='ltr'><strong>Germania</strong></span> <span class='ocrx_word' id='word_1_480' title='bbox 1208 3247 1337 3302; x_wconf 90' lang='lat' dir='ltr'><strong>olim</strong></span> <span class='ocrx_word' id='word_1_481' title='bbox 1371 3249 1618 3317; x_wconf 84' lang='lat' dir='ltr'><strong>vidimus,</strong></span> <span class='ocrx_word' id='word_1_482' title='bbox 1655 3250 1745 3302; x_wconf 88' lang='lat' dir='ltr'><strong>ha-</strong></span> 
     </span>
    </p>
   </div>
   <div class='ocr_carea' id='block_1_64' title="bbox 168 3321 1746 3408">
    <p class='ocr_par' dir='ltr' id='par_1_64' title="bbox 168 3321 1746 3408">
     <span class='ocr_line' id='line_1_64' title="bbox 168 3321 1746 3408; baseline 0.008 -22"><span class='ocrx_word' id='word_1_483' title='bbox 168 3321 397 3405; x_wconf 65' lang='lat' dir='ltr'><strong>bebant,</strong></span> <span class='ocrx_word' id='word_1_484' title='bbox 419 3344 571 3405; x_wconf 86' lang='lat' dir='ltr'><strong>atque</strong></span> <span class='ocrx_word' id='word_1_485' title='bbox 616 3336 715 3407; x_wconf 79' lang='lat' dir='ltr'><strong>ipsi</strong></span> <span class='ocrx_word' id='word_1_486' title='bbox 753 3342 970 3395; x_wconf 78' lang='lat' dir='ltr'><strong>maxime</strong></span> <span class='ocrx_word' id='word_1_487' title='bbox 998 3341 1125 3396; x_wconf 71' lang='lat' dir='ltr'><strong>diove</strong></span> <span class='ocrx_word' id='word_1_488' title='bbox 1166 3340 1350 3396; x_wconf 78' lang='lat' dir='ltr'><strong>Frutes</strong></span> <span class='ocrx_word' id='word_1_489' title='bbox 1383 3344 1515 3408; x_wconf 78' lang='lat' dir='ltr'><strong>Sew,</strong></span> <span class='ocrx_word' id='word_1_490' title='bbox 1548 3344 1597 3398; x_wconf 92' lang='lat' dir='ltr'><strong>in</strong></span> <span class='ocrx_word' id='word_1_491' title='bbox 1628 3346 1746 3399; x_wconf 66' lang='lat' dir='ltr'><strong>algis</strong></span> 
     </span>
    </p>
   </div>
   <div class='ocr_carea' id='block_1_65' title="bbox 166 3423 1748 3504">
    <p class='ocr_par' dir='ltr' id='par_1_65' title="bbox 166 3423 1748 3504">
     <span class='ocr_line' id='line_1_65' title="bbox 166 3423 1748 3504; baseline 0.01 -30"><span class='ocrx_word' id='word_1_492' title='bbox 166 3432 312 3499; x_wconf 80' lang='lat' dir='ltr'><strong>erat,</strong></span> <span class='ocrx_word' id='word_1_493' title='bbox 336 3423 628 3503; x_wconf 73' lang='lat' dir='ltr'><strong>rutissece.</strong></span> <span class='ocrx_word' id='word_1_494' title='bbox 654 3426 945 3504; x_wconf 35' lang='lat' dir='ltr'><strong>Scrip‘isse</strong></span> <span class='ocrx_word' id='word_1_495' title='bbox 967 3432 1316 3502; x_wconf 81' lang='lat' dir='ltr'><strong>Augustinum</strong></span> <span class='ocrx_word' id='word_1_496' title='bbox 1341 3434 1531 3502; x_wconf 79' lang='lat' dir='ltr'><strong>opinor</strong></span> <span class='ocrx_word' id='word_1_497' title='bbox 1563 3453 1574 3489; x_wconf 85' lang='lat'>:</span> <span class='ocrx_word' id='word_1_498' title='bbox 1607 3436 1748 3491; x_wconf 74' lang='lat' dir='ltr'><strong>Diva:</strong></span> 
     </span>
    </p>
   </div>
   <div class='ocr_carea' id='block_1_66' title="bbox 169 3513 1745 3595">
    <p class='ocr_par' dir='ltr' id='par_1_66' title="bbox 169 3513 1745 3595">
     <span class='ocr_line' id='line_1_66' title="bbox 169 3513 1745 3595; baseline 0.01 -31"><span class='ocrx_word' id='word_1_499' title='bbox 169 3513 365 3595; x_wconf 70' lang='lat' dir='ltr'><strong>frugis,</strong></span> <span class='ocrx_word' id='word_1_500' title='bbox 400 3515 553 3571; x_wconf 75' lang='lat' dir='ltr'><strong>Scite.</strong></span> <span class='ocrx_word' id='word_1_501' title='bbox 588 3517 761 3591; x_wconf 78' lang='lat' dir='ltr'><strong>Sciam</strong></span> <span class='ocrx_word' id='word_1_502' title='bbox 790 3514 870 3575; x_wconf 77' lang='lat' dir='ltr'><strong>vel</strong></span> <span class='ocrx_word' id='word_1_503' title='bbox 901 3522 1056 3593; x_wconf 84' lang='lat' dir='ltr'><strong>Seam</strong></span> <span class='ocrx_word' id='word_1_504' title='bbox 1082 3531 1236 3577; x_wconf 88' lang='lat' dir='ltr'><strong>vocat</strong></span> <span class='ocrx_word' id='word_1_505' title='bbox 1261 3524 1414 3578; x_wconf 86' lang='lat' dir='ltr'><strong>deam</strong></span> <span class='ocrx_word' id='word_1_506' title='bbox 1443 3524 1627 3595; x_wconf 67' lang='lat' dir='ltr'><strong>(rugis,</strong></span> <span class='ocrx_word' id='word_1_507' title='bbox 1660 3529 1745 3580; x_wconf 90' lang='lat' dir='ltr'><strong>cui</strong></span> 
     </span>
    </p>
   </div>
   <div class='ocr_carea' id='block_1_67' title="bbox 170 3592 1745 3685">
    <p class='ocr_par' dir='ltr' id='par_1_67' title="bbox 170 3592 1745 3685">
     <span class='ocr_line' id='line_1_67' title="bbox 170 3592 1745 3685; baseline 0.01 -32"><span class='ocrx_word' id='word_1_508' title='bbox 170 3592 405 3659; x_wconf 80' lang='lat' dir='ltr'><strong>maxime</strong></span> <span class='ocrx_word' id='word_1_509' title='bbox 429 3607 675 3675; x_wconf 75' lang='lat' dir='ltr'><strong>agricola:</strong></span> <span class='ocrx_word' id='word_1_510' title='bbox 694 3598 1059 3681; x_wconf 77' lang='lat' dir='ltr'><strong>supplicabant</strong></span> <span class='ocrx_word' id='word_1_511' title='bbox 1079 3621 1131 3664; x_wconf 92' lang='lat' dir='ltr'><strong>ut</strong></span> <span class='ocrx_word' id='word_1_512' title='bbox 1158 3596 1457 3685; x_wconf 74' lang='lat' dir='ltr'><strong>ubertatem</strong></span> <span class='ocrx_word' id='word_1_513' title='bbox 1480 3592 1745 3669; x_wconf 77' lang='lat' dir='ltr'><strong>fructuum</strong></span> 
     </span>
    </p>
   </div>
   <div class='ocr_carea' id='block_1_68' title="bbox 172 3694 1751 3775">
    <p class='ocr_par' dir='ltr' id='par_1_68' title="bbox 172 3694 1751 3775">
     <span class='ocr_line' id='line_1_68' title="bbox 172 3694 1751 3775; baseline 0.011 -32"><span class='ocrx_word' id='word_1_514' title='bbox 172 3694 516 3750; x_wconf 84' lang='lat' dir='ltr'><strong>secundaret.</strong></span> <span class='ocrx_word' id='word_1_515' title='bbox 550 3695 696 3751; x_wconf 87' lang='lat' dir='ltr'><strong>llauc</strong></span> <span class='ocrx_word' id='word_1_516' title='bbox 729 3698 866 3752; x_wconf 88' lang='lat' dir='ltr'><strong>idem</strong></span> <span class='ocrx_word' id='word_1_517' title='bbox 895 3700 1219 3775; x_wconf 76' lang='lat' dir='ltr'><strong>Augustinus</strong></span> <span class='ocrx_word' id='word_1_518' title='bbox 1250 3701 1342 3755; x_wconf 88' lang='lat' dir='ltr'><strong>lib.</strong></span> <span class='ocrx_word' id='word_1_519' title='bbox 1370 3717 1580 3772; x_wconf 86' lang='lat' dir='ltr'><strong>tv,cap.</strong></span> <span class='ocrx_word' id='word_1_520' title='bbox 1605 3704 1659 3770; x_wconf 84' lang='lat'><strong>8,</strong></span> <span class='ocrx_word' id='word_1_521' title='bbox 1684 3720 1751 3760; x_wconf 74' lang='lat' dir='ltr'><strong>ex</strong></span> 
     </span>
    </p>
   </div>
   <div class='ocr_carea' id='block_1_69' title="bbox 177 3776 1750 3864">
    <p class='ocr_par' dir='ltr' id='par_1_69' title="bbox 177 3776 1750 3864">
     <span class='ocr_line' id='line_1_69' title="bbox 177 3776 1750 3864; baseline 0.011 -31"><span class='ocrx_word' id='word_1_522' title='bbox 177 3780 417 3840; x_wconf 62' lang='lat' dir='ltr'><strong>Viarrone</strong></span> <span class='ocrx_word' id='word_1_523' title='bbox 445 3785 579 3840; x_wconf 90' lang='lat' dir='ltr'><strong>dicit</strong></span> <span class='ocrx_word' id='word_1_524' title='bbox 606 3788 877 3863; x_wconf 81' lang='lat' dir='ltr'><strong>segetibus</strong></span> <span class='ocrx_word' id='word_1_525' title='bbox 900 3791 1234 3859; x_wconf 83' lang='lat' dir='ltr'><strong>pra-positam</strong></span> <span class='ocrx_word' id='word_1_526' title='bbox 1264 3776 1431 3848; x_wconf 85' lang='lat' dir='ltr'><strong>fuisse</strong></span> <span class='ocrx_word' id='word_1_527' title='bbox 1456 3836 1471 3862; x_wconf 94' lang='lat'><strong>,</strong></span> <span class='ocrx_word' id='word_1_528' title='bbox 1515 3795 1750 3864; x_wconf 90' lang='lat' dir='ltr'><strong>quandiu</strong></span> 
     </span>
    </p>
   </div>
   <div class='ocr_carea' id='block_1_70' title="bbox 174 3875 1751 3945">
    <p class='ocr_par' dir='ltr' id='par_1_70' title="bbox 174 3875 1751 3945">
     <span class='ocr_line' id='line_1_70' title="bbox 174 3875 1751 3945; baseline 0.014 -22"><span class='ocrx_word' id='word_1_529' title='bbox 174 3875 276 3929; x_wconf 81' lang='lat' dir='ltr'><strong>sub</strong></span> <span class='ocrx_word' id='word_1_530' title='bbox 324 3886 463 3931; x_wconf 87' lang='lat' dir='ltr'><strong>terra</strong></span> <span class='ocrx_word' id='word_1_531' title='bbox 512 3888 714 3934; x_wconf 84' lang='lat' dir='ltr'><strong>essent.</strong></span> <span class='ocrx_word' id='word_1_532' title='bbox 773 3881 976 3937; x_wconf 85' lang='lat' dir='ltr'><strong>Plinius</strong></span> <span class='ocrx_word' id='word_1_533' title='bbox 1017 3898 1048 3937; x_wconf 89' lang='lat' dir='ltr'><strong>a</strong></span> <span class='ocrx_word' id='word_1_534' title='bbox 1086 3883 1315 3940; x_wconf 88' lang='lat' dir='ltr'><strong>serendo</strong></span> <span class='ocrx_word' id='word_1_535' title='bbox 1350 3886 1526 3944; x_wconf 80' lang='lat' dir='ltr'><strong>Seium</strong></span> <span class='ocrx_word' id='word_1_536' title='bbox 1556 3887 1751 3945; x_wconf 88' lang='lat' dir='ltr'><strong>dictam</strong></span> 
     </span>
    </p>
   </div>
   <div class='ocr_carea' id='block_1_71' title="bbox 178 3954 1527 4043">
    <p class='ocr_par' dir='ltr' id='par_1_71' title="bbox 178 3954 1527 4043">
     <span class='ocr_line' id='line_1_71' title="bbox 178 3954 1527 4043; baseline 0.018 -30"><span class='ocrx_word' id='word_1_537' title='bbox 178 3972 416 4043; x_wconf 73' lang='lat' dir='ltr'><strong>autumat</strong></span> <span class='ocrx_word' id='word_1_538' title='bbox 442 3965 541 4021; x_wconf 76' lang='lat' dir='ltr'><strong>lib.</strong></span> <span class='ocrx_word' id='word_1_539' title='bbox 568 3983 716 4034; x_wconf 79' lang='lat' dir='ltr'><strong>xvm,</strong></span> <span class='ocrx_word' id='word_1_540' title='bbox 744 3985 862 4040; x_wconf 87' lang='lat' dir='ltr'><strong>cap.</strong></span> <span class='ocrx_word' id='word_1_541' title='bbox 896 3970 951 4027; x_wconf 69' lang='grc' dir='ltr'><strong>Ξ.</strong></span> <span class='ocrx_word' id='word_1_542' title='bbox 1128 3954 1131 3959; x_wconf 6' lang='grc' dir='ltr'>ἱ</span> <span class='ocrx_word' id='word_1_543' title='bbox 1522 3960 1527 3963; x_wconf 17' lang='grc' dir='ltr'><em>ν</em></span> 
     </span>
    </p>
   </div>
   <div class='ocr_carea' id='block_1_72' title="bbox 245 4049 1751 4138">
    <p class='ocr_par' dir='ltr' id='par_1_72' title="bbox 245 4049 1751 4138">
     <span class='ocr_line' id='line_1_72' title="bbox 245 4049 1751 4138; baseline 0.012 -34"><span class='ocrx_word' id='word_1_544' title='bbox 245 4049 371 4122; x_wconf 84' lang='lat' dir='ltr'><strong>Cap.</strong></span> <span class='ocrx_word' id='word_1_545' title='bbox 400 4055 494 4138; x_wconf 54' lang='grc' dir='ltr'><strong>ὃς.</strong></span> <span class='ocrx_word' id='word_1_546' title='bbox 519 4055 655 4111; x_wconf 83' lang='lat' dir='ltr'><strong>Dicit</strong></span> <span class='ocrx_word' id='word_1_547' title='bbox 687 4060 817 4111; x_wconf 86' lang='lat' dir='ltr'><strong>idem</strong></span> <span class='ocrx_word' id='word_1_548' title='bbox 842 4068 1021 4137; x_wconf 85' lang='lat' dir='ltr'><strong>auctor</strong></span> <span class='ocrx_word' id='word_1_549' title='bbox 1062 4065 1380 4134; x_wconf 74' lang='lat' dir='ltr'><strong>acutissimus</strong></span> <span class='ocrx_word' id='word_1_550' title='bbox 1409 4066 1630 4138; x_wconf 77' lang='lat' dir='ltr'><strong>(Varro)</strong></span> <span class='ocrx_word' id='word_1_551' title='bbox 1668 4078 1751 4133; x_wconf 80' lang='lat' dir='ltr'><strong>at-</strong></span> 
     </span>
    </p>
   </div>
   <div class='ocr_carea' id='block_1_73' title="bbox 182 4138 1751 4221">
    <p class='ocr_par' dir='ltr' id='par_1_73' title="bbox 182 4138 1751 4221">
     <span class='ocr_line' id='line_1_73' title="bbox 182 4138 1751 4221; baseline 0.014 -27"><span class='ocrx_word' id='word_1_552' title='bbox 182 4158 275 4221; x_wconf 77' lang='lat' dir='ltr'><strong>que</strong></span> <span class='ocrx_word' id='word_1_553' title='bbox 296 4147 622 4203; x_wconf 84' lang='lat' dir='ltr'><strong>doctissimus</strong></span> <span class='ocrx_word' id='word_1_554' title='bbox 661 4153 797 4219; x_wconf 86' lang='lat' dir='ltr'><strong>quod</strong></span> <span class='ocrx_word' id='word_1_555' title='bbox 838 4138 891 4206; x_wconf 84' lang='lat' dir='ltr'><strong>lti</strong></span> <span class='ocrx_word' id='word_1_556' title='bbox 919 4155 1017 4208; x_wconf 86' lang='lat' dir='ltr'><strong>soli</strong></span> <span class='ocrx_word' id='word_1_557' title='bbox 1045 4156 1089 4208; x_wconf 91' lang='lat' dir='ltr'><strong>ei</strong></span> <span class='ocrx_word' id='word_1_558' title='bbox 1122 4157 1388 4211; x_wconf 85' lang='lat' dir='ltr'><strong>videantur</strong></span> <span class='ocrx_word' id='word_1_559' title='bbox 1429 4159 1751 4215; x_wconf 82' lang='lat' dir='ltr'><strong>animadver-</strong></span> 
     </span>
    </p>
   </div>
   <div class='ocr_carea' id='block_1_74' title="bbox 182 4233 1754 4321">
    <p class='ocr_par' dir='ltr' id='par_1_74' title="bbox 182 4233 1754 4321">
     <span class='ocr_line' id='line_1_74' title="bbox 182 4233 1754 4321; baseline 0.011 -36"><span class='ocrx_word' id='word_1_560' title='bbox 182 4233 299 4318; x_wconf 67' lang='lat' dir='ltr'><strong>tisse</strong></span> <span class='ocrx_word' id='word_1_561' title='bbox 324 4238 450 4301; x_wconf 83' lang='lat' dir='ltr'><strong>quid</strong></span> <span class='ocrx_word' id='word_1_562' title='bbox 473 4249 602 4292; x_wconf 82' lang='lat' dir='ltr'><strong>esset</strong></span> <span class='ocrx_word' id='word_1_563' title='bbox 632 4240 788 4307; x_wconf 87' lang='lat' dir='ltr'><strong>Deus,</strong></span> <span class='ocrx_word' id='word_1_564' title='bbox 818 4244 907 4313; x_wconf 87' lang='lat' dir='ltr'><strong>qui</strong></span> <span class='ocrx_word' id='word_1_565' title='bbox 926 4244 1247 4318; x_wconf 80' lang='lat' dir='ltr'><strong>crediderunt</strong></span> <span class='ocrx_word' id='word_1_566' title='bbox 1267 4263 1510 4321; x_wconf 75' lang='lat' dir='ltr'><strong>cumesse</strong></span> <span class='ocrx_word' id='word_1_567' title='bbox 1529 4250 1754 4303; x_wconf 85' lang='lat' dir='ltr'><strong>animum</strong></span> 
     </span>
    </p>
   </div>
   <div class='ocr_carea' id='block_1_75' title="bbox 186 4324 1753 4409">
    <p class='ocr_par' dir='ltr' id='par_1_75' title="bbox 186 4324 1753 4409">
     <span class='ocr_line' id='line_1_75' title="bbox 186 4324 1753 4409; baseline 0.013 -34"><span class='ocrx_word' id='word_1_568' title='bbox 186 4333 320 4408; x_wconf 81' lang='lat' dir='ltr'><strong>motu</strong></span> <span class='ocrx_word' id='word_1_569' title='bbox 345 4344 405 4380; x_wconf 89' lang='lat' dir='ltr'><strong>ac</strong></span> <span class='ocrx_word' id='word_1_570' title='bbox 428 4330 629 4383; x_wconf 87' lang='lat' dir='ltr'><strong>ratione</strong></span> <span class='ocrx_word' id='word_1_571' title='bbox 653 4334 901 4409; x_wconf 82' lang='lat' dir='ltr'><strong>mundum</strong></span> <span class='ocrx_word' id='word_1_572' title='bbox 925 4335 1333 4409; x_wconf 64' lang='lat' dir='ltr'><strong>gubernantem]</strong></span> <span class='ocrx_word' id='word_1_573' title='bbox 1360 4336 1467 4392; x_wconf 80' lang='lat' dir='ltr'><strong>Vox</strong></span> <span class='ocrx_word' id='word_1_574' title='bbox 1494 4324 1753 4404; x_wconf 83' lang='lat' dir='ltr'><strong>motu,in-</strong></span> 
     </span>
    </p>
   </div>
   <div class='ocr_carea' id='block_1_76' title="bbox 189 4415 1751 4495">
    <p class='ocr_par' dir='ltr' id='par_1_76' title="bbox 189 4415 1751 4495">
     <span class='ocr_line' id='line_1_76' title="bbox 189 4415 1751 4495; baseline 0.012 -30"><span class='ocrx_word' id='word_1_575' title='bbox 189 4415 299 4480; x_wconf 89' lang='lat' dir='ltr'><strong>quit</strong></span> <span class='ocrx_word' id='word_1_576' title='bbox 319 4416 498 4473; x_wconf 80' lang='lat' dir='ltr'><strong>Justus</strong></span> <span class='ocrx_word' id='word_1_577' title='bbox 534 4420 748 4490; x_wconf 84' lang='lat' dir='ltr'><strong>Lipsius</strong></span> <span class='ocrx_word' id='word_1_578' title='bbox 802 4422 1153 4495; x_wconf 57' lang='lat' dir='ltr'><strong>Physiologite</strong></span> <span class='ocrx_word' id='word_1_579' title='bbox 1203 4426 1506 4482; x_wconf 77' lang='lat' dir='ltr'><strong>Stoicorum</strong></span> <span class='ocrx_word' id='word_1_580' title='bbox 1552 4429 1645 4483; x_wconf 90' lang='lat' dir='ltr'><strong>lib.</strong></span> <span class='ocrx_word' id='word_1_581' title='bbox 1695 4446 1751 4495; x_wconf 88' lang='lat' dir='ltr'><strong>Il,</strong></span> 
     </span>
    </p>
   </div>
   <div class='ocr_carea' id='block_1_77' title="bbox 1848 3241 3430 3313">
    <p class='ocr_par' dir='ltr' id='par_1_77' title="bbox 1848 3241 3430 3313">
     <span class='ocr_line' id='line_1_77' title="bbox 1848 3241 3430 3313; baseline 0.001 -14"><span class='ocrx_word' id='word_1_582' title='bbox 1848 3250 1931 3299; x_wconf 81' lang='lat' dir='ltr'><strong>set</strong></span> <span class='ocrx_word' id='word_1_583' title='bbox 1957 3242 2264 3313; x_wconf 88' lang='lat' dir='ltr'><strong>necessario</strong></span> <span class='ocrx_word' id='word_1_584' title='bbox 2290 3241 2481 3297; x_wconf 80' lang='lat' dir='ltr'><strong>inﬂexa</strong></span> <span class='ocrx_word' id='word_1_585' title='bbox 2513 3244 2791 3309; x_wconf 84' lang='lat' dir='ltr'><strong>voluntas;</strong></span> <span class='ocrx_word' id='word_1_586' title='bbox 2843 3246 3290 3313; x_wconf 87' lang='lat' dir='ltr'><strong>quemadmodum</strong></span> <span class='ocrx_word' id='word_1_587' title='bbox 3339 3255 3430 3307; x_wconf 78' lang='lat' dir='ltr'><strong>est</strong></span> 
     </span>
    </p>
   </div>
   <div class='ocr_carea' id='block_1_78' title="bbox 1849 3333 3420 3400">
    <p class='ocr_par' dir='ltr' id='par_1_78' title="bbox 1849 3333 3420 3400">
     <span class='ocr_line' id='line_1_78' title="bbox 1849 3333 3420 3400; baseline 0.003 -15"><span class='ocrx_word' id='word_1_588' title='bbox 1849 3342 2035 3386; x_wconf 85' lang='lat' dir='ltr'><strong>natura</strong></span> <span class='ocrx_word' id='word_1_589' title='bbox 2063 3348 2157 3386; x_wconf 90' lang='lat' dir='ltr'><strong>sua</strong></span> <span class='ocrx_word' id='word_1_590' title='bbox 2179 3334 2248 3387; x_wconf 89' lang='lat' dir='ltr'><strong>ita</strong></span> <span class='ocrx_word' id='word_1_591' title='bbox 2282 3333 2491 3400; x_wconf 84' lang='lat' dir='ltr'><strong>atl‘ecta,</strong></span> <span class='ocrx_word' id='word_1_592' title='bbox 2526 3345 2581 3390; x_wconf 94' lang='lat' dir='ltr'><strong>ut</strong></span> <span class='ocrx_word' id='word_1_593' title='bbox 2608 3337 2818 3390; x_wconf 82' lang='lat' dir='ltr'><strong>veritati</strong></span> <span class='ocrx_word' id='word_1_594' title='bbox 2842 3338 3136 3392; x_wconf 78' lang='lat' dir='ltr'><strong>manifestae</strong></span> <span class='ocrx_word' id='word_1_595' title='bbox 3160 3339 3420 3393; x_wconf 87' lang='lat' dir='ltr'><strong>assentia-</strong></span> 
     </span>
    </p>
   </div>
   <div class='ocr_carea' id='block_1_79' title="bbox 1853 3422 3422 3495">
    <p class='ocr_par' dir='ltr' id='par_1_79' title="bbox 1853 3422 3422 3495">
     <span class='ocr_line' id='line_1_79' title="bbox 1853 3422 3422 3495; baseline 0.004 -19"><span class='ocrx_word' id='word_1_596' title='bbox 1853 3433 1959 3487; x_wconf 87' lang='lat' dir='ltr'><strong>tur,</strong></span> <span class='ocrx_word' id='word_1_597' title='bbox 1984 3433 2143 3492; x_wconf 87' lang='lat' dir='ltr'><strong>utque</strong></span> <span class='ocrx_word' id='word_1_598' title='bbox 2176 3422 2557 3479; x_wconf 87' lang='lat' dir='ltr'><strong>beatitudinem</strong></span> <span class='ocrx_word' id='word_1_599' title='bbox 2588 3434 2757 3495; x_wconf 89' lang='lat' dir='ltr'><strong>optet.</strong></span> <span class='ocrx_word' id='word_1_600' title='bbox 2789 3426 3119 3495; x_wconf 86' lang='lat' dir='ltr'><strong>Augustinus</strong></span> <span class='ocrx_word' id='word_1_601' title='bbox 3150 3427 3256 3490; x_wconf 81' lang='lat' dir='ltr'><strong>hic,</strong></span> <span class='ocrx_word' id='word_1_602' title='bbox 3286 3437 3339 3480; x_wconf 91' lang='lat' dir='ltr'><strong>ut</strong></span> <span class='ocrx_word' id='word_1_603' title='bbox 3366 3439 3422 3489; x_wconf 86' lang='lat' dir='ltr'><strong>et</strong></span> 
     </span>
    </p>
   </div>
   <div class='ocr_carea' id='block_1_80' title="bbox 1850 3512 3420 3584">
    <p class='ocr_par' dir='ltr' id='par_1_80' title="bbox 1850 3512 3420 3584">
     <span class='ocr_line' id='line_1_80' title="bbox 1850 3512 3420 3584; baseline 0.003 -19"><span class='ocrx_word' id='word_1_604' title='bbox 1850 3512 1999 3576; x_wconf 89' lang='lat' dir='ltr'><strong>alibi,</strong></span> <span class='ocrx_word' id='word_1_605' title='bbox 2035 3512 2374 3579; x_wconf 84' lang='lat' dir='ltr'><strong>voluntarium</strong></span> <span class='ocrx_word' id='word_1_606' title='bbox 2401 3523 2455 3566; x_wconf 87' lang='lat' dir='ltr'><strong>et</strong></span> <span class='ocrx_word' id='word_1_607' title='bbox 2485 3514 2697 3566; x_wconf 84' lang='lat' dir='ltr'><strong>liberant</strong></span> <span class='ocrx_word' id='word_1_608' title='bbox 2727 3514 3022 3580; x_wconf 83' lang='lat' dir='ltr'><strong>confundit,</strong></span> <span class='ocrx_word' id='word_1_609' title='bbox 3055 3530 3172 3584; x_wconf 67' lang='lat' dir='ltr'><strong>qua:</strong></span> <span class='ocrx_word' id='word_1_610' title='bbox 3204 3519 3258 3570; x_wconf 89' lang='lat' dir='ltr'><strong>in</strong></span> <span class='ocrx_word' id='word_1_611' title='bbox 3303 3532 3420 3570; x_wconf 85' lang='lat' dir='ltr'><strong>om-</strong></span> 
     </span>
    </p>
   </div>
   <div class='ocr_carea' id='block_1_81' title="bbox 1854 3601 3420 3668">
    <p class='ocr_par' dir='ltr' id='par_1_81' title="bbox 1854 3601 3420 3668">
     <span class='ocr_line' id='line_1_81' title="bbox 1854 3601 3420 3668; baseline 0.003 -14"><span class='ocrx_word' id='word_1_612' title='bbox 1854 3602 1998 3654; x_wconf 87' lang='lat' dir='ltr'><strong>nium</strong></span> <span class='ocrx_word' id='word_1_613' title='bbox 2041 3601 2313 3654; x_wconf 90' lang='lat' dir='ltr'><strong>hominum</strong></span> <span class='ocrx_word' id='word_1_614' title='bbox 2338 3616 2584 3657; x_wconf 86' lang='lat' dir='ltr'><strong>sermone</strong></span> <span class='ocrx_word' id='word_1_615' title='bbox 2614 3602 2860 3656; x_wconf 88' lang='lat' dir='ltr'><strong>distincta</strong></span> <span class='ocrx_word' id='word_1_616' title='bbox 2887 3614 3040 3668; x_wconf 91' lang='lat' dir='ltr'><strong>sunt;</strong></span> <span class='ocrx_word' id='word_1_617' title='bbox 3081 3618 3202 3657; x_wconf 90' lang='lat' dir='ltr'><strong>nam</strong></span> <span class='ocrx_word' id='word_1_618' title='bbox 3230 3606 3420 3660; x_wconf 89' lang='lat' dir='ltr'><strong>volun-</strong></span> 
     </span>
    </p>
   </div>
   <div class='ocr_carea' id='block_1_82' title="bbox 1855 3689 3421 3759">
    <p class='ocr_par' dir='ltr' id='par_1_82' title="bbox 1855 3689 3421 3759">
     <span class='ocr_line' id='line_1_82' title="bbox 1855 3689 3421 3759; baseline 0.003 -14"><span class='ocrx_word' id='word_1_619' title='bbox 1855 3700 1958 3745; x_wconf 84' lang='lat' dir='ltr'><strong>tate</strong></span> <span class='ocrx_word' id='word_1_620' title='bbox 1997 3689 2209 3759; x_wconf 90' lang='lat' dir='ltr'><strong>quidem</strong></span> <span class='ocrx_word' id='word_1_621' title='bbox 2250 3691 2574 3744; x_wconf 87' lang='lat' dir='ltr'><strong>assentimur</strong></span> <span class='ocrx_word' id='word_1_622' title='bbox 2614 3690 2850 3745; x_wconf 87' lang='lat' dir='ltr'><strong>evidenti</strong></span> <span class='ocrx_word' id='word_1_623' title='bbox 2899 3692 3286 3759; x_wconf 89' lang='lat' dir='ltr'><strong>euuntiationi,</strong></span> <span class='ocrx_word' id='word_1_624' title='bbox 3326 3696 3421 3749; x_wconf 86' lang='lat' dir='ltr'><strong>sed</strong></span> 
     </span>
    </p>
   </div>
   <div class='ocr_carea' id='block_1_83' title="bbox 1854 3782 3423 3853">
    <p class='ocr_par' dir='ltr' id='par_1_83' title="bbox 1854 3782 3423 3853">
     <span class='ocr_line' id='line_1_83' title="bbox 1854 3782 3423 3853; baseline 0.003 -17"><span class='ocrx_word' id='word_1_625' title='bbox 1854 3799 1960 3836; x_wconf 90' lang='lat' dir='ltr'><strong>non</strong></span> <span class='ocrx_word' id='word_1_626' title='bbox 1994 3782 2193 3846; x_wconf 87' lang='lat' dir='ltr'><strong>libere;</strong></span> <span class='ocrx_word' id='word_1_627' title='bbox 2228 3791 2279 3835; x_wconf 90' lang='lat' dir='ltr'><strong>et</strong></span> <span class='ocrx_word' id='word_1_628' title='bbox 2307 3783 2577 3838; x_wconf 85' lang='lat' dir='ltr'><strong>voluntate</strong></span> <span class='ocrx_word' id='word_1_629' title='bbox 2628 3784 2875 3837; x_wconf 87' lang='lat' dir='ltr'><strong>similiter</strong></span> <span class='ocrx_word' id='word_1_630' title='bbox 2923 3785 3169 3853; x_wconf 74' lang='lat' dir='ltr'><strong>rupimus</strong></span> <span class='ocrx_word' id='word_1_631' title='bbox 3197 3785 3423 3840; x_wconf 78' lang='lat' dir='ltr'><strong>felicita-</strong></span> 
     </span>
    </p>
   </div>
   <div class='ocr_carea' id='block_1_84' title="bbox 1856 3872 3425 3943">
    <p class='ocr_par' dir='ltr' id='par_1_84' title="bbox 1856 3872 3425 3943">
     <span class='ocr_line' id='line_1_84' title="bbox 1856 3872 3425 3943; baseline 0.004 -16"><span class='ocrx_word' id='word_1_632' title='bbox 1856 3882 2002 3935; x_wconf 89' lang='lat' dir='ltr'><strong>tem,</strong></span> <span class='ocrx_word' id='word_1_633' title='bbox 2061 3872 2153 3925; x_wconf 91' lang='lat' dir='ltr'><strong>sed</strong></span> <span class='ocrx_word' id='word_1_634' title='bbox 2208 3887 2311 3926; x_wconf 91' lang='lat' dir='ltr'><strong>non</strong></span> <span class='ocrx_word' id='word_1_635' title='bbox 2349 3873 2547 3937; x_wconf 85' lang='lat' dir='ltr'><strong>libere;</strong></span> <span class='ocrx_word' id='word_1_636' title='bbox 2586 3889 2758 3941; x_wconf 87' lang='lat' dir='ltr'><strong>neque</strong></span> <span class='ocrx_word' id='word_1_637' title='bbox 2801 3876 2943 3929; x_wconf 87' lang='lat' dir='ltr'><strong>enim</strong></span> <span class='ocrx_word' id='word_1_638' title='bbox 2977 3890 3255 3943; x_wconf 74' lang='lat' dir='ltr'><strong>possumus</strong></span> <span class='ocrx_word' id='word_1_639' title='bbox 3284 3880 3425 3934; x_wconf 78' lang='lat' dir='ltr'><strong>nolle</strong></span> 
     </span>
    </p>
   </div>
   <div class='ocr_carea' id='block_1_85' title="bbox 1856 3962 3426 4036">
    <p class='ocr_par' dir='ltr' id='par_1_85' title="bbox 1856 3962 3426 4036">
     <span class='ocr_line' id='line_1_85' title="bbox 1856 3962 3426 4036; baseline 0.004 -18"><span class='ocrx_word' id='word_1_640' title='bbox 1856 3962 2192 4018; x_wconf 83' lang='lat' dir='ltr'><strong>evidentibus</strong></span> <span class='ocrx_word' id='word_1_641' title='bbox 2220 3965 2467 4017; x_wconf 84' lang='lat' dir='ltr'><strong>assentiri</strong></span> <span class='ocrx_word' id='word_1_642' title='bbox 2496 3975 2586 4017; x_wconf 87' lang='lat' dir='ltr'><strong>aut</strong></span> <span class='ocrx_word' id='word_1_643' title='bbox 2636 3966 2779 4021; x_wconf 90' lang='lat' dir='ltr'><strong>nolle</strong></span> <span class='ocrx_word' id='word_1_644' title='bbox 2823 3981 2943 4022; x_wconf 85' lang='lat' dir='ltr'><strong>esse</strong></span> <span class='ocrx_word' id='word_1_645' title='bbox 2990 3968 3191 4036; x_wconf 81' lang='lat' dir='ltr'><strong>felices,</strong></span> <span class='ocrx_word' id='word_1_646' title='bbox 3229 3982 3319 4025; x_wconf 90' lang='lat' dir='ltr'><strong>aut</strong></span> <span class='ocrx_word' id='word_1_647' title='bbox 3360 3972 3426 4025; x_wconf 84' lang='lat' dir='ltr'><strong>de</strong></span> 
     </span>
    </p>
   </div>
   <div class='ocr_carea' id='block_1_86' title="bbox 1856 4054 3423 4126">
    <p class='ocr_par' dir='ltr' id='par_1_86' title="bbox 1856 4054 3423 4126">
     <span class='ocr_line' id='line_1_86' title="bbox 1856 4054 3423 4126; baseline 0.003 -18"><span class='ocrx_word' id='word_1_648' title='bbox 1856 4055 2002 4109; x_wconf 88' lang='lat' dir='ltr'><strong>hisce</strong></span> <span class='ocrx_word' id='word_1_649' title='bbox 2028 4055 2349 4108; x_wconf 85' lang='lat' dir='ltr'><strong>deliberare.</strong></span> <span class='ocrx_word' id='word_1_650' title='bbox 2382 4054 2571 4109; x_wconf 89' lang='lat' dir='ltr'><strong>Subdit</strong></span> <span class='ocrx_word' id='word_1_651' title='bbox 2597 4072 2610 4110; x_wconf 86' lang='lat'>:</span> <span class='ocrx_word' id='word_1_652' title='bbox 2641 4055 2758 4109; x_wconf 81' lang='lat' dir='ltr'><strong>Non</strong></span> <span class='ocrx_word' id='word_1_653' title='bbox 2784 4060 2912 4110; x_wconf 87' lang='lat' dir='ltr'><strong>enim</strong></span> <span class='ocrx_word' id='word_1_654' title='bbox 2936 4060 3020 4126; x_wconf 89' lang='lat' dir='ltr'><strong>qui</strong></span> <span class='ocrx_word' id='word_1_655' title='bbox 3042 4060 3135 4112; x_wconf 89' lang='lat' dir='ltr'><strong>Itoc</strong></span> <span class='ocrx_word' id='word_1_656' title='bbox 3158 4063 3423 4126; x_wconf 84' lang='lat' dir='ltr'><strong>prcescivit,</strong></span> 
     </span>
    </p>
   </div>
   <div class='ocr_carea' id='block_1_87' title="bbox 1854 4145 3427 4219">
    <p class='ocr_par' dir='ltr' id='par_1_87' title="bbox 1854 4145 3427 4219">
     <span class='ocr_line' id='line_1_87' title="bbox 1854 4145 3427 4219; baseline 0.004 -19"><span class='ocrx_word' id='word_1_657' title='bbox 1854 4145 1986 4200; x_wconf 77' lang='lat' dir='ltr'><strong>nihil</strong></span> <span class='ocrx_word' id='word_1_658' title='bbox 2009 4146 2283 4215; x_wconf 71' lang='lat' dir='ltr'><strong>pnescivil.</strong></span> <span class='ocrx_word' id='word_1_659' title='bbox 2316 4145 2512 4201; x_wconf 81' lang='lat' dir='ltr'><strong>Verum</strong></span> <span class='ocrx_word' id='word_1_660' title='bbox 2543 4162 2648 4201; x_wconf 92' lang='lat' dir='ltr'><strong>non</strong></span> <span class='ocrx_word' id='word_1_661' title='bbox 2675 4151 2888 4219; x_wconf 76' lang='lat' dir='ltr'><strong>negavit</strong></span> <span class='ocrx_word' id='word_1_662' title='bbox 2915 4151 3104 4205; x_wconf 85' lang='lat' dir='ltr'><strong>Cicero</strong></span> <span class='ocrx_word' id='word_1_663' title='bbox 3146 4152 3307 4205; x_wconf 89' lang='lat' dir='ltr'><strong>Deum</strong></span> <span class='ocrx_word' id='word_1_664' title='bbox 3328 4155 3427 4207; x_wconf 87' lang='lat' dir='ltr'><strong>ali-</strong></span> 
     </span>
    </p>
   </div>
   <div class='ocr_carea' id='block_1_88' title="bbox 1855 4234 3424 4308">
    <p class='ocr_par' dir='ltr' id='par_1_88' title="bbox 1855 4234 3424 4308">
     <span class='ocr_line' id='line_1_88' title="bbox 1855 4234 3424 4308; baseline 0.004 -20"><span class='ocrx_word' id='word_1_665' title='bbox 1855 4234 1980 4308; x_wconf 87' lang='lat' dir='ltr'><strong>quid</strong></span> <span class='ocrx_word' id='word_1_666' title='bbox 2008 4235 2281 4307; x_wconf 71' lang='lat' dir='ltr'><strong>przescirp,</strong></span> <span class='ocrx_word' id='word_1_667' title='bbox 2325 4234 2419 4288; x_wconf 90' lang='lat' dir='ltr'><strong>sed</strong></span> <span class='ocrx_word' id='word_1_668' title='bbox 2444 4236 2704 4290; x_wconf 76' lang='lat' dir='ltr'><strong>duntaxat</strong></span> <span class='ocrx_word' id='word_1_669' title='bbox 2726 4252 2845 4307; x_wconf 70' lang='lat' dir='ltr'><strong>qua:</strong></span> <span class='ocrx_word' id='word_1_670' title='bbox 2870 4248 2992 4294; x_wconf 86' lang='lat' dir='ltr'><strong>sunt</strong></span> <span class='ocrx_word' id='word_1_671' title='bbox 3020 4240 3206 4295; x_wconf 88' lang='lat' dir='ltr'><strong>libera.</strong></span> <span class='ocrx_word' id='word_1_672' title='bbox 3237 4240 3424 4307; x_wconf 89' lang='lat' dir='ltr'><strong>Porro,</strong></span> 
     </span>
    </p>
   </div>
   <div class='ocr_carea' id='block_1_89' title="bbox 1856 4311 3433 4399">
    <p class='ocr_par' dir='ltr' id='par_1_89' title="bbox 1856 4311 3433 4399">
     <span class='ocr_line' id='line_1_89' title="bbox 1856 4311 3433 4399; baseline 0.004 -22"><span class='ocrx_word' id='word_1_673' title='bbox 1856 4324 1929 4377; x_wconf 86' lang='lat' dir='ltr'><strong>ait</strong></span> <span class='ocrx_word' id='word_1_674' title='bbox 1956 4324 2303 4391; x_wconf 76' lang='lat' dir='ltr'><strong>AuguSlinus,</strong></span> <span class='ocrx_word' id='word_1_675' title='bbox 2335 4325 2380 4377; x_wconf 88' lang='lat' dir='ltr'><strong>si</strong></span> <span class='ocrx_word' id='word_1_676' title='bbox 2407 4326 2495 4378; x_wconf 87' lang='lat' dir='ltr'><strong>ille</strong></span> <span class='ocrx_word' id='word_1_677' title='bbox 2518 4327 2643 4395; x_wconf 90' lang='lat' dir='ltr'><strong>quid</strong></span> <span class='ocrx_word' id='word_1_678' title='bbox 2670 4328 2917 4395; x_wconf 71' lang='lat' dir='ltr'><strong>prascivit</strong></span> <span class='ocrx_word' id='word_1_679' title='bbox 2940 4311 3062 4399; x_wconf 77' lang='lat' dir='ltr'><strong>quid</strong></span> <span class='ocrx_word' id='word_1_680' title='bbox 3090 4332 3321 4398; x_wconf 74' lang='lat' dir='ltr'><strong>futurum</strong></span> <span class='ocrx_word' id='word_1_681' title='bbox 3349 4314 3433 4383; x_wconf 54' lang='lat' dir='ltr'><strong>es?</strong></span> 
     </span>
    </p>
   </div>
   <div class='ocr_carea' id='block_1_90' title="bbox 1856 4414 3440 4488">
    <p class='ocr_par' dir='ltr' id='par_1_90' title="bbox 1856 4414 3440 4488">
     <span class='ocr_line' id='line_1_90' title="bbox 1856 4414 3440 4488; baseline 0.003 -20"><span class='ocrx_word' id='word_1_682' title='bbox 1856 4423 1929 4468; x_wconf 83' lang='lat' dir='ltr'><strong>set</strong></span> <span class='ocrx_word' id='word_1_683' title='bbox 1978 4414 2029 4465; x_wconf 88' lang='lat' dir='ltr'><strong>in</strong></span> <span class='ocrx_word' id='word_1_684' title='bbox 2078 4423 2250 4466; x_wconf 88' lang='lat' dir='ltr'><strong>nostra</strong></span> <span class='ocrx_word' id='word_1_685' title='bbox 2279 4414 2556 4485; x_wconf 81' lang='lat' dir='ltr'><strong>voluntate,</strong></span> <span class='ocrx_word' id='word_1_686' title='bbox 2587 4432 2686 4469; x_wconf 86' lang='lat' dir='ltr'><strong>non</strong></span> <span class='ocrx_word' id='word_1_687' title='bbox 2715 4419 2887 4487; x_wconf 82' lang='lat' dir='ltr'><strong>utique</strong></span> <span class='ocrx_word' id='word_1_688' title='bbox 2935 4419 3082 4486; x_wconf 83' lang='lat' dir='ltr'><strong>nihil,</strong></span> <span class='ocrx_word' id='word_1_689' title='bbox 3113 4418 3202 4472; x_wconf 90' lang='lat' dir='ltr'><strong>sed</strong></span> <span class='ocrx_word' id='word_1_690' title='bbox 3228 4420 3440 4488; x_wconf 19' lang='lat' dir='ltr'><strong>aliquid,</strong></span> 
     </span>
    </p>
   </div>
   <div class='ocr_carea' id='block_1_91' title="bbox 192 4489 1744 4592">
    <p class='ocr_par' dir='ltr' id='par_1_91' title="bbox 192 4492 1744 4592">
     <span class='ocr_line' id='line_1_91' title="bbox 192 4492 1744 4592; baseline 0.012 -36"><span class='ocrx_word' id='word_1_691' title='bbox 192 4503 393 4583; x_wconf 73' lang='lat' dir='ltr'><strong>dissert.</strong></span> <span class='ocrx_word' id='word_1_692' title='bbox 417 4507 501 4573; x_wconf 82' lang='lat' dir='ltr'><strong>to,</strong></span> <span class='ocrx_word' id='word_1_693' title='bbox 526 4502 876 4581; x_wconf 83' lang='lat' dir='ltr'><strong>nonomnino</strong></span> <span class='ocrx_word' id='word_1_694' title='bbox 900 4492 1254 4587; x_wconf 73' lang='lat' dir='ltr'><strong>disconvenit,</strong></span> <span class='ocrx_word' id='word_1_695' title='bbox 1284 4518 1470 4587; x_wconf 86' lang='lat' dir='ltr'><strong>lateor,</strong></span> <span class='ocrx_word' id='word_1_696' title='bbox 1493 4519 1744 4592; x_wconf 19' lang='lat' dir='ltr'><strong>etlverius</strong></span> 
     </span>
    </p>
   </div>
   <div class='ocr_carea' id='block_1_92' title="bbox 1852 4489 3425 4592">
    <p class='ocr_par' dir='ltr' id='par_1_92' title="bbox 1860 4490 3425 4579">
     <span class='ocr_line' id='line_1_92' title="bbox 1860 4490 3425 4579; baseline 0.004 -22"><span class='ocrx_word' id='word_1_697' title='bbox 1860 4504 2110 4579; x_wconf 66' lang='lat' dir='ltr'><strong>prcscivit</strong></span> <span class='ocrx_word' id='word_1_698' title='bbox 2148 4490 2375 4577; x_wconf 74' lang='lat' dir='ltr'><strong>profecto</strong></span> <span class='ocrx_word' id='word_1_699' title='bbox 2398 4514 2443 4560; x_wconf 89' lang='lat' dir='ltr'><strong>et</strong></span> <span class='ocrx_word' id='word_1_700' title='bbox 2462 4506 2554 4560; x_wconf 88' lang='lat' dir='ltr'><strong>illo</strong></span> <span class='ocrx_word' id='word_1_701' title='bbox 2583 4510 2874 4579; x_wconf 65' lang='lat' dir='ltr'><strong>prtescienle</strong></span> <span class='ocrx_word' id='word_1_702' title='bbox 2890 4553 2904 4577; x_wconf 90' lang='lat'><strong>,</strong></span> <span class='ocrx_word' id='word_1_703' title='bbox 2930 4520 3001 4563; x_wconf 85' lang='lat' dir='ltr'><strong>est</strong></span> <span class='ocrx_word' id='word_1_704' title='bbox 3030 4510 3225 4579; x_wconf 83' lang='lat' dir='ltr'><strong>aliquid</strong></span> <span class='ocrx_word' id='word_1_705' title='bbox 3250 4511 3302 4561; x_wconf 87' lang='lat' dir='ltr'><strong>in</strong></span> <span class='ocrx_word' id='word_1_706' title='bbox 3328 4525 3425 4563; x_wconf 88' lang='lat' dir='ltr'><strong>no-</strong></span> 
     </span>
    </p>
   </div>
   <div class='ocr_carea' id='block_1_93' title="bbox 194 4598 1748 4673">
    <p class='ocr_par' dir='ltr' id='par_1_93' title="bbox 194 4598 1748 4673">
     <span class='ocr_line' id='line_1_93' title="bbox 194 4598 1748 4673; baseline 0.012 -26"><span class='ocrx_word' id='word_1_707' title='bbox 194 4600 361 4673; x_wconf 76' lang='lat' dir='ltr'><strong>tamen</strong></span> <span class='ocrx_word' id='word_1_708' title='bbox 398 4598 611 4653; x_wconf 90' lang='lat' dir='ltr'><strong>credam</strong></span> <span class='ocrx_word' id='word_1_709' title='bbox 652 4611 837 4654; x_wconf 81' lang='lat' dir='ltr'><strong>mente.</strong></span> <span class='ocrx_word' id='word_1_710' title='bbox 883 4601 1098 4669; x_wconf 83' lang='lat' dir='ltr'><strong>Cicero,</strong></span> <span class='ocrx_word' id='word_1_711' title='bbox 1141 4602 1160 4656; x_wconf 91' lang='grc' dir='ltr'>ι</span> <span class='ocrx_word' id='word_1_712' title='bbox 1203 4605 1365 4659; x_wconf 84' lang='lat' dir='ltr'><strong>Acad.</strong></span> <span class='ocrx_word' id='word_1_713' title='bbox 1403 4607 1471 4662; x_wconf 88' lang='lat' dir='ltr'><strong>de</strong></span> <span class='ocrx_word' id='word_1_714' title='bbox 1509 4607 1748 4665; x_wconf 85' lang='lat' dir='ltr'><strong>Stoicis:</strong></span> 
     </span>
    </p>
   </div>
   <div class='ocr_carea' id='block_1_94' title="bbox 200 4679 1754 4768">
    <p class='ocr_par' dir='ltr' id='par_1_94' title="bbox 200 4679 1754 4768">
     <span class='ocr_line' id='line_1_94' title="bbox 200 4679 1754 4768; baseline 0.012 -34"><span class='ocrx_word' id='word_1_715' title='bbox 200 4679 437 4767; x_wconf 59' lang='lat' dir='ltr'><strong>[tundunt</strong></span> <span class='ocrx_word' id='word_1_716' title='bbox 458 4699 643 4742; x_wconf 88' lang='lat' dir='ltr'><strong>natura</strong></span> <span class='ocrx_word' id='word_1_717' title='bbox 671 4693 917 4745; x_wconf 85' lang='lat' dir='ltr'><strong>sentiente</strong></span> <span class='ocrx_word' id='word_1_718' title='bbox 944 4694 1124 4761; x_wconf 84' lang='lat' dir='ltr'><strong>teneri,</strong></span> <span class='ocrx_word' id='word_1_719' title='bbox 1153 4693 1205 4747; x_wconf 87' lang='lat' dir='ltr'><strong>in</strong></span> <span class='ocrx_word' id='word_1_720' title='bbox 1232 4710 1332 4762; x_wconf 88' lang='lat' dir='ltr'><strong>qua</strong></span> <span class='ocrx_word' id='word_1_721' title='bbox 1363 4698 1493 4750; x_wconf 89' lang='lat' dir='ltr'><strong>ratio</strong></span> <span class='ocrx_word' id='word_1_722' title='bbox 1531 4699 1754 4768; x_wconf 73' lang='lat' dir='ltr'><strong>per’ecta</strong></span> 
     </span>
    </p>
   </div>
   <div class='ocr_carea' id='block_1_95' title="bbox 200 4772 1754 4861">
    <p class='ocr_par' dir='ltr' id='par_1_95' title="bbox 200 4772 1754 4861">
     <span class='ocr_line' id='line_1_95' title="bbox 200 4772 1754 4861; baseline 0.014 -39"><span class='ocrx_word' id='word_1_723' title='bbox 200 4772 328 4838; x_wconf 76' lang='lat' dir='ltr'><strong>insit,</strong></span> <span class='ocrx_word' id='word_1_724' title='bbox 376 4794 491 4845; x_wconf 69' lang='lat' dir='ltr'><strong>quae</strong></span> <span class='ocrx_word' id='word_1_725' title='bbox 526 4782 590 4832; x_wconf 84' lang='lat' dir='ltr'><strong>sit</strong></span> <span class='ocrx_word' id='word_1_726' title='bbox 638 4783 813 4835; x_wconf 80' lang='lat' dir='ltr'><strong>cadent</strong></span> <span class='ocrx_word' id='word_1_727' title='bbox 850 4786 1175 4857; x_wconf 81' lang='lat' dir='ltr'><strong>sempiterna.</strong></span> <span class='ocrx_word' id='word_1_728' title='bbox 1224 4786 1389 4852; x_wconf 83' lang='lat' dir='ltr'><strong>Quam</strong></span> <span class='ocrx_word' id='word_1_729' title='bbox 1412 4791 1507 4841; x_wconf 69' lang='lat' dir='ltr'><strong>vim</strong></span> <span class='ocrx_word' id='word_1_730' title='bbox 1526 4792 1754 4861; x_wconf 80' lang='lat' dir='ltr'><strong>animum</strong></span> 
     </span>
    </p>
   </div>
   <div class='ocr_carea' id='block_1_96' title="bbox 202 4867 1731 4949">
    <p class='ocr_par' dir='ltr' id='par_1_96' title="bbox 202 4867 1731 4949">
     <span class='ocr_line' id='line_1_96' title="bbox 202 4867 1731 4949; baseline 0.012 -35"><span class='ocrx_word' id='word_1_731' title='bbox 202 4877 296 4916; x_wconf 80' lang='lat' dir='ltr'><strong>esse</strong></span> <span class='ocrx_word' id='word_1_732' title='bbox 310 4867 485 4919; x_wconf 86' lang='lat' dir='ltr'><strong>dicunt</strong></span> <span class='ocrx_word' id='word_1_733' title='bbox 503 4870 699 4945; x_wconf 82' lang='lat' dir='ltr'><strong>mundi,</strong></span> <span class='ocrx_word' id='word_1_734' title='bbox 725 4874 1048 4949; x_wconf 83' lang='lat' dir='ltr'><strong>eamdemque</strong></span> <span class='ocrx_word' id='word_1_735' title='bbox 1068 4891 1173 4928; x_wconf 84' lang='lat' dir='ltr'><strong>esse</strong></span> <span class='ocrx_word' id='word_1_736' title='bbox 1193 4885 1409 4930; x_wconf 88' lang='lat' dir='ltr'><strong>mentem</strong></span> <span class='ocrx_word' id='word_1_737' title='bbox 1431 4882 1731 4949; x_wconf 86' lang='lat' dir='ltr'><strong>sapientiam</strong></span> 
     </span>
    </p>
   </div>
   <div class='ocr_carea' id='block_1_97' title="bbox 201 4959 1759 5030">
    <p class='ocr_par' dir='ltr' id='par_1_97' title="bbox 201 4959 1759 5030">
     <span class='ocr_line' id='line_1_97' title="bbox 201 4959 1759 5030; baseline 0.015 -26"><span class='ocrx_word' id='word_1_738' title='bbox 201 4968 286 5019; x_wconf 81' lang='lat' dir='ltr'><strong>que</strong></span> <span class='ocrx_word' id='word_1_739' title='bbox 310 4959 602 5028; x_wconf 79' lang='lat' dir='ltr'><strong>perfectam,</strong></span> <span class='ocrx_word' id='word_1_740' title='bbox 644 4980 796 5030; x_wconf 89' lang='lat' dir='ltr'><strong>quam</strong></span> <span class='ocrx_word' id='word_1_741' title='bbox 828 4964 989 5019; x_wconf 87' lang='lat' dir='ltr'><strong>Deum</strong></span> <span class='ocrx_word' id='word_1_742' title='bbox 1033 4970 1225 5021; x_wconf 88' lang='lat' dir='ltr'><strong>dicunt.</strong></span> <span class='ocrx_word' id='word_1_743' title='bbox 1286 4969 1424 5023; x_wconf 84' lang='lat' dir='ltr'><strong>Nihil</strong></span> <span class='ocrx_word' id='word_1_744' title='bbox 1473 4982 1647 5027; x_wconf 88' lang='lat' dir='ltr'><strong>tamen</strong></span> <span class='ocrx_word' id='word_1_745' title='bbox 1708 4974 1759 5028; x_wconf 88' lang='lat' dir='ltr'><strong>in</strong></span> 
     </span>
    </p>
   </div>
   <div class='ocr_carea' id='block_1_98' title="bbox 200 5045 1764 5132">
    <p class='ocr_par' dir='ltr' id='par_1_98' title="bbox 200 5045 1764 5132">
     <span class='ocr_line' id='line_1_98' title="bbox 200 5045 1764 5132; baseline 0.015 -36"><span class='ocrx_word' id='word_1_746' title='bbox 200 5045 402 5115; x_wconf 82' lang='lat' dir='ltr'><strong>vulgata</strong></span> <span class='ocrx_word' id='word_1_747' title='bbox 446 5049 690 5113; x_wconf 87' lang='lat' dir='ltr'><strong>lectione</strong></span> <span class='ocrx_word' id='word_1_748' title='bbox 723 5058 1027 5111; x_wconf 86' lang='lat' dir='ltr'><strong>mutandum</strong></span> <span class='ocrx_word' id='word_1_749' title='bbox 1058 5074 1170 5127; x_wconf 26' lang='lat' dir='ltr'><strong>ego,</strong></span> <span class='ocrx_word' id='word_1_750' title='bbox 1199 5060 1412 5132; x_wconf 83' lang='lat' dir='ltr'><strong>quidem</strong></span> <span class='ocrx_word' id='word_1_751' title='bbox 1440 5076 1656 5126; x_wconf 84' lang='lat' dir='ltr'><strong>censeo,</strong></span> <span class='ocrx_word' id='word_1_752' title='bbox 1689 5066 1764 5119; x_wconf 89' lang='lat' dir='ltr'><strong>sic</strong></span> 
     </span>
    </p>
   </div>
   <div class='ocr_carea' id='block_1_99' title="bbox 192 5138 1760 5222">
    <p class='ocr_par' dir='ltr' id='par_1_99' title="bbox 192 5138 1760 5222">
     <span class='ocr_line' id='line_1_99' title="bbox 192 5138 1760 5222; baseline 0.015 -33"><span class='ocrx_word' id='word_1_753' title='bbox 192 5138 329 5190; x_wconf 76' lang='lat' dir='ltr'><strong>enim</strong></span> <span class='ocrx_word' id='word_1_754' title='bbox 360 5138 528 5194; x_wconf 78' lang='lat' dir='ltr'><strong>ferme</strong></span> <span class='ocrx_word' id='word_1_755' title='bbox 557 5142 764 5198; x_wconf 89' lang='lat' dir='ltr'><strong>locutus</strong></span> <span class='ocrx_word' id='word_1_756' title='bbox 790 5157 871 5200; x_wconf 65' lang='lat' dir='ltr'><strong>est</strong></span> <span class='ocrx_word' id='word_1_757' title='bbox 894 5148 1160 5215; x_wconf 88' lang='lat' dir='ltr'><strong>Manilius,</strong></span> <span class='ocrx_word' id='word_1_758' title='bbox 1189 5167 1292 5205; x_wconf 90' lang='lat' dir='ltr'><strong>non</strong></span> <span class='ocrx_word' id='word_1_759' title='bbox 1319 5155 1501 5222; x_wconf 90' lang='lat' dir='ltr'><strong>procul</strong></span> <span class='ocrx_word' id='word_1_760' title='bbox 1522 5155 1590 5211; x_wconf 89' lang='lat' dir='ltr'><strong>ab</strong></span> <span class='ocrx_word' id='word_1_761' title='bbox 1607 5154 1760 5213; x_wconf 89' lang='lat' dir='ltr'><strong>initio</strong></span> 
     </span>
    </p>
   </div>
   <div class='ocr_carea' id='block_1_100' title="bbox 190 5226 1765 5320">
    <p class='ocr_par' dir='ltr' id='par_1_100' title="bbox 190 5226 1765 5320">
     <span class='ocr_line' id='line_1_100' title="bbox 190 5226 1765 5320; baseline 0.017 -42"><span class='ocrx_word' id='word_1_762' title='bbox 190 5226 311 5281; x_wconf 86' lang='lat' dir='ltr'><strong>libri</strong></span> <span class='ocrx_word' id='word_1_763' title='bbox 342 5243 403 5293; x_wconf 85' lang='lat' dir='ltr'><strong>tt,</strong></span> <span class='ocrx_word' id='word_1_764' title='bbox 430 5229 520 5284; x_wconf 88' lang='lat' dir='ltr'><strong>ubi</strong></span> <span class='ocrx_word' id='word_1_765' title='bbox 558 5230 689 5288; x_wconf 90' lang='lat' dir='ltr'><strong>dicit</strong></span> <span class='ocrx_word' id='word_1_766' title='bbox 716 5236 818 5290; x_wconf 90' lang='lat' dir='ltr'><strong>sibi</strong></span> <span class='ocrx_word' id='word_1_767' title='bbox 849 5240 1195 5295; x_wconf 88' lang='lat' dir='ltr'><strong>constitutum</strong></span> <span class='ocrx_word' id='word_1_768' title='bbox 1226 5258 1347 5299; x_wconf 88' lang='lat' dir='ltr'><strong>esse</strong></span> <span class='ocrx_word' id='word_1_769' title='bbox 1376 5258 1577 5320; x_wconf 23' lang='lat' dir='ltr'><strong>canere,</strong></span> <span class='ocrx_word' id='word_1_770' title='bbox 1602 5247 1765 5305; x_wconf 88' lang='lat' dir='ltr'><strong>Deum</strong></span> 
     </span>
    </p>
   </div>
   <div class='ocr_carea' id='block_1_101' title="bbox 186 5321 768 5397">
    <p class='ocr_par' dir='ltr' id='par_1_101' title="bbox 186 5321 768 5397">
     <span class='ocr_line' id='line_1_101' title="bbox 186 5321 768 5397; baseline 0.019 -26"><span class='ocrx_word' id='word_1_771' title='bbox 186 5321 367 5397; x_wconf 75' lang='lat' dir='ltr'><strong>omnia</strong></span> <span class='ocrx_word' id='word_1_772' title='bbox 399 5322 768 5381; x_wconf 88' lang='lat' dir='ltr'><strong>moderantem</strong></span> 
     </span>
    </p>
   </div>
   <div class='ocr_carea' id='block_1_102' title="bbox 314 5430 1519 5499">
    <p class='ocr_par' dir='ltr' id='par_1_102' title="bbox 314 5430 1519 5499">
     <span class='ocr_line' id='line_1_102' title="bbox 314 5430 1519 5499; baseline 0.017 -21"><span class='ocrx_word' id='word_1_773' title='bbox 314 5430 592 5499; x_wconf 49' lang='lat' dir='ltr'><strong>latumque</strong></span> <span class='ocrx_word' id='word_1_774' title='bbox 614 5436 806 5487; x_wconf 87' lang='lat' dir='ltr'><strong>alterno</strong></span> <span class='ocrx_word' id='word_1_775' title='bbox 828 5453 1062 5491; x_wconf 88' lang='lat' dir='ltr'><strong>consensu</strong></span> <span class='ocrx_word' id='word_1_776' title='bbox 1090 5443 1257 5493; x_wconf 79' lang='lat' dir='ltr'><strong>vivere</strong></span> <span class='ocrx_word' id='word_1_777' title='bbox 1291 5448 1519 5499; x_wconf 87' lang='lat' dir='ltr'><strong>mundum</strong></span> 
     </span>
    </p>
   </div>
   <div class='ocr_carea' id='block_1_103' title="bbox 314 5492 1454 5565">
    <p class='ocr_par' dir='ltr' id='par_1_103' title="bbox 314 5492 1454 5565">
     <span class='ocr_line' id='line_1_103' title="bbox 314 5492 1454 5565; baseline 0.014 -26"><span class='ocrx_word' id='word_1_778' title='bbox 314 5492 376 5565; x_wconf 54' lang='lat' dir='ltr'><strong>Et</strong></span> <span class='ocrx_word' id='word_1_779' title='bbox 396 5492 608 5565; x_wconf 70' lang='lat' dir='ltr'><strong>M&#39;t‘lbtﬂs</strong></span> <span class='ocrx_word' id='word_1_780' title='bbox 624 5502 713 5565; x_wconf 67' lang='lat' dir='ltr'><strong>agi</strong></span> <span class='ocrx_word' id='word_1_781' title='bbox 726 5514 873 5565; x_wconf 69' lang='lat' dir='ltr'><strong>sto-ru,</strong></span> <span class='ocrx_word' id='word_1_782' title='bbox 902 5515 1011 5550; x_wconf 90' lang='lat' dir='ltr'><strong>cum</strong></span> <span class='ocrx_word' id='word_1_783' title='bbox 1036 5492 1454 5565; x_wconf 15' lang='lat' dir='ltr'><strong>spiritusiunusﬂ&quot;</strong></span> 
     </span>
    </p>
   </div>
   <div class='ocr_carea' id='block_1_104' title="bbox 317 5554 1150 5624">
    <p class='ocr_par' dir='ltr' id='par_1_104' title="bbox 317 5554 1150 5624">
     <span class='ocr_line' id='line_1_104' title="bbox 317 5554 1150 5624; baseline 0.014 -22"><span class='ocrx_word' id='word_1_784' title='bbox 317 5554 416 5603; x_wconf 80' lang='lat' dir='ltr'><strong>Per</strong></span> <span class='ocrx_word' id='word_1_785' title='bbox 436 5557 619 5607; x_wconf 79' lang='lat' dir='ltr'><strong>vinctas</strong></span> <span class='ocrx_word' id='word_1_786' title='bbox 640 5554 833 5611; x_wconf 68' lang='lat' dir='ltr'><strong>Habitet‘</strong></span> <span class='ocrx_word' id='word_1_787' title='bbox 850 5554 1033 5624; x_wconf 77' lang='lat' dir='ltr'><strong>partes,</strong></span> <span class='ocrx_word' id='word_1_788' title='bbox 1057 5554 1150 5614; x_wconf 76' lang='lat' dir='ltr'><strong>etc.</strong></span> 
     </span>
    </p>
   </div>
   <div class='ocr_carea' id='block_1_105' title="bbox 264 5652 1770 5743">
    <p class='ocr_par' dir='ltr' id='par_1_105' title="bbox 264 5652 1770 5743">
     <span class='ocr_line' id='line_1_105' title="bbox 264 5652 1770 5743; baseline 0.008 -30"><span class='ocrx_word' id='word_1_789' title='bbox 264 5652 512 5729; x_wconf 55' lang='lat'><strong>1,1330}.</strong></span> <span class='ocrx_word' id='word_1_790' title='bbox 538 5656 665 5730; x_wconf 82' lang='lat' dir='ltr'><strong>Cap.</strong></span> <span class='ocrx_word' id='word_1_791' title='bbox 692 5659 739 5716; x_wconf 82' lang='lat' dir='ltr'><strong>i.</strong></span> <span class='ocrx_word' id='word_1_792' title='bbox 775 5660 1017 5733; x_wconf 39' lang='lat' dir='ltr'><strong>.Prorsus</strong></span> <span class='ocrx_word' id='word_1_793' title='bbox 1046 5664 1215 5733; x_wconf 73' lang='lat' dir='ltr'><strong>divina</strong></span> <span class='ocrx_word' id='word_1_794' title='bbox 1260 5668 1576 5737; x_wconf 83' lang='lat' dir='ltr'><strong>providentia</strong></span> <span class='ocrx_word' id='word_1_795' title='bbox 1618 5688 1770 5743; x_wconf 82' lang='lat' dir='ltr'><strong>regna</strong></span> 
     </span>
    </p>
   </div>
   <div class='ocr_carea' id='block_1_106' title="bbox 1859 4593 3428 4669">
    <p class='ocr_par' dir='ltr' id='par_1_106' title="bbox 1859 4593 3428 4669">
     <span class='ocr_line' id='line_1_106' title="bbox 1859 4593 3428 4669; baseline 0.004 -20"><span class='ocrx_word' id='word_1_796' title='bbox 1859 4604 1966 4650; x_wconf 88' lang='lat' dir='ltr'><strong>stra</strong></span> <span class='ocrx_word' id='word_1_797' title='bbox 2008 4593 2287 4648; x_wconf 82' lang='lat' dir='ltr'><strong>voluntate.</strong></span> <span class='ocrx_word' id='word_1_798' title='bbox 2322 4594 2519 4652; x_wconf 79' lang='lat' dir='ltr'><strong>Verum</strong></span> <span class='ocrx_word' id='word_1_799' title='bbox 2551 4606 2651 4663; x_wconf 90' lang='lat' dir='ltr'><strong>est,</strong></span> <span class='ocrx_word' id='word_1_800' title='bbox 2687 4600 2780 4655; x_wconf 89' lang='lat' dir='ltr'><strong>sed</strong></span> <span class='ocrx_word' id='word_1_801' title='bbox 2806 4598 2997 4654; x_wconf 88' lang='lat' dir='ltr'><strong>Cicero</strong></span> <span class='ocrx_word' id='word_1_802' title='bbox 3027 4609 3271 4669; x_wconf 76' lang='lat' dir='ltr'><strong>negasset</strong></span> <span class='ocrx_word' id='word_1_803' title='bbox 3299 4600 3428 4656; x_wconf 91' lang='lat' dir='ltr'><strong>illud</strong></span> 
     </span>
    </p>
   </div>
   <div class='ocr_carea' id='block_1_107' title="bbox 1860 4676 3446 4763">
    <p class='ocr_par' dir='ltr' id='par_1_107' title="bbox 1860 4676 3446 4763">
     <span class='ocr_line' id='line_1_107' title="bbox 1860 4676 3446 4763; baseline 0.004 -23"><span class='ocrx_word' id='word_1_804' title='bbox 1860 4685 1998 4756; x_wconf 89' lang='lat' dir='ltr'><strong>quod</strong></span> <span class='ocrx_word' id='word_1_805' title='bbox 2022 4687 2074 4740; x_wconf 91' lang='lat' dir='ltr'><strong>in</strong></span> <span class='ocrx_word' id='word_1_806' title='bbox 2103 4695 2285 4741; x_wconf 88' lang='lat' dir='ltr'><strong>nostra</strong></span> <span class='ocrx_word' id='word_1_807' title='bbox 2318 4688 2586 4761; x_wconf 87' lang='lat' dir='ltr'><strong>voluntate</strong></span> <span class='ocrx_word' id='word_1_808' title='bbox 2620 4676 3091 4763; x_wconf 43' lang='lat' dir='ltr'><strong>tuturum&#39;prtescit</strong></span> <span class='ocrx_word' id='word_1_809' title='bbox 3119 4690 3281 4755; x_wconf 89' lang='lat' dir='ltr'><strong>Deus,</strong></span> <span class='ocrx_word' id='word_1_810' title='bbox 3309 4705 3446 4753; x_wconf 45' lang='lat' dir='ltr'><strong>esse.</strong></span> 
     </span>
    </p>
   </div>
   <div class='ocr_carea' id='block_1_108' title="bbox 1864 4777 3425 4850">
    <p class='ocr_par' dir='ltr' id='par_1_108' title="bbox 1864 4777 3425 4850">
     <span class='ocr_line' id='line_1_108' title="bbox 1864 4777 3425 4850; baseline 0.002 -20"><span class='ocrx_word' id='word_1_811' title='bbox 1864 4777 1914 4830; x_wconf 88' lang='lat' dir='ltr'><strong>in</strong></span> <span class='ocrx_word' id='word_1_812' title='bbox 1947 4786 2122 4842; x_wconf 82' lang='lat' dir='ltr'><strong>nostra</strong></span> <span class='ocrx_word' id='word_1_813' title='bbox 2171 4787 2445 4847; x_wconf 84' lang='lat' dir='ltr'><strong>potestate;</strong></span> <span class='ocrx_word' id='word_1_814' title='bbox 2493 4778 2669 4846; x_wconf 88' lang='lat' dir='ltr'><strong>qualia</strong></span> <span class='ocrx_word' id='word_1_815' title='bbox 2716 4788 2840 4833; x_wconf 90' lang='lat' dir='ltr'><strong>sunt</strong></span> <span class='ocrx_word' id='word_1_816' title='bbox 2879 4788 3066 4845; x_wconf 90' lang='lat' dir='ltr'><strong>optare</strong></span> <span class='ocrx_word' id='word_1_817' title='bbox 3096 4779 3425 4850; x_wconf 81' lang='lat' dir='ltr'><strong>felicitatem,</strong></span> 
     </span>
    </p>
   </div>
   <div class='ocr_carea' id='block_1_109' title="bbox 1866 4868 3429 4938">
    <p class='ocr_par' dir='ltr' id='par_1_109' title="bbox 1866 4868 3429 4938">
     <span class='ocr_line' id='line_1_109' title="bbox 1866 4868 3429 4938; baseline 0.004 -17"><span class='ocrx_word' id='word_1_818' title='bbox 1866 4869 2265 4938; x_wconf 85' lang='lat' dir='ltr'><strong>perspicuisque</strong></span> <span class='ocrx_word' id='word_1_819' title='bbox 2293 4869 2576 4931; x_wconf 87' lang='lat' dir='ltr'><strong>assentiri;</strong></span> <span class='ocrx_word' id='word_1_820' title='bbox 2606 4884 2725 4936; x_wconf 70' lang='lat' dir='ltr'><strong>qua:</strong></span> <span class='ocrx_word' id='word_1_821' title='bbox 2753 4877 2873 4937; x_wconf 82' lang='lat' dir='ltr'><strong>sunt</strong></span> <span class='ocrx_word' id='word_1_822' title='bbox 2901 4868 3111 4936; x_wconf 84' lang='lat' dir='ltr'><strong>quidem</strong></span> <span class='ocrx_word' id='word_1_823' title='bbox 3157 4869 3208 4924; x_wconf 89' lang='lat' dir='ltr'><strong>in</strong></span> <span class='ocrx_word' id='word_1_824' title='bbox 3244 4874 3429 4927; x_wconf 87' lang='lat' dir='ltr'><strong>volun-</strong></span> 
     </span>
    </p>
   </div>
   <div class='ocr_carea' id='block_1_110' title="bbox 1866 4959 3428 5037">
    <p class='ocr_par' dir='ltr' id='par_1_110' title="bbox 1866 4959 3428 5037">
     <span class='ocr_line' id='line_1_110' title="bbox 1866 4959 3428 5037; baseline 0.003 -23"><span class='ocrx_word' id='word_1_825' title='bbox 1866 4968 1974 5015; x_wconf 86' lang='lat' dir='ltr'><strong>tate</strong></span> <span class='ocrx_word' id='word_1_826' title='bbox 2006 4967 2210 5029; x_wconf 82' lang='lat' dir='ltr'><strong>nostra,</strong></span> <span class='ocrx_word' id='word_1_827' title='bbox 2254 4961 2495 5025; x_wconf 79' lang='lat' dir='ltr'><strong>volentes</strong></span> <span class='ocrx_word' id='word_1_828' title='bbox 2523 4960 2665 5012; x_wconf 90' lang='lat' dir='ltr'><strong>enim</strong></span> <span class='ocrx_word' id='word_1_829' title='bbox 2715 4959 3039 5015; x_wconf 89' lang='lat' dir='ltr'><strong>assentimur</strong></span> <span class='ocrx_word' id='word_1_830' title='bbox 3072 4971 3127 5018; x_wconf 88' lang='lat' dir='ltr'><strong>et</strong></span> <span class='ocrx_word' id='word_1_831' title='bbox 3162 4965 3428 5037; x_wconf 88' lang='lat' dir='ltr'><strong>cupimus,</strong></span> 
     </span>
    </p>
   </div>
   <div class='ocr_carea' id='block_1_111' title="bbox 1866 5048 3433 5123">
    <p class='ocr_par' dir='ltr' id='par_1_111' title="bbox 1866 5048 3433 5123">
     <span class='ocr_line' id='line_1_111' title="bbox 1866 5048 3433 5123; baseline 0.003 -19"><span class='ocrx_word' id='word_1_832' title='bbox 1866 5048 1959 5105; x_wconf 88' lang='lat' dir='ltr'><strong>sed</strong></span> <span class='ocrx_word' id='word_1_833' title='bbox 1990 5064 2091 5102; x_wconf 88' lang='lat' dir='ltr'><strong>non</strong></span> <span class='ocrx_word' id='word_1_834' title='bbox 2119 5050 2173 5101; x_wconf 85' lang='lat' dir='ltr'><strong>in</strong></span> <span class='ocrx_word' id='word_1_835' title='bbox 2195 5057 2366 5119; x_wconf 87' lang='lat' dir='ltr'><strong>nostra</strong></span> <span class='ocrx_word' id='word_1_836' title='bbox 2390 5056 2656 5117; x_wconf 85' lang='lat' dir='ltr'><strong>potestate,</strong></span> <span class='ocrx_word' id='word_1_837' title='bbox 2684 5064 2803 5123; x_wconf 85' lang='lat' dir='ltr'><strong>cum</strong></span> <span class='ocrx_word' id='word_1_838' title='bbox 2828 5049 2879 5105; x_wconf 94' lang='lat' dir='ltr'><strong>in</strong></span> <span class='ocrx_word' id='word_1_839' title='bbox 2914 5056 3183 5110; x_wconf 86' lang='lat' dir='ltr'><strong>contraria</strong></span> <span class='ocrx_word' id='word_1_840' title='bbox 3208 5055 3433 5115; x_wconf 81' lang='lat' dir='ltr'><strong>irenon</strong></span> 
     </span>
    </p>
   </div>
   <div class='ocr_carea' id='block_1_112' title="bbox 1872 5139 2160 5211">
    <p class='ocr_par' dir='ltr' id='par_1_112' title="bbox 1872 5139 2160 5211">
     <span class='ocr_line' id='line_1_112' title="bbox 1872 5139 2160 5211; baseline -0.01 -15"><span class='ocrx_word' id='word_1_841' title='bbox 1872 5139 2160 5211; x_wconf 86' lang='lat' dir='ltr'><strong>possimus.</strong></span> 
     </span>
    </p>
   </div>
   <div class='ocr_carea' id='block_1_113' title="bbox 1946 5228 3437 5306">
    <p class='ocr_par' dir='ltr' id='par_1_113' title="bbox 1946 5228 3437 5306">
     <span class='ocr_line' id='line_1_113' title="bbox 1946 5228 3437 5306; baseline 0.007 -22"><span class='ocrx_word' id='word_1_842' title='bbox 1946 5231 2195 5297; x_wconf 84' lang='lat' dir='ltr'><strong>Quocirca</strong></span> <span class='ocrx_word' id='word_1_843' title='bbox 2223 5228 2366 5285; x_wconf 82' lang='lat' dir='ltr'><strong>nullo</strong></span> <span class='ocrx_word' id='word_1_844' title='bbox 2390 5230 2540 5286; x_wconf 85' lang='lat' dir='ltr'><strong>modo</strong></span> <span class='ocrx_word' id='word_1_845' title='bbox 2567 5234 2815 5303; x_wconf 80' lang='lat' dir='ltr'><strong>cogimur,</strong></span> <span class='ocrx_word' id='word_1_846' title='bbox 2863 5235 3035 5306; x_wconf 86' lang='lat' dir='ltr'><strong>inquit</strong></span> <span class='ocrx_word' id='word_1_847' title='bbox 3082 5237 3437 5306; x_wconf 82' lang='lat' dir='ltr'><strong>philosophus</strong></span> 
     </span>
    </p>
   </div>
   <div class='ocr_carea' id='block_1_114' title="bbox 1874 5318 3441 5390">
    <p class='ocr_par' dir='ltr' id='par_1_114' title="bbox 1874 5318 3441 5390">
     <span class='ocr_line' id='line_1_114' title="bbox 1874 5318 3441 5390; baseline 0.003 -17"><span class='ocrx_word' id='word_1_848' title='bbox 1874 5318 2096 5385; x_wconf 65' lang='lat' dir='ltr'><strong>Poenus,</strong></span> <span class='ocrx_word' id='word_1_849' title='bbox 2139 5326 2228 5372; x_wconf 89' lang='lat' dir='ltr'><strong>aut</strong></span> <span class='ocrx_word' id='word_1_850' title='bbox 2268 5328 2463 5373; x_wconf 89' lang='lat' dir='ltr'><strong>retenta</strong></span> <span class='ocrx_word' id='word_1_851' title='bbox 2487 5323 2806 5390; x_wconf 82' lang='lat' dir='ltr'><strong>prcescientia</strong></span> <span class='ocrx_word' id='word_1_852' title='bbox 2826 5322 2924 5378; x_wconf 89' lang='lat' dir='ltr'><strong>Dei</strong></span> <span class='ocrx_word' id='word_1_853' title='bbox 2947 5326 3123 5379; x_wconf 90' lang='lat' dir='ltr'><strong>tollere</strong></span> <span class='ocrx_word' id='word_1_854' title='bbox 3166 5324 3441 5385; x_wconf 81' lang='lat' dir='ltr'><strong>voluntatis</strong></span> 
     </span>
    </p>
   </div>
   <div class='ocr_carea' id='block_1_115' title="bbox 1873 5409 3411 5483">
    <p class='ocr_par' dir='ltr' id='par_1_115' title="bbox 1873 5409 3411 5483">
     <span class='ocr_line' id='line_1_115' title="bbox 1873 5409 3411 5483; baseline 0.005 -22"><span class='ocrx_word' id='word_1_855' title='bbox 1873 5409 2138 5462; x_wconf 87' lang='lat' dir='ltr'><strong>arbitrium</strong></span> <span class='ocrx_word' id='word_1_856' title='bbox 2168 5411 2285 5479; x_wconf 90' lang='lat' dir='ltr'><strong>(cur</strong></span> <span class='ocrx_word' id='word_1_857' title='bbox 2314 5425 2418 5465; x_wconf 92' lang='lat' dir='ltr'><strong>non</strong></span> <span class='ocrx_word' id='word_1_858' title='bbox 2449 5411 2595 5467; x_wconf 89' lang='lat' dir='ltr'><strong>addit</strong></span> <span class='ocrx_word' id='word_1_859' title='bbox 2616 5413 2827 5467; x_wconf 85' lang='lat' dir='ltr'><strong>liberum</strong></span> <span class='ocrx_word' id='word_1_860' title='bbox 2845 5414 2913 5483; x_wconf 87' lang='lat'><strong>?),</strong></span> <span class='ocrx_word' id='word_1_861' title='bbox 2941 5424 3030 5469; x_wconf 88' lang='lat' dir='ltr'><strong>aut</strong></span> <span class='ocrx_word' id='word_1_862' title='bbox 3048 5424 3236 5469; x_wconf 86' lang='lat' dir='ltr'><strong>retento</strong></span> <span class='ocrx_word' id='word_1_863' title='bbox 3257 5416 3411 5469; x_wconf 85' lang='lat' dir='ltr'><strong>volun</strong></span> 
     </span>
    </p>
   </div>
   <div class='ocr_carea' id='block_1_116' title="bbox 1873 5499 3411 5569">
    <p class='ocr_par' dir='ltr' id='par_1_116' title="bbox 1873 5499 3411 5569">
     <span class='ocr_line' id='line_1_116' title="bbox 1873 5499 3411 5569; baseline 0.004 -18"><span class='ocrx_word' id='word_1_864' title='bbox 1873 5499 1989 5569; x_wconf 88' lang='lat' dir='ltr'><strong>tatis</strong></span> <span class='ocrx_word' id='word_1_865' title='bbox 2012 5499 2224 5553; x_wconf 85' lang='lat' dir='ltr'><strong>arbitrio</strong></span> <span class='ocrx_word' id='word_1_866' title='bbox 2238 5500 2561 5566; x_wconf 87' lang='lat' dir='ltr'><strong>(addendum</strong></span> <span class='ocrx_word' id='word_1_867' title='bbox 2583 5510 2697 5556; x_wconf 88' lang='lat' dir='ltr'><strong>erat</strong></span> <span class='ocrx_word' id='word_1_868' title='bbox 2716 5502 2895 5569; x_wconf 83' lang='lat' dir='ltr'><strong>libero,</strong></span> <span class='ocrx_word' id='word_1_869' title='bbox 2925 5504 3027 5558; x_wconf 90' lang='lat' dir='ltr'><strong>hoc</strong></span> <span class='ocrx_word' id='word_1_870' title='bbox 3054 5511 3137 5558; x_wconf 88' lang='lat' dir='ltr'><strong>est</strong></span> <span class='ocrx_word' id='word_1_871' title='bbox 3158 5504 3211 5558; x_wconf 90' lang='lat' dir='ltr'><strong>in</strong></span> <span class='ocrx_word' id='word_1_872' title='bbox 3237 5514 3411 5559; x_wconf 87' lang='lat' dir='ltr'><strong>utram</strong></span> 
     </span>
    </p>
   </div>
   <div class='ocr_carea' id='block_1_117' title="bbox 1873 5588 3440 5667">
    <p class='ocr_par' dir='ltr' id='par_1_117' title="bbox 1873 5588 3440 5667">
     <span class='ocr_line' id='line_1_117' title="bbox 1873 5588 3440 5667; baseline 0.01 -31"><span class='ocrx_word' id='word_1_873' title='bbox 1873 5600 1976 5655; x_wconf 87' lang='lat' dir='ltr'><strong>que</strong></span> <span class='ocrx_word' id='word_1_874' title='bbox 2007 5595 2209 5653; x_wconf 89' lang='lat' dir='ltr'><strong>partem</strong></span> <span class='ocrx_word' id='word_1_875' title='bbox 2261 5588 2469 5658; x_wconf 84' lang='lat' dir='ltr'><strong>ﬂexili),</strong></span> <span class='ocrx_word' id='word_1_876' title='bbox 2526 5589 2712 5659; x_wconf 84' lang='lat' dir='ltr'><strong>Deum,</strong></span> <span class='ocrx_word' id='word_1_877' title='bbox 2754 5591 2891 5657; x_wconf 82' lang='lat' dir='ltr'><strong>quod</strong></span> <span class='ocrx_word' id='word_1_878' title='bbox 2939 5592 3084 5659; x_wconf 80' lang='lat' dir='ltr'><strong>nefas</strong></span> <span class='ocrx_word' id='word_1_879' title='bbox 3127 5603 3218 5659; x_wconf 86' lang='lat' dir='ltr'><strong>est,</strong></span> <span class='ocrx_word' id='word_1_880' title='bbox 3264 5610 3440 5667; x_wconf 64' lang='lat' dir='ltr'><strong>negare</strong></span> 
     </span>
    </p>
   </div>
   <div class='ocr_carea' id='block_1_118' title="bbox 1875 5675 3440 5755">
    <p class='ocr_par' dir='ltr' id='par_1_118' title="bbox 1875 5675 3440 5755">
     <span class='ocr_line' id='line_1_118' title="bbox 1875 5675 3440 5755; baseline 0.006 -28"><span class='ocrx_word' id='word_1_881' title='bbox 1875 5675 2155 5749; x_wconf 17' lang='lat' dir='ltr'><strong>praevium,</strong></span> <span class='ocrx_word' id='word_1_882' title='bbox 2199 5678 2508 5755; x_wconf 79' lang='lat' dir='ltr'><strong>futurorum.</strong></span> <span class='ocrx_word' id='word_1_883' title='bbox 2568 5680 2675 5737; x_wconf 82' lang='lat' dir='ltr'><strong>Sed</strong></span> <span class='ocrx_word' id='word_1_884' title='bbox 2746 5692 3012 5755; x_wconf 87' lang='lat' dir='ltr'><strong>utrumque</strong></span> <span class='ocrx_word' id='word_1_885' title='bbox 3070 5685 3440 5755; x_wconf 76' lang='lat' dir='ltr'><strong>amplectimur,</strong></span> 
     </span>
    </p>
   </div>
  </div>
