3900 6328
470 369 566 425 467

1352 361 1899 420 SUPPLEMENTUM
1939 362 2030 419 AD
2080 364 2305 419 OPERA
2346 363 2404 419 S.
2445 363 2835 422 AUGUSTINI.

3620 365 3721 423 £68

474 494 743 553 utrumque
765 482 981 550 ﬁdeliter
1002 487 1047 534 et
1068 478 1306 533 veraciter
1332 478 1664 545 confitemur;
1693 477 1822 530 illud
1845 488 1896 530 ut
1919 476 2041 547 bene
2068 484 2116 542 Α
2144 479 2439 557 redderetur
2474 460 2673 533 merces
2709 453 2853 531 bonis
2909 476 3101 555 artibus
3146 492 3318 556 eorum
3344 517 3375 561 ,χ
3423 480 3477 528 id
3532 488 3603 532 cst
3627 481 3720 531 vir-

473 576 779 636 credamus;
816 573 911 625 hoc
937 579 989 624 ut
1021 571 1144 625 bene
1182 570 1429 624 vivamus.
1482 568 1623 622 Male
1651 562 1819 623 autem
1846 568 2047 632 rivitur,

472 666 513 715 si
546 661 609 713 de
631 659 742 715 Deo
792 677 892 714 non
920 661 1042 715 bene
1080 650 1324 714 creditur.
1370 658 1643 714 Postrema
1679 650 2063 713 hmc'libenter‘

468 747 869 817 amplectimur,
901 749 993 803 sed
1021 750 1066 804 si
1089 749 1277 804 Cicero
1306 748 1569 803 excitatus
1590 742 1661 803 ex'
1682 762 1811 801 orco
1834 734 2045 812 fuisset,

468 847 562 892 aut
594 839 637 892 si
665 837 1046 893 Ciceronianus
1090 838 1281 909 aliquis
1320 829 1669 907 philosophus
1720 830 2051 902 reposuisset

470 928 797 998 Augustino,
829 938 1076 996 negasset
1113 928 1180 982 ab
1213 927 1508 997 Augustino
1554 926 1772 981 retineri
1821 925 2047 981 liberum

470 1018 783 1083 arbitrium;
817 1018 957 1087 quod
984 1034 1079 1072 nec
1103 1018 1188 1071 ille
1214 1016 1489 1081 dilfitetur,
1521 1014 1812 1071 cum'extra
1836 1027 2052 1071 contro-

473 1109 672 1163 versia:
700 1117 887 1163 mstum
920 1108 1171 1178 loquitur.
1206 1106 1340 1162 Vide
1366 1106 1703 1162 Enchiridion
1731 1106 1794 1160 ad
1819 1106 2052 1162 Lauren-

475 1202 608 1255 tium
631 1217 750 1271 eap.
784 1202 867 1265 30,
897 1202 948 1255 in
979 1212 1122 1256 tonio
1147 1201 1231 1256 Vl.

550 1292 726 1361 Pergit
762 1311 772 1344 :
802 1294 1027 1346 Proinde
1054 1310 1153 1346 non
1179 1294 1369 1361 {rustra
1397 1303 1514 1347 sunt
1548 1292 1702 1362 leges,
1739 1293 2054 1365 objurgatio-

479 1400 587 1449 nes,
629 1384 1024 1448 exhortationes,
1081 1384 1257 1437 laudes
1307 1391 1351 1437 et
1402 1372 1826 1453 vituperationes;
1859 1383 1978 1453 quia
2010 1391 2057 1436 ct

479 1480 616 1543 ipsas
645 1478 846 1542 futuras
872 1492 978 1529 esse
1004 1477 1253 1541 prtescivit
1276 1484 1320 1529 et
1348 1476 1513 1530 valent
1557 1460 1854 1545 plurimum,
1894 1468 2071 1541 qua}?

486 1579 590 1621 tum
621 1584 704 1621 cas
731 1569 976 1621 valituros
1015 1584 1123 1621 csse
1162 1564 1443 1639 prtescivit‘;
1490 1576 1535 1620 et
1578 1572 1746 1635 preces
1784 1566 1949 1619 valent
1989 1565 2057 1618 ad

484 1677 549 1713 ea
580 1661 927 1727 impetranda;
975 1675 1089 1727 qua:
1117 1675 1168 1712 se
1204 1655 1525 1727 precantibus
1562 1672 1923 1711 concessurum
1952 1672 2058 1710 esse

483 1751 727 1808 pra’scivit
750 1765 767 1811 ;
795 1760 842 1803 et
860 1752 998 1818 juste
1023 1751 1233 1820 prtemia
1259 1752 1400 1804 bonis
1423 1749 1595 1820 factis,
1621 1758 1669 1803 et
1698 1748 1917 1819 peccatis
1941 1765 2062 1819 sup-

2153 556 2339 620 tntibus
2363 568 2543 635 quibus
2563 568 2635 620 ad
2652 556 2845 619 tantam
2866 560 3079 635 giarium
3102 556 3715 641 pervenirenitebantur}

2150 642 2321 713 Antea
2349 666 2525 711 tamen
2555 654 2790 712 Ostendit
2818 670 2909 710 eas
2940 655 3164 709 virtutes
3190 648 3360 709 fuisse
3384 653 3533 710 mera
3556 656 3683 711 vitia'
3699 675 3715 724 ;

2151 762 2297 812 nam,
2321 758 2373 800 ut
2402 747 2475 801 ait
2498 762 2615 815 cap.
2648 747 2736 812 l3,
2766 761 2920 799 causa
2954 745 3183 807 honoris,
3232 745 3404 798 laudis
3436 740 3490 798 et
3530 730 3727 816 glorise,

2152 837 2515 891 consuluerunt
2536 837 2735 903 patrne,
2750 836 2804 888 in
2834 851 2935 905 qua
2956 835 3119 905 ipsam
3146 833 3362 904 gloriam
3388 837 3570 903 requir.
3588 838 3729 897 bant.

2151 926 2470 997 salutemque
2490 929 2599 990 cius
2629 925 2787 979 saluti
2812 925 2994 995 patria:
3021 941 3317 995 prtcponere
3345 943 3447 978 non
3474 926 3728 982 dubitave-

2152 1006 2304 1081 runt;
2332 1033 2425 1086 pro
2456 1016 2550 1069 ista
2580 1032 2679 1068 uno
2700 1016 2838 1075 vitio,
2883 1014 2938 1067 id
2966 1024 3037 1069 est
3075 1031 3248 1068 amore
3274 1015 3470 1081 laudis,
3512 1022 3731 1084 pecunia

2153 1106 2482 1174 cupiditatem
2531 1112 2578 1157 et
2638 1104 2796 1157 multa
2846 1105 2950 1157 alia
2999 1105 3119 1157 vitia
3166 1098 3572 1174 comprimentes.
3619 1107 3737 1161 Sed”

2158 1202 2445 1265 propterea
2470 1194 2609 1249 Deus
2624 1194 2688 1247 iis
2707 1195 2981 1247 mercedem
3002 1209 3106 1247 non
3119 1194 3321 1258 debuit,
3337 1180 3740 1266 praestari-tque

2156 1285 2335 1339 dicere
2358 1285 2521 1340 Deum
2546 1299 2757 1353 passum
2780 1299 2917 1349 esse,
2943 1297 3026 1338 au:
3055 1285 3213 1337 etiam
3230 1290 3394 1339 certis
3425 1284 3487 1339 de
3512 1287 3723 1339 rationi-

2156 1378 2280 1445 bus,
2307 1377 2397 1431 sed
2431 1377 2584 1431 nobis
2606 1376 2820 1445 ignotis,
2853 1378 3090 1431 voluisse
3119 1384 3176 1430 ut
3202 1391 3382 1430 rerum
3419 1377 3723 1445 potirentur,

2162 1465 2336 1538 potius
2362 1480 2519 1539 quam
2536 1466 2681 1519 alius
2705 1464 2965 1535 populus.
2982 1464 3098 1541 Duo
3125 1472 3382 1541 praeterea
3417 1452 3480 1526 ad
3512 1466 3623 1519 huic
3644 1482 3729 1519 ae-

2160 1554 2392 1623 c'edunt,
2436 1548 2841 1627 qUorum'p'rius
2879 1545 2962 1609 est
3006 1540 3253 1625 antiquos
3304 1540 3569 1609 Romanos
3602 1558 3726 1611 tales

2161 1660 2267 1713 non
2303 1644 2467 1700 fuisse
2502 1646 2685 1714 quales
2725 1644 3011 1714 aliquando
3044 1660 3071 1697 a
3104 1644 3387 1714 nepotibus
3419 1646 3721 1700 describun-

2163 1745 2270 1804 tur,
2312 1737 2453 1807 quod
2491 1736 2879 1791 demonstravit
2925 1736 3041 1805 ipse
3088 1738 3416 1807 Augustinus
3454 1738 3545 1793 lib.
3577 1755 3635 1807 tt,
3664 1740 3724 1793 ad

484 1842 644 1909 plicia
668 1842 943 1895 constituta
972 1852 1107 1896 sunt.
1163 1842 1396 1911 Utraque
1450 1851 1629 1896 essent
1669 1840 1898 1909 injuste,
1949 1840 1991 1894 si
2030 1854 2059 1893 a

2167 1844 2322 1901 quem
2370 1831 2528 1884 etiam
2579 1829 2779 1898 aliquid
2824 1845 2886 1885 ea
2916 1829 2984 1883 de
3013 1845 3070 1885 re
3098 1830 3351 1885 diximus.
3383 1832 3618 1886 Alterum
3651 1844 3726 1888 est

486 1932 642 1987 bonis
670 1931 823 1985 lactis
845 1940 899 1985 et
931 1926 1160 2000 peccatis
1180 1931 1449 1986 abstinere
1470 1947 1573 1986 non
1599 1931 1766 2000 magis
1788 1945 2064 2000 possemus

487 2036 647 2091 quam
689 2022 752 2075 ab
792 2030 1013 2077 assensu
1060 2022 1350 2091 prtebendo
1401 2021 1632 2075 evidenti
1682 2020 2063 2101 enuntiatioui,

489 2121 583 2166 aut
612 2127 638 2165 a
666 2112 1090 2179 concupiscenda
1121 2112 1472 2168 beatitudine.
1504 2112 1732 2179 Reliqua
1761 2096 2066 2167 etiaut‘ideo

499 2218 608 2257 non
645 2202 839 2256 frustra
869 2212 1012 2268 sunt,
1041 2203 1182 2270 quod
1221 2203 1463 2257 homines
1493 2202 1600 2256 sint
1633 2201 1811 2267 liberi,
1843 2203 1941 2254 hoc
1963 2209 2060 2266 est,

489 2307 597 2345 non
650 2301 851 2344 tantum
902 2292 1121 2344 calentes
1171 2301 1412 2358 peccent,
1450 2288 1601 2344 mens
1639 2292 1783 2344 enim
1839 2292 2066 2344 humana

491 2394 600 2432 non
623 2380 777 2432 aliter
802 2394 959 2446 quam
986 2379 1215 2434 volendo
1241 2381 1367 2449 agit,
1395 2380 1488 2435 sed
1511 2381 1676 2434 etiam
1697 2380 1885 2445 libere,
1914 2382 1983 2433 ita
2010 2389 2067 2433 ut

491 2469 635 2523 nolle
662 2469 928 2536 potuerint
962 2469 1098 2539 quod
1123 2470 1425 2545 voluerunt,
1458 2478 1512 2524 et
1535 2469 1673 2524 velte
1711 2470 1852 2539 quod
1883 2470 2066 2523 nolue-

492 2568 637 2611 t‘ttnt.
682 2559 878 2628 Legum
911 2574 1041 2627 quas
1081 2560 1221 2614 Deus
1267 2560 1367 2614 lert
1416 2556 1681 2614 creaturis
1731 2560 1913 2615 liberis
1958 2575 2062 2613 non

492 2660 573 2702 est
605 2652 740 2705 ratio
769 2650 1098 2719 prmsci'entia
1120 2690 1135 2716 ,
1175 2651 1267 2706 sed
1312 2650 1609 2706 sanctitatis
1637 2647 1728 2705 Dei
1762 2658 1815 2706 et
1838 2642 2068 2705 creatu-

491 2753 673 2792 rarum
702 2738 943 2794 libertas.
1158 2748 1161 2757 ‘
1474 2736 1477 2741 ’
1656 2782 1671 2794 .
2064 2742 2069 2748 ’

563 2827 743 2899 Neque
773 2830 903 2883 enim
930 2831 1044 2885 ideo
1074 2840 1246 2903 peccat
1270 2832 1441 2895 homo,
1476 2834 1593 2899 quia
1620 2830 1753 2885 Deus
1778 2830 1921 2885 illum
1949 2848 2065 2899 pec-

492 2930 725 2972 caturum
757 2937 862 2974 esse
888 2923 1158 2990 ρνωετὶιιὶι.
1198 2922 1434 2976 Melioris
1464 2931 1602 2976 nuta:
1647 2922 1878 2987 codices,
1908 2931 1962 2976 ut
1995 2932 2067 2977 te.

493 3022 705 3065 Slallllﬂ‘
744 3012 1106 3080 Beucdietini,
1174 3012 1367 3067 habent
1413 3014 1498 3067 hic
1532 3032 1541 3064 :
1587 3013 1768 3083 Neque
1796 3017 1924 3068 enim
1956 3015 2070 3067 ideo

490 3118 592 3154 non
621 3112 809 3170 peccat.
847 3104 951 3156 Sed
979 3104 1176 3170 duplex
1210 3103 1323 3158 hac
1360 3106 1570 3172 negatio
1600 3100 1719 3173 plus
1757 3120 1866 3159 non
1910 3105 2079 3159 vide!

2164 1920 2367 1974 vicinas
2416 1931 2602 1990 gentes
2648 1920 2835 1986 Italiae,
2888 1922 3165 1976 autetiam
3202 1920 3445 1986 Graec-ias,
3479 1923 3725 1992 aliasque,

2167 2026 2298 2080 quas
2330 2024 2630 2066 memorare
2658 2012 2789 2065 nihil
2821 2011 3027 2077 atti;.et,
3078 2006 3406 2082 nequaquam
3426 2008 3729 2069 deteriores

2167 2101 2329 2157 fuisse
2350 2114 2506 2171 quam
2528 2111 2736 2157 veteres
2759 2102 3048 2167 Romanos,
3071 2102 3136 2156 ad
3168 2118 3343 2157 mores
3370 2104 3508 2173 ῳιυι]
3529 2084 3739 2169 πιιίωειξ

2166 2206 2230 2246 ac
2262 2190 2485 2261 proinde
2518 2190 2628 2246 Deo
2655 2191 2974 2261 ingratiores
3006 2188 3324 2246 nou‘luissc.
3616 2188 3625 2193 ’

2200 2286 2204 2289 Α
2238 2284 2364 2353 Cap.
2398 2285 2480 2337 l7.
2511 2282 2763 2353 Nunquid
2792 2301 2891 2338 non
2923 2285 3071 2337 multi
3096 2296 3354 2338 senatores
3382 2286 3591 2351 sunt,in
3620 2286 3731 2338 aliis

2168 2373 2334 2435 terris,
2367 2374 2453 2438 qui
2481 2373 2699 2427 Romam
2729 2391 2789 2427 ne
2818 2375 2947 2442 facie
2971 2375 3173 2444 quidem
3208 2375 3452 2448 norunt?j
3490 2375 3599 2429 Non
3642 2364 3745 2429 [ιιι-Ἀ

2167 2478 2289 2517 vum
2322 2463 2422 2518 hoc
2452 2463 2548 2518 fuit
2583 2473 2824 2533 tempore
2868 2466 3169 2534 Augustini,
3194 2466 3302 2535 jam
3331 2475 3571 2535 tempore
3588 2465 3729 2522 Clau-

2168 2554 2260 2619 dii,
2297 2554 2626 2609 cum'Gallia:
2652 2553 2890 2611 Comata:
2915 2556 3106 2612 incola:
3138 2558 3370 2622 honores
3385 2558 3487 2629 sibi
3518 2558 3735 2629 concedi

2172 2646 2354 2699 Romae
2384 2646 2735 2715 postularent,
2770 2632 2926 2716 vulgo
2956 2647 3070 2701 Itali
3102 2640 3431 2717 qumrebant,
3464 2642 3541 2702 An
3564 2636 3737 2717 μαίων(

2170 2740 2306 2808 quod
2338 2739 2515 2793 Veneti
2538 2748 2584 2792 et
2616 2738 2853 2793 Insubres
2884 2738 3090 2793 Curiam
3126 2742 3425 2810 irrepet-int,
3470 2741 3567 2794 nisi
3588 2723 3741 2795 certus.

2171 2829 2574 2899 alienigenarum
2620 2830 2778 2884 veluti
2826 2831 3088 2899 captivitas
3151 2832 3479 2901 inferretur?
3527 2831 3733 2886 Tacitus

2172 2918 2363 2975 Annal.
2392 2921 2482 2975 illi.
2520 2920 2597 2986 sit,
2623 2920 2741 2989 ca'p.
2775 2922 2867 2976 25.
3296 2920 3299 2925 ⁴

2243 3012 2405 3066 Lmen
2435 3027 2504 3064 vi.
2538 3011 2668 3079 Cap.
2703 3006 2755 3075 l,
2803 3011 2829 3083 §
2868 3012 2922 3064 Ξ.
2966 3015 3041 3066 An
3085 3029 3198 3067 vero
3236 3012 3314 3067 illi
3360 3014 3657 3082 peritissimi
3690 3024 3733 3067 et

2171 3102 2452 3157 acutissimi
2477 3104 2594 3169 viri,
2638 3103 2727 3171 qui
2767 3120 2820 3157 se
2856 3121 2947 3171 pro
2973 3098 3156 3173 magno
3184 3094 3433 3173 bene/icio
3455 3100 3739 3176 conscripta,

490 3202 576 3243 tur
605 3190 779 3243 valere
819 3206 974 3259 quam
1009 3207 1142 3256 una;
1170 3206 1271 3260 qua
1302 3190 1369 3247 de
1396 3209 1453 3247 re
1484 3194 1605 3247 vide
1644 3193 1871 3248 Gerard.
1903 3195 2055 3251 Joan.
2089 3180 2133 3241 Ο
2166 3199 2396 3251 docuisse
2420 3194 2955 3269 gloriattluerarrO,
3003 3198 3069 3251 de
3094 3211 3197 3265 quo
3224 3198 3333 3267 egit
3368 3199 3460 3254 lib.
3504 3216 3572 3282 iv,
3616 3215 3725 3280 cap.

490 3278 761 3343 Vossium,
796 3278 861 3333 de
892 3282 1018 3335 Arte
1046 3285 1389 3350 grammatica
1427 3284 1517 3338 lib.
1553 3299 1783 3355 vn,eap.
1819 3285 1908 3340 61.
1956 3285 2064 3341 Aut

490 3378 573 3423 est
599 3369 763 3422 altera
790 3372 1003 3441 negatio
1033 3376 1277 3442 ponenda
1308 3374 1359 3427 in
1390 3366 1761 3444 sequentibus,
1784 3378 1905 3445 quia
1930 3377 2063 3432 Deus

488 3462 638 3516 illum
659 3480 759 3516 non
787 3475 1111 3536 peccaturum
1147 3483 1251 3520 esse
1283 3469 1552 3536 pra’scirit.
1587 3468 1932 3523 Verissimum
1964 3470 2065 3525 huc

489 3560 594 3618 est,
620 3555 712 3609 sed
748 3557 1073 3624 reposuisset
1101 3556 1484 3612 Ciceronianus
1521 3559 1662 3624 ideo,
1692 3574 1758 3613 ex
1781 3560 2063 3629 Augustini

489 3645 759 3699 sententia
792 3646 1060 3703 hominem
1110 3650 1533 3718 peccare,‘quod
1570 3642 1671 3703 non
1702 3651 1931 3723 potuerit
1958 3666 2063 3705 non

489 3750 733 3803 peccare,
756 3738 1047 3807 eademque
1068 3737 1135 3791 de
1150 3754 1308 3792 causa
1325 3741 1425 3792 hoc
1439 3731 1683 3807 praescire
1701 3740 1899 3805 Deum;
1923 3725 2077 3809 quod

488 3830 687 3897 aliOqui
715 3844 817 3881 non
854 3830 1146 3895 praesciret,
1179 3831 1222 3882 si
1249 3830 1469 3882 liberum
1497 3838 1657 3882 esset.
1679 3829 1785 3883 Nec
1809 3830 2065 3885 evaderet

488 3918 595 3967 vim
626 3917 921 3982 argumenti
944 3917 1299 3979 Ciceroniani,
1330 3916 1674 3985 sequentibus
1696 3918 1871 3974 verbis
1902 3937 1915 3972 :
1946 3918 2063 3975 Into

489 4004 602 4056 ideo
627 4018 727 4054 non
773 4002 1035 4056 dubitatur
1079 4004 1245 4072 ipsum
1270 4021 1480 4074 peccare
1506 4045 1520 4070 ,
1550 4022 1666 4059 cum
1714 4018 1912 4075 peccat,
1943 4010 2062 4079 quia

489 4090 577 4141 ille
604 4092 750 4155 cuius
771 4091 1091 4159 prwscienlia
1118 4092 1231 4162 falli
1258 4108 1359 4147 non
1387 4102 1570 4163 potest,
1602 4110 1701 4147 non
1742 4098 1924 4164 fatum,
1960 4112 2062 4150 non

489 4180 770 4246 fortunam,
800 4196 898 4232 non
944 4174 1141 4251 aliquid
1184 4182 1350 4248 aliud,
1376 4184 1482 4237 “sed
1523 4186 1693 4253 ipsum
1738 4180 2077 4255 peccaturum

491 4284 600 4322 esse
625 4270 891 4338 prwscivit.
922 4270 1052 4325 Nam
1086 4287 1271 4327 verum
1296 4289 1401 4328 non
1431 4285 1532 4338 cst,
1574 4267 1814 4329 idco’nos
1841 4271 2084 4355 credere”

487 4367 714 4428 peccare
738 4362 1001 4427 homines,
1030 4364 1147 4433 quia
1172 4365 1312 4418 Deus
1346 4365 1445 4418 hoc
1475 4367 1771 4433 prmseivit;
1805 4367 1924 4422 ideo
1945 4382 2061 4423 cre-

489 4454 666 4509 dimus
688 4455 807 4522 quia
840 4455 1078 4510 \idetnus
1101 4455 1167 4508 ab
1197 4454 1260 4508 iis
1291 4455 1433 4525 leges
1460 4456 1666 4512 divinas
1696 4459 1972 4529 perfringi,
2008 4469 2061 4513 et

2164 3287 2279 3357 22),
2313 3298 2363 3340 ut
2402 3288 2617 3340 sciretur
2636 3304 2792 3355 quare
2827 3289 3007 3356 cuique
3034 3288 3126 3340 deo
3157 3286 3547 3357 supplicandum
3588 3299 3733 3363 esset,

2165 3377 2289 3447 quid
2319 3395 2348 3429 a
2387 3394 2579 3446 quoque
2611 3387 2735 3429 esset
2766 3378 3057 3447 petendum,
3103 3394 3165 3430 ne
3213 3378 3527 3432 absurditate
3554 3381 3724 3446 turpis

2165 3472 2316 3533 sima,
2346 3469 2511 3537 qualis
2527 3469 2830 3539 joculariter
2856 3471 2907 3521 in
2932 3470 3085 3522 ntimo
3113 3470 3225 3538 ﬁeri
3246 3470 3388 3535 solet,
3425 3483 3665 3541 peteretur
3697 3489 3724 3522 a

2166 3558 2346 3612 Libero
2368 3574 2517 3627 aqua,
2542 3576 2571 3611 a
2595 3556 2838 3627 Lymphis
2866 3559 3033 3611 vinum
3048 3575 3067 3621 ;
3089 3566 3319 3614 auctores
3344 3572 3489 3615 erum
3518 3562 3723 3631 cuipiam

2166 3651 2433 3703 hominum
2455 3651 2553 3703 diis
2580 3632 3309 3718 immortalibussupplicanti,
3333 3662 3387 3705 ut
3409 3668 3523 3706 cum
3544 3670 3576 3705 a
3593 3652 3725 3723 Lym-

2166 3739 2282 3807 p‘his
2310 3739 2511 3808 petierit
2539 3740 2741 3806 vinum,
2786 3741 2929 3809 eique
2972 3742 3324 3808 responderint
3352 3758 3371 3796 :
3404 3741 3515 3797 Nos
3554 3761 3729 3814 aquam

2166 3822 2424 3893 habemus,
2454 3829 2553 3901 hoc
2576 3845 2607 3882 a
2634 3829 2815 3884 Libero
2857 3839 3007 3901 pete;
3042 3833 3198 3898 passit
3242 3844 3375 3887 recte
3413 3836 3579 3890 dicere
3621 3851 3639 3890 :
3676 3836 3747 3902 Si,

2164 3920 2335 3973 vinum
2363 3932 2465 3972 non
2496 3919 2711 3987 habetis,
2739 3918 2919 3975 saltem
2943 3918 3061 3975 date
3109 3924 3235 3977 mihi
3264 3926 3416 3978 vitam
3442 3927 3749 4003 internuntii}.

2167 4007 2307 4062 Editi
2337 4007 2459 4064 libri
2486 4008 2752 4064 habebant
2797 4009 3076 4083 Nymphis,
3127 4013 3221 4069 sed
3263 4003 3393 4074 mss.
3432 4027 3732 4089 constanter

2165 4095 2434 4168 Lymphis,
2477 4094 2533 4153 ut
2552 4099 2842 4155 observant
2875 4094 3227 4158 Behedietini.
3261 4105 3365 4160 Eas
3402 4093 3562 4164 voces
3591 4104 3730 4180 sape

2166 4189 2380 4243 misceri
2414 4190 2464 4244 in
2493 4190 2725 4260 antiquis
2748 4190 2900 4246 libris
2933 4203 3261 4250 monuerunt
3296 4196 3393 4251 viri
3444 4196 3729 4254 doctissimi

2166 4278 2416 4334 Nicolaus
2467 4280 2739 4351 lleinsius,
2787 4284 2854 4338 ad
2901 4284 3055 4355 epist.
3109 4286 3347 4343 OEnence
3389 4289 3454 4344 ad
3494 4289 3725 4347 Paridem

2167 4385 2308 4427 vers.
2338 4369 2427 4438 51,
2469 4380 2522 4427 et
2549 4372 2720 4428 Janus
2771 4373 3119 4431 Brmkhusius
3156 4378 3221 4432 ad
3259 4378 3596 4448 Propertium
3642 4382 3725 4435 lib.

2164 4476 2244 4526 ιιι,
2276 4462 2414 4550 eleg.
2452 4461 2540 4526 Η,
2568 4462 2622 4515 4.
2655 4462 2751 4541 Hie
2797 4474 2968 4518 tamen
3000 4466 3126 4533 puto
3165 4482 3358 4523 revera
3387 4470 3738 4550 Augustinum.

488 4546 684 4600 conscii
723 4545 880 4599 nobis
924 4561 1127 4610 sumus,
1164 4547 1229 4599 ab
1266 4546 1329 4599 iis
1375 4547 1613 4616 patuisse
1644 4563 1748 4602 non
1781 4549 2057 4619 perfringi,
2093 4537 2141 4598 Ι)
2166 4548 2450 4621 scripsisse
2502 4537 2763 4622 Lymphas
2792 4592 2808 4619 ,
2856 4552 2979 4622 quia
3023 4570 3142 4610 cum
3191 4549 3453 4629 Nymphre
3478 4537 3723 4616 dicantur

488 4637 683 4705 quippe
714 4638 803 4705 qui
827 4634 1357 4706 ejusdemdibertatis
1380 4638 1663 4706 participes
1687 4650 1809 4692 sunt
1846 4654 1908 4693 ac
1938 4656 2057 4695 nos.

495 4727 595 4792 Qui
617 4726 661 4779 si
683 4729 826 4793 nol‘t,
862 4728 1033 4795 inquit
1062 4727 1273 4780 tandem
1304 4726 1606 4780 Carneades
1655 4735 1856 4791 noster,
1889 4729 2062 4795 utique

488 4831 591 4867 non
617 4827 818 4884 peccat;
843 4818 929 4869 sed
955 4818 998 4871 si
1025 4832 1232 4885 peccare
1252 4816 1489 4880 noluerit,
1506 4810 1674 4869 etiam
1702 4815 1796 4869 ltoc
1818 4816 1905 4871 ille
1924 4833 2058 4887 prte-

487 4902 655 4955 scivit.
706 4903 862 4958 Certe
886 4901 930 4959 si
960 4907 1085 4960 nolit
1129 4907 1308 4967 homo,
1339 4920 1441 4959 non
1486 4900 1696 4973 peccat;
1724 4906 1819 4959 sed
1851 4917 2063 4973 Oportet

480 5004 537 5046 ut
568 4993 738 5061 possit
765 4996 901 5049 velle
931 5012 993 5049 ac
1018 4999 1176 5062 nolle,
1210 5008 1264 5051 ut
1295 4999 1366 5051 sit
1402 5000 1601 5066 peccati
1633 5012 1830 5065 capax;
1878 4992 2063 5057 osten-

479 5078 828 5150 dendumque
873 5082 1060 5148 fuerat,
1109 5096 1292 5139 contra
1328 5086 1664 5154 Ciceronem,
1704 5087 1869 5142 Deum
1902 5103 2060 5156 posse

482 5173 741 5243 praescire
771 5171 822 5224 id
854 5172 1088 5226 fnturutn
1121 5178 1261 5243 quod
1308 5180 1501 5243 poterit
1533 5178 1673 5234 nolle
1705 5181 1750 5232 is
1780 5181 1868 5248 qui
1902 5181 2061 5234 factu-

480 5276 575 5320 rus
607 5270 706 5318 εει.
743 5260 876 5316 Hine
904 5260 1106 5329 liquere
1150 5274 1323 5331 pitest
1362 5277 1615 5333 quantum
1665 5268 1734 5321 sit
1759 5267 2054 5322 discrimen

485 5355 629 5409 inter
676 5354 970 5411 rhetoricas
997 5356 1232 5421 argutias
1260 5366 1312 5408 et
1343 5354 2069 5426 philosoiihicas‘ratiOcinaA

486 5446 677 5503 tiones.

555 5536 685 5604 Cap.
719 5544 801 5590 15.
851 5537 925 5591 De
962 5535 1237 5590 Romanis.
1280 5536 1472 5602 Quibus
1499 5552 1617 5606 ergo
1652 5554 1753 5591 non
1783 5551 1887 5594 erat
1918 5540 2055 5596 Deus

488 5621 701 5676 daturus
745 5627 895 5679 vitam
929 5636 1207 5692 cateruam;
1231 5629 1399 5683 .....si
1424 5642 1584 5696 neque
1622 5630 1751 5680 hanc
1790 5630 1861 5683 eis
1894 5641 2050 5684 terre.

491 5724 607 5769 nam
647 5711 861 5781 gloriam
904 5717 1306 5772 excellentissimi
1342 5718 1541 5788 imperii
1569 5719 1858 5773 concederet
1880 5762 1899 5789 ,η
1947 5710 2071 5775 non

2164 4637 2324 4698 etiam
2357 4643 2613 4708 Oreades,
2645 4653 2701 4699 et
2730 4642 3149 4719 "amadryades,
3177 4665 3283 4705 non
3310 4651 3556 4707 vldentur
3582 4653 3724 4707 dicta.

2166 4733 2447 4803 Lymphae,
2478 4733 2578 4787 nisi
2613 4750 2689 4789 ea:
2721 4752 2841 4804 qua:
2866 4739 3016 4806 aquis
3064 4752 3349 4807 prmerant,
3393 4745 3626 4811 quamvis
3664 4757 3722 4795 ea

2163 4837 2268 4878 vox
2299 4823 2418 4876 sita
2462 4817 2742 4894 Nymphis,
2770 4828 3069 4883 mutatione
3094 4828 3138 4881 N
3169 4828 3223 4883 in
3252 4821 3301 4884 [ι’
3336 4829 3583 4885 deducta.
3635 4830 3724 4885 Fe-

2165 4922 2281 4969 stus
2315 4933 2327 4967 :
2370 4914 2617 4986 Lymphw
2645 4918 2793 4972 dictw
2812 4928 2931 4972 sunt
2970 4937 3003 4973 α
3039 4914 3320 4989 Nymphis.
3369 4922 3537 4993 Vulgo
3574 4935 3724 4976 autem

2164 5002 2421 5063 memoria:
2461 5008 2720 5079 proditum
2768 5008 2861 5076 est,
2901 5012 3186 5084 quicunque
3224 4996 3722 5085 specietnlquamdam

2163 5113 2191 5151 e
2212 5099 2367 5167 fonte,
2398 5100 2467 5152 id
2494 5109 2569 5154 est
2592 5094 2801 5171 e/ﬁgiem
2843 5098 3109 5174 Nympha!
3130 5092 3366 5173 viderint,
3399 5111 3603 5177 [urendi
3640 5128 3724 5163 non

2162 5188 2341 5256 fecisse
2369 5189 2544 5255 ﬁnem,
2564 5205 2689 5258 quos
2722 5189 2886 5245 σηεσὶ
2910 5196 3289 5271 νυμφολήπτους
3327 5182 3528 5273 vocant,
3564 5198 3724 5269 'Laft'ui

2162 5276 2450 5346 lymphatos
2470 5281 2751 5349 appellant.
2792 5278 2921 5339 Vide
2943 5278 3158 5341 {Eueid.
3189 5287 3281 5342 lib.
3316 5276 3409 5352 vti,
3438 5274 3566 5344 377.

2236 5368 2366 5437 Cap.
2397 5368 2452 5435 9,
2487 5368 2515 5439 §
2551 5370 2600 5423 l.
2633 5362 2873 5426 Liberuiu
2895 5391 2925 5426 a
2956 5375 3283 5430 liberamcnto
3311 5364 3622 5445 appellatum
3649 5397 3722 5432 vu-

2164 5458 2295 5525 lunt,
2341 5459 2480 5527 quod
2527 5476 2693 5515 mares
2746 5463 2800 5516 in
2848 5467 3112 5531 coeundo,
3155 5484 3243 5536 per
3276 5464 3387 5533 eius
3425 5469 3720 5535 bene/icium,

2161 5548 2354 5602 emissis
2375 5542 2653 5605 seminibus
2682 5552 3003 5626 liberent’ur.]
3056 5552 3134 5609 Eo
3159 5547 3377 5625 respicit
3403 5558 3606 5612 Seneca
3642 5561 3718 5613 lib.

2159 5652 2213 5721 tv
2242 5638 2310 5692 de
2345 5639 2644 5709 Beneficiis,
2677 5656 2797 5712 cap.
2830 5644 2861 5698 8
2910 5658 2923 5695 :
2977 5643 3134 5699 Hunc
3185 5645 3418 5721 Liberum
3454 5658 3646 5716 patrem
3682 5658 3739 5715 et

2161 5718 2428 5783 Herculem
2446 5744 2503 5782 ac
2522 5724 2833 5785 Mercurium
2858 5733 3012 5787 nostri
3034 5743 3233 5800 putant.
3251 5718 3490 5791 Liberum
3512 5747 3717 5811 patrem,
