3900 6344
177 360 278 417 469

912 360 1255 420 νιιιιιυῐιυιι
1288 363 1761 420 ΕΧΕΒΟΙΤΛῘΙΟῙ

1907 363 1972 419 IN
2010 365 2066 419 S.
2108 363 2474 421 AUGUSTI-Nl
2512 365 2739 423 OPERA

3351 366 3460 431 470

181 483 295 552 ,μία
314 493 756 546 onmmmparens
780 479 864 545 sit,
896 481 1030 549 quod
1076 481 1139 534 ab
1180 496 1236 534 eo
1286 481 1508 550 primum
1552 480 1755 534 inventa
1791 483 1839 540 Α
1866 478 2242 546 conﬁtentibus,
2276 478 2409 534 Deus
2439 496 2539 534 non
2559 482 2679 552 σιμ]
2712 481 2875 536 Miror
2907 499 3011 539 non
3059 486 3303 543 timuisse
3340 490 3452 544 Atto

179 572 429 629 seminans
446 569 520 622 vis
545 576 638 629 est,
671 568 967 622 consultura
991 586 1080 639 per
1107 571 1435 640 voluptatem.
1479 570 1590 636 Qua
1627 577 1681 624 et
1707 583 1770 622 re

167 675 225 716 et
246 658 582 731 etymologia,
600 659 723 729 quid
741 660 1021 715 absurdius
1039 661 1156 730 tingi
1174 661 1404 730 potuerit
1423 660 1632 723 nescio;
1667 659 1761 714 sed

169 752 526 807 Varronianae
550 753 886 822 etymologia
906 754 1150 807 meliores
1171 763 1292 806 sunt
1323 752 1437 821 ejus
1468 753 1762 820 theologia.

248 845 380 914 Cap.
406 846 488 911 10,
523 847 549 916 §
583 846 636 899 2.
689 846 820 901 Sunt
843 861 953 914 qua:
977 843 1171 898 Junoni
1192 853 1237 897 et
1270 844 1510 904 Minerva
1536 845 1761 910 capillos

167 937 478 1002 rlsponant,
525 937 674 1006 longe
717 937 991 1008 atemplo,
1032 952 1133 989 non
1171 944 1366 988 tantum
1410 952 1441 987 a
1485 934 1760 988 simulacro

169 1036 367 1082 stantes
414 1028 601 1098 digitos
632 1036 844 1092 movent,
879 1028 1168 1081 amantium
1197 1025 1391 1096 modo]
1418 1025 1566 1080 Talia
1600 1025 1766 1081 habet

183 1117 387 1172 Seneca
412 1120 573 1173 etiam
607 1117 761 1186 epist.
792 1118 882 1172 95.
942 1118 1054 1172 lloc
1100 1126 1277 1172 autem
1329 1132 1522 1172 munus
1558 1117 1760 1172 dictum

183 1209 495 1262 curationem
525 1199 691 1277 facere
720 1209 875 1262 docet
910 1207 1267 1262 Tcrtullianus
1292 1207 1431 1261 libro
1470 1207 1536 1262 de
1554 1207 1765 1275 .lejunio

184 1312 298 1366 cap.
336 1299 425 1353 16.
459 1299 561 1364 Qui
584 1299 635 1351 in
665 1298 819 1352 idolis
845 1297 1099 1366 contendis
1137 1308 1184 1351 et
1212 1299 1265 1350 in
1294 1299 1397 1351 aris
1427 1299 1693 1358 ornandis,
1718 1306 1763 1350 et

182 1393 248 1444 ad
275 1389 510 1462 singulas
547 1390 699 1444 horas
737 1390 1024 1444 salutandis
1053 1431 1066 1454 ,
1117 1391 1428 1444 curationem
1469 1393 1634 1459 facere
1677 1390 1762 1442 di-

185 1491 391 1536 cuntur.

254 1571 390 1627 lbid.
430 1573 620 1628 Sedent
658 1574 891 1642 quautam
931 1575 982 1625 in
1033 1572 1289 1642 Capitolio
1325 1588 1438 1639 qua:
1489 1588 1542 1625 se
1579 1589 1609 1624 a
1642 1571 1765 1626 Jove

183 1664 348 1717 artiori
376 1673 598 1731 putant,-
630 1681 719 1718 nec
748 1664 971 1718 Jnaonis
1009 1666 1230 1733 quidem,
1272 1666 1314 1719 si
1355 1668 1558 1720 credere
1599 1667 1762 1734 poetis

181 1756 326 1816 uelis,
359 1755 774 1830 iracundissimts;
788 1767 1019 1826 respectu
1042 1758 1334 1829 terrentur.]
1359 1759 1430 1812 lla
1458 1759 1661 1814 Seneca
1683 1760 1762 1813 lo-

1871 569 2139 636 gustinum
2173 583 2238 622 ne
2264 569 2361 622 sibi
2407 570 2727 637 objiccretur
2755 573 2894 640 quod
2948 575 3144 641 passim
3190 575 3351 631 habet
3376 578 3452 632 de

1881 657 2077 722 Verbo;
2104 672 2226 718 nam
2256 659 2448 714 similis
2475 661 2705 728 obiectio
2739 663 2904 729 potuit
2933 664 3048 718 ﬂeri
3079 707 3093 731 ,
3145 665 3455 722 resuonsio-

1870 763 1972 816 que
1999 747 2282 816 Augustini
2310 749 2506 816 pariter
2526 752 2647 804 elud

1944 837 2074 907 Cap.
2109 836 2200 892 2i.
2247 835 2310 890 In
2341 837 2510 891 Italia:
2566 851 2796 909 compttts
2865 846 3099 912 quadam
3133 846 3260 899 dicu
3305 862 3457 900 sacra

1872 928 2042 982 Liberi
2060 930 2338 994 celebrata,
2364 946 2479 984 cum
2514 940 2660 984 tanta
2687 933 2896 986 licentia
2931 937 3284 1005 turpitudinis,
3320 948 3373 991 ut
3399 941 3452 992 in

1870 1022 1982 1090 ejus
2010 1019 2252 1074 honorent
2279 1023 2518 1089 pudenda
2545 1023 2712 1077 virilia
2739 1025 3045 1091 colerentur,
3078 1027 3207 1099 ctc.]
3244 1028 3452 1084 Similia

1875 1112 2071 1166 ﬁebant
2098 1113 2150 1166 in
2193 1114 2364 1168 sacris
2395 1114 2642 1181 Osiridis,
2675 1125 2733 1171 ut
2759 1118 2915 1172 docet
2945 1118 3208 1174 Diodorus
3236 1121 3458 1177 Siculus

1872 1203 2218 1258 Bibliotheca:
2248 1204 2341 1258 Η).
2366 1222 2405 1273 ι,
2432 1207 2521 1276 qui
2551 1221 2613 1260 ea
2643 1206 2711 1260 ab
2736 1207 2997 1277 [Egyptiis
3025 1209 3090 1265 ad
3109 1209 3323 1266 Graecos
3350 1219 3432 1266 tra

1869 1293 2029 1348 ducta
2058 1308 2180 1349 esse
2208 1304 2376 1364 putat.

1943 1386 2073 1453 Cap.
2105 1385 2194 1439 26.
2221 1385 2294 1439 De
2339 1384 2571 1441 mo’llibus
2596 1387 2756 1443 eidem
2805 1388 2963 1442 Matri
3009 1389 3230 1460 Magnis,
3273 1405 3458 1445 cont-ru

1871 1492 2068 1530 onmem
2090 1479 2311 1534 virorum
2332 1481 2698 1549 mulierumque
2723 1483 3092 1547 verecundiam,
3123 1486 3447 1549 consecratis,

1869 1571 1955 1632 qui
1977 1587 2130 1637 usque
2146 1572 2198 1624 in
2224 1571 2512 1625 hesternum
2533 1572 2665 1626 diem
2686 1575 2901 1627 madidis
2923 1575 3140 1642 capillis.
3165 1577 3296 1645 facie
3313 1576 3448 1629 deal~

1869 1660 2001 1726 bula,
2034 1661 2310 1727 ﬂuentibus
2351 1661 2604 1728 membris,
2635 1664 2833 1716 incessu
2869 1665 3106 1733 femineo,
3140 1683 3228 1735 per
3257 1667 3449 1733 plateas

1866 1753 2092 1821 vicosque
2113 1751 2460 1823 Carthaginis,
2491 1755 2642 1808 etiam
2665 1771 2696 1807 a
2725 1757 2948 1823 pupulis,
2986 1757 3117 1815 unde
3149 1759 3360 1826 turpiter
3379 1759 3450 1810 vi-

184 1847 447 1915 quebatur
471 1847 526 1902 in
548 1847 914 1925 pulcherrimo
931 1847 1066 1902 libro
1083 1849 1148 1902 de
1171 1849 1584 1916 Super-srmone,
1607 1863 1760 1916 quem
1797 1834 1842 1894 Β
1868 1854 2033 1898 verent
2059 1845 2347 1916 exigebant,
2385 1847 2516 1900 nihil
2547 1847 2707 1902 Varro
2748 1849 2912 1902 dicere
2931 1849 3103 1913 voluit,
3138 1865 3227 1901 nec
3249 1842 3450 1917 uspiam

189 1950 306 2003 ego,
349 1937 530 2003 potius
553 1927 710 2004 quam
739 1945 816 1990 tot
845 1936 1063 2006 {rigidas
1110 1938 1377 2002 bomilias,
1414 1954 1443 1993 a
1490 1939 1766 1994 monachis

186 2027 517 2096 exscriptum
547 2027 736 2082 vellem
765 2036 820 2082 et
847 2028 913 2081 ad
937 2042 1035 2083 nos
1065 2029 1349 2099 diligenter
1373 2030 1763 2084 transmissum.

186 2116 476 2186 Impudicte
507 2118 836 2173 muliercula:
869 2118 1052 2174 aeditui
1096 2120 1231 2175 forte
1269 2135 1452 2174 amore
1490 2129 1681 2190 captaa,
1711 2120 1764 2175 in

187 2209 453 2278 Capitolio
482 2209 762 2276 sedebant,
798 2218 856 2263 ut
894 2209 940 2264 si
986 2211 1123 2265 forte
1167 2210 1397 2282 gravidae
1451 2212 1659 2280 tierent,
1709 2226 1766 2267 se

183 2317 239 2358 ex
263 2302 403 2356 Jove
436 2302 712 2370 peperisse
775 2302 932 2356 fatuis
968 2303 1372 2371 persuaderent.
1403 2301 1532 2356 Nota
1564 2311 1645 2357 est
1687 2302 1767 2355 hi-

174 2395 344 2450 storia
380 2394 562 2448 Mundi
584 2403 636 2447 et
659 2393 912 2459 Paulinae,
938 2395 1076 2462 apud
1100 2396 1408 2462 Josephum.
1434 2393 1539 2449 Sed
1571 2402 1623 2449 et
1645 2393 1765 2449 vide

165 2499 295 2553 (illa:
339 2483 415 2540 de
462 2485 684 2538 deorum
737 2485 860 2539 tiliis
897 2485 1099 2538 notavit
1140 2484 1373 2540 Joannes
1416 2483 1655 2539 C'ericus
1699 2484 1764 2538 ad

165 2575 555 2644 Theogoniam
590 2575 828 2628 Hesiodi.

249 2664 396 2734 Cap.
430 2667 512 2720 ll.
547 2665 715 2733 Usque
746 2682 803 2719 eo
835 2664 1229 2720 sceleratissimo:
1264 2667 1426 2734 gentis
1453 2666 1764 2718 consuetudo

161 2757 469 2824 convaluit,
517 2765 572 2809 ut
621 2774 710 2826 per
746 2773 918 2810 omnes
959 2757 1074 2825 jam
1110 2764 1271 2808 terras
1293 2765 1492 2824 recepta
1519 2756 1618 2818 sit;
1650 2755 1767 2807 victi

163 2847 456 2902 rictoribus
486 2848 615 2917 leges
635 2845 925 2917 dederunt.]
949 2847 1084 2902 Sunt
1109 2846 1272 2901 verba
1301 2846 1599 2901 inconsulta
1637 2861 1768 2903 sane

170 2942 412 2993 Seneca:
443 2938 514 2993 de
544 2929 762 3004 Iudaeis,
794 2938 860 2992 ad
884 2953 1002 3008 quas
1038 2938 1345 3007 respexisse
1372 2936 1582 2992 videtur
1617 2937 1767 2993 Ruti-

183 3029 286 3100 lius
312 3029 669 3084 Numatianus
695 3030 748 3083 in
778 3029 1057 3084 ltinerario
1077 3044 1218 3086 vers.
1254 3029 1377 3084 595.

303 3129 470 3192 Atque
495 3131 944 3192 utinamrnunquam
967 3130 1128 3192 Judzra
1154 3130 1347 3180 subacta
1367 3129 1554 3190 fuisset,

369 3190 593 3252 Pompeii
614 3191 759 3239 hellis
776 3190 1080 3253 imperioque
1103 3191 1229 3242 Titi!

305 3251 473 3313 Latius
498 3253 676 3300 excisae
701 3253 849 3311 pestis
864 3251 1085 3312 contagia
1108 3259 1328 3313 serpunt,

369 3312 690 3374 Victoresque
713 3313 973 3362 suosnatio
996 3316 1120 3364 victa
1139 3312 1332 3376 premit.

258 3403 419 3458 Lisso
444 3419 537 3458 vn.
557 3404 688 3472 Cap.
719 3404 769 3458 l.
799 3402 912 3469 Qua
941 3404 993 3456 in
1020 3419 1074 3456 re
1098 3420 1198 3456 non
1229 3403 1367 3469 dico,
1393 3403 1527 3471 quod
1551 3404 1764 3472 facetius

188 3494 260 3546 ait
281 3493 626 3547 Tertullianus
656 3496 872 3562 fortasse
893 3510 1046 3562 quam
1071 3495 1236 3548 verius
1263 3509 1280 3545 :
1308 3492 1362 3547 Si
1403 3492 1477 3546 dii
1522 3495 1761 3562 seligun-

193 3591 274 3635 tnr
300 3592 354 3636 ut
382 3583 553 3650 bulbi,
579 3584 762 3652 utique
797 3583 975 3639 cmteri
1017 3584 1231 3651 reprobi
1259 3582 1613 3654 judicantur.]
1656 3585 1764 3638 Ad-

191 3684 442 3728 notarunt
463 3674 520 3726 in
543 3675 781 3743 margine
802 3673 1135 3729 Benedictini
1157 3674 1330 3727 simile
1352 3673 1620 3742 quidpiam
1643 3689 1763 3729 esse

189 3764 240 3815 in
269 3765 619 3833 Apologetieo
663 3779 782 3832 cap.
840 3765 922 3819 15.
980 3763 1046 3817 At
1102 3765 1210 3833 ipsi
1253 3763 1412 3817 verba
1463 3771 1677 3817 eaStant
1709 3763 1760 3816 in

188 3870 345 3925 opere
372 3866 560 3912 contra
585 3857 841 3912 Nationes
874 3856 968 3911 lib.
999 3873 1058 3922 ιι,
1087 3871 1205 3923 ων.
1237 3857 1297 3921 9,
1325 3857 1410 3910 Ubl
1439 3855 1546 3910 Nic.
1578 3853 1761 3922 Rigal-

187 3947 308 4012 tius,
340 3948 425 4001 vir
445 3946 814 4010 doctissimus,
854 3946 1101 4000 observat
1137 3945 1204 3997 ab
1235 3945 1529 4013 Augustino
1558 3943 1760 3997 dictum

185 4037 284 4092 boc
307 4038 625 4093 Tertulliani
654 4037 793 4092 male
822 4036 988 4107 carpi.
1032 4038 1108 4092 Ac
1135 4051 1262 4089 sane
1293 4037 1344 4090 in
1367 4051 1455 4099 eo,
1497 4035 1637 4104 quod
1670 4049 1763 4094 vo:

182 4139 338 4184 catur
362 4130 538 4194 Deus,
578 4130 722 4183 nulla
749 4139 925 4198 potest
972 4143 1092 4182 esse
1127 4129 1368 4192 selectio,
1415 4126 1760 4195 quemadmo-

180 4224 309 4276 dum
343 4223 396 4276 in
426 4220 731 4276 hominibus
760 4235 788 4273 a
812 4221 1003 4289 quibus
1034 4220 1275 4286 exempla
1316 4231 1593 4286 perperam
1631 4215 1763 4284 petit

187 4318 548 4387 Augustinus;
582 4331 704 4369 nam
728 4330 917 4372 omnes
946 4316 1018 4369 dii
1055 4315 1231 4369 omnia
1258 4329 1417 4383 posse
1443 4315 1659 4380 debent,
1702 4321 1760 4366 ut

187 4408 327 4464 idem
355 4409 626 4464 observat.

255 4497 391 4567 Cap.
413 4499 468 4552 2.
501 4497 528 4550 1
539 4499 586 4550 bi
611 4496 780 4562 Liber,
807 4498 894 4566 qui
927 4511 1118 4550 marem
1147 4495 1307 4562 effuso
1334 4495 1521 4548 semine
1554 4493 1754 4547 liberat.

187 4589 266 4644 lbi
289 4588 663 4657 Libera,quam
689 4597 735 4642 et
771 4589 1008 4641 Venerem
1029 4587 1225 4649 volunt,
1258 4601 1370 4654 qua:
1399 4583 1494 4637 hoc
1519 4583 1655 4636 idem
1677 4583 1759 4636 be-

181 4663 422 4747 neﬁcium
451 4682 678 4746 conferat
706 4678 925 4746 feminis,
966 4687 1020 4729 ut
1067 4678 1220 4729 etiam
1264 4677 1394 4746 ipsa,
1444 4676 1626 4728 emisso
1673 4689 1756 4726 se-

174 4771 338 4831 mine,
367 4767 648 4837 liberetur.|
677 4768 801 4821 Haec
833 4767 1016 4820 lubuit
1057 4781 1174 4832 cap.
1203 4767 1235 4819 9
1275 4766 1390 4817 lilni
1439 4764 1756 4832 superioris.

176 4859 349 4912 Miror
369 4867 544 4912 autem
568 4859 896 4926 episc0pum,
919 4867 974 4910 et
995 4856 1207 4924 quidem
1231 4869 1440 4922 gravem
1464 4871 1524 4906 ac
1545 4869 1752 4919 senem,

172 4963 485 5018 quanquam
527 4947 654 5001 olim
701 4946 1018 5000 adolescens
1067 4955 1147 4997 sat
1196 4943 1532 4996 libidinosam
1594 4944 1755 4996 vitam

171 5038 428 5104 duxerat,
459 5046 562 5092 lam
599 5052 740 5106 smpe
768 5041 882 5113 περί
907 5043 996 5090 τοῦ
1026 5037 1320 5109 σπέρματος
1359 5032 1516 5086 verba
1558 5031 1754 5095 facere,

174 5130 238 5185 in
268 5142 437 5197 opere
466 5130 568 5182 hoc
593 5127 753 5181 etiam
802 5143 831 5180 a
873 5127 1184 5179 mulieribus
1231 5133 1286 5177 et
1327 5121 1758 5176 adolescentibus

172 5219 434 5310 legend}.
464 5219 588 5275 Scio
628 5217 961 5272 ethnicorum
996 5215 1092 5268 has
1135 5215 1298 5268 fuisse
1326 5211 1629 5282 spurcitias,
1662 5210 1756 5265 sed

173 5305 471 5381 prmstabat
497 5307 916 5378 generalioribus
954 5305 1128 5358 verbis
1156 5319 1246 5357 cas
1275 5306 1558 5372 attingere,
1599 5316 1754 5371 quam

174 5403 246 5457 ad
271 5410 540 5456 castarum
563 5401 770 5454 aurium
805 5397 1071 5450 fastidium
1103 5403 1366 5463 repetere.
1398 5393 1530 5447 Vide
1561 5402 1616 5447 et
1638 5406 1756 5461 qua:

176 5477 344 5550 habet
367 5495 556 5549 eodem
584 5491 756 5560 capite
792 5490 860 5543 de
901 5489 1122 5556 Subigo,
1155 5485 1223 5539 de
1270 5486 1479 5550 Prema,
1529 5492 1584 5538 et
1629 5483 1756 5539 Per-

178 5569 366 5642 timda.
422 5586 525 5641 Sed
567 5585 670 5638 alia
704 5567 835 5635 alibi
875 5596 978 5635 non
1015 5578 1320 5633 honestiora
1351 5575 1757 5632 observabimus

176 5682 233 5750 in
261 5693 322 5731 re
351 5675 617 5745 graviore.

248 5771 382 5840 Cap.
424 5768 504 5826 14.
540 5769 598 5824 Si
629 5763 917 5820 Mercurius
949 5764 1054 5833 ipse
1095 5777 1258 5817 sermo
1297 5767 1390 5828 est,
1436 5759 1585 5813 etiam
1629 5757 1750 5828 ipsis

1867 1950 1946 1987 me
1962 1935 2142 2004 legisse
2157 1936 2520 2009 commemini.]
2542 1938 2700 1993 Miror
2721 1953 2841 1992 cum
2872 1937 3136 1991 innumeri
3159 1938 3449 2006 scriptores

1867 2025 1934 2082 de
1957 2026 2022 2082 iis
2044 2028 2148 2081 sint
2172 2027 2353 2097 locuti,
2387 2043 2610 2097 quorum
2635 2030 2750 2084 loca
2772 2030 2920 2099 plura
2951 2030 3204 2084 indicabit
3222 2029 3446 2085 Gérard.

1867 2117 2100 2173 Joannes
2125 2118 2346 2173 Vossius
2365 2121 2542 2190 operis
2573 2120 2638 2173 de
2665 2120 2880 2190 Origine
2911 2131 2964 2176 et
3014 2121 3298 2190 Progressu
3330 2120 3449 2175 ido-

1869 2207 2088 2262 lolatriae
2126 2208 2218 2262 lib.
2254 2226 2330 2276 Ill,
2367 2224 2484 2277 cap.
2520 2210 2609 2264 53.
2635 2210 2737 2264 Adi
2781 2223 2833 2265 et
2869 2211 3060 2266 Catulli
3094 2226 3279 2280 poema
3307 2213 3448 2281 quod

1868 2299 2000 2352 Attis
2031 2299 2357 2362 inscribitur,
2385 2309 2438 2354 et
2461 2300 2525 2353 ad
2551 2300 2601 2354 id
2629 2300 3076 2372 interpretes,qui
3099 2303 3296 2358 all‘atim
3323 2319 3448 2374 sup-

1883 2389 2198 2458 peditabunt
2245 2391 2383 2458 quod
2437 2390 2520 2443 hic
2552 2392 2843 2460 Augustino
2873 2394 3042 2449 deest.
3069 2399 3449 2472 Μητραγύρται

1870 2479 2198 2534 vocabantur
2244 2481 2550 2535 sacerdotes
2599 2482 2695 2551 illi,
2727 2498 2828 2553 qua
2869 2484 3217 2554 inscriptione
3244 2484 3448 2542 Comm-

1867 2568 2008 2623 diam
2056 2569 2345 2638 scripserat
2372 2570 2679 2638 Menander,
2711 2588 2830 2642 quae
2861 2575 3060 2628 utinam
3093 2579 3359 2630 exstaret!

1938 2663 2069 2731 Cap.
2101 2665 2190 2715 27.
2217 2663 2398 2716 Totam
2419 2665 2482 2718 de
2503 2665 2594 2717 hoc
2623 2665 2933 2719 Euhemerus
2953 2669 3130 2733 pandit
3162 2668 3446 2722 Historiam

1867 2768 2020 2819 quam
2057 2751 2258 2806 Ennius
2287 2755 2338 2806 in
2367 2753 2604 2806 Latinum
2652 2757 2792 2807 vertit
2840 2756 3131 2825 eloquium;
3162 2759 3297 2812 unde
3326 2763 3455 2828 quia.

1870 2845 2091 2912 plurima
2121 2853 2418 2911 posuerunt,
2448 2845 2535 2913 qui
2578 2854 2752 2897 contra
2782 2846 3072 2912 huiusmodi
3099 2865 3292 2903 errores
3331 2861 3447 2904 ante

1869 2952 1962 2989 nos
1991 2936 2067 2989 vel
2099 2934 2280 2988 Gra‘co
2307 2951 2532 2989 sermone
2571 2934 2646 2988 vel
2679 2934 2862 2989 Latino
2899 2938 3230 3008 scripserunt,
3265 2957 3365 2996 non
3393 2943 3446 2995 in

1870 3043 1925 3079 eo
1952 3028 2074 3079 mihi
2105 3028 2294 3096 placuit
2315 3024 2622 3097 immorari.]
2649 3026 2976 3084 Lactzintium
3005 3031 3212 3085 videtur
3234 3033 3447 3102 potissi-

1871 3135 2014 3173 mum
2049 3119 2367 3190 intelligere,
2401 3121 2488 3189 qui
2528 3121 2617 3176 lib.
2651 3137 2663 3173 ι
2699 3120 3090 3178 lnstitutionum
3145 3125 3446 3181 divinarum

1793 3190 1848 3254 α·
1872 3219 1954 3263 sat
1994 3210 2195 3279 prolixa
2237 3209 2391 3264 nobis
2432 3212 2666 3265 servavit
2699 3211 2981 3266 themeri
3024 3212 3347 3282 fragmenta;
3380 3215 3453 3270 de.

1867 3315 1974 3369 quo
2016 3299 2304 3368 scriptores
2333 3299 2575 3354 nonnulli
2618 3301 2816 3355 ethnici
2861 3300 2982 3356 ideo
3011 3301 3148 3356 male
3169 3303 3443 3372 judicant,

1867 3391 2006 3460 quod
2054 3392 2364 3458 religionem
2413 3407 2596 3447 eorum
2631 3393 2784 3462 plane
2833 3393 3172 3459 inlamasset;
3203 3399 3446 3465 quamvis

1868 3482 2159 3550 cazteroqui
2187 3483 2382 3537 nollem
2411 3484 2586 3537 omnia
2615 3493 2872 3551 prtestare
2902 3499 3019 3552 qua:
3062 3485 3312 3540 habebat.
3345 3488 3444 3541 Mi-

1868 3590 1957 3629 ror
1977 3589 2008 3627 a
2023 3573 2338 3628 Christianis
2352 3574 2538 3628 Graece
2558 3583 2650 3628 aut
2671 3574 2856 3629 Latine
2878 3590 2983 3630 non
3005 3590 3122 3630 esse
3150 3587 3438 3632 servatum.

1928 3665 2054 3733 Cap.
2081 3665 2167 3718 54.
2198 3663 2463 3718 Terentius
2489 3665 2697 3734 quidam
2746 3683 2859 3718 cum
2889 3666 3093 3720 haberet
3121 3669 3190 3721 ad
3224 3668 3442 3723 lanicu-

1867 3757 1970 3807 lum
2015 3755 2228 3822 fundum
2253 3763 2300 3808 et
2341 3754 2581 3807 bubulcus
2609 3759 2718 3825 ejus
2736 3757 2894 3824 jurta
2921 3756 3209 3822 sepulcrum
3256 3757 3441 3813 Numa:

1866 3843 2110 3912 Pompilii
2128 3845 2382 3912 trajiciens
2399 3853 2626 3897 aratrum
2653 3846 2863 3897 eruisset
2890 3861 2950 3898 ex
2972 3854 3104 3898 terra
3131 3845 3286 3901 libros
3307 3851 3437 3919 ejus,

1865 3937 1950 3989 ubi
1977 3952 2238 3989 sacrorum
2271 3937 2614 3990 institutorum
2654 3937 2857 4006 scriptae
2879 3947 3023 3990 erant
3049 3954 3238 4006 causaz,
3273 3944 3326 3996 in
3351 3959 3438 3997 ur-

1865 4028 1969 4081 bem
1994 4028 2198 4096 pertulit
2227 4027 2295 4078 ad
2311 4036 2596 4098 prwtorem.
2628 4029 2690 4081 At
2717 4029 2801 4081 ille
2830 4045 2944 4082 cunt
2965 4030 3265 4099 inspexisset
3297 4037 3437 4101 prin-

1864 4121 2019 4190 cipia,
2045 4137 2150 4174 rem
2182 4130 2376 4173 tantum
2407 4120 2590 4173 detulit
2619 4121 2686 4172 ad
2713 4133 2962 4174 senatum.
2989 4121 3086 4176 Ubi
3111 4140 3228 4178 cum
3251 4127 3440 4196 primo-

1864 4228 1942 4264 res
1981 4214 2226 4278 quasdam
2273 4227 2450 4264 causas
2497 4210 2756 4280 legissent,
2794 4227 2884 4264 cur
2919 4213 3140 4282 quidque
3189 4218 3241 4268 in
3280 4221 3438 4271 sacris

1862 4305 2018 4372 fuerit
2051 4305 2362 4367 institutum,
2408 4301 2594 4354 Numa:
2637 4313 2835 4356 mortuo
2861 4315 3062 4357 senatus
3101 4315 3335 4360 assensus
3362 4320 3437 4362 est

1864 4409 2046 4460 eosque
2067 4393 2241 4458 libros,
2275 4401 2516 4459 tanquam
2536 4392 2781 4463 religiosi,
2809 4405 2974 4460 patres
2991 4395 3281 4462 conscripti,
3304 4412 3436 4463 pric-

1865 4493 1946 4539 tor
1974 4494 2027 4536 ut
2056 4483 2370 4536 combureret
2396 4480 3052 4552 censuerunt.]Pliniuslib.
3078 4498 3188 4548 xm,
3206 4497 3324 4550 cap.
3350 4487 3432 4548 l3,

1867 4575 2144 4631 dominum
2189 4573 2298 4641 agri
2346 4573 2398 4625 in
2447 4588 2552 4641 quo
2572 4572 2689 4628 libri
2721 4572 2920 4636 effossi,
2955 4581 3106 4626 vocat
3142 4571 3302 4627 etiam
3331 4572 3430 4627 Cn.

1865 4664 2199 4727 Terentium,
2238 4670 2296 4717 ut
2319 4671 2376 4717 et
2401 4661 2590 4717 Festus
2628 4663 2682 4717 in
2717 4675 2849 4716 voce
2877 4659 3122 4714 Numam.
3151 4661 3219 4713 At
3256 4659 3434 4716 Livius

1865 4756 1960 4811 lib.
1994 4771 2084 4819 ιιι,
2114 4770 2234 4822 cap.
2266 4755 2355 4819 29,
2384 4761 2439 4808 et
2470 4752 2713 4808 Valerius
2749 4750 3012 4804 Maximus
3038 4748 3128 4802 lib.
3158 4763 3196 4811 ι,
3226 4762 3344 4816 cap.
3381 4751 3429 4812 ιι

1863 4857 2056 4902 vocant
2085 4847 2142 4901 L.
2172 4844 2623 4900 Petilliam.Unde
2648 4851 2751 4896 stet
2778 4853 2958 4893 verum
2985 4838 3106 4906 quis
3135 4837 3310 4893 dicat?
3336 4856 3434 4895 nec

1863 4954 1992 4994 sane
2022 4938 2244 4990 multum
2272 4936 2516 4989 interest.
2539 4932 2644 4987 Sed
2676 4928 2932 4984 credibile
2967 4940 3047 4982 est
3079 4929 3262 4984 Numae
3288 4946 3434 4985 com-

1864 5026 2156 5084 mentarios
2185 5023 2533 5091 contemptim
2561 5020 2732 5088 egisse
2769 5019 2833 5072 de
2859 5019 3238 5088 superstitione
3266 5022 3431 5088 plebis

1863 5121 2118 5175 Romana:
2149 5125 2308 5182 atque
2333 5111 2502 5177 italae,
2534 5109 2683 5178 cujus
2713 5110 2889 5179 palato
2915 5109 3224 5179 religionem
3252 5121 3451 5180 aptare.

1861 5217 2080 5266 coactus
2111 5205 2301 5259 fuerat.
2331 5200 2470 5255 Nihil
2510 5200 2652 5256 enim
2683 5209 2825 5256 vetat
2869 5200 2994 5269 quin
3039 5217 3159 5255 cum
3201 5201 3433 5269 philoso-

1862 5300 1982 5369 phis
2011 5297 2078 5352 de
2103 5297 2212 5350 Deo
2235 5293 2483 5357 senserit,
2509 5291 2955 5361 quemadmodum
2981 5291 3173 5346 Matius
3194 5290 3430 5345 Scwvola

1860 5401 1916 5446 et
1947 5387 2308 5442 bl.Terentius
2331 5383 2517 5444 Varro,
2538 5383 2605 5436 de
2631 5383 2824 5451 quibus
2851 5381 2973 5436 vide
2994 5380 3085 5433 lib.
3112 5397 3182 5442 iv,
3200 5394 3316 5444 cap.
3338 5378 3426 5440 27,

1859 5490 1914 5537 et
1939 5495 2013 5545 vt,
2033 5495 2152 5547 cap.
2183 5477 2236 5542 5,
2267 5484 2322 5530 et
2351 5489 2452 5529 una
2485 5487 2603 5527 cum
2636 5471 2740 5527 illis
2761 5485 2880 5526 sese
2919 5467 3231 5523 inconsultae
3254 5467 3431 5521 multi-

1861 5570 2030 5626 tudini
2079 5565 2464 5634 attemperarit.
2494 5561 2819 5629 Augustinus
2857 5565 3036 5613 autem
3081 5571 3146 5612 ex
3188 5555 3430 5611 Varrone

1861 5661 1987 5716 dicit
2016 5669 2258 5715 senatum
2297 5665 2496 5710 mortuo
2525 5653 2712 5708 Nuntia
2740 5667 2848 5705 esse
2873 5663 3151 5714 assensum,
3183 5647 3344 5718 quod,
3367 5657 3428 5702 ut

1858 5752 2028 5809 Numa
2057 5754 2336 5815 curaverat
2365 5759 2458 5805 eos
2479 5744 2641 5805 libros
2676 5754 2856 5799 secum
2881 5738 3203 5808 sepeliri,ne
3231 5736 3442 5808 populo-
