3900 6316
477 330 581 387 lit

570 396 577 407 l

1364 318 1919 381 SUi‘i’LEMENTUM
1959 317 2048 373 AD
2085 314 2317 371 ΟΡΕΙΙΑ
2354 314 2419 369 S.
2453 313 2820 370 AUGUSTINI

3635 315 3722 370 ΓΞ

480 446 919 505 inualescerent;
953 439 1032 494 sie
1063 444 1350 492 censuerat
1376 449 1475 490 eos
1513 430 1933 497 comburendos,
1962 442 2058 484 ea-
2090 430 2145 490 Δ
2169 436 2269 481 tate
2297 437 2578 492 certarunt,
2606 436 2713 485 etc.
2750 428 2874 493 Quis
2901 435 3069 491 autem
3092 428 3284 481 audiuit
3298 428 3588 497 aliquando
3606 432 3719 496 ﬁde-

479 537 601 593 dem
628 522 705 593 de
724 545 909 586 causa.

548 624 716 677 [ιιηο
744 636 855 687 vul.
879 618 1009 688 Cap.
1038 619 1091 673 9.
1121 619 1354 671 Aliarum
1373 633 1573 687 quoque
1601 615 1846 685 gentium,
1869 615 1955 684 qui
1978 630 2069 668 sa-

478 698 673 780 pientes
717 712 794 765 vel
834 708 1127 779 philosOphi
1170 707 1329 760 habiti
1374 716 1523 771 sunt,
1556 704 1823 768 Atlantici,
1857 702 2060 771 Libyci,

478 800 759 871 (Egyptii,
782 796 935 863 Indi,
976 796 1176 861 Persia,
1204 796 1458 860 Clialilcei,
1491 792 1716 863 Scythae,
1758 790 1918 852 Galli,
1954 789 2061 844 Hi-

478 890 653 957 spani,
678 891 871 967 aliique
892 888 1234 958 reperiuntur,
1265 883 1402 956 etc.]
1427 884 1610 939 Justus
1639 882 1845 950 Lipsius
1874 881 2062 934 Manu-

480 980 745 1036 uuctiouis
779 979 848 1033 ad
890 978 1125 1033 Stoicam
1157 976 1544 1045 philoSOpbiam
1574 974 1665 1027 lib.
1693 989 1731 1037 ι,
1756 972 1970 1025 dissert.
2004 969 2059 1036 5,

480 1074 663 1129 multis
689 1074 832 1131 hunc
861 1072 1037 1127 locum
1063 1070 1313 1135 illustrat,
1333 1083 1386 1123 et
1411 1066 1705 1122 Atlanticos
1732 1063 2063 1119 Mauritaniae

480 1169 753 1238 sapientes
778 1168 1044 1237 intelligit,
1073 1166 1207 1220 duce
1238 1165 1451 1219 Atlante
1480 1178 1545 1217 eo
1571 1162 1798 1215 delatos.
1832 1159 2061 1227 Libycos

481 1270 574 1315 aut
612 1260 805 1330 Libyas
849 1258 1204 1312 intellexerim
1252 1256 1384 1309 al.os
1411 1266 1501 1307 aut
1532 1252 1804 1307 interioris
1853 1251 2060 1319 Libym,

480 1359 578 1407 aut
600 1351 717 1418 ejus
744 1365 865 1419 qua:
889 1348 1124 1418 Egypto
1154 1346 1343 1401 vicina.

549 1443 684 1511 Cap.
712 1442 802 1498 19.
825 1440 1089 1513 Postremo
1111 1440 1219 1506 ipse
1240 1439 1483 1507 Apuleius
1498 1439 1730 1507 nunquid
1752 1440 1892 1507 apud
1905 1440 2067 1508 judi-

481 1549 563 1589 res
589 1531 904 1586 Christianos
924 1531 988 1584 de
1010 1530 1221 1599 magicis
1240 1530 1436 1581 artibus
1455 1537 1725 1581 accusatus
1746 1527 1884 1595 est?j
1905 1526 2058 1582 Unde

480 1621 718 1691 liquebat
745 1636 852 1675 non
878 1633 1033 1689 posse
1065 1618 1386 1687 reprehendi
1416 1618 1748 1673 Christianus
1769 1617 1911 1685 quod
1932 1618 2060 1671 Pla-

480 1714 693 1769 tenicos
727 1711 916 1780 magia:
966 1710 1360 1774 insimulareut,
1405 1726 1525 1764 cum
1576 1709 1717 1778 apud
1764 1707 2061 1763 Maximum

2165 520 2290 574 lium
2320 529 2535 574 stantem
2559 518 2875 573 sacerdotem
2914 519 2982 583 ad
3010 519 3187 584 altare,
3232 516 3387 571 etiam
3425 537 3571 590 super
3613 541 3717 577 ωτι-

2163 622 2297 665 ctum
2324 627 2509 679 corpus
2530 613 2785 681 martyris,
2818 611 2888 662 ad
2909 610 3004 665 Dei
3024 610 3264 677 honorem
3298 610 3591 682 cultumque
3614 632 3716 669 con-

2161 712 2408 758 structum
2436 703 2603 761 dicere
2628 704 2683 756 in
2711 702 2945 771 precibus
2970 719 2989 758 :
3036 702 3237 770 Oﬂ‘erro
3274 703 3364 763 tibi
3408 707 3716 775 sacriﬁcium,

2168 794 2340 862 Petre,
2370 796 2449 849 vel
2471 795 2657 862 Paule,
2686 796 2763 850 uel
2791 795 3068 866 Cypriane,
3092 808 3197 851 etc.
3214 796 3256 866 τι]
3288 801 3355 850 At
3388 776 3579 865 periura
3627 817 3717 870 qua

2161 886 2470 942 lerebantur
2518 888 2777 956 reliquiie,
2822 888 2995 944 honor
3020 890 3109 958 qui
3153 889 3216 942 iis
3246 904 3477 958 genuum
3506 892 3719 949 ﬂexione

2161 980 2523 1045 deferebatur,
2550 981 2914 1036 invocationes
2934 991 3239 1035 sanctorum
3261 982 3413 1051 quasi
3438 998 3621 1050 preces
3643 1003 3722 1038 au-

2162 1072 2360 1135 dirent,
2382 1073 2533 1141 cujus
2564 1073 2641 1127 rei
2673 1073 2977 1141 exemplum
3009 1072 3295 1126 habuimus
3321 1083 3479 1129 antea
3504 1075 3569 1129 ad
3601 1085 3717 1130 tom.

2162 1160 2229 1228 γ,
2261 1176 2313 1230 p.
2348 1159 2473 1229 152,
2507 1161 2613 1216 col.
2655 1162 2711 1228 2,
2760 1160 3156 1231 persuadebant
3199 1162 3431 1217 ethnicis
3472 1174 3724 1234 martyres

2159 1253 2262 1309 coli
2284 1253 2435 1323 quasi
2456 1252 2721 1323 quoddam
2744 1268 2912 1323 genus
2940 1251 3253 1307 inferiorum
3270 1252 3521 1318 deorum;
3545 1272 3658 1320 nec,
3680 1259 3724 1312 si

2160 1360 2302 1400 nunc
2331 1346 2544 1419 tandem
2564 1346 2680 1400 sine
2707 1345 3131 1403 dissimulatione
3159 1345 3303 1412 loqui
3330 1344 3469 1413 licet,
3499 1352 3717 1402 mutum

2161 1452 2191 1490 a
2218 1452 2346 1490 vero
2374 1436 2711 1500 aberrabant,
2746 1451 2866 1490 nam
2898 1446 2953 1491 et
2987 1436 3321 1490 Christianos
3349 1440 3625 1493 nonnullos
3649 1441 3725 1494 of-

2160 1524 2410 1581 fendebat
2434 1541 2647 1596 quoque
2677 1527 2977 1595 hujusmodi
3005 1528 3200 1581 cultus.
3226 1526 3417 1598 Liquet
3442 1528 3546 1584 hoc
3572 1545 3634 1583 es
3662 1532 3721 1585 li-

2158 1617 2301 1673 bello
2324 1617 2655 1689 llierouymi,
2690 1633 2797 1688 quo
2818 1618 2977 1672 homo
3008 1618 3298 1673 vehemens
3326 1619 3584 1675 conviciis
3609 1636 3724 1677 esa-

2156 1708 2291 1777 gitat
2316 1709 2677 1779 Vigilantiam,
2701 1724 2857 1777 quem
2882 1709 3005 1762 talia
3037 1709 3347 1779 gravissime
3377 1710 3723 1766 oﬁenderant.

479 1804 789 1866 Claudium,
808 1801 1045 1871 judicem
1073 1800 1367 1866 ethnicum,
1390 1810 1671 1855 accusatus
1688 1798 1881 1853 fuisset
1908 1798 2059 1867 Apu-
2084 1790 2132 1867 Β
2161 1794 2340 1870 Itaque
2378 1804 2464 1857 hic
2503 1813 2686 1857 noster
2714 1801 2988 1861 rhetorum
3020 1812 3192 1856 ~more
3232 1800 3545 1870 respondet,
3576 1801 3727 1858 dissi-

477 1894 639 1959 leius,
667 1892 895 1949 celebris
922 1890 1247 1945 Platonicus.

504 1980 509 2001 ³
550 1986 683 2052 Cap.
708 1985 800 2039 9.2.
835 1984 1011 2038 llestat
1040 1993 1097 2036 ut
1118 1984 1261 2038 nullo
1288 1988 1439 2037 modo
1466 1984 1772 2037 credendum
1812 1983 1879 2035 sit
1923 1980 2061 2050 quod

480 2076 720 2143 Apuleius
740 2076 1046 2144 persuadere
1070 2074 1271 2141 nititur,
1298 2086 1344 2128 et
1365 2076 1650 2143 quicunque
1696 2073 1788 2126 alii
1829 2072 2058 2141 philoso-

480 2170 569 2237 phi
597 2179 713 2222 sunt
746 2168 976 2239 ejusdem
1016 2168 1295 2228 sententiw,
1330 2171 1398 2217 tta
1422 2182 1530 2219 esse
1569 2166 1764 2218 medios
1804 2165 2057 2217 dwmones

478 2267 609 2316 inter
646 2264 768 2316 deos
810 2270 858 2314 et
903 2260 1153 2325 homines,
1178 2270 1424 2325 tanquam
1449 2257 1788 2310 internuntios
1818 2268 1864 2308 et
1904 2258 2060 2308 inter-

476 2363 662 2419 pretes.
690 2353 778 2419 qui
806 2352 925 2404 hinc
948 2346 1115 2419 fera'nt
1148 2349 1409 2418 petitiones
1432 2358 1652 2415 nostras,
1680 2348 1799 2401 inde
1834 2348 2059 2417 referant

478 2443 687 2496 deorum
712 2438 1030 2511 suppetias.]
1057 2440 1114 2494 Si
1138 2440 1240 2495 hoc
1270 2440 1338 2494 de
1368 2439 1834 2495 cacodznmonibus
1860 2439 2055 2494 intelli-

477 2544 595 2600 gas,
623 2546 808 2586 verum
838 2540 920 2585 est
945 2545 1041 2586 eos
1071 2546 1176 2584 non
1223 2545 1343 2584 esse
1393 2546 1490 2583 nec
1519 2542 1639 2583 esse
1685 2542 1842 2597 posse
1886 2528 2053 2582 inter-

474 2622 696 2677 nuntios
732 2622 872 2675 inter
904 2621 1068 2675 Deum
1099 2630 1153 2675 et
1195 2619 1469 2683 homines;
1500 2619 1595 2673 sed
1634 2634 1741 2671 non
1770 2618 1927 2671 video
1948 2621 2056 2671 Au-

475 2714 743 2783 gustinum
774 2713 841 2767 de
864 2712 1019 2783 bonis
1048 2712 1380 2766 daemonibus
1409 2709 1735 2764 contrarium
1780 2708 2056 2777 probasse,

475 2805 724 2873 Quamvis
750 2802 1126 2859 tmdicisissime
1149 2802 1248 2856 hac
1277 2802 1343 2857 de
1372 2817 1431 2856 re
1450 2810 1592 2870 agat.
1615 2800 1866 2866 Quiuimo
1897 2799 2056 2855 hodie

474 2906 603 2965 pars
632 2911 740 2951 non
768 2897 956 2964 exigua
985 2895 1414 2951 Christianorum
1448 2894 1552 2953 tale
1590 2893 1860 2961 quidpiam
1890 2893 2056 2947 sentit

476 2993 544 3046 de
571 2992 793 3060 angelis.
820 2990 1088 3044 Interdum
1116 2989 1379 3056 vitilitigat
1402 2986 1753 3055 Hipponensis
1771 2985 2055 3053 episcopus

478 3086 598 3139 eum
625 3083 933 3149 Platonicis,
963 3080 1415 3152 quemadmodum
1456 3089 1655 3134 etcum
1696 3078 1816 3131 aliis
1861 3076 2052 3131 adver-

477 3177 655 3233 s’ariis.

502 3270 505 3281 “
546 3265 1008 3337 Cap.25.Diversa
1030 3268 1091 3319 de
1120 3265 1224 3318 illis
1247 3265 1333 3318 ille
1360 3263 1572 3316 Hermes
1602 3259 1882 3331 .«Egyptius
1906 3275 2053 3328 quem

474 3356 863 3429 Trismegistum
886 3366 1083 3416 uocant.
1125 3356 1281 3410 sensit
1310 3362 1357 3407 cl
1385 3353 1608 3421 scripsit.
1632 3351 1641 3420 ζ
1669 3350 1845 3405 Multis
1873 3358 2055 3403 esten.

477 3443 556 3502 dit
606 3450 817 3505 lsaaeus
864 3448 1209 3503 Casaubonus
1260 3446 1588 3505 exercitat.l
1628 3444 1679 3498 iu
1725 3444 2052 3511 Apparatum

476 3544 761 3601 Annalium
796 3542 1085 3598 cardinalis
1126 3541 1363 3606 Barouii,
1387 3540 1568 3594 ﬁctum
1601 3538 1742 3592 hunc
1772 3550 1892 3591 esse
1922 3534 2047 3588 Her-

475 3645 671 3691 ntetem
713 3649 744 3687 a
787 3633 1096 3690 Christiano
1136 3631 1404 3703 quodam,
1436 3629 1525 3699 qui
1574 3626 1849 3697 religionis
1895 3623 2052 3679 Chri-

473 3727 663 3781 stianae
684 3725 930 3793 dogmata
954 3724 1071 3791 ejus
1093 3725 1433 3784 auctoritate,
1455 3720 1578 3773 dolo
1600 3720 1743 3772 malo
1763 3728 1817 3772 et
1836 3716 2054 3784 indigno

477 3816 698 3877 homine
727 3813 983 3869 veritatis"
1005 3820 1239 3875 amante,
1287 3809 1608 3863 conﬁrmare
1658 3807 1860 3871 Voluit;
1910 3805 2053 3875 quod

477 3904 613 3957 adeo
640 3898 983 3955 manifestum
1012 3908 1113 3959 est,
1152 3907 1210 3949 ut
1253 3898 1446 3949 mirum
1479 3895 1549 3948 sit
1579 3895 1762 3949 Patres
1786 3895 2052 3962 ejusmodi

476 3991 635 4058 nugis
660 4001 818 4041 ausos
854 4002 975 4042 esse
1014 3987 1111 4040 uti.
1142 3985 1394 4040 Fortasse
1420 4001 1527 4038 non
1557 3983 1926 4053 iutelligebant
1953 3985 2054 4053 ipsi

476 4078 742 4152 fraudem,
770 4078 1014 4157 quamvis
1040 4077 1112 4131 sit
1137 4077 1268 4133 satis
1293 4086 1513 4145 aperta;
1545 4076 1639 4131 sed
1669 4076 1862 4131 mirum
1902 4090 1996 4131 eos
2022 4092 2053 4129 a

476 4162 838 4225 nasutioribus
880 4168 1113 4229 ethnicis
1158 4185 1266 4224 non
1310 4168 1476 4225 luisse
1524 4167 1854 4245 essibilatos.
1893 4168 2055 4225 Certe

478 4260 627 4329 digni
651 4269 803 4315 erant
829 4260 918 4330 qui
960 4260 1113 4315 albis
1138 4260 1389 4317 dentibus
1414 4260 1788 4329 irridet-eatur,
1817 4262 1908 4331 qui
1944 4271 2053 4318 tam

479 4350 635 4407 avide
679 4366 847 4421 usque
875 4352 1010 4407 adeo
1038 4350 1179 4407 male
1208 4359 1466 4425 consules
1511 4350 1665 4407 dolos
1700 4351 2050 4420 arripiebant,

477 4446 526 4500 si
555 4443 848 4507 credebant
866 4442 1173 4513 suppositos
1202 4441 1323 4497 illos
1349 4442 1516 4497 libros
1546 4457 1733 4498 eorum
1760 4457 1882 4499 esse
1919 4458 2051 4512 quo-

477 4552 599 4592 rum
615 4538 828 4595 nomina
847 4536 1222 4607 prmierebant.
1237 4536 1388 4601 Quod
1403 4535 1449 4590 si
1472 4536 1710 4592 fraudem
1735 4539 1950 4607 quidem
1976 4538 2053 4590 in-
2083 4535 2115 4605 ‘3

477 4630 786 4698 telligebant
811 4670 826 4696 ,
852 4626 994 4699 quod
1026 4642 1219 4697 negare
1248 4626 1443 4681 nollem
1477 4669 1493 4695 ,
1524 4644 1768 4696 magnam
1808 4631 2055 4696 injuriam

477 4710 690 4777 veritati
727 4720 1013 4785 iaciebant,
1037 4732 1195 4787 quam
1229 4719 1473 4787 turpibus
1499 4719 1790 4773 mendaciis
1816 4720 2056 4787 adjututu

476 4801 648 4874 ibant,
678 4810 1143 4878 impediebantque
1171 4824 1239 4864 ne
1266 4810 1599 4863 ethnicorum
1629 4808 1866 4876 reliquiae
1898 4809 2055 4864 ﬁdem

478 4898 775 4967 Evangelia
798 4901 1072 4956 haberent.
1102 4899 1342 4969 Denique
1368 4915 1473 4952 non
1520 4912 1800 4967 possumus
1823 4915 1965 4953 nunc
1988 4901 2057 4955 de

477 4987 544 5042 iis
572 4985 726 5040 aliter
758 4987 999 5053 judicare
1028 5004 1186 5058 quam
1222 4990 1390 5044 fuisse
1417 4999 1508 5043 aut
1537 4986 1799 5056 pessimos
1820 4988 2059 5055 criticos,

477 5084 570 5130 aut
592 5088 701 5130 non
720 5075 850 5129 satis
874 5076 975 5130 vim
1016 5079 1252 5133 veritatis
1283 5078 1631 5143 intellexisse,
1663 5092 1784 5147 quae
1816 5078 2057 5146 profecto

479 5164 744 5235 ejusmodi
793 5163 1067 5220 fraudibus
1114 5182 1237 5221 non
1270 5168 1513 5237 indiget;
1558 5183 1657 5227 nec
1703 5184 1872 5238 usque
1918 5170 2057 5223 adeo

480 5256 746 5315 mendacii
761 5256 1007 5312 inimicos
1022 5256 1183 5313 fuisse
1197 5266 1355 5328 quam
1366 5258 1523 5316 libris
1539 5260 1700 5316 editis
1719 5262 2061 5319 simulabant.

506 5352 519 5409 ἠ
548 5349 684 5418 Cap.
704 5346 795 5403 27.
828 5346 944 5403 Nec
971 5358 1144 5402 tamen
1174 5365 1267 5403 nos
1290 5351 1476 5406 eisdem
1504 5352 1813 5417 marturibus
1847 5354 2059 5421 templa,

480 5441 788 5509 sacerdotia,
821 5456 967 5494 sacra
1008 5447 1055 5492 et
1101 5440 1354 5507 sacri/icio
1399 5440 1789 5507 constituimus;
1817 5444 2076 5513 quoniam

482 5538 581 5579 ﬁrmi
613 5533 732 5597 ipsi,
766 5532 853 5585 sed
884 5532 1016 5587 Deus
1048 5548 1223 5586 eorum
1257 5533 1402 5586 nobis
1431 5542 1505 5586 est
1532 5530 1700 5587 Deus.
1726 5534 2073 5593 Honoremus

590 5642 599 5649 ν
642 5648 661 5661 λι
694 5650 699 5653 -
734 5624 895 5671 πενίης
941 5640 1132 5687 corum,
1172 5633 1413 5687 tanquam
1459 5632 1748 5677 sanctorum
1795 5626 2077 5681 hontinum'

1246 5732 1511 5783 worporont
1550 5733 1755 5770 suorum
1799 5732 1893 5786 pro
1926 5717 2063 5771 reri-

2164 1894 2378 1947 anulatis
2406 1893 2473 1948 iis
2503 1907 2621 1962 qua:
2652 1892 2720 1946 ab
2746 1876 2974 1947 ethnicis
3000 1889 3409 1960 objiciebantur,
3437 1902 3494 1949 et
3515 1905 3729 1961 prater-

2162 1987 2330 2041 misso
2351 1987 2497 2041 cultu
2524 1986 2613 2054 qui
2636 1998 2824 2039 revera
2860 1983 3098 2053 reliquiis
3128 1994 3422 2057 martyrum
3449 1986 3729 2043 exhibeba-

2163 2087 2267 2141 tur,
2300 2086 2355 2132 et
2386 2076 2577 2132 merito
2598 2074 2898 2132 oﬁ'endebat
2923 2074 3185 2129 ethnicos.
3298 2081 3303 2085 “

2232 2170 2393 2221 Lmno
2420 2183 2491 2221 ix.
2526 2167 2655 2235 Cap.
2691 2166 2779 2219 15.
2813 2164 2924 2218 Nec
2951 2174 3115 2218 tamen
3136 2167 3196 2218 ob
3220 2165 3315 2216 hoc
3358 2164 3611 2219 Mediator
3630 2177 3713 2229 est.

2158 2267 2277 2330 quia
2313 2261 2571 2324 Verbum;
2601 2259 2822 2313 maxime
2860 2249 3051 2327 quippe
3076 2257 3382 2325 immortale,
3427 2268 3478 2311 et
3516 2261 3717 2313 maxime

2160 2354 2357 2406 beatum
2397 2350 2612 2406 Verbum
2650 2350 2801 2419 longe
2825 2365 2857 2402 a
2885 2348 3181 2402 mortalibus
3223 2349 3442 2401 miseriis
3470 2349 3606 2420 (non
3628 2350 3717 2402 mi-

2157 2442 2333 2513 seris)
2371 2444 2461 2499 sed
2488 2443 2736 2497 mediator
2778 2458 2869 2511 per
2891 2442 3029 2511 quod
3067 2437 3276 2509 homo.]
3309 2438 3465 2507 Vere,
3500 2455 3616 2494 nam
3654 2440 3713 2493 ad

2160 2538 2322 2592 Deum
2345 2535 2485 2605 quod
2517 2536 2728 2599 attinet,
2757 2547 2864 2587 non
2900 2532 3098 2601 indiget
3119 2532 3233 2598 ipse
3254 2531 3561 2598 Mediatore,
3579 2530 3709 2598 cujus

2157 2642 2317 2698 opera
2340 2626 2619 2683 nobiscum
2640 2632 2794 2695 agat;
2821 2623 2913 2679 sed
2936 2637 3035 2677 nos
3061 2624 3125 2675 ad
3154 2631 3350 2676 tantam
3374 2622 3707 2691 majestateui,

2157 2721 2273 2774 sine
2299 2719 2593 2774 mediatore
2622 2725 2675 2773 et
2710 2714 2926 2787 quidem
2968 2713 3136 2769 nostri
3173 2712 3408 2784 generis,
3431 2714 3519 2767 vis
3549 2727 3708 2767 assur-

2156 2829 2279 2884 ςοῑθ
2309 2827 2592 2882 possumus
3212 2826 3215 2829 ’

2224 2900 2354 2970 Cap.
2383 2901 2474 2955 92.
2501 2901 2577 2955 De
2603 2899 2830 2970 angelis.
2858 2897 2989 2952 Ideo
3016 2898 3203 2951 certius
3235 2908 3387 2950 etiam
3430 2895 3711 2964 temporalia

2158 3003 2205 3047 ct
2234 2993 2499 3046 mutabilia
2525 2993 2621 3046 ista
2640 2999 2919 3056 noverunt;
2941 2994 3065 3060 quia
3083 3005 3258 3044 eorum
3285 2988 3591 3059 principales
3609 3004 3711 3041 cau-

2154 3099 2237 3137 sas
2259 3086 2312 3137 in
2346 3083 2507 3137 Verbo
2540 3081 2635 3137 Dei
2657 3082 2992 3152 conspiciunt,
3025 3096 3113 3150 per
3140 3080 3273 3149 quod
3299 3084 3463 3149 {actus
3484 3090 3555 3133 est
3583 3096 3709 3131 mun—

2078 3150 2125 3212 c
2158 3175 2294 3238 Ilus;
2319 3175 2499 3243 quibus
2529 3176 2696 3227 causis
2724 3150 2957 3241 quadam
2988 3169 3536 3239 probantur,qu¢dam
3556 3186 3713 3239 νέρτος

2157 3263 2395 3336 bonum]
2417 3266 2557 3319 Ante
2585 3264 2762 3317 omnia
2794 3263 2984 3318 vellem
3014 3260 3153 3316 Scire
3176 3276 3241 3314 an
3263 3261 3352 3329 qui
3381 3260 3507 3314 talia
3538 3259 3604 3315 de
3631 3274 3717 3311 an-

2154 3358 2288 3425 gelis
2314 3365 2371 3409 et
2402 3353 2578 3409 Verbo
2598 3353 2865 3408 afﬁrmant
2894 3353 3024 3408 satis
3063 3351 3360 3421 intelligant
3384 3350 3511 3421 quid
3534 3350 3714 3413 velint;

2156 3463 2275 3501 nam
2310 3448 2375 3501 ad
2408 3460 2495 3501 me
2518 3445 2733 3516 quidem
2760 3445 2901 3515 quod
2943 3442 3279 3509 attinet,'non
3305 3442 3599 3513 intelligere
3638 3460 3721 3498 me

2156 3538 2324 3607 l_.teor
2353 3536 2620 3607 quomodo
2646 3535 2821 3606 angeli
2859 3535 3068 3605 possint
3098 3542 3315 3589 aeterna:
3356 3533 3599 3589 Rationis
3626 3549 3719 3588 no-

2157 3627 2326 3684 tiones
2369 3638 2427 3683 et
2470 3627 2821 3698 cogitationes
2868 3625 3076 3689 Videre,
3106 3626 3177 3678 ita
3211 3631 3352 3695 otes
3381 3626 3498 3694 ejus
3524 3634 3733 3679 natura:

2155 3722 2605 3789 contemplatione
2633 3722 2805 3775 sciant
2839 3720 2966 3789 quid
2988 3717 3103 3772 ﬁeri
3132 3712 3281 3783 velit,
3311 3716 3435 3785 quid
3462 3716 3624 3778 nolit;
3651 3726 3725 3783 et,

2156 3822 2213 3869 ut
2235 3827 2418 3869 verum
2447 3811 2721 3879 proﬁtear,
2740 3825 2769 3864 a
2794 3810 3008 3865 nemine
3037 3817 3164 3878 puto
3187 3807 3430 3877 intelligi,
3459 3808 3547 3877 qui
3576 3822 3739 3861 crea-

2159 3914 2294 3959 tura:
2333 3910 2566 3957 mentem
2591 3903 2883 3965 Creatoris,
2917 3914 3076 3970 quam
3121 3913 3227 3953 non
3276 3898 3552 3961 revelavit,
3576 3911 3725 3952 asse-

2154 4005 2383 4066 quantur
2429 3993 2542 4049 sola
2597 3992 2713 4062 ejus
2763 3991 3233 4060 contemplatione.
3279 3988 3480 4052 Deinde
3534 3988 3728 4043 vellem

2154 4088 2292 4144 scire
2311 4085 2452 4142 unde
2481 4084 2584 4141 hoc
2627 4083 2861 4139 habeant
2893 4082 3146 4151 theologi,
3178 4095 3242 4135 ex
3275 4079 3743 4149 philosophicisne

2154 4176 2677 4238 ratiocinationibus,
2703 4190 2771 4228 an
2797 4188 2865 4228 ex
2891 4160 3197 4240 Scriptura;
3231 4185 3354 4224 nam
3394 4169 3460 4223 ad
3488 4168 3725 4237 Scriptu-

2156 4286 2267 4326 ram
2312 4269 2529 4337 quidem
2560 4268 2704 4337 quod
2749 4266 2962 4331 attinet,
2996 4262 3165 4323 ausim
3210 4260 3479 4316 afﬁrmare
3526 4261 3731 4314 nullum

2154 4375 2274 4417 esse
2306 4361 2504 4426 locum,
2532 4360 2621 4429 qui
2651 4358 2862 4428 quidem
2903 4355 2971 4411 sit
3017 4354 3351 4422 perspicuus,
3385 4366 3449 4406 ex
3497 4366 3606 4421 quo
3633 4352 3683 4403 Ιιι
3704 4363 3733 4404 c

2160 4452 2520 4507 verisimiliter
2540 4449 2731 4505 deduci
2761 4446 2957 4516 possit;
2983 4442 3364 4514 philosophicis
3393 4456 3521 4495 vero
3568 4441 3735 4494 ratio-

2158 4542 2511 4597 cinationibus
2532 4539 2801 4608 quomodo
2830 4537 2950 4591 talia
2974 4534 3181 4604 possint
3202 4532 3381 4601 colligi
3424 4530 3596 4585 multo
3634 4530 3738 4584 mi-

2160 4648 2259 4686 nus
2306 4644 2585 4698 assequor.
2619 4632 2865 4682 Attamen
2915 4626 3017 4680 hoc
3049 4624 3374 4692 Augustinus
3416 4636 3521 4675 non
3566 4621 3738 4675 semel

2159 4720 2409 4785 afﬁrmat,
2429 4718 2580 4788 quasi
2603 4718 2884 4787 theologia:
2906 4715 3220 4771 Christiana:
3241 4715 3453 4783 dogma,
3479 4721 3531 4768 et
3549 4712 3619 4764 ita
3639 4700 3751 4766 se?

2159 4825 2286 4866 cure
2303 4810 2501 4879 profert
2516 4810 2663 4880 quasi
2684 4825 2769 4865 res
2786 4818 2928 4865 esset
2941 4824 3003 4863 ex
3012 4810 3234 4876 plorata,
3250 4820 3312 4860 ac
3335 4805 3558 4873 theologi
3576 4804 3738 4858 scho-

2160 4902 2331 4956 lastici
2362 4916 2551 4971 magno
2572 4916 2836 4956 consensu
2863 4900 3221 4967 arripuerunt.
3259 4897 3392 4952 Vide
3406 4914 3520 4964 qua:
3551 4897 3652 4950 hac
3676 4898 3743 4953 de

2165 5007 2224 5046 re
2246 4992 2458 5063 collegit
2482 4991 2764 5061 Dionysius
2796 4989 3035 5042 Petavius
3060 4988 3477 5056 theologicorum
3514 4986 3743 5055 Dogma-

2166 5086 2278 5139 tum
2310 5095 2438 5139 tom.
2486 5084 2527 5148 Ι,
2572 5083 2669 5137 lib.
2703 5097 2775 5147 iv,
2805 5097 2922 5150 cap.
2971 5079 3040 5145 2;
3067 5089 3123 5135 et
3146 5088 3279 5149 toni.
3311 5080 3405 5153 ΙΙΙ,
3429 5078 3495 5134 de
3523 5078 3698 5148 Angel
3724 5097 3746 5130 δ

2165 5172 2537 5242 ΙΙΙ).ι,οη).4.
3174 5184 3178 5189 ο
3292 5194 3293 5197 η
3386 5176 3392 5197 η
3475 5186 3479 5192 .
3571 5173 3581 5191 ι

2194 5277 2199 5282 ‘
2233 5265 2366 5333 Cap.
2386 5263 2520 5334 ΞΜ
2550 5265 2603 5318 Ι.
2628 5264 2775 5317 Illud
2789 5265 3001 5318 veroubi
3022 5264 3205 5318 dicitur
3219 5264 3618 5327 Deusdeorum,
3644 5278 3746 5313 non

2166 5363 2326 5423 potest
2366 5352 2584 5423 intelligi
2632 5350 2769 5407 Deus
2822 5353 3222 5418 damoniorum;
3250 5354 3323 5408 ‘et
3372 5367 3464 5407 res
3522 5366 3741 5421 magnus

2164 5458 2328 5511 super
2362 5457 2551 5497 omnes
2589 5441 2741 5505 deos,
2774 5444 2903 5495 absit
2938 5452 2992 5495 ut
3018 5442 3217 5495 dicatur
3261 5442 3369 5495 Rea:
3397 5459 3549 5511 super
3573 5444 3742 5494 omnia

2165 5530 2474 5603 demotum]
2504 5531 2657 5601 Apud
2686 5532 2959 5600 Hebraeos,
2991 5542 3047 5585 ut
3068 5532 3171 5586 viri
3216 5534 3357 5587 docti
3405 5533 3606 5588 dudum
3652 5548 3741 5586 os-

2168 5622 2475 5688 tenderunt,
2507 5637 2610 5676 vox
2637 5606 2815 5680 ambit
2835 5622 3031 5676 ‘elohim
3059 5624 3327 5691 signiﬁcat
3370 5624 3628 5692 quidquid
3656 5638 3739 5676 co-

2167 5715 2314 5782 litur,
2346 5712 2586 5785 σέϐαεμι
2628 5726 2721 5771 seu
2748 5712 2802 5771 in
2830 5711 2967 5770 cmlo
2995 5711 3126 5770 illud
3171 5714 3273 5783 sit,
3310 5713 3425 5770 sive
3471 5716 3528 5773 in
3559 5712 3735 5772 lenis.
