3900 6310
463 333 565 388 I75

1355 315 1910 379 SUPPLEMENTU.“
1951 320 2041 374 AD
2080 318 2312 376 OPERA
2352 317 2413 373 S.
2457 315 2849 373 AUGUSTINI.

3639 309 3742 379 ‘78

465 453 612 509 tiam,
648 460 747 500 nec
796 458 1015 498 necesse
1067 450 1148 496 est
1199 441 1553 510 Augustinum
1585 452 1771 495 vocem
1804 437 2044 493 Graecam
2077 448 2129 507 Α
2155 433 2490 490 sublimitates
2513 441 2557 488 et
2585 434 2905 501 ﬁrmamenta
2934 430 3170 495 celestis,
3194 429 3312 483 vitia
3337 432 3615 486 extollens
3641 432 3737 490 tiu.

467 548 714 592 accurate
744 536 1000 588 tenuisse.

535 628 666 695 Cap.
690 627 778 679 25.
815 626 888 680 De
921 625 1216 695 Porphyrio
1247 640 1258 675 :
1295 622 1430 676 Dicit
1459 623 1592 676 enim
1643 620 1806 675 Deum
1845 621 2054 674 Patrem

467 729 512 778 et
543 717 699 770 Deum
723 714 934 769 Filium.
970 705 1334 785 quem‘Gra'ce
1371 714 1598 784 appellat
1643 723 1927 783 paternum
1969 713 2052 767 in-

469 809 851 872 telleetum,vel
871 817 1144 877 paternam
1178 817 1410 861 mentem
1434 809 1699 881 (πατρικὸν
1717 814 1830 860 νοῦν
1847 822 1910 859 ex
1935 821 2052 859 ora-

469 901 606 954 culus
637 899 991 966 Chaldaicis),
1027 900 1092 950 de
1115 898 1317 966 Spiritu
1348 908 1517 953 autem
1554 908 1750 960 sancto,
1784 891 1872 948 aut
1899 896 2053 960 nihil,

471 1000 559 1044 aut
585 1009 684 1044 non
707 1002 880 1060 aperte
906 990 1100 1058 aliquid
1130 991 1271 1042 dicit.
1294 990 1532 1054 Quamvis
1552 1006 1700 1058 quem
1726 989 1887 1040 a'ium
1919 987 2058 1038 dicat

471 1065 654 1151 borum
670 1083 890 1136 medium
911 1098 1008 1134 non
1029 1080 1282 1152 intelligo.
1299 1083 1360 1136 Si
1381 1069 1511 1135 enim
1534 1081 1758 1144 tertiam,
1781 1065 1909 1132 sicut
1935 1077 2059 1132 Plo-

469 1178 642 1238 tinus,
675 1173 760 1226 ubi
792 1175 854 1226 de
881 1174 1040 1226 tribus
1067 1173 1441 1243 principalibus
1479 1173 1774 1225 substantiis
1804 1172 2058 1239 disputat,

467 1267 658 1319 anima:
691 1276 924 1318 naturam
972 1267 1124 1319 etiam
1171 1267 1263 1318 iste
1302 1266 1447 1318 vellet
1490 1265 1728 1334 intelligi,
1754 1281 1854 1317 non
1889 1264 2064 1333 utique

469 1361 664 1414 diceret
685 1359 866 1412 borum
889 1361 1200 1426 medium,id
1228 1371 1324 1427 est,
1355 1361 1528 1433 Patris
1560 1372 1606 1415 et
1632 1361 1756 1415 Filii
1790 1357 2060 1429 medium]

471 1453 583 1506 Non
635 1455 812 1507 omnia
865 1453 1147 1523 Porphyrii
1189 1469 1351 1524 opera
1402 1454 1589 1509 Latine
1634 1440 1787 1508 versa
1834 1453 2062 1507 habebat

471 1545 827 1614 Augustinus,
852 1561 971 1599 nam
991 1549 1278 1615 czcteroqui
1303 1546 1370 1601 de
1397 1547 1561 1600 tribus
1592 1546 1866 1615 principiis
1887 1531 2061 1599 diser-

471 1636 681 1690 tissime
725 1637 932 1690 Iocutus
960 1627 1129 1691 luerat
1161 1629 1511 1706 philosophus
1541 1629 1766 1707 Tyrius,
1799 1637 1850 1689 in
1885 1620 2063 1704 philo-

479 1732 699 1799 sophica
727 1731 980 1794 Historia,
1015 1747 1079 1785 ex
1110 1747 1213 1800 qua
1243 1731 1357 1785 haec
1382 1731 1541 1803 habet
1572 1729 1800 1799 Cyrillus
1830 1715 2065 1784 Alexan-

2157 544 2327 592 mana,
2359 536 2412 578 nt
2441 535 2641 596 possent
2675 524 2759 577 Dii
2806 524 2960 578 vestri
3006 522 3226 592 theurgis
3271 522 3618 592 pronuntiare
3663 525 3738 580 di-

2157 618 2316 689 vina.]
2334 617 2613 680 Nimirum,
2629 615 2864 669 Chalda-i
2884 614 3136 683 putabant
3161 613 3289 667 deos
3311 614 3474 668 minis
3501 623 3557 670 et
3584 623 3739 671 terro-

2159 711 2304 765 ribus
2329 711 2578 764 adhibitis
2600 709 2716 778 cogi
2739 708 2918 762 dicere
2938 722 3054 777 quae
3071 714 3330 776 cuperent
3350 708 3494 762 scire
3517 707 3736 778 theurgi.

2161 801 2293 855 Vide
2319 815 2479 868 supra
2509 815 2665 868 capp.
2694 799 2727 852 9
2749 808 2804 854 et.
2833 800 2921 853 Η.
2951 801 3198 853 Attamen
3232 812 3298 853 ne
3319 799 3450 868 quid
3496 800 3740 854 dissimu-

2162 891 2265 944 lem
2285 932 2298 956 ,
2331 889 2659 944 Jamblichus
2690 889 2741 944 in
2774 889 2909 944 libro
2938 888 3006 942 de
3036 875 3302 957 Mysteriis
3351 899 3488 944 sect.
3521 889 3578 966 Θἱ
3604 905 3653 945 c.
3684 893 3738 957 7,

2162 991 2319 1051 negat
2344 980 2622 1035 Chaldaeos
2655 980 2731 1034 uti
2761 967 2953 1034 talibus
2997 978 3195 1032 minis:
3249 980 3393 1054 napi:
3443 979 3741 1049 Χαὶδαίοις,

2162 1074 2285 1149 παρ’
2308 1071 2376 1133 οἷς
2403 1071 2716 1147 διακέκριται
2745 1071 2959 1144 καθαρὸς
2988 1070 3169 1144 ὁπρὸς
3209 1071 3393 1140 μόνους
3438 1090 3494 1126 τε
3508 1074 3561 1130 ἃς
3610 1075 3740 1134 ϐιοὺς

2163 1161 2565 1234 λόγος,οὐδαμοῦ
2580 1164 2754 1221 ἀπειλή
2774 1163 2993 1234 λέγεται.
3018 1160 3282 1234 Abi-5.17mi
3305 1160 3357 1215 δὲ
3381 1166 3741 1234 συμμιγνύπες

2166 1258 2274 1326 ἅμα
2298 1259 2428 1327 μιτὰ
2473 1263 2572 1309 τῶν
2621 1255 2762 1308 Brimo
2817 1254 3144 1322 συνθημάτων
3179 1256 3258 1306 καὶ
3307 1256 3429 1312 τοὺς
3466 1252 3743 1322 δαιμονίους·

2166 1353 2361 1425 λόγους,
2382 1358 2611 1426 χρῶνται
2623 1347 2854 1422 ἔστινὸτι
2886 1333 2970 1402 ιιὰί
2995 1355 3109 1410 ταῖς
3131 1348 3362 1406 ἀπειλαῖς
3392 1361 3407 1401 ξ
3434 1347 3574 1416 Apud
3590 1347 3740 1400 Chal-

2167 1446 2324 1508 da'os,
2355 1444 2492 1516 apud
2523 1459 2648 1512 quos
2671 1442 2908 1494 distincta
2932 1449 3003 1494 est
3025 1457 3155 1506 pura
3175 1440 3244 1492 ad
3269 1440 3407 1493 solos
3429 1441 3545 1492 deos
3567 1441 3739 1504 oratio,

2167 1553 2416 1601 nusquam
2445 1536 2630 1587 mentio
2660 1535 2718 1602 ﬁt
2760 1534 3048 1598 minarum;
3078 1531 3316 1603 At‘gyptii
3344 1548 3482 1599 vero,
3506 1533 3594 1602 qui
3639 1550 3741 1587 cum

2168 1627 2408 1702 symbolis
2433 1627 2644 1680 deorum
2674 1612 2980 1695 permiscent
3006 1641 3066 1678 ea
3093 1624 3372 1694 etiamqna’
3393 1625 3461 1676 ad
3502 1627 3741 1678 darmouas

2169 1720 2448 1788 pertinent,
2501 1718 2653 1770 minis
2679 1718 2835 1772 etiam
2879 1716 3160 1786 aliquando
3207 1726 3440 1780 utuntur.
3483 1716 3592 1772 Sed
3641 1719 3745 1783 quis

483 1820 672 1873 drinus
697 1859 712 1885 ,
751 1827 932 1872 contra
957 1811 1230 1895 lulianum
1255 1820 1347 1874 lib.
1378 1836 1498 1876 vni:
1529 1822 1712 1892 Γράφει
1748 1823 1914 1874 τοίνυν
1943 1830 2066 1896 Πορ-
2097 1823 2145 1884 Β
2180 1810 2326 1878 illam
2351 1809 2626 1864 hominum
2656 1808 3146 1888 supcratiliosorum
3175 1815 3230 1861 et
3251 1808 3591 1862 mendacium
3618 1823 3734 1862 nsa-

481 1915 654 1985 φύριος
681 1915 729 1964 ἐν
759 1913 937 1983 βιαίῳ
966 1913 1198 1987 τετάρτῳ
1228 1913 1492 1986 Φιλοσόφου
1521 1915 1789 1987 Ἰσίὀρὶεις⁹
1815 1919 1946 1965 ΑΧΡῐ
1967 1914 2065 1984 γὰρ

480 2009 632 2076 τριῶν
674 2003 1002 2057 {amarus-saw
1032 2001 1122 2074 ἴφη
1166 2002 1370 2058 Πλάτων
1399 2009 1487 2062 τὴν
1534 2010 1619 2058 τοῦ
1650 2007 1760 2056 Θεοῦ
1814 2003 2068 2074 προελθεῖν

481 2095 672 2145 οὐσίαν⁶
706 2089 831 2146 εἶναι
861 2092 913 2147 δὲ
957 2095 1042 2147 τὸν
1072 2097 1161 2163 μὲν
1193 2096 1447 2164 ἀνώτατον
1473 2096 1595 2147 Θιὸν
1638 2092 1684 2147 τ’
1705 2093 1931 2166 'Aya'lou,
1958 2091 2069 2160 μετ’

480 2186 633 2238 αὑτὸν
682 2183 735 2238 δέ
790 2188 872 2238 καὶ
918 2184 1149 2262 δεύτερον
1191 2189 1276 2240 τὸν
1317 2186 1640 2259 Δημιουργὶν,
1691 2186 1865 2256 τρίτην
1897 2181 1948 2237 δὲ
1977 2191 2067 2237 τοῦ

482 2277 670 2344 κόσμου
695 2281 896 2346 Ψυχήψ
932 2274 1066 2347 ἄχρι
1096 2278 1195 2348 γὰρ
1233 2276 1413 2344 ψυχῆς
1440 2281 1528 2332 τήν
1553 2273 1762 2331 ead-mra.
1789 2275 2066 2348 προελθεῖν,

482 2365 647 2421 λοιπὸν
667 2367 720 2420 δὲ
751 2372 808 2421 τὸ
850 2366 988 2421 ἄθεον
1018 2370 1117 2420 ὰπό
1145 2377 1236 2425 τῆς
1265 2376 1558 2436 σωματικῆς
1602 2367 1850 2437 ὲνῆρχθαι
1893 2364 2070 2434 διαφο-

484 2462 580 2528 ρᾶς
611 2473 624 2508 :
660 2439 848 2528 Scribit
879 2452 1000 2524 ergo
1023 2452 1364 2528 Porphyrius,
1383 2455 1434 2506 in
1463 2442 1592 2505 libro
1615 2469 1662 2506 tv
1691 2454 1767 2504 l’lt
1795 2443 2072 2520 losophiae

487 2524 751 2601 llistoria’.
777 2524 788 2541 ’
808 2542 978 2610 Usque
1004 2544 1135 2596 enim
1190 2527 1256 2596 ad
1285 2540 1383 2596 tres
1415 2543 1709 2612 liypostases
1749 2542 1898 2595 Plato
1941 2542 2069 2597 dixit

487 2634 711 2685 divinam
733 2633 1004 2686 essentiam
1033 2633 1302 2701 progredi;
1328 2649 1434 2686 esse
1455 2650 1564 2686 vero
1592 2651 1883 2702 supremum
1908 2623 2092 2708 Deum"

486 2723 710 2788 Bonum,
741 2732 854 2792 post
877 2737 991 2775 eum
1033 2723 1311 2776 secundum
1336 2722 1647 2788 Creatorem,
1696 2725 1899 2778 tertium
1944 2725 2072 2779 Aui-

488 2830 626 2866 ntom
656 2814 866 2877 mundi;
895 2829 1014 2865 nam
1047 2829 1203 2890 usque
1233 2815 1300 2866 ad
1329 2815 1565 2893 Animam
1614 2818 1856 2890 progredi
1891 2797 2086 2869 Deita-~

489 2913 611 2970 tem,
645 2891 826 2973 cratera
858 2903 1143 2967 divinitatis
1182 2891 1412 2973 expertia
1460 2907 1681 2974 incipere
1721 2924 1754 2958 a
1783 2906 2092 2978 differentia

487 3009 751 3062 corporea.
776 2993 870 3048 llic
899 2994 1055 3062 plane
1075 3003 1156 3048 est
1185 2993 1324 3068 quod
1358 2993 1565 3068 volt-bat
1585 2995 1933 3070 Augustinus.
1956 2996 2076 3050 Pla-

492 3085 631 3137 tonis
658 3093 711 3138 et
735 3084 930 3138 Plotini
955 3069 1095 3149 loca,
1124 3099 1242 3139 eam
1288 3084 1339 3138 iu
1371 3098 1505 3149 rem,
1533 3085 1721 3157 eodem
1766 3069 1886 3140 loco
1914 3085 2075 3143 habet

493 3172 745 3242 Cyrillus.

558 3261 691 3316 Ibid.
725 3261 808 3326 Et,
837 3262 1099 3328 nimirum,
1143 3262 1242 3316 hoc
1281 3263 1438 3330 dixit,
1493 3274 1546 3318 ut
1569 3264 1755 3332 potuit,
1779 3264 1883 3319 sive
1906 3272 1958 3317 ut
1988 3279 2075 3317 vo-

487 3351 606 3416 luit,
637 3351 771 3420 quod
793 3368 885 3406 nos
925 3351 1179 3422 Spiritum
1231 3362 1468 3428 sanctum
1515 3370 1604 3408 nec
1630 3354 1805 3408 Patris
1853 3363 2070 3423 tantum,

489 3463 580 3500 nec
604 3444 732 3500 Filii
754 3455 969 3512 tantum,
998 3448 1087 3500 sed
1119 3449 1378 3515 utriusque
1405 3448 1660 3518 Spiritum
1704 3450 1941 3503 dicimus.
1985 3448 2078 3502 Li-

492 3539 623 3608 beris
643 3540 778 3593 enim
793 3541 951 3593 verbis
982 3541 1259 3613 loquuntur
1283 3538 1594 3610 philosophi,
1638 3557 1730 3594 nec
1755 3542 1809 3593 in
1831 3541 1979 3594 rebus
2008 3541 2077 3617 ad

488 3633 875 3704 intelligendum
899 3620 1207 3702 diﬂicillimis
1233 3632 1564 3700 offensionem
1608 3635 1962 3705 religiosorum
1984 3650 2082 3687 au-

489 3725 626 3777 rium
660 3725 1040 3795 pertimescunt.
1085 3723 1251 3778 Nobis
1295 3733 1467 3779 autem
1508 3725 1575 3776 ad
1613 3734 1801 3778 certam
1851 3724 2085 3794 regulam

492 3816 631 3886 loqui
656 3817 736 3882 fas
766 3825 856 3880 est,
883 3832 946 3868 ne
976 3818 1238 3871 verborum
1261 3804 1462 3872 licentia
1496 3818 1644 3871 etiam
1674 3819 1738 3871 de
1788 3819 1934 3871 rebus
1973 3833 2087 3886 qua:

492 3908 572 3958 his
599 3906 976 3973 signiﬁcantur,
1009 3907 1217 3975 impiam
1266 3911 1442 3980 gignat
1493 3895 1827 3979 opinionem]
1857 3909 2086 3977 Dignum

491 4004 608 4052 erat
636 4002 840 4060 uolatu,
879 4011 944 4050 ne
969 3997 1202 4066 imperiti
1229 3989 1584 4054 similitudine
1613 3998 1948 4068 fallerentur,
1969 3999 2090 4067 phi-

491 4081 751 4154 losophos
782 4088 904 4143 illos
933 4090 1107 4146 verbis
1138 4092 1351 4161 quidem
1391 4093 1556 4148 videri
1585 4092 1830 4147 assentiri
1847 4092 2088 4160 Scriptu-

492 4193 566 4232 ra:
585 4191 772 4245 sacrae,
787 4182 880 4237 sed
895 4184 1067 4252 reipsa
1083 4185 1479 4242 diversissimos
1495 4186 1663 4241 abire.
1680 4186 2090 4248 Contendebant

493 4270 636 4325 enim
681 4269 941 4329 Platonici
971 4283 1077 4331 tres
1103 4293 1223 4332 esse
1250 4278 1600 4343 substantias,
1629 4292 1826 4348 easque
1851 4263 2088 4346 ints-qua-

494 4362 592 4431 les,
621 4363 762 4433 quod
794 4365 949 4419 facile
977 4366 1239 4435 intelliget
1264 4369 1505 4437 quisquis
1533 4378 1736 4424 attente
1761 4369 1948 4437 legerit
1970 4368 2092 4422 Plo-

497 4454 592 4507 tini
619 4453 713 4508 lib.
748 4470 829 4520 tn,
850 4455 1118 4509 Enneadis
1146 4471 1219 4521 nt,
1247 4466 1300 4510 et
1322 4469 1467 4512 recte
1487 4459 1916 4514 animadversum
1947 4467 2030 4511 est
2058 4472 2088 4510 a

496 4547 721 4617 Cyrillo,
750 4547 868 4601 loco
897 4556 1052 4600 antea
1085 4559 1383 4603 memorato
1407 4550 1524 4603 libri
1569 4567 1661 4603 vnt
1684 4561 1869 4603 contra
1914 4549 2085 4624 Julia-
2115 4537 2166 4599 D
2193 4553 2492 4606 divinorum

496 4654 646 4692 num.
680 4638 930 4692 Pluribus
955 4636 1113 4693 etiam
1136 4636 1248 4709 egit
1270 4653 1334 4696 ac
1381 4640 1448 4694 de
1491 4655 1548 4693 re
1585 4640 1818 4693 Joannes
1847 4638 2086 4695 Clericus

494 4732 642 4783 Art's
663 4728 876 4783 (Γ.ιίιίοω
901 4737 1027 4782 tom.
1052 4727 1298 4798 lll,epist.
1320 4729 1374 4782 'l».
1399 4730 1647 4784 Attamen
1666 4746 1771 4783 non
1789 4731 1905 4784 sine
1926 4745 2086 4788 causa

495 4818 837 4876 liberioribus
866 4820 1042 4876 verbis
1072 4820 1417 4889 philosophos
1466 4821 1538 4874 uti
1571 4821 1703 4874 dixit
1731 4822 2084 4890 Augustinus,

497 4922 620 4961 nam
652 4908 724 4961 illi
752 4917 860 4966 tres
883 4913 1012 4969 deos
1032 4925 1217 4983 aperte
1244 4927 1362 4968 esse
1383 4912 1631 4969 dicebant
1656 4921 1765 4967 tres
1810 4914 1924 4967 illas
1952 4915 2092 4980 priu-

495 4995 687 5064 cipalcs
714 4998 1053 5065 substantias;
1083 5004 1223 5072 quod
1246 5005 1356 5071 alii,
1381 5004 1470 5075 qui
1524 5017 1616 5058 eas
1664 5018 1882 5072 prorsus
1931 5019 2086 5073 pares

495 5097 617 5140 esse
642 5086 1178 5154 putabant,so|ebant
1198 5110 1421 5163 negare;
1455 5109 1559 5149 non
1589 5095 1847 5165 tamquod
1868 5095 1968 5150 hoc
1992 5095 2086 5150 talo

496 5195 614 5234 sum
651 5187 814 5246 esset,
846 5193 909 5234 ex
937 5182 1170 5249 ipsorum
1190 5189 1472 5253 sententia,
1521 5189 1564 5243 si
1611 5188 1826 5259 proprie
1870 5190 1989 5257 quis
2015 5190 2092 5243 lo-

496 5270 588 5340 qui
621 5271 802 5338 vellet,
836 5287 995 5341 quam
1053 5275 1190 5342 quod
1243 5278 1686 5347 pertimescerent
1736 5281 2085 5337 offensionem

503 5367 710 5422 aurium
751 5363 1146 5436 religiosarum,
1176 5383 1294 5436 quae
1319 5383 1488 5438 passte
1513 5385 1621 5424 non
1643 5382 1824 5427 essent
1844 5373 1948 5426 dici
1974 5373 2089 5442 plu-

505 5471 593 5512 res
617 5472 738 5514 esse
763 5457 927 5528 deos’,
979 5469 1163 5514 cotttra
1219 5468 1532 5530 perpetuum
1588 5461 1751 5518 totius
1798 5463 2090 5534 Scriptum

507 5559 828 5607 sermonem.

577 5635 710 5704 Cap.
737 5643 825 5696 27.
874 5643 947 5696 Tu
977 5654 1144 5698 autem
1169 5643 1393 5698 didicisti
1416 5642 1508 5697 hac
1545 5660 1644 5698 non
1673 5661 1705 5698 a
1731 5642 1969 5712 Platone,
2001 5645 2090 5698 sed

505 5740 538 5779 o
560 5722 812 5782 Chalda'is
830 5735 1100 5802 magistris,
1131 5738 1260 5791 utin
1290 5735 1529 5791 tet/cereas
1547 5735 1622 5790 vel
1639 5751 1896 5810 empyreas
1915 5736 2088 5793 mundi

2173 1903 2408 1958 nientem
2470 1899 2786 1977 sapientiam
2848 1899 2899 1953 in
2922 1898 3262 1952 concordiam
3297 1899 3547 1968 redigere
3575 1901 3744 1955 curet?

2245 1994 2410 2050 Ltnno
2454 2009 2527 2046 ιι.
2553 1992 2682 2059 Cap.
2712 1991 2764 2045 5.
2812 1990 2872 2044 Si
2908 1990 3108 2057 inﬁnita
3146 1991 3311 2060 spatia
3351 1993 3599 2059 temporis
3645 2002 3745 2043 ante

2172 2076 2424 2138 mundum
2453 2084 2696 2153 cogitant,
2728 2083 2781 2134 in
2808 2081 2987 2150 quibus
3008 2081 3078 2134 eis
3115 2096 3214 2133 non
3257 2080 3458 2133 videtur
3516 2079 3655 2134 Deus
3689 2085 3743 2135 ab

2175 2190 2324 2241 opere
2345 2189 2542 2227 cessare
2569 2172 2810 2240 potuisse,
2837 2171 3070 2225 similiter
3085 2171 3300 2239 cogitent
3321 2181 3471 2224 extra
3509 2173 3744 2226 mundum

2174 2265 2379 2332 inﬁnita
2404 2265 2568 2332 spatia
2589 2264 2848 2328 locorum;
2870 2263 2922 2315 in
2946 2262 3124 2332 quibus
3147 2263 3190 2314 si
3209 2261 3478 2331 quisquam
3501 2263 3638 2316 dicat
3657 2278 3748 2317 non

2176 2356 2398 2425 potuisse
2418 2369 2596 2407 vacare
2623 2353 2777 2407 Omni
2781 2361 3056 2420 potentem,
3071 2337 3240 2406 nonne
3253 2337 3568 2421 consequens
3595 2354 3681 2405 erit
3695 2363 3748 2406 ut

2173 2447 2571 2500 innumerabiles
2591 2445 2807 2498 mundos
2828 2461 2940 2497 cum
2962 2443 3189 2524 picuro
3209 2444 3466 2522 somniare
3490 2446 3749 2513 coquntur!

2176 2537 2308 2608 etc.]
2333 2537 2517 2616 Sedsi
2547 2537 2666 2607 quis
2688 2520 3012 2590 eoncederet
3041 2520 3142 2603 per.
3175 2520 3432 2588 inﬁnitam
3465 2534 3642 2587 mundi
3666 2549 3750 2587 ex-

2177 2631 2481 2702 tensionetn
2508 2643 2627 2684 esse
2677 2627 2872 2696 ubique
2900 2626 3075 2680 varias
3105 2625 3372 2679 variarum
3423 2633 3586 2693 atque
3614 2625 3749 2679 innu-

2178 2723 2519 2778 merabilium
2547 2730 2915 2775 creaturarum
2942 2718 3317 2785 habitationes,
3350 2718 3522 2786 qualis
3548 2728 3629 2773 est
3648 2718 3751 2773 haec

2178 2789 2360 2867 nostra
2390 2820 2554 2876 terra,
2586 2821 2639 2865 et
2677 2811 2862 2877 quales
2903 2809 3135 2878 majores
3187 2808 3258 2862 illi
3291 2800 3518 2877 planetu:
3548 2810 3633 2880 qui
3662 2824 3754 2865 no-

2177 2904 2384 2979 biscum
2415 2903 2702 2956 volvuntur
2725 2902 2870 2955 circa
2916 2901 3086 2956 solem
3135 2909 3406 2966 nostrum;
3464 2915 3572 2956 non
3625 2912 3757 2958 esset

2181 3010 2278 3050 cur
2303 2994 2458 3048 valde
2493 2994 2592 3050 sibi
2621 3010 2649 3047 a
2681 2993 3122 3062 philosophorum
3175 2993 3502 3062 argumentis
3527 2995 3754 3060 timeret;

2179 3076 2235 3143 et
2258 3087 2323 3141 ad
2357 3086 2634 3155 theologos
2661 3084 2873 3168 quidem
2906 3083 3046 3154 quod
3071 3084 3283 3149 attinet,
3336 3092 3543 3140 tacente
3566 3087 3760 3140 revela-

2100 3182 2148 3258 ο
2179 3183 2346 3246 tione,
2375 3181 2504 3234 nihil
2535 3189 2616 3234 est
2638 3181 2776 3259 quod
2825 3179 2924 3232 hac
2949 3179 3016 3232 de
3047 3194 3107 3233 re
3141 3189 3514 3233 asseveranter
3563 3179 3759 3234 dicant.

2177 3269 2541 3327 Coutenderet
2570 3270 2660 3324 ille
2681 3285 2774 3324 eos
2796 3269 2863 3324 de
2887 3270 2996 3346 Deo
3025 3269 3182 3323 nimis
3198 3271 3408 3346 exiliter
3420 3270 3641 3335 sentire,
3670 3274 3758 3339 qui

2181 3363 2382 3418 incolas
2429 3362 2482 3415 in
2515 3360 2615 3415 hac
2669 3369 2872 3414 tantum
2897 3361 3092 3429 exigua
3121 3369 3277 3438 terrae
3305 3359 3535 3429 glebula,
3571 3373 3768 3429 eosque

2179 3465 2262 3510 sat
2292 3453 2515 3509 miseros
2543 3452 2880 3516 collocasset,
2915 3466 3012 3505 nec
3043 3452 3328 3520 quidquam
3351 3450 3514 3514 aliud,
3548 3466 3646 3519 per
3676 3451 3769 3504 im-

2183 3560 2366 3600 mensa
2397 3545 2579 3598 mundi
2614 3530 2806 3613 spatia,
2851 3543 3073 3596 rationis
3100 3541 3384 3611 particeps,
3412 3542 3651 3610 exceptis
3679 3557 3772 3596 an-

2184 3638 2338 3708 gelis,
2369 3642 2634 3698 creasset;
2666 3645 2852 3690 contra
2876 3648 3001 3688 vero
3027 3646 3118 3687 eos
3172 3631 3331 3700 digne
3366 3631 3432 3685 de
3456 3633 3564 3685 Deo
3591 3632 3770 3702 loqui,

2186 3732 2272 3800 qui
2293 3731 2484 3784 inﬁniti
2506 3730 2709 3799 opificis
2733 3729 2935 3784 infinita
2954 3743 3174 3786 numero
3189 3741 3350 3800 opera
3370 3743 3488 3784 esse
3507 3728 3773 3784 dicerent.

2188 3823 2303 3878 Huc
2332 3822 2650 3878 accederent
2678 3837 2795 3892 qua:
2829 3806 3167 3876 doctissimus
3204 3835 3268 3876 ac
3316 3821 3776 3889 ingeniosissimus

2189 3913 2596 3967 mathematicus
2637 3926 2699 3967 ac
2753 3912 3002 3980 physicus
3055 3910 3390 3987 Christianus
3436 3910 3776 3982 Huygenius,

2192 4001 2246 4058 in
2267 4017 2365 4058 suo
2386 4001 2795 4078 Cosmotbeoro,
2818 4001 3023 4055 dicitde
3038 4001 3368 4069 planetarum
3382 4003 3683 4057 vicinorum
3703 4005 3781 4058 in-

2192 4096 2346 4151 colis.
2380 4095 2460 4149 Ad
2491 4095 2826 4149 durationem
2852 4107 2979 4147 vero
3007 4093 3146 4161 quod
3195 4103 3400 4165 spectat
3425 4094 3649 4159 diceret,
3675 4111 3781 4152 non

2193 4201 2314 4243 esse
2344 4185 2479 4239 hanc
2513 4194 2707 4258 terram
2741 4181 3344 4254 primumbabitaculum
3368 4183 3784 4251 intelligentiam

2193 4291 2501 4336 naturarum
2529 4294 2558 4332 a
2583 4280 2692 4334 Deo
2716 4287 2977 4340 creatum,
2999 4290 3094 4330 nec
3119 4275 3637 4346 quidquamobstare
3658 4293 3782 4345 quo-

2195 4362 2386 4436 minus,
2429 4370 2570 4424 utsi
2633 4383 2810 4424 rerum
2862 4367 3264 4421 universitatem
3319 4367 3547 4421 lustrare
3593 4382 3782 4436 aggre-

2193 4453 2468 4527 dercmur,
2501 4475 2768 4530 nunquam
2793 4442 3270 4527 perveniremusad
3289 4457 3525 4510 ultimum
3550 4471 3780 4524 Operum

2551 4569 2564 4602 :
2621 4551 2698 4604 sic
2753 4564 2964 4617 quoque
3003 4531 3006 4535 ’
3039 4549 3084 4602 si
3149 4549 3470 4617 prceteritam
3535 4546 3782 4601 duratio-

2191 4657 2485 4720 nem,qua:
2520 4641 2672 4695 initio
2721 4641 2912 4706 caruit,
2958 4638 3309 4720 contemplari
3359 4638 3537 4692 animo
3592 4651 3786 4704 posse—

2190 4749 2328 4798 mus,
2362 4715 2416 4788 et
2436 4733 2575 4787 scire
2605 4747 2724 4801 qua:
2755 4731 2805 4784 in
2834 4745 2897 4785 ea
2918 4740 3064 4800 gesta
3099 4715 3210 4784 sint
3247 4744 3274 4781 a
3305 4729 3438 4793 Deo,
3487 4727 3630 4781 nulla
3673 4745 3786 4782 un-

2190 4838 2350 4892 quam
2399 4830 2644 4877 creatura
2672 4820 2824 4875 nobis
2873 4817 3291 4888 regredientibus
3320 4819 3371 4872 in
3431 4817 3786 4887 prmterlapsa

2194 4916 2391 4971 saecula
2438 4924 2684 4970 occurret
2735 4928 2855 4981 qua:
2909 4912 3076 4979 prima
3134 4910 3373 4964 omnium
3423 4909 3531 4964 dici
3578 4920 3783 4977 posset.

2194 5007 2302 5063 Nec
2347 5008 2539 5062 mirum
2573 5016 2673 5068 est,
2709 5005 2752 5058 si
2783 5003 2868 5057 hic
2889 5009 3014 5056 sunt
3041 5002 3403 5068 difficultates,
3441 5014 3562 5055 cum
3603 5015 3784 5056 sermo

2193 5099 2349 5154 sitde
2377 5097 2620 5160 inﬁnito;
2655 5093 2746 5148 sed
2775 5099 2995 5162 pra:th
3015 5091 3253 5160 cogitare
3306 5091 3373 5145 de
3415 5089 3612 5145 ofﬁciis
3663 5105 3784 5156 qum

2193 5189 2344 5244 nobis
2371 5171 2616 5256 imposita
2646 5200 2674 5237 a
2701 5184 2814 5251 Deo
2839 5191 2983 5249 sunt,
3009 5199 3166 5254 quam
3195 5183 3264 5237 de
3291 5183 3354 5237 iis
3376 5197 3518 5251 quae,
3549 5197 3612 5237 ex
3635 5181 3782 5252 judi-

2189 5280 2274 5334 cio
2302 5285 2487 5332 nostro
2521 5276 2825 5341 vacillante,
2859 5276 3017 5344 Deus,
3051 5276 3095 5330 si
3126 5275 3197 5330 ita
3232 5274 3374 5346 loqui
3431 5274 3510 5347 ias
3549 5285 3652 5339 est,
3707 5273 3784 5328 fa-

2191 5386 2314 5426 cere
2338 5369 2524 5424 debuit

2265 5463 2394 5532 Cap.
2425 5463 2481 5517 8.
2511 5459 2988 5517 Convenientissime
3011 5461 3201 5535 itaque,
3216 5475 3330 5511 cum
3378 5456 3544 5516 Deum
3587 5459 3782 5528 requie-

2194 5555 2321 5608 visse
2348 5552 2645 5623 prapltetica
2666 5559 2841 5603 narrat
2869 5550 3144 5610 auctoritas
3163 5589 3180 5614 ,
3223 5549 3538 5620 signiﬁcatur
3587 5551 3781 5620 requies

2193 5661 2368 5697 eorum
2397 5645 2484 5714 qui
2504 5644 2553 5696 in
2576 5642 2666 5696 illo
2695 5642 3032 5710 requiescunt,
3061 5648 3106 5694 et
3134 5656 3256 5708 quos
3289 5639 3410 5708 facit
3454 5641 3561 5709 ipse
3588 5641 3782 5706 requicv

2196 5752 2350 5793 scere.
2381 5734 2560 5810 ]Niltil
2593 5732 2766 5804 potuit
2818 5731 2985 5802 magis
3033 5739 3274 5786 coactum
3319 5728 3464 5799 tingi,
3507 5730 3570 5786 ad
3615 5729 3776 5800 cspli.
