3900 6330
77 368 179 426 677

781 364 1134 425 YARIORUM
1174 365 1772 424 EXERCITATIONES
1814 369 1876 426 ΙΝ
1916 369 1974 426 S.
2021 373 2390 432 AUGUSTINI
2433 377 2682 438 OPERA.

3260 386 3370 450 478

80 480 306 536 caudam
333 477 568 547 quietem
591 476 801 544 septimi
831 478 968 544 diei,
991 496 1107 548 qua!
1139 496 1241 532 noti
1288 488 1465 564 potest
1512 490 1668 533 auter
1699 485 1747 540 Α
1777 482 2097 552 interpretes
2115 487 2764 559 ostenderuntagircvcra
2801 492 2906 546 illic
2926 496 3108 549 nonde
3133 512 3362 566 persona

80 569 310 639 intelligi
335 567 579 637 quamde
606 567 903 621 cessatione
956 569 1263 633 crcationis,
1316 569 1385 621 ita
1432 559 1485 621 ut
1533 571 1672 624 nulla

79 663 338 729 deinceps
365 672 498 711 nova
523 671 702 711 rerum
732 672 924 725 genera
965 661 1223 714 creaverit
1262 661 1433 729 Deus;
1460 675 1514 716 nt
1547 646 1676 716 con-

80 757 283 805 stat'ex
316 763 373 802 re
405 749 517 815 ipsa
564 746 620 801 et
649 748 970 815 optimorum
1021 747 1356 820 quorumque
1403 755 1668 822 interpre-

83 854 190 895 tum
217 827 613 894 co‘usensu'.Eo
662 839 877 893 devenit
922 838 1250 908 Augustinus
1296 835 1673 912 'utrcSponde-

84 933 160 986 rct
189 929 480 999 objectioni
509 928 847 982 ethnicorum
871 931 1306 1000 pllilOSOpllOl‘um
1342 977 1357 1000 ,
1402 936 1490 1003 qui
1520 933 1674 988 dicti-

86 1027 259 1079 labant
300 1023 618 1076 indecorum
664 1038 783 1076 csse
817 1022 925 1076 Deo
949 1022 1247 1091 quiescere,
1275 1027 1421 1095 quasi
1453 1018 1669 1084 fessum.

92 1116 307 1171 ltutilius
330 1114 960 1168 Numatiamisltinerarii
984 1131 1124 1169 vers.
1149 1113 1272 1170 39L

199 1228 424 1291 Septima
447 1239 655 1291 quicque
679 1224 785 1291 dies
801 1227 942 1291 ⁸ιιινρί
959 1226 1178 1291 damn_ata
1197 1235 1423 1291 veter..o,

259 1289 516 1348 Tanquam
543 1288 698 1335 lassati
721 1286 878 1335 mollis
903 1291 1062 1350 imago
1093 1289 1204 1337 Dei.
1307 1299 1312 1302 '
1410 1286 1424 1308 τ

97 1389 417 1446 Atdesinerc
441 1404 576 1457 opus
615 1366 882 1457 quoddam
934 1375 1109 1444 lacere
1163 1405 1283 1444 cum
1321 1400 1404 1446 cst
1453 1393 1667 1448 absolu-

97 1493 219 1545 tum,
243 1479 502 1533 indicium
527 1474 934 1546 estsapieutim,
969 1495 1072 1532 non
1104 1479 1528 1548 defatigationis;
1580 1498 1672 1537 ne-

98 1584 188 1640 que
215 1571 355 1625 enim
398 1570 538 1624 idem
575 1571 731 1624 debet
759 1584 974 1637 semper
1013 1570 1146 1625 fieri.

157 1664 280 1732 Cap.
319 1663 404 1717 Η.
434 1662 673 1725 Quamvis
705 1679 804 1714 non
847 1663 1095 1739 quidquid
1148 1675 1390 1718 wternum
1429 1667 1668 1739 continuo

101 1756 276 1806 beatum
303 1754 369 1806 sit
420 1752 628 1821 (dﬁcitur
664 1754 794 1805 enim
829 1754 981 1806 etiam
997 1736 1227 1822 ~poenalis
1255 1746 1384 1823 ignis
1404 1736 1666 1828 teternus),

1780 574 1882 626 ulla
1911 590 2055 640 vera,
2087 577 2180 631 sed
2211 581 2340 634 κατὰ
2370 586 2783 656 προρωποποιίαν
2832 585 2897 638 de
2942 574 3217 654 sapientia,
3245 609 3363 659 qum

1779 663 1973 719 divina:
2000 670 2250 723 essentia:
2279 682 2359 725 cst
2385 673 2721 730 attributum.
2758 683 3005 733 Attamen
3050 668 3136 734 illa
3188 685 3361 739 ambi-

1776 756 1978 822 gnitate
2007 759 2158 813 ntulti
2189 759 2374 816 Patres
2403 775 2528 818 sunt
2553 765 2722 820 abusi.
2774 768 2904 823 Vide
2955 771 3170 843 Dionys.
3204 774 3364 831 Peta-

1777 847 1917 928 vium
1950 847 2138 930 Dogm.
2175 854 2456 934 theologic.
2483 865 2610 933 tom.
2641 858 2679 910 ll
2703 899 2718 923 ,
2773 860 2860 912 lib.
2895 877 2966 925 vr,
2990 843 3195 931 caput).
3230 848 3364 922 Sed

1779 951 1810 988 ιι
1838 934 2067 1002 tandum
2090 939 2636 1020 Augustlmtmdtcerc
2654 948 2908 1016 Spiritum
2929 935 3168 1004 sanetum
3198 955 3365 1024 ipsum

1776 1042 1971 1094 quoque
1999 1029 2328 1086 substantiam
2358 1049 2497 1096 esse,
2523 1037 2662 1088 unde
2689 1037 2851 1106 liquet
2877 1039 3112 1108 singulos
3142 1030 3276 1098 alios
3301 1047 3366 1096 ab

1775 1132 1840 1170 eo
1859 1118 2088 1172 creditos
2113 1135 2231 1175 esse
2248 1122 2555 1177 substantias
2585 1126 2887 1194 distinctas,
2936 1134 3177 1199 quamvis
3204 1115 3366 1202 pares

1776 1215 1830 1259 et
1858 1208 2342 1275 coniunctissimus.
3052 1209 3056 1214 Δ

1839 1294 1974 1366 Cap.
2009 1299 2096 1353 29.
2122 1299 2215 1354 Illi
2243 1303 2425 1372 quippe
2445 1306 2614 1372 angeli
2641 1308 2806 1359 sancti
2852 1325 2952 1362 non
2998 1329 3084 1379 per
3106 1313 3252 1365 verba
3283 1331 3362 1366 so-

1776 1387 1950 1444 nantia
1982 1391 2409 1466 DenmdiscuntJ
2441 1396 2618 1452 Facile
2662 1397 2763 1453 hoc
2809 1405 3208 1468 c0uce3seritn;
3269 1405 3360 1458 sed

1775 1498 1830 1535 ra
1859 1484 2033 1538 ionetn
2062 1501 2163 1554 qua
2193 1486 2281 1539 Dei
2317 1488 2534 1556 imperia
2570 1493 2830 1560 accipiant
2882 1494 3089 1562 ignoro.
3115 1498 3182 1549 At
3209 1507 3361 1550 norat

1776 1576 2122 1642 Augustinus,
2157 1578 2243 1644 qui
2274 1577 2353 1631 sic
2385 1580 2693 1648 pergitzsed
2721 1600 2809 1651 per
2831 1584 2994 1652 ipsam
3037 1589 3363 1653 prwsentiam

1773 1662 2106 1745 immrutabilis
2133 1667 2373 1732 veritatis,
2404 1667 2500 1721 hoc
2521 1681 2614 1735 est,
2639 1672 2843 1724 verbum
2865 1675 2978 1741 ejus
3021 1677 3356 1742 unigenitum.

1778 1751 1912 1810 Sunt
1944 1756 2156 1824 quidem
2190 1757 2303 1812 hsce
2328 1764 2486 1813 verba
2528 1771 2577 1815 et
2614 1751 2795 1827 voces,
2844 1765 2935 1818 sed
2979 1766 3171 1832 quibus
3203 1783 3360 1833 quam

103 1856 247 1898 tamen
273 1847 318 1898 si
347 1862 462 1898 vere
491 1845 806 1915 perfecteque
837 1839 980 1898 beata
997 1839 1099 1899 vita
1123 1849 1326 1901 nonnisi
1356 1860 1544 1902 (eterna
1574 1862 1667 1917 est,
1702 1843 1746 1901 B
1776 1855 2090 1913 polcslalcm
2123 1846 2409 1915 subjiceret
2455 1851 2684 1918 scriptor
2741 1855 2851 1920 ipse
2891 1855 2996 1920 vix,
3052 1865 3107 1907 ut
3152 1855 3361 1924 opinor,

105 1953 189 1988 non
211 1945 316 1989 erat
345 1934 466 1987 talis
487 1937 696 1988 istorum
721 1937 1019 2007 quandoque
1047 1937 1293 2004 desitura,
1324 1950 1369 1991 et
1407 1951 1672 2010 propterea

101 2027 181 2078 non
205 2037 420 2092 (eterna,
463 2027 567 2079 sive
592 2027 644 2078 id
666 2027 870 2093 scirent,
902 2027 1005 2080 sive
1035 2027 1306 2083 nescientes
1340 2029 1481 2082 aliud
1522 2040 1672 2100 puta-

96 2117 232 2189 rum]
264 2119 458 2172 Nescio
488 2133 583 2172 cur
612 2119 818 2172 inanem
850 2119 987 2174 bane
1017 2122 1365 2190 quaestionem
1393 2123 1552 2192 agitet
1585 2106 1671 2180 hie

96 2211 431 2279 Augustinus.
468 2210 572 2264 Sed
598 2210 845 2275 libenter,
879 2220 934 2264 ut
982 2197 1410 2267 animadverterit
1450 2215 1673 2281 quicun-

95 2316 183 2368 que
203 2301 318 2369 ejus
339 2316 504 2370 Opera
533 2302 726 2370 legent,
755 2315 847 2354 sua
879 2298 1043 2369 ipsius
1071 2305 1283 2371 repetit.
1309 2303 1441 2376 Vide
1463 2306 1514 2359 in
1536 2317 1666 2360 tom.

97 2387 147 2443 lll
169 2406 298 2460 opus
320 2391 387 2444 dc
411 2391 604 2444 Genesi
628 2390 693 2443 ad
716 2391 971 2457 litteram,
1003 2391 1098 2446 lib.
1128 2408 1201 2458 xl,
1225 2377 1345 2462 cap.
1371 2393 1458 2458 16,
1483 2403 1534 2448 ct
1552 2410 1668 2464 quae

95 2484 189 2535 illic
209 2482 606 2536 s-dnotavimus.
1638 2466 1642 2470 ’

152 2573 284 2641 Cap.
314 2576 400 2628 15.
436 2573 584 2638 Quod
607 2573 668 2624 ab
699 2573 845 2627 initio
877 2571 1107 2626 diabolus
1131 2583 1323 2641 peccat,
1358 2591 1457 2638 non
1487 2573 1548 2625 ab
1572 2574 1672 2626 ini-

93 2669 155 2718 tio
187 2681 252 2717 ea:
274 2681 372 2733 qua
391 2673 581 2716 creatus
599 2653 680 2717 est
707 2682 914 2734 peccare
940 2665 1195 2739 putandus
1211 2674 1282 2718 est
1306 2682 1321 2727 ;
1361 2664 1449 2716 sed
1474 2665 1535 2716 ab
1574 2666 1670 2716 ini-

94 2757 124 2805 ti
142 2781 152 2801 ι
180 2756 388 2822 peccati,
420 2755 553 2821 quod
581 2757 642 2805 ab
673 2756 833 2819 ipsius
853 2743 1088 2824 superbia
1113 2757 1312 2822 rmperit
1345 2772 1450 2807 ωδε
1499 2771 1673 2822 pecca-

96 2857 211 2896 tum.
229 2845 246 2915 ]
263 2846 454 2910 Quidni
481 2846 547 2898 ab
571 2845 720 2898 initio
744 2846 948 2910 mundi,
977 2854 1033 2899 ut
1058 2846 1280 2917 innuero
1301 2846 1503 2897 videtur
1521 2845 1671 2898 Cbri-

97 2947 198 2991 stus
253 2937 475 2990 Joannis
533 2951 641 3000 vnt,
669 2936 760 3000 Η,
816 2952 920 3009 quo
968 2937 1128 2990 etiam
1163 2937 1354 3002 respici
1387 2937 1452 2988 ab
1483 2936 1672 2989 eodem

100 3027 326 3096 apostolo
355 3028 562 3083 Joanne
596 3028 610 3081 l
643 3030 814 3097 Epist.
846 3011 923 3094 ιιι,
950 3029 1002 3096 8,
1040 3043 1142 3082 non
1195 3029 1375 3095 inepte
1428 3028 1673 3081 credide-

101 3122 195 3174 ris?
222 3120 306 3174 Sic
333 3121 560 3174 sumitur
586 3122 789 3174 initium
819 3136 924 3175 non
954 3121 1147 3186 semel,
1207 3120 1348 3189 apud
1390 3119 1665 3174 Joannem.

104 3209 218 3264 Vide
243 3211 444 3279 Evang.
473 3226 592 3279 cap.
621 3227 659 3276 ι,
699 3213 747 3264 l.
911 3209 913 3211 ’

159 3301 280 3368 Cap.
319 3304 402 3357 l9.
436 3302 556 3357 Non
583 3303 704 3354 mihi
735 3302 929 3360 vide‘ur
979 3301 1040 3354 ab
1089 3303 1323 3370 operibus
1357 3301 1454 3355 Dei
1487 3303 1671 3356 absur-

106 3393 155 3444 de
184 3392 269 3460 (lo:
287 3403 336 3446 te
355 3392 571 3459 absona)
601 3385 869 3456 sententia,
893 3393 935 3443 si
959 3409 1074 3444 cum
1103 3393 1194 3446 lux
1218 3375 1309 3443 illa
1333 3395 1500 3462 prium
1536 3393 1674 3460 [acta

104 3493 180 3545 est,
207 3484 367 3552 angeli
398 3484 554 3536 creati
575 3483 946 3551 intelliguntur,
1001 3494 1048 3535 et
1079 3483 1209 3535 inter
1247 3493 1447 3536 sanctos
1502 3502 1666 3552 ange-

107 3577 170 3626 lus
190 3584 231 3626 et
258 3576 548 3628 immundos
567 3577 720 3644 fuisse
742 3575 1138 3645 discretum,_ubi
1161 3576 1347 3628 dictant
1367 3585 1471 3628 est:
1506 3575 1570 3628 Et
1597 3576 1676 3629 di-

107 3669 212 3719 visit
243 3669 377 3722 Deus
409 3669 543 3721 inter
569 3669 736 3721 lucem
763 3677 815 3721 et
835 3668 1117 3743 tenebras;
1169 3679 1222 3720 et
1274 3667 1482 3720 vocavit
1529 3667 1671 3721 Deus

110 3759 260 3812 lucem
311 3759 473 3824 diem,
535 3768 586 3813 et
644 3759 895 3814 tenebras
939 3757 1150 3812 vocavit
1203 3755 1474 3828 noctem.]
1532 3757 1699 3840 Nihil.

110 3847 218 3903 alibi
234 3850 456 3905 alienius
473 3867 593 3905 es:e
617 3851 820 3904 videtur
839 3849 936 3904 boc
955 3849 1428 3917 interpretamento
1448 3863 1476 3900 a
1499 3857 1675 3902 mente

111 3939 154 3998 et
178 3947 350 4001 verbis
371 3947 530 4000 Slosis
550 3963 564 4008 ;
585 3961 681 3999 nec
703 3960 852 4007 sane,
877 3945 918 3997 si
945 3955 1184 4012 negetur,
1205 3943 1307 3996 ulla
1327 3943 1532 3996 ratione
1556 3956 1680 4008 [πο--

113 4037 209 4090 bari
234 4037 444 4105 peterit.
473 4037 675 4092 Sensus
715 4035 875 4088 Mosis
905 4033 1147 4088 litteralis
1194 4033 1426 4100 Optimus
1454 4041 1507 4086 et
1565 4030 1677 4098 pul-

115 4111 388 4182 cberrimus
409 4135 512 4193 est,
545 4126 710 4179 Deum
736 4124 980 4195 divisisse
1002 4139 1162 4178 omne
1187 4132 1392 4189 tempus
1422 4121 1474 4174 in
1505 4121 1675 4173 lucent

115 4229 158 4270 et
185 4221 444 4284 tenebras,
476 4233 578 4285 qua
608 4217 674 4271 de
704 4233 761 4271 re
791 4217 895 4286 egit
913 4199 1155 4269 Joannes
1177 4214 1415 4267 Clericus
1441 4213 1491 4265 in
1516 4211 1676 4266 Cont-

116 4321 263 4365 ment.
296 4311 625 4379 Pliilologieo
647 4297 710 4362 ad
743 4307 941 4364 Genes.
965 4323 1003 4371 I,
1030 4307 1083 4360 4.
1105 4305 1219 4359 Tali
1247 4319 1410 4358 sensu
1435 4304 1676 4369 invento,

116 4404 190 4469 qui
233 4419 289 4459 se
328 4411 519 4472 Sponte
574 4415 668 4454 sua
725 4399 902 4454 animo
932 4397 1221 4468 legentium
1266 4396 1456 4465 ingerit
1514 4395 1674 4448 alium

117 4481 331 4559 querere
357 4503 501 4550 esset
530 4493 782 4547 delirare.

1776 1937 2019 1992 dixisset.
2057 1939 2188 1993 V'ide
2212 1949 2390 1994 notata
2414 1943 2478 1994 ad
2512 1942 2604 1996 lib.
2640 1959 2711 2007 Ix,
2745 1960 2863 2011 cap.
2917 1945 3002 1998 29..

1807 2022 1811 2030 ’
1845 2029 1977 2084 ibid.
2007 2029 2234 2100 Eamque
2274 2022 2379 2085 esse
2401 2032 2787 2100 inseparabilem
2823 2034 3147 2101 Trinitatem,
3185 2043 3362 2106 singu-

1776 2119 1948 2189 lasque
1971 2120 2020 2172 in
2049 2137 2106 2173 ea
2128 2137 2369 2190 personas
2383 2118 2498 2174 esse
2533 2138 2688 2174 unam
2736 2123 3092 2190 substantiam,
3127 2135 3173 2177 et
3201 2137 3361 2179 tamen

1775 2226 1945 2262 omnes
1975 2227 2075 2262 non
2104 2219 2205 2264 tres
2228 2213 2366 2275 deos,
2400 2200 2488 2265 sed
2529 2229 2704 2275 unum,
2755 2217 2823 2266 ita
2874 2226 3137 2282 noverunt,
3190 2225 3243 2268 ut
3291 2199 3382 2268 eis.

1774 2290 1936 2371 magis
1966 2293 2060 2352 ista
2089 2317 2238 2369 quant
2271 2318 2361 2355 nos
2388 2302 2488 2371 ipsi
2508 2301 2693 2372 cogniti
2722 2304 2941 2375 sumus.]
2993 2306 3046 2360 Si
3107 2323 3362 2374 unaqute-

1773 2408 1875 2462 qne
1900 2408 2124 2461 persona
2157 2388 2238 2448 est
2291 2382 2393 2446 una
2442 2393 2747 2456 substantia,
2803 2387 3021 2449 tetidem
3076 2405 3199 2448 sunt
3239 2396 3358 2450 sub-

1773 2483 1982 2537 stantia:
2011 2494 2137 2554 quot
2169 2472 2411 2552 persona:
2441 2500 2452 2537 :
2490 2482 2588 2538 nec
2647 2471 2972 2538 dil'titt-batur
3010 2486 3358 2554 Augustinus.

1777 2572 1906 2627 \‘ide
1927 2573 1992 2626 ad
2018 2588 2133 2641 cap.
2168 2565 2243 2625 24'
2268 2583 2321 2626 et
2353 2561 2568 2642 Dionys.
2621 2568 2891 2630 Petavinm
2948 2566 3136 2642 Dogm.
3189 2574 3361 2628 Theo-

1776 2665 2066 2730 logicorum
2093 2677 2220 2716 tom.
2255 2663 2317 2725 ιι,
2346 2665 2443 2717 lib.
2474 2680 2545 2725 tv,
2577 2653 2700 2730 eap.‘
2731 2663 2784 2714 4.
2817 2664 3065 2717 Attamen
3108 2679 3248 2730 saepe
3278 2664 3360 2716 af-

1775 2754 1951 2806 firmat
1983 2769 2136 2804 unaut
2159 2770 2265 2805 esse
2290 2743 2648 2816 διιίιέιέιινὶηιιι,
2679 2767 2796 2803 etnn
2822 2741 3000 2805 sermo
3021 2742 3101 2805 est
3151 2754 3218 2804 de
3245 2755 3360 2805 uni-

1774 2854 1880 2898 tate
1909 2845 2176 2912 specilica,
2221 2853 2276 2896 ut
2325 2845 2609 2912 loquuntur
2631 2845 2962 2904 scholastici,
2999 2830 3102 2896 non
3132 2844 3199 2896 de
3250 2847 3361 2898 uni-

1775 2946 1882 2991 tate
1906 2937 2199 2990 numerica.
2235 2937 2448 2990 Planius
2474 2938 2571 2991 hac
2601 2940 2667 2990 de
2704 2952 2761 2991 re
2795 2936 2910 3005 ipse
2937 2936 3263 3012 Augustinus
3309 2938 3361 2990 in

1775 3028 1928 3082 libris
1957 3027 2024 3081 dc
2047 3027 2331 3081 Trinitate.
3000 3023 3002 3026 ·
3051 3024 3077 3030 ··
3107 3013 3111 3016 ·

1847 3119 2010 3173 Lmae
2046 3135 2138 3173 xu.
2168 3120 2296 3188 Cap.
2331 3121 2584 3188 7.:Nemo
2634 3121 2792 3191 igitur
2817 3131 3009 3188 qua'rat
3057 3123 3346 3194 eﬁicientcm

1695 3197 1740 3260 C
1773 3212 2136 3267 consummate
2162 3213 2468 3274 voluntatis;
2500 3230 2598 3266 non
2626 3216 2759 3266 enim
2809 3197 3044 3282 e/ﬁciens,
3096 3215 3183 3267 sed
3233 3213 3363 3280 deli-

1775 3309 1949 3372 ciens;
1971 3308 2090 3375 quia
2115 3323 2202 3359 nec
2225 3305 2422 3372 e/fectio
2453 3316 2544 3372 est,
2605 3306 2693 3359 sed
2715 3306 2978 3377 defectio.]
3000 3307 3146 3360 Mala:
3171 3309 3362 3359 volitio-

1777 3399 1876 3464 nis,
1905 3412 2026 3449 nam
2055 3397 2121 3449 ita
2152 3410 2270 3448 eum
2301 3396 2641 3449 scholasticis
2661 3439 2672 3458 ,
2733 3399 2961 3450 vitanda:
3006 3397 3363 3463 ambiguitatis

1775 3487 1965 3555 gratia,
1997 3485 2205 3552 loquar,
2238 3498 2396 3536 causa
2424 3483 2662 3537 efﬁciens
2684 3493 2766 3536 est
2796 3485 3061 3547 voluntas,
3088 3495 3180 3538 aut
3211 3499 3364 3538 mens

1778 3580 1972 3640 libera;
1996 3592 2112 3645 quae
2137 3575 2459 3643 ignorantia,
2489 3575 2864 3643 imprudentia,
2899 3584 2985 3627 aut
3016 3576 3206 3627 aﬂ‘eetn
3235 3592 3358 3642 pec-

1777 3688 1900 3726 care
1923 3680 2116 3739 potest.
2144 3669 2364 3722 l’eccata
2392 3667 2533 3722 enim
2566 3683 2670 3721 non
2719 3678 2838 3720 sunt
2866 3667 3020 3733 nihil,
3077 3667 3169 3720 sed
3222 3683 3362 3720 vera:

1777 3765 2014 3817 actiones
2038 3760 2260 3823 mentis;
2290 3774 2421 3829 quas
2470 3775 2798 3833 unaquaque
2836 3775 3007 3825 mens,
3065 3759 3362 3814 facultatea

1779 3855 1890 3908 Deo
1915 3861 2152 3920 accepta,
2182 3851 2342 3905 cdere
2375 3859 2568 3919 potest.
2618 3851 2810 3904 lnanes
2853 3859 2977 3903 sunt
3032 3849 3378 3915 subtiliornm

1778 3958 1931 4013 aiquo
1961 3941 2398 4011 philosophorum
2457 3940 2914 4005 ratiocinationes,
2967 3941 3161 4008 quibus
3212 3938 3364 3992 nobis

1779 4033 2100 4102 persuadere
2118 4033 2314 4087 vellent
2341 4031 2394 4087 id
2423 4047 2527 4086 non
2555 4046 2675 4086 esse
2697 4031 2837 4100 quod
2863 4031 2915 4084 in
2933 4031 3087 4084 nobis
3117 4029 3215 4098 ipsi
3244 4045 3364 4084 scn~

1780 4126 1960 4178 timus.
1984 4123 2114 4187 Vide
2144 4131 2297 4178 notas
2322 4123 2388 4177 ad
2413 4132 2543 4178 tom.
2577 4122 2714 4194 Vtin
2745 4121 3110 4177 Enchiridium
3134 4119 3199 4174 ad
3222 4120 3363 4175 Lan-

1779 4217 2007 4272 rentium
2036 4230 2155 4284 cap.
2192 4217 2277 4270 tt.

1849 4307 1980 4375 Cap.
2014 4307 2156 4376 10,§
2193 4306 2247 4359 Ξ.
2299 4303 2512 4358 Fallunt
2551 4305 2637 4358 ecs
2683 4306 2916 4370 quwdam
2964 4305 3363 4358 mendacissimus

1781 4400 1980 4461 litteras,
2013 4413 2140 4466 quas
2168 4396 2448 4464 perhibent,
2491 4397 2542 4448 in
2587 4395 2802 4450 historia
2853 4405 3152 4464 temporum,
3202 4395 3377 4452 multa,

1781 4503 2030 4541 annorum
2062 4485 2223 4538 millia
2245 4488 2530 4549 continere;
2561 4502 2676 4539 cum
2697 4504 2760 4539 ea:
2781 4487 2986 4539 Litteris
3015 4485 3169 4538 sacris
3197 4484 3258 4535 ub
3289 4484 3362 4534 in-

146 4575 296 4654 'Cap.
319 4586 409 4642 24.
446 4585 630 4639 Utrum
653 4592 818 4638 autem
848 4583 963 4635 boni
993 4579 1162 4634 Patris
1183 4591 1228 4633 et
1258 4579 1374 4633 boni
1403 4577 1528 4651 iiii
1546 4579 1669 4650 Spi-
1699 4558 1750 4618 Ῑ)
1776 4581 2014 4634 situtione
2032 4578 2250 4631 hominis
2280 4578 2506 4630 nondum
2535 4577 2786 4644 completa
2809 4590 3054 4628 minorum
3083 4589 3172 4625 sea:
3197 4571 3362 4625 millia

121 4676 229 4731 titus
247 4687 471 4742 sanctus,
503 4676 619 4745 quia
647 4675 928 4728 communis
952 4673 1194 4727 ambobus
1215 4681 1320 4738 est,
1355 4685 1490 4726 recte
1536 4673 1678 4726 boni-

121 4775 184 4817 tus
217 4767 312 4820 dici
352 4760 512 4836 possit
547 4764 807 4817 antborum
831 4781 929 4816 non
959 4765 1122 4816 audeo
1151 4763 1465 4815 temerariam
1495 4763 1679 4830 ρι’ωεὶ-

125 4858 261 4921 pilare
296 4842 622 4922 sententiam,
670 4845 1007 4910 verumtamen
1055 4854 1316 4912 amborun
1362 4871 1473 4907 eum
1514 4855 1679 4910 dicere

122 4953 406 5005 sanctitatem
437 4942 644 5020 facilius
670 4965 823 5002 ausus
868 4948 1029 5017 fuero,
1064 4964 1165 5000 non
1226 4946 1486 4997 amborum
1535 4946 1681 5015 quasi

123 5041 408 5107 qualitatem,
437 5038 530 5095 sed
553 5042 718 5109 ipsum
764 5055 961 5108 quoque
1000 5037 1352 5094 substantiam,
1386 5045 1432 5089 et
1475 5037 1676 5090 tertiam

126 5130 165 5180 in
194 5131 425 5187 Trinitase
454 5127 766 5202 pirsonamJ
797 5130 902 5183 llas
931 5118 1293 5184 incommodus
1347 5126 1673 5191 locutiones,

128 5236 232 5287 quas
258 5223 458 5278 invenit
484 5203 831 5289 Augustinus,
859 5234 952 5284 cur
979 5220 1032 5273 in
1064 5218 1382 5295 theologiam
1407 5217 1675 5270 intromis-

131 5327 196 5367 sis
219 5324 429 5386 cuperet
483 5328 587 5367 non
618 5312 890 5381 intelligo;
935 5325 1055 5363 eum
1110 5311 1223 5378 ipse
1280 5308 1506 5363 fateatur
1554 5324 1674 5377 esse

132 5407 386 5478 ambiguas,
437 5415 490 5460 et
531 5394 831 5472 Scriptura:
869 5403 1095 5472 ignotas.
1155 5401 1248 5455 Est
1294 5410 1470 5455 autem
1516 5399 1674 5470 plane

130 5501 244 5560 abuti
267 5515 539 5566 sermone,
567 5513 685 5554 cum
713 5497 830 5552 sine
846 5493 1183 5558 necessitate,
1207 5494 1258 5547 in
1285 5507 1345 5547 re
1370 5508 1463 5561 per
1487 5505 1546 5547 se
1571 5491 1675 5546 dit"-

129 5593 350 5663 ﬁcillima,
374 5593 641 5661 ambigua:
671 5588 962 5643 locutiones
991 5585 1328 5641 adhibentur.
1375 5585 1566 5640 Fateor
1593 5583 1675 5638 fa-

127 5686 322 5743 bricatas
344 5686 444 5740 bas
484 5684 644 5736 tuis3e
671 5680 734 5734 ad
765 5677 1046 5746 'exemptar
1095 5676 1210 5744 egus
1238 5689 1340 5744 qua
1393 5674 1486 5728 Dei
1513 5673 1677 5730 Filius

128 5756 342 5836 (eluetur
355 5769 458 5833 dici
475 5773 824 5848 [noverunt]
839 5759 950 5840 eius
966 5768 1244 5838 sapientia,-
1265 5767 1360 5824 sed
1376 5765 1592 5830 doetiss’

1779 4669 2166 4742 computemus.|
2197 4670 2452 4738 Respicit.
2487 4677 2544 4722 ut
2576 4669 2804 4731 videtur,
2836 4663 3165 4734 Augustinus
3194 4661 3362 4729 potis-

1777 4763 1972 4818 simum
2049 4763 2254 4817 litteras
2318 4759 2698 4830 Egyptiaeas,
2770 4770 2900 4824 quas
2975 4752 3359 4821 antiquissimis

1779 4857 2110 4925 temporibus
2136 4871 2238 4909 non
2271 4853 2702 4920 elironologicum
2751 4847 3033 4911 calculum,
3066 4845 3159 4898 sed
3185 4854 3360 4900 astro-

1780 4948 2045 5005 nomicam
2076 4946 2350 5013 periodum
2369 4943 2643 4997 continere
2675 4949 2830 4994 acute
2876 4948 3037 5006 atque
3082 4938 3360 5007 ingeniose

1780 5038 2015 5093 ostendit
2035 5037 2268 5090 Joannes
2295 5035 2644 5096 Marsliamus,
2679 5032 2730 5086 in
2760 5041 3149 5108 προκατασκευῇ
3190 5029 3358 5086 Cbro—

1781 5131 1885 5184 uici
1914 5127 2164 5184 Canonis.
2197 5125 2300 5179 Sed
2331 5132 2486 5176 antea
2510 5137 2786 5191 perperam
2818 5134 3054 5191 tempora
3073 5136 3200 5176 vere
3220 5135 3358 5190 pra--

1783 5220 2008 5288 terlapsa
2031 5231 2092 5270 ea
2120 5214 2339 5284 periodo
2367 5213 2628 5276 contineri
2654 5227 2964 5283 persuasum
3006 5220 3141 5266 erat.

1850 5310 1979 5379 Cap.
2017 5306 2101 5360 1:2.
2127 5303 2320 5359 Contra
2348 5317 2441 5365 eos
2471 5303 2558 5371 qui
2591 5303 2746 5358 nimis
2771 5310 3042 5357 recentem
3099 5296 3365 5357 mundum,

1780 5413 1900 5456 esse
1926 5397 2314 5467 querebantur:
2349 5393 2410 5450 Si
2463 5394 2680 5461 breuitas‘
2711 5409 2795 5447 eos
2836 5391 3048 5457 olfendit
3092 5385 3364 5449 temporis,

1780 5493 1913 5564 quod
1943 5500 2045 5543 tam
2066 5489 2216 5560 pauci
2249 5489 2322 5544 eis
2342 5488 2574 5543 videntur
2601 5486 2740 5550 anni,
2765 5500 2828 5538 ea:
2867 5498 2968 5552 quo
2985 5480 3243 5534 institutus
3265 5479 3360 5529 ho-

1779 5601 1861 5638 nto
1888 5583 2070 5637 nostris
2100 5581 2482 5636 auctoritatibus
2511 5578 2722 5649 legitur;
2743 5574 3060 5629 considerent
3098 5569 3224 5624 nihil
3253 5585 3362 5626 esse

1780 5675 2096 5739 diuturnum,
2123 5673 2173 5726 in
2194 5689 2291 5742 quo
2317 5683 2389 5725 est
2427 5670 2620 5740 aliquid
2649 5677 2946 5728 extremum,
2965 5675 3012 5719 et
3046 5663 3215 5717 omnia
3261 5679 3356 5728 san;-

1782 5767 2005 5824 rulorum
2028 5766 2194 5838 spatia
2225 5764 2454 5834 definita,
2497 5763 2536 5820 si
2564 5759 2832 5822 tt’ternitati
2862 5759 3194 5818 inerminatw
3215 5771 3325 5811 cons
