3900 6322
115 298 213 388 tsi

848 294 1203 387 unionem
1248 301 1836 390 E.\l‘.l‘.t:lTATIONlES
1877 325 1939 391 IN
1978 337 2033 393 s.
2079 337 2442 393 AUGUSTINI
2485 339 2733 396 OPEBA.

3271 351 3375 406 482

116 443 321 514 peditat
345 454 560 510 quoque
594 439 804 494 Ariauis
852 457 1003 497 nova:
1044 443 1356 498 teternitatis
1404 446 1695 504 notionem.
1729 445 1774 505 Λ
1805 447 1981 502 nullus
2023 448 2118 502 fuit
2147 448 2197 502 in
2233 449 2362 511 Eva,
2396 459 2486 503 aut
2516 461 2663 506 certe
2693 453 2912 508 minime
2942 460 3287 526 conspicuus,
3319 469 3377 515 et

115 548 276 604 quam
303 533 538 586 tribuere
567 540 782 599 possent
804 531 954 598 Filio,
987 533 1185 602 integra
1208 549 1300 588 sua
1330 535 1396 590 de
1433 534 1698 590 creatione

113 625 237 692 ejus
269 621 549 677 sententia.
583 620 743 674 Plura
778 621 876 675 hac
902 622 969 676 de
997 638 1052 677 re
1080 639 1183 677 non
1216 624 1412 690 dicam,
1437 626 1536 679 nisi
1576 626 1697 680 llic-

111 726 394 782 ronymum
451 709 539 764 hic
575 724 678 762 non
729 725 884 764 usum
937 713 1122 778 peritia
1157 713 1348 780 linguae
1400 714 1691 781 llebraicze,

120 818 283 871 quam
307 801 406 854 sibi
437 808 862 866 comparaverat,
893 817 1010 870 qum.
1056 811 1230 857 tamen
1263 812 1404 856 tanta
1449 820 1552 859 non
1601 805 1696 858 fuit

113 903 306 963 quanta
336 894 542 961 vulgoa
580 893 754 946 multis
780 894 1037 962 creditur,
1086 900 1144 949 ut
1197 897 1413 964 copiose
1465 895 1697 950 ostendit

115 984 350 1036 Joannes
385 981 624 1035 Clericus
657 982 705 1034 in
747 969 1142 1048 Qumstionibus
1171 983 1473 1055 Hieronymi
1494 986 1611 1038 tuis.

180 1071 307 1138 Cap.
345 1070 431 1124 19.
467 1070 541 1124 De
561 1071 827 1125 locutione
841 1072 1030 1125 sarcula
1054 1075 1379 1138 swculorum,
1400 1075 1685 1143 postquam

116 1162 238 1214 duas
265 1161 552 1230 OpiniOnes
585 1162 854 1229 proposuit
888 1177 915 1213 a
955 1178 1078 1216 vera
1111 1163 1225 1230 ejus
1251 1173 1512 1232 potestate
1537 1164 1694 1234 plane

118 1244 332 1316 alienas,
366 1250 620 1319 subji'cit:
656 1251 790 1318 Quid
833 1248 950 1322 ergo
988 1255 1200 1307 istorum
1242 1255 1456 1309 duorum
1488 1256 1582 1322 sit,
1628 1255 1694 1308 an

119 1353 292 1409 preter
335 1343 445 1395 haec
479 1342 580 1394 duo
623 1343 821 1411 aliquid
855 1344 1000 1398 aliud
1029 1345 1090 1398 de
1119 1346 1328 1400 saxulis
1373 1347 1691 1402 smculorum

122 1434 272 1496 possit
317 1425 572 1497 intelligi,
611 1433 1011 1501 pr'ofundissima
1037 1437 1250 1503 quatstio
1291 1445 1382 1488 est.
1403 1435 1531 1500 Quis
1562 1451 1692 1490 vero

123 1537 261 1577 nunc
291 1524 500 1590 ignorat
546 1519 646 1575 hoc
674 1519 1029 1595 che__ididma
1080 1525 1272 1593 lingu-.c
1305 1523 1575 1579 lleliraiea‘:
1625 1527 1687 1582 ac

123 1611 444 1673 (Iltaldaicaa,
477 1610 583 1679 quo
603 1610 932 1680 significatur
955 1622 1163 1682 tempus
1185 1621 1276 1667 aut
1304 1618 1418 1668 sine
1445 1616 1572 1678 line,
1599 1623 1692 1669 aut

1800 534 1888 605 qui
1917 553 2032 591 eam
2060 539 2110 592 in
2137 531 2381 594 ruborem
2413 541 2541 596 dare
2573 553 2772 611 posset.
2807 544 2879 600 De
2903 547 3141 604 nuditate
3172 553 3375 618 primo-

1801 641 1915 680 rum
1950 640 2227 694 parentum
2266 630 2383 684 vide
2416 646 2534 684 cum
2563 633 2696 687 alios
2723 635 3061 704 interpretes,
3097 648 3204 694 tum
3239 652 3378 709 prata

1799 715 1982 769 sertim
2007 716 2267 774 Joannem
2296 721 2559 776 C'et-icum
2593 725 2656 778 ad
2683 724 2934 781 Genesin.

1868 801 1997 876 Cap.
2029 809 2114 864 19.
2150 810 2290 865 Licet
2317 815 2448 866 enim
2469 816 2729 884 justoruns
2762 817 2822 869 ire
2851 820 3050 888 piorum
3077 823 3262 876 animo:
3291 813 3381 879 de-

1797 899 2106 967 functorum,
2143 904 2349 970 quodin
2378 904 2550 974 requie
2582 900 2749 962 uiuunt
2777 911 3007 965 dubitare
3034 915 3115 983 [as
3138 930 3239 967 non
3275 917 3378 977 sit,

1798 1004 1952 1058 usque
1985 991 2111 1043 adeo
2139 1000 2305 1045 tamen
2336 995 2405 1046 e's
2435 997 2612 1050 melius
2633 1007 2760 1050 esset
2793 1016 2905 1052 cum
2935 1003 3040 1054 suis
3070 993 3378 1074 corporibus

1796 1075 1914 1131 bene
1933 1080 2208 1135 valentibus
2230 1080 2412 1148 t'ltttt‘c,
2446 1089 2664 1140 utetiam
2686 1090 2786 1155 illi,
2821 1092 2905 1156 qui
2934 1095 3068 1144 omni
3096 1095 3246 1148 modo
3268 1102 3374 1148 esse

1793 1168 1902 1220 sine
1948 1185 2159 1237 corpore
2203 1173 2542 1228 beatiss'mum
2578 1179 2881 1242 existimant,
2919 1182 3048 1235 hanc
3083 1179 3370 1252 opinioncni

1793 1261 1938 1311 suam
1962 1264 2208 1314 sententia
2243 1275 2558 1332 repugnante
2590 1270 2931 1342 convincant.]
2965 1271 3058 1326 llic
3086 1272 3152 1326 ad
3193 1273 3369 1328 Platon

1793 1349 1941 1403 nicos
1965 1353 2206 1420 respicit,
2243 1357 2329 1422 qui
2351 1352 2526 1410 tamen
2554 1373 2610 1410 se
2637 1357 2787 1412 facile
2809 1370 2990 1414 contra
3006 1378 3126 1416 eum
3150 1363 3371 1433 possent

1792 1440 1948 1491 tueri.
1982 1439 2084 1493 Sed
2115 1443 2213 1495 hoc
2253 1443 2336 1496 hic
2369 1461 2472 1498 nun
2496 1447 2689 1514 agitur.
2714 1450 3129 1504 Ubservabimus
3161 1453 3371 1506 tantum

1793 1530 1980 1584 melius
2005 1522 2220 1600 quidem
2249 1550 2369 1588 esse
2394 1537 2587 1592 animis
2615 1540 2986 1595 defunctorum
3019 1543 3212 1599 iterum
3242 1549 3369 1598 cuni

1790 1622 2105 1688 corporibus
2134 1625 2380 1679 excitatis
2420 1643 2450 1681 e
2495 1629 2743 1698 sepulCro
2788 1634 3075 1702 conjungi,
3121 1644 3178 1688 ut
3211 1628 3370 1703 pleuti

117 1710 253 1755 certe
279 1701 539 1794 longum?
572 1699 638 1754 Ut
659 1702 798 1754 enim
824 1703 874 1784 in
901 1702 1072 1755 \‘eteri
1099 1702 1437 1758 Testunento
1463 1705 1689 1773 legimus
1724 1775 1766 1794 ξ
1789 1726 1907 1765 cum
1941 1714 2004 1767 iis
2029 1714 2278 1771 felicitate
2308 1718 2837 1790 iruautttr,quouiam
2864 1725 2930 1778 ad
2962 1740 3243 1794 corporum
3278 1745 3366 1781 rc-

118 1799 266 1845 τεν-Π
290 1774 425 1846 ’Ἶττιὶ
473 1790 568 1842 dar
593 1789 756 1842 darirn
791 1830 804 1854 ,
848 1782 901 1842 in
926 1797 1127 1845 atatem
1167 1796 1372 1846 ctatum
1392 1834 1404 1855 ,
1437 1810 1496 1847 ea
1527 1804 1685 1864 quam

1798 1808 2182 1863 surrectionem
2229 1805 2343 1865 eam
2392 1813 2567 1866 differt
2601 1803 2906 1883 Scriptura;
2939 1817 3036 1872 sed
3062 1819 3178 1876 sine
3207 1813 3370 1873 dubio

121 1881 345 1933 diximus
374 1881 661 1944 sententia,
681 1891 735 1935 ut
770 1880 900 1951 psal.
927 1899 1019 1948 cn,
1051 1886 1152 1947 25;
1183 1887 1304 1940 lsai.
1329 1897 1400 1954 Li,
1429 1889 1490 1952 8;
1525 1889 1602 1942 sic
1634 1891 1687 1942 in

121 1987 360 2026 sermone
407 1971 750 2038 Judzeorum,
801 1976 1131 2042 t'cmpm-ib‘us
1171 1978 1495 2044 apostolicis,
1544 1964 1691 2041 553:5

122 2049 267 2146 ῖηετπς
290 2064 496 2117 [Italam
522 2064 740 2130 halmin,
772 2066 989 2135 Syriaca
1017 2067 1193 2134 lingua
1219 2068 1598 2137 dicebantfpro
1627 2070 1692 2124 eo'

126 2156 250 2222 quod
288 2165 380 2210 est
418 2158 469 2209 in
501 2170 714 2209 onmem
761 2159 1137 2212 :eternitatem.
1176 2159 1300 2212 Inde
1332 2159 1538 2212 videtur
1573 2160 1687 2213 orta

130 2250 230 2300 tunc
261 2247 487 2310 locutio,
521 2245 660 2314 quod
691 2244 758 2300 de
793 2247 878 2300 tali
908 2263 966 2302 re
999 2249 1193 2302 saecu'a
1223 2249 1452 2317 singula,
1479 2250 1557 2304 vel
1582 2252 1692 2303 sin-

124 2338 242 2405 gula:
269 2345 461 2392 aetates
491 2336 673 2392 dicere
705 2353 892 2392 omnes
926 2341 1130 2408 possint
1162 2340 1390 2393 futuram
1418 2341 1467 2394 in
1497 2344 1688 2397 Str-cuia

124 2428 412 2493 sequentia.
461 2427 567 2482 Sed
592 2429 942 2497 undecunque
965 2440 1078 2483 orta
1111 2431 1200 2495 sit,
1226 2430 1544 2499 significatio
1573 2436 1689 2499 ejus

125 2528 370 2586 perpetuo
394 2519 527 2573 Novi
556 2521 883 2574 Testamenti
915 2536 1011 2574 usu
1043 2523 1319 2575 notissima
1349 2533 1452 2586 est,
1483 2538 1545 2576 ex
1579 2539 1686 2592 quo

121 2617 322 2661 constat
348 2611 420 2669 si;
444 2615 596 2665 αἰῶνα
617 2621 668 2664 et
696 2615 766 2670 εἰς
785 2614 968 2672 αἰῶνας
995 2620 1092 2666 τῶν
1105 2615 1292 2665 αἰώνων
1315 2613 1682 2679 perindeesse.

124 2697 363 2752 Attamen
389 2701 706 2769 bacquoque
728 2701 778 2753 in
804 2717 860 2754 re
891 2701 1135 2754 mstuarit
1159 2703 1403 2754 similiter
1426 2697 1684 2773 Hierony-

124 2789 313 2850 mus,in
354 2789 528 2857 Epist.
553 2790 616 2842 ad
643 2789 858 2844 Galatas
881 2805 1000 2857 cap.
1030 2807 1079 2842 v.

186 2878 340 2932 Ltatto
370 2894 492 2932 xttt.
525 2879 654 2947 Cap.
690 2879 773 2933 19..
824 2880 1108 2947 Ροειιυτιιη
1151 2881 1398 2947 exposuit
1445 2897 1562 2950 qua:
1601 2884 1676 2938 sit

123 2959 273 3034 prima
301 2978 360 3024 et
390 2969 626 3023 secunda
653 2984 820 3031 mors.
846 2970 959 3024 lucc
991 2970 1149 3025 habet
1178 2989 1188 3022 :
1225 2971 1440 3034 Quando
1465 2989 1584 3042 ergo
1608 2974 1690 3026 di-

125 3060 187 3108 xit
210 3057 341 3111 Deus
370 3060 540 3128 primo
563 3060 640 3112 illi
654 3060 846 3112 nomini
861 3101 875 3125 ,
903 3077 1050 3128 quem
1073 3063 1125 3114 in
1143 3063 1386 3127 paradiso
1411 3065 1684 3117 constitue-

1792 1896 2028 1952 deterius
2049 1901 2125 1953 eis
2140 1912 2300 1965 esset,
2325 1904 2367 1955 si
2393 1902 2478 1957 ltic
2501 1905 2551 1956 in
2578 1906 2732 1958 terris
2747 1907 3041 1972 nobiscum,
3061 1925 3173 1961 cum
3186 1925 3366 1978 corpo-

1793 1987 1928 2041 ribus
1947 1991 2048 2042 suis
2072 1991 2192 2043 bene
2206 1993 2510 2058 calentibus,
2525 1995 2787 2049 viverent.
2811 1997 2946 2050 Sunt
2974 2002 3114 2052 enim
3130 2001 3373 2069 exetnpti

1792 2077 2040 2133 Omnibits
2068 2083 2188 2134 vita:
2208 2073 2456 2148 miseriis,
2476 2083 2528 2138 et
2559 2086 2696 2152 quod
2722 2087 2878 2154 eaput
2901 2099 2978 2141 est
3003 2092 3100 2154 rei,
3127 2089 3368 2157 periculi

1791 2169 2064 2221 exciilcndi
2089 2185 2118 2224 e
2141 2172 2307 2237 gratia
2339 2173 2533 2226 divina.
2572 2175 2675 2228 δἐι
2719 2179 2850 2229 srttis
2885 2179 3127 2233 iutricate
3163 2179 3248 2232 ltie
3280 2181 3371 2231 di-‘

1791 2268 1968 2324 Sputat
1995 2261 2321 2328 Augustinus
2339 2267 2522 2316 eontra
2550 2265 2882 2332 Platonicos,
2907 2282 3040 2336 quos
3079 2263 3371 2324 defendere

1792 2362 1894 2400 non
1925 2358 2068 2401 esstrt
2109 2355 2272 2419 usque
2302 2353 2435 2407 adeo
2465 2351 2681 2409 difﬁcile

1865 2438 2024 2492 Ltnno
2059 2457 2163 2493 xiv.
2199 2441 2327 2510 Cap.
2354 2443 2406 2496 5.
2442 2445 2726 2514 Siquidem,
2756 2449 3034 2501 sectmdunt
3067 2450 3366 2517 ipsos,illa,

1791 2538 1843 2579 ut
1869 2530 2066 2582 locutor
2092 2532 2273 2584 nobilis
2307 2536 2398 2596 aTt,
2429 2535 2541 2587 dira
2573 2537 2766 2603 evpido
2804 2555 2963 2606 usque
2987 2543 3112 2592 adeo
3154 2555 3254 2592 non
3297 2540 3368 2592 est

1790 2634 1851 2669 ex
1873 2635 2105 2687 corpore,
2141 2631 2194 2672 ut
2220 2624 2280 2674 ab
2301 2625 2437 2675 omni
2468 2641 2711 2693 corporea
2736 2639 2872 2694 peste
2901 2639 3170 2698 purgatam
3205 2639 3251 2680 et
3273 2631 3368 2680 ei-

1791 2715 1870 2758 tra
1897 2725 2044 2759 ontne
2079 2726 2262 2777 c0rpus
2301 2713 2520 2763 animant
2547 2716 2873 2766 constitutam
2903 2717 3063 2783 ipsam
3092 2703 3371 2785 compellat

1789 2811 1896 2848 esse
1933 2797 1984 2848 in
2015 2798 2272 2868 corpore.]
2305 2800 2538 2868 Respicit
2569 2803 2632 2854 ad
2666 2804 2940 2872 Virgilium
2983 2817 3138 2860 antea
3174 2806 3362 2860 lauda-

1792 2895 1923 2951 tum,
1957 2887 2233 2956 etquidem
2263 2904 2400 2942 vers.
2424 2889 2547 2957 5-21,
2583 2891 2671 2944 lib.
2707 2907 2751 2945 ιι
2784 2893 3042 2948 Eueidos

2070 3019 2186 3076 Oute
2212 3021 2330 3070 lucis
2357 3024 2545 3070 miseris
2571 3029 2662 3072 tam
2687 3025 2792 3072 dira
2816 3027 3024 3087 cupido?

125 3158 223 3212 rat,
254 3151 311 3202 de
341 3150 460 3202 cibo
507 3150 696 3204 vetito:
729 3152 1053 3218 Quacunque
1091 3151 1178 3206 die
1221 3151 1442 3207 oderitis
1481 3169 1547 3209 ex
1579 3171 1644 3208 eo
1669 3199 1682 3221 ,

1797 3134 1900 3190 Sed
1938 3136 2021 3190 vix
2076 3137 2202 3192 mihi
2246 3141 2570 3208 persuadere
2621 3158 2837 3211 possum
2879 3143 3158 3217 Virgilium
3187 3153 3364 3207 vocari

127 3241 277 3293 inorte
307 3240 653 3305 moriemini;
685 3255 783 3292 non
831 3248 1032 3293 tantum
1058 3242 1239 3310 prima
1270 3245 1447 3297 mortis
1491 3256 1686 3314 partem

123 3333 339 3395 priorem,
378 3331 469 3382 ubi
496 3332 664 3383 anima
697 3332 924 3398 privatur
947 3332 1072 3396 Deo,
1103 3349 1193 3386 nec
1219 3342 1414 3387 tantum
1443 3338 1686 3404 posterio-

121 3436 228 3482 rem,
253 3423 335 3474 ubi
352 3438 547 3490 corpus
569 3423 795 3488 privatur
815 3422 988 3474 animo
1003 3439 1023 3487 ;
1047 3439 1140 3476 nec
1154 3425 1316 3477 solam
1340 3425 1503 3494 ipsam
1529 3435 1685 3480 totam

122 3514 338 3578 primum,
373 3511 460 3562 ubi
484 3514 656 3562 anima
681 3520 728 3563 et
757 3529 787 3564 a
825 3512 930 3564 Deo
961 3522 1054 3565 eta
1082 3529 1293 3582 corpore
1316 3524 1553 3584 separata
1584 3534 1680 3587 pu-

121 3603 256 3666 nitur,
287 3606 382 3656 δελ
419 3603 667 3670 quidquid
706 3604 880 3656 mortis
901 3614 994 3669 est,
1030 3620 1190 3672 usque
1214 3605 1281 3657 ad
1311 3607 1637 3659 novissimam
1667 3651 1682 3674 ,

121 3709 215 3759 qua:
234 3693 464 3746 secunda
493 3694 698 3756 dicitur,
717 3710 817 3762 qua
847 3695 993 3746 nulla
1015 3705 1086 3746 est
1115 3696 1385 3761 posterior,
1409 3697 1686 3749 commina-

123 3783 178 3832 tio
206 3783 290 3834 illa
331 3784 605 3851 complexa
633 3791 724 3835 est.
755 3782 868 3836 Duo
901 3783 984 3836 hic
1013 3784 1518 3848 animadvertenda;
1553 3786 1687 3840 alte-

122 3887 251 3936 rum,
282 3873 404 3926 hate
435 3886 532 3940 pro
559 3874 783 3942 imperio
811 3873 877 3925 ab
921 3875 1220 3942 Augustino
1250 3875 1354 3928 dici
1376 3914 1390 3938 ,
1420 3891 1524 3928 non
1559 3891 1683 3944 pro-

125 3963 251 4026 bari;
284 3965 466 4018 nullus
493 3965 658 4027 enim,
689 3965 739 4017 in
765 3965 870 4017 ttlla
907 3966 1040 4034 lege,
1085 3975 1260 4020 exstat
1291 3982 1513 4035 usquam
1539 3969 1686 4023 locus

127 4055 195 4105 ubi
221 4067 376 4108 morte
405 4057 536 4107 mori
565 4042 705 4108 aliud
729 4054 994 4123 signiticet
1011 4071 1165 4124 quam
1183 4057 1499 4125 simpliciter
1520 4059 1685 4121 mori;

127 4157 206 4196 nec
233 4146 472 4197 mortium
497 4155 688 4214 praeter
709 4159 826 4198 eam
845 4160 944 4213 qua
962 4160 1154 4214 corpus
1177 4147 1506 4210 dissolvitur,
1541 4149 1584 4201 si
1611 4149 1680 4202 ita

126 4234 246 4302 loqui
264 4237 416 4301 licet,
433 4252 656 4304 quarum
682 4238 921 4291 meminit
943 4238 1049 4290 ulla
1074 4240 1124 4290 in
1152 4247 1262 4290 toto
1284 4239 1478 4294 Vetere
1501 4240 1685 4294 Testa-

125 4338 281 4380 mento
303 4329 532 4383 mentio.
567 4329 747 4396 Itaque
774 4331 820 4382 si
846 4339 1069 4398 negetur
1096 4329 1381 4399 quidquam
1411 4331 1494 4385 hic
1521 4333 1686 4401 signi-

127 4417 250 4471 ﬁcari
291 4431 497 4486 praeter
541 4419 838 4488 simplicem
886 4429 1112 4474 mortem
1155 4435 1248 4474 seu
1278 4421 1682 4475 dissolutionem

1789 3229 2088 3284 locutorem.
2120 3231 2416 3286 Ludovicus
2447 3235 2606 3290 Vives
2627 3236 2748 3290 alibi
2774 3237 3086 3295 Ciceronem
3108 3242 3189 3297 sic
3209 3243 3280 3296 ab
3298 3261 3366 3300 eo

1790 3321 2118 3374 nominatum
2152 3331 2318 3386 notat,
2349 3325 2488 3392 quod
2514 3341 2618 3379 non
2652 3330 2890 3383 memini.
2927 3330 3218 3403 Utrobique
3239 3338 3365 3389 mal-

1787 3410 1888 3463 lem
1916 3421 2168 3464 auctorem
2198 3431 2352 3479 quam
2389 3416 2668 3469 locutorem
2695 3419 2796 3487 legi

1856 3501 1986 3569 Cap.
2017 3503 2101 3554 17.
2129 3503 2276 3567 Quod
2306 3505 2476 3570 itaque
2495 3508 2741 3560 adversus
2756 3510 3049 3564 damnatam
3071 3515 3224 3582 culpa
3246 3518 3358 3570 ino-

1786 3594 2044 3647 bedientia!
2069 3596 2372 3647 voluntatem
2403 3596 2559 3648 libido
2587 3598 2931 3652 inobedienter
2957 3604 3202 3668 movebat,
3223 3622 3366 3659 rere-

1786 3686 1974 3737 cundia
2001 3695 2246 3752 puoenttr
2275 3687 2514 3758 tegeaat.]
2541 3688 2656 3740 Jam
2687 3689 2786 3743 hoc
2814 3691 2946 3746 dixit
2974 3693 3069 3747 lib.
3101 3711 3214 3762 xm,
3239 3713 3359 3766 cap.

1785 3778 1872 3841 15,
1903 3777 1990 3831 ubi
2021 3777 2321 3830 monuimus
2363 3779 2429 3832 de
2471 3780 2679 3833 Adamo
2712 3782 2812 3835 hoc
2840 3784 3075 3850 potuisse
3105 3786 3206 3842 dici
3229 3830 3243 3854 ,
3291 3793 3357 3844 tl:

1789 3868 1891 3920 Eva
1919 3882 2020 3921 non
2064 3869 2209 3922 item.
2254 3867 2534 3931 Nimirum,
2567 3880 2713 3938 putat
2739 3874 3065 3943 Augustinus
3094 3892 3214 3932 cum
3248 3883 3362 3950 ple-

1786 3959 1962 4027 risque
1986 3958 2185 4027 primos
2217 3969 2465 4027 parentes
2505 3961 2606 4014 sibi
2637 3962 2829 4017 fecisse
2875 3966 3079 4034 cingula
3129 3978 3358 4032 tantum.

1785 4063 1888 4101 non
1917 4059 2113 4103 vestes.
2167 4050 2269 4104 Sed
2301 4061 2425 4104 sunt
2455 4051 2521 4105 ab
2553 4053 2931 4121 interpretibus
2961 4060 3181 4127 nuperis
3206 4062 3356 4120 dicta

1785 4139 1835 4191 itt
1857 4154 1973 4193 eam
2005 4155 2117 4193 rem
2148 4155 2264 4208 qua:
2285 4150 2408 4195 sunt
2437 4143 2686 4197 examine
2713 4143 2892 4213 digna.

1858 4229 1986 4283 Ibid.
2028 4229 2095 4282 Et
2138 4233 2229 4282 Itoc
2261 4247 2431 4283 omnes
2460 4241 2651 4300 gentes,
2682 4236 2923 4302 quoniam
2969 4238 3032 4290 ab
3069 4240 3166 4292 illa
3203 4245 3360 4314 stirpe

1784 4331 2060 4387 procreatte
2078 4331 2219 4386 sunt,
2248 4338 2405 4388 usque
2437 4324 2564 4376 adeo
2595 4333 2761 4378 tenent
2791 4328 2996 4381 insitum
3013 4332 3252 4398 pudenda
3277 4353 3360 4387 ιιι·-

1787 4411 1924 4472 lare,
1967 4421 2022 4462 ut
2069 4411 2277 4478 quidam
2323 4411 2523 4465 barbari
2572 4414 2691 4467 illas
2719 4418 2945 4484 corporis
2974 4427 3144 4481 partes
3173 4436 3264 4473 nec
3307 4423 3362 4476 in

126 4484 374 4578 Corporis,
413 4527 516 4564 non
549 4484 966 4565 eat—timendum
996 4527 1062 4566 ne
1087 4513 1412 4566 comi-arium
1444 4513 1525 4567 γει
1554 4529 1678 4581 pro-
1711 4484 1762 4543 D
1789 4501 1978 4554 balneis
2007 4502 2174 4553 nudas
2203 4501 2452 4566 habeant,
2484 4505 2572 4556 sed
2603 4521 2716 4557 cum
2745 4523 2916 4558 eorum
2951 4511 3264 4575 tegumentis
3287 4515 3364 4564 la-

128 4599 276 4654 liabile
301 4601 418 4656 ﬁeri
471 4600 658 4669 possit.
691 4601 928 4654 Alterum
953 4613 1034 4656 est
1059 4601 1248 4655 falsum
1273 4603 1428 4670 plane
1447 4641 1461 4664 ,
1497 4617 1682 4656 neces-

126 4689 312 4744 Sitatem
344 4690 604 4759 peccandi
635 4693 880 4759 cuiquam
910 4706 940 4744 a
972 4693 1102 4756 Deo,
1132 4693 1282 4761 quasi
1310 4706 1522 4756 poenam
1555 4706 1682 4760 pec-

126 4779 232 4840 cati,
264 4781 566 4849 impositam
593 4794 744 4843 esse;
780 4780 918 4833 Deus
947 4782 1092 4835 enim
1123 4789 1308 4834 auctor
1335 4796 1528 4849 parum,
1562 4784 1680 4837 sine

127 4867 288 4934 dubio,
316 4881 463 4925 esset
479 4871 665 4925 eadem
684 4886 844 4940 opera
860 4882 1044 4925 auctor
1065 4880 1120 4926 et
1147 4870 1288 4924 ultor
1304 4871 1522 4940 peccati,
1537 4873 1678 4941 quod

128 4959 340 5025 cogitatu
371 4969 426 5015 et
448 4961 589 5014 dictu
623 4961 943 5015 horrendum
973 4974 1075 5016 cst.

186 5048 308 5118 Cap.
343 5054 432 5106 15.
464 5051 537 5105 De
560 5053 744 5121 primis
775 5053 1106 5122 parentibus.
1130 5066 1264 5123 quos
1292 5052 1544 5108 uuditatis
1572 5067 1682 5108 sum

133 5151 235 5207 post
267 5155 540 5210 peccatum
581 5145 778 5212 pudere
807 5147 1004 5213 erepit:
1039 5147 1319 5199 Senserunt
1352 5162 1469 5216 ergo
1500 5161 1685 5199 novum

134 5242 310 5284 motum
345 5234 694 5288 inobedientite
716 5236 884 5287 carnis
911 5251 1014 5287 sua:
1034 5278 1048 5301 ,
1088 5247 1330 5304 tanquam
1372 5238 1684 5305 reciprocam

135 5334 317 5382 partem
343 5324 690 5376 inolvedientim
714 5340 836 5377 sum.
862 5325 970 5378 Hoc
999 5326 1049 5377 in
1077 5327 1420 5395 sequentibus
1443 5330 1688 5399 pluribus

135 5414 430 5478 exsequitur
460 5421 512 5464 et
539 5427 679 5480 schc
711 5413 924 5481 repetit,
950 5416 1248 5482 prtcsertim
1281 5415 1372 5470 lib.
1403 5434 1505 5484 xiv,
1549 5421 1689 5476 unde

130 5497 426 5571 intelligere
449 5515 528 5557 est
556 5504 604 5557 id
632 5516 988 5559 commentum
1015 5522 1120 5559 non
1145 5522 1329 5575 parum
1353 5513 1556 5565 auctori
1581 5515 1692 5578 pla-

137 5593 315 5644 cuisse.
349 5594 595 5648 Attamen
619 5611 682 5647 ne
706 5596 828 5664 quid
859 5597 999 5649 aliud
1033 5597 1114 5650 hic
1144 5597 1342 5663 dicam,
1373 5615 1475 5652 non
1508 5601 1693 5658 debuit

139 5679 306 5736 dicere
333 5694 610 5753 senstrunt,
656 5686 747 5740 sed
790 5688 938 5742 sentit
979 5688 1221 5754 Mantus,
1246 5703 1365 5743 nam
1395 5699 1569 5747 motus
1600 5705 1696 5750 aut

1787 4603 1920 4647 vent.
1962 4594 2066 4649 Per
2096 4610 2282 4661 opacas
2311 4611 2508 4663 quoque
2538 4594 2708 4650 India:
2743 4597 3060 4664 solitudines,
3095 4613 3209 4651 cum
3249 4603 3363 4669 qui-

1788 4686 1908 4738 dam
1953 4686 2084 4738 nudi
2132 4685 2580 4756 plti'osOpltetttur,
2614 4693 2750 4740 unde
2787 4684 3232 4755 Gymnos'opltista
3271 4707 3363 4744 no-

1787 4777 2069 4843 minantur,
2097 4777 2337 4831 adhibent
2367 4789 2532 4831 tanten
2564 4779 2867 4848 genitalibus
2907 4778 3148 4845 tegmina,
3179 4780 3364 4849 quibus

1789 4884 1876 4936 per
1891 4878 2073 4922 cetera
2123 4869 2458 4922 ntentbrorum
2503 4865 2722 4935 σηπίαι]
2757 4869 2825 4918 At
2855 4867 3223 4936 navigatiqu
3263 4886 3364 4924 ntr-

1789 4975 1934 5031 perre
1947 4971 1998 5013 et
2021 4975 2118 5028 per
2139 4972 2377 5015 nostrum
2408 4957 2837 5026 homispharriurn
2860 4968 2914 5012 et
2935 4975 3032 5028 per
3049 4956 3361 5033 autipodmn

1793 5061 2096 5105 nostrorum
2119 5093 2134 5116 ,
2179 5065 2276 5105 nos
2319 5051 2613 5102 docuerunt
2639 5059 2759 5102 esse
2801 5060 2990 5120 gentes
3018 5052 3070 5106 in
3101 5054 3275 5110 Africa
3305 5065 3360 5110 ct

1793 5145 1844 5197 in
1889 5143 2131 5197 America
2156 5137 2316 5213 plane
2344 5139 2548 5204 nudas;
2580 5151 2633 5196 et
2660 5141 2726 5197 ad
2761 5143 3120 5201 Brachmanes
3142 5147 3357 5217 quidem

1792 5233 1932 5303 quod
1973 5232 2182 5295 attinet,
2215 5231 2371 5300 plane
2400 5229 2572 5285 nudos
2591 5246 2685 5286 eos
2709 5248 2830 5288 esse
2856 5235 3052 5289 oculati
3076 5244 3242 5290 testes
3263 5239 3333 5289 do

1793 5334 1934 5390 cent,
1969 5326 2106 5381 inter
2125 5340 2260 5394 quos
2305 5323 2624 5379 Franciseue
2667 5326 2988 5394 Bernerius,
3021 5327 3106 5381 vir
3149 5326 3355 5381 candidi

1794 5417 1987 5486 ingenii
2035 5424 2088 5469 et
2138 5414 2521 5484 pltilosoph‘cis
2573 5416 2764 5470 studiis
2807 5417 3036 5480 exculti,
3067 5420 3152 5484 qut
3181 5417 3270 5470 ditt
3303 5417 3358 5471 iu

1793 5509 1935 5562 ludia
1959 5507 2104 5560 vixit.
2134 5507 2241 5560 Nec
2265 5516 2391 5575 puto
2415 5506 2544 5558 olim
2575 5506 2739 5573 magis
2753 5507 2974 5560 vestitos
2997 5504 3182 5568 fuisse,
3203 5505 3358 5574 quid-

1793 5600 1917 5670 quid
1943 5599 2085 5652 dicat
2130 5599 2571 5652 mendacissimus
2601 5596 2688 5650 ille
2719 5611 2782 5650 ac
2807 5595 3173 5666 putidissimus
3218 5597 3356 5651 scri-

1794 5703 1914 5760 ptor
1943 5694 1993 5748 in
2021 5707 2118 5748 suo
2149 5690 2451 5760 Apollonio,
2481 5689 2852 5744 Philostratus.
2885 5688 3146 5745 Caterum
3182 5689 3362 5756 pudor-
