3900 6328
505 312 624 368 485

1416 296 1964 359 δυρνιιειιιικϊυιι
2002 295 2093 351 AD
2128 292 2356 348 OPERA
2397 294 2456 351 S.
2500 291 2885 350 AUGUSTINL

3674 291 3775 351 434

517 427 773 485 nuditatis
814 421 940 478 inde
966 418 1169 491 [partim
1205 424 1355 469 ortus
1399 412 1612 467 videtur
1646 408 1788 463 unde
1815 407 1946 461 dicit
1977 405 2089 459 Au-
2117 409 2167 467 Α
2196 413 2352 474 plane
2393 404 2554 459 alium
2584 404 2869 473 descripsit
2905 419 2967 458 ac
3015 412 3116 467 est,
3146 419 3418 474 quamque
3446 417 3479 457 a
3504 403 3773 473 Ξετῐριυη

517 521 787 589 gustinus,
816 513 910 567 sed
959 510 1119 563 multa
1148 506 1247 560 alia
1278 510 1649 558 accesserunt.
1681 499 1815 552 Cum
1844 498 2085 552 Adatnus

518 625 573 669 et
595 613 703 666 Eva
744 607 1048 662 habuerunt
1090 601 1290 655 liberos
1310 637 1326 663 ,
1354 594 1480 650 tecti
1508 607 1627 647 esse
1652 590 1955 645 debuerunt
1981 628 1996 651 ,
2031 601 2097 641 ne

519 701 675 758 liberi
706 707 883 769 partes
911 709 1019 750 non
1049 701 1218 746 tectas
1244 693 1662 747 contrectarent,
1692 682 1914 750 suisque
1947 679 2097 734 abuti

517 793 680 847 citius
723 802 879 857 aequo
924 785 1214 839 discerent.
1248 777 1497 851 Mulieres
1522 773 1683 828 etiam
1738 787 1769 825 a
1818 772 2099 856 pubertate

523 893 692 939 tectas
733 850 855 935 esse
891 883 1134 945 oportet,
1182 886 1251 926 ne
1299 863 1527 937 singulis
1574 863 1849 919 mensibus
1897 850 2098 916 foedum

524 972 794 1044 quidpiam
813 966 997 1023 oculos
1018 961 1273 1018 oll‘endat.
1292 956 1571 1027 Conjugati
1595 968 1808 1024 quoque
1830 951 1956 1007 tecti
1978 946 2100 1005 esse

524 1065 745 1127 debent,
771 1077 837 1115 ne
858 1058 1077 1113 libidine
1094 1070 1187 1123 per
1211 1052 1393 1106 oculos
1409 1048 1677 1103 concitata
1705 1044 2098 1111 conjugtorutn,

526 1157 743 1223 Optimae
766 1168 828 1207 ac
850 1148 1141 1205 utilissima:
1165 1144 1309 1212 leges
1330 1140 1607 1200 violentur,
1629 1145 1684 1189 et
1703 1133 1960 1187 adulteria
1981 1132 2102 1200 pas-

528 1222 630 1303 sim
645 1246 1044 1301 committantur
1059 1255 1073 1303 ;
1093 1235 1231 1304 quod
1250 1235 1364 1287 sine
1384 1231 1631 1285 humana:
1644 1226 1911 1280 societatis
1928 1222 2104 1292 perni-

527 1340 631 1404 cie,
662 1336 777 1391 lieri
801 1349 904 1387 non
929 1338 1126 1399 posset.
1147 1327 1284 1381 Hinc
1301 1322 1553 1393 paulatim
1567 1330 1724 1375 natus
1741 1317 1993 1371 nuditatis
2010 1330 2103 1383 pu-

526 1431 626 1485 dor
648 1438 701 1482 et
720 1427 1001 1493 diligenter
1020 1437 1049 1475 a
1068 1418 1396 1491 parentibus,
1420 1430 1520 1471 nec
1540 1416 1654 1469 sine
1675 1410 2003 1483 gravissimis
2021 1410 2107 1462 ra-

529 1518 784 1581 tionibus,
817 1516 1105 1570 liberorum
1151 1509 1345 1565 animis
1384 1506 1702 1562 insinuatus.
1735 1501 1842 1556 Sed
1867 1500 1935 1555 de
1959 1500 2106 1553 hisce

527 1610 770 1682 pluribus
790 1624 895 1664 non
917 1617 1159 1675 agemus,
1185 1618 1251 1657 ne
1269 1603 1320 1655 in
1345 1600 1601 1670 pudorem
1616 1593 1779 1664 etipsi
1800 1600 2103 1682 peccemus.

2201 497 2358 550 nobis
2391 497 2767 567 pra‘pingitur;
2819 504 2916 569 toti,
2941 497 3101 551 etiam
3131 504 3334 559 natura:
3360 496 3474 559 vim
3508 495 3693 563 infert,
3721 511 3777 554 ut

2199 586 2371 655 possit
2421 602 2625 655 pravas,
2656 586 3124 654 interpretationes
3179 586 3540 640 obscurorum
3583 586 3778 656 aliquot

2198 678 2491 746 Scriptura:
2507 678 2743 731 locorum
2761 677 2919 731 tueri.
2933 679 3002 731 At
3012 677 3178 731 multo
3190 660 3358 731 satius
3370 670 3475 731 luit
3489 692 3778 747 agnoscere

2201 770 2670 839 interpretationes
2687 769 2808 824 illas
2822 768 2981 825 falsas
2991 785 3133 835 esse,
3145 785 3209 825 eo
3221 769 3365 844 quod
3382 781 3591 825 natura:
3605 786 3777 826 rerum

2198 874 2383 920 essent
2401 865 2707 926 contrariaa,
2738 877 2859 916 cum
2889 877 2992 931 qua
3018 862 3287 931 Scriptura
3316 877 3557 932 pugnare
3578 868 3778 934 nequit.

2272 956 2403 1025 Cap.
2430 956 2524 1031 Si,
2556 955 2581 1024 §
2604 955 2655 1008 l.
2689 954 2977 1010 Seminaret
2996 956 3150 1028 igitur
3170 954 3368 1024 prolem
3387 956 3485 1021 vir,
3511 959 3787 1027 susciperet

2203 1048 2393 1124 femina
2411 1045 2715 1116 genitalibus
2744 1045 3006 1110 membris,
3037 1053 3083 1097 et
3112 1053 3358 1112 quantum
3385 1058 3515 1113 aptis
3540 1046 3675 1100 esset
3701 1064 3780 1100 co-

2205 1142 2398 1192 luttlute
2416 1140 2585 1200 motis,
2603 1154 2703 1190 non
2717 1138 2924 1190 libidine
2939 1138 3222 1190 concitatis.
3241 1136 3422 1205 Neque
3439 1140 3573 1202 enim
3592 1156 3657 1192 ea
3675 1143 3778 1194 sola

2206 1232 2429 1284 membra
2449 1245 2701 1283 movemus
2724 1229 2793 1281 ad
2817 1240 3000 1282 nutum
3017 1268 3033 1294 ,
3063 1244 3176 1298 qua:
3202 1231 3483 1297 compactis
3509 1233 3781 1286 articulate

2204 1331 2322 1374 sunt
2350 1320 2577 1385 ossibus,
2606 1322 2733 1372 sicut
2765 1322 2914 1386 pedes
2936 1360 2952 1384 ,
3003 1334 3188 1373 manus
3240 1329 3285 1374 et
3326 1320 3554 1391 digitos;
3598 1339 3780 1377 verum

2205 1412 2359 1466 etiam
2384 1412 2474 1464 illa
2494 1427 2608 1480 qua:
2648 1409 2884 1463 mollibus
2907 1410 3121 1463 remisia
3142 1421 3261 1463 sunt
3292 1413 3482 1476 neruis,
3501 1416 3616 1466 cum
3633 1417 3780 1469 uolu-

2208 1515 2342 1563 mus,
2369 1514 2624 1552 mouemus
2650 1490 2891 1568 agitando
2927 1509 2973 1550 et
3008 1500 3317 1568 porrigenda
3347 1502 3709 1570 producimus,
3736 1515 3779 1559 et

2207 1593 2485 1661 torquendo
2510 1593 2759 1657 ﬂectimus
2781 1600 2828 1644 et
2847 1591 3236 1659 constringeado
3263 1592 3546 1657 duramus;
3569 1595 3697 1648 sicut
3725 1605 3779 1649 ea

598 1700 731 1770 Cap.
755 1700 844 1754 l8.
876 1698 1004 1764 Quis
1032 1696 1165 1750 enim
1194 1693 1383 1757 nescit,
1410 1700 1463 1744 ut
1482 1688 1577 1756 ﬁlii
1603 1693 1957 1757 procreenlur,
1984 1681 2107 1751 quid
2208 1694 2322 1738 sunt
2341 1700 2454 1750 qua:
2483 1684 2533 1736 in
2561 1700 2646 1736 ore
2670 1699 2728 1736 ac
2756 1682 2904 1751 facie,
2929 1692 3179 1751 quantum
3212 1692 3393 1750 potest,
3423 1684 3659 1739 voluntas
3684 1696 3780 1740 νιος

526 1796 659 1846 inter
678 1766 752 1844 ‘se
794 1791 1036 1860 conjuges
1064 1784 1259 1855 agant?
1298 1778 1725 1846 Quandoquidem
1755 1784 1808 1827 ut
1847 1774 1899 1825 id
1922 1780 2107 1860 agatur

2219 1772 2332 1844 νει]
2357 1772 2573 1826 Frustra
2601 1772 2856 1825 honorem
2889 1773 3107 1825 auribus
3140 1770 3393 1841 pra-fatus
3422 1782 3506 1827 est
3532 1777 3779 1845 Augusti.

528 1892 672 1936 tanta
700 1859 991 1933 celebritare
1039 1876 1300 1927 ducuntur
1339 1882 1558 1931 uxores;
1602 1877 1649 1919 et
1697 1874 1863 1917 tamen
1905 1875 2021 1913 cum
2054 1859 2109 1911 id

526 1973 699 2041 agitur
724 1971 867 2023 unde
911 1967 1008 2036 ﬁlii
1038 1972 1320 2017 nascuntur
1341 2002 1356 2027 ,
1403 1975 1493 2013 nec
1523 1957 1622 2027 ipsi
1652 1955 1769 2025 lilii,
1793 1954 1837 2006 si
1864 1954 1951 2022 qui
1997 1951 2115 2003 inde

529 2067 634 2127 iam
662 2060 772 2113 nati
799 2069 947 2123 sunt,
980 2066 1129 2109 tes'es
1170 2054 1282 2122 ﬁeri
1314 2044 1720 2119 permittuntur.]
1760 2044 1868 2098 Hoc
1916 2057 2025 2095 non
2059 2046 2117 2093 Iit

527 2152 667 2221 quod
694 2151 807 2218 ipsa
832 2164 921 2203 res
948 2148 1000 2201 in
1034 2162 1093 2201 se
1120 2154 1358 2212 spectata
1392 2138 1636 2210 pudenda
1677 2136 1780 2196 sit;
1828 2133 1924 2188 sed
1969 2130 2112 2202 quod

529 2242 887 2309 periculosum
913 2247 1077 2300 esset,
1105 2250 1174 2289 ne
1206 2232 1504 2287 imitatione
1543 2227 1916 2295 intempestiva
1950 2222 2105 2276 liberi

534 2336 874 2388 imitarentur
906 2338 1180 2397 parentes,
1208 2326 1260 2379 in
1290 2323 1357 2377 iis
1391 2318 1803 2376 circumstantiis
1843 2316 1895 2368 in
1919 2314 2111 2384 quibus

536 2436 624 2476 res
672 2421 854 2474 illicita
898 2426 1063 2481 esset,
1095 2426 1151 2471 et
1178 2415 1429 2468 humanae
1479 2406 1722 2463 societati
1766 2405 2116 2459 vehementer

534 2521 775 2564 noceret.
811 2509 937 2562 Ideo
967 2507 1194 2561 interest
1219 2518 1247 2556 a
1278 2500 1505 2571 pueritia
1549 2496 1746 2550 liberos
1792 2493 1994 2564 pudore
2022 2493 2115 2546 illo

540 2600 726 2663 imbui,
758 2613 825 2652 ne
844 2595 1073 2650 audeant
1103 2596 1278 2647 facere
1307 2590 1445 2660 quod
1476 2587 1693 2641 noxium
1719 2591 1879 2637 esset.
1909 2582 2014 2635 Sed
2037 2592 2117 2634 ta-

533 2708 653 2746 men
685 2705 780 2759 pro
800 2688 1061 2742 varietate
1089 2696 1389 2753 temporum
1419 2695 1480 2733 ac
1510 2677 1745 2747 gentium
1775 2684 1999 2743 augetur
2025 2681 2116 2727 aut

533 2783 789 2835 minuitur
820 2778 910 2833 ille
942 2776 1150 2845 pudor;
1203 2772 1347 2841 quod
1375 2770 1543 2838 liquet
1571 2781 1639 2821 ex
1680 2764 1901 2819 libidine
1929 2762 2116 2817 ell'reni

534 2888 641 2927 non
659 2881 861 2925 tantum
886 2878 1128 2923 veterum
1158 2865 1386 2931 Europa:
1408 2870 1462 2913 et
1485 2857 1623 2912 Asia:
1645 2856 2003 2917 ethnicorum,
2022 2851 2117 2906 sed

534 2963 695 3016 etiam
726 2958 1109 3012 hodiernorum
1144 2952 1339 3005 Africa:
1365 2959 1419 3003 et
1449 2946 1711 3001 America:
1738 2944 2111 2996 barbarorum.

605 3050 738 3119 Cap.
768 3050 860 3101 '20.
904 3044 1053 3099 Unde
1082 3053 1128 3096 et
1177 3044 1325 3093 illum
1362 3037 1724 3107 (Diogenem,
1758 3033 1849 3101 qui
1905 3032 2115 3098 publice

2215 1880 2348 1929 nus,
2376 1866 2489 1917 haec
2519 1865 2603 1916 vis
2636 1862 2851 1917 tolerari
2897 1866 3123 1931 possunt
3162 1863 3215 1916 in
3261 1862 3356 1917 ore
3384 1864 3565 1930 senis,
3596 1873 3653 1918 et
3678 1865 3780 1933 epi-

2214 1955 2363 2024 scopi
2410 1968 2601 2008 omues
2648 1954 2951 2020 promiscue
3003 1952 3357 2022 alquuentis,
3392 1966 3499 2008 tam
3534 1954 3775 2009 obscaena

2213 2048 2280 2102 ad
2315 2046 2681 2100 illustrandum
2703 2085 2719 2111 ,
2752 2054 2810 2099 ut
2842 2044 3122 2099 mitissime
3150 2046 3364 2112 loquar,
3396 2045 3613 2100 inanem
3657 2062 3775 2101 con-

2211 2138 2494 2207 jecturam,
2542 2146 2647 2189 tam
2695 2150 2923 2204 operose
2978 2147 3229 2205 congesta
3260 2150 3323 2190 ac
3350 2135 3591 2190 studiose
3639 2152 3776 2203 relic.

2216 2238 2332 2286 tita.
2351 2235 2619 2298 Quosnam
2643 2230 2783 2284 enim
2811 2228 3022 2283 tandem
3048 2228 3163 2282 haec
3194 2239 3298 2282 tam
3322 2227 3505 2297 putida
3529 2229 3776 2282 docebat?

2217 2321 2450 2385 Puellae,
2482 2318 2682 2384 credo;
2733 2332 2854 2373 nam
2905 2318 3053 2387 pueri
3108 2316 3241 2386 Afri,
3275 2318 3376 2372 sub
3400 2318 3627 2372 ardente
3654 2320 3777 2372 eoslu

2216 2415 2322 2467 nati
2350 2423 2403 2468 et
2431 2412 2676 2478 educati,
2711 2421 2792 2466 sat
2830 2412 2939 2466 cito
2990 2410 3115 2465 talia
3169 2412 3384 2466 norant.
3438 2411 3605 2465 Paulo
3633 2422 3774 2464 antea

2214 2505 2349 2559 dixit
2378 2504 2592 2573 quidem
2623 2502 2721 2556 sibi
2750 2503 2997 2571 facillim
3019 2502 3262 2570 pudicum
3290 2502 3351 2555 ac
3377 2503 3669 2571 religiosum
3708 2503 3770 2553 Ι(-

2215 2609 2403 2650 rtorem
2426 2596 2707 2665 ignoscere,
2761 2595 2919 2648 donec
2946 2595 3301 2661 inﬁdelitatem
3333 2593 3569 2662 refellat,
3593 2600 3686 2645 non
3723 2594 3774 2642 de

2217 2687 2317 2753 [ide
2346 2700 2515 2739 rerum
2536 2685 2931 2751 inexpertarum,
2945 2683 3035 2736 sed
3060 2683 3123 2736 de
3134 2699 3281 2736 sensu
3295 2691 3618 2751 expertarum
3635 2698 3772 2751 argu-

2219 2785 2547 2831 tnentantem.
2579 2774 2685 2828 Sed
2709 2785 2863 2828 erunt
2890 2784 2940 2827 et
2967 2774 3143 2842 pudici
3172 2786 3227 2829 et
3255 2772 3511 2840 religiosi,
3537 2786 3667 2841 quos
3691 2788 3774 2839 pu-

2217 2866 2366 2920 debit
2414 2863 2727 2929 commenti,
2753 2863 2895 2933 quod
2953 2864 3161 2917 nonnisi
3192 2873 3298 2918 tam
3327 2862 3574 2919 obscenis
3610 2864 3774 2928 conje-

2217 2959 2383 3013 cturis
2411 2957 2627 3012 defendi
2657 2958 2865 3024 potuit;
2898 2972 2995 3011 nec
3023 2956 3287 3024 patientur
3309 2956 3539 3025 inﬁdeles
3562 2954 3773 3022 d:ci,qei

2219 3049 2411 3101 talibus
2459 3044 2681 3099 somniis
2705 3045 2864 3100 ﬁdem
2896 3046 3174 3114 derogant,
3207 3044 3301 3099 sed
3330 3056 3426 3099 eos
3468 3046 3773 3100 cuntendent

546 3140 900 3196 concumbere
948 3151 1067 3190 cum
1096 3132 1378 3187 meretrice
1420 3126 1627 3194 Voluit)
1657 3130 1735 3177 vel
1764 3124 1881 3176 illos
1905 3124 1991 3191 qui
2021 3126 2116 3175 hoc
2146 3114 2191 3175 C
2222 3155 2342 3193 esse
2373 3139 2527 3192 valde
2571 3138 2826 3201 audaces,
2858 3154 2925 3192 ne
2965 3139 3092 3207 quid
3124 3137 3310 3194 durius
3342 3139 3540 3205 dicam,
3586 3141 3670 3207 qui
3695 3153 3774 3206 μω

539 3229 717 3299 fecisse
746 3230 1072 3295 referuntur,
1105 3222 1272 3289 potius
1299 3219 1519 3270 arbitror
1540 3213 1975 3267 concumbentium
2010 3227 2119 3264 ino-

540 3331 620 3373 tus
642 3318 842 3371 dedisse
868 3315 1029 3368 oculis
1049 3310 1316 3366 hominum
1343 3308 1675 3361 nescientium
1695 3305 1819 3374 quid
1839 3304 1932 3357 sub
1959 3306 2117 3371 pallio

538 3417 828 3480 gereretur,
858 3421 1013 3475 quam
1040 3404 1263 3456 humano
1290 3408 1545 3465 premente
1570 3404 1862 3465 conspectu,
1891 3395 2119 3463 potuisse

539 3500 682 3553 illam
711 3499 881 3568 peragi
912 3488 1269 3564 voluptatem]
1293 3488 1592 3544 Maluissem
1625 3487 1712 3541 illa
1746 3501 1852 3539 non
1878 3484 2119 3551 attigisse

540 3606 697 3662 quam
723 3599 827 3643 tam
847 3586 1012 3656 perite
1030 3584 1461 3651 philosophatum
1476 3578 1544 3633 de
1562 3593 1620 3633 re
1641 3588 1748 3632 tam
1771 3577 1910 3644 turpi
1930 3575 2115 3640 fuisse,

542 3686 632 3739 illa
663 3681 959 3751 praesertim
984 3686 1142 3732 :etate
1185 3691 1292 3744 qua
1330 3682 1446 3727 erat
1474 3672 1835 3739 Augustinus;
1864 3669 1958 3723 sed
2009 3684 2115 3721 non

542 3774 812 3829 illibenter
839 3771 908 3823 de
953 3766 1214 3834 ejusmodi
1269 3765 1429 3818 rebus
1477 3760 1621 3829 loqui
1650 3760 1891 3824 videtur,
1926 3766 1983 3811 ut
2006 3759 2117 3826 jam

543 3865 773 3918 vidimus
803 3871 853 3915 et
903 3868 1088 3926 postea
1118 3857 1279 3910 etiam
1308 3853 1631 3908 videbimus.
1678 3850 1819 3906 Utile
1846 3852 1991 3904 enim
2038 3859 2119 3903 est

545 3955 668 4007 talia
700 3950 984 4017 diligenter
1008 3948 1180 4001 notari
1206 3985 1221 4009 ,
1264 3961 1334 3999 ne
1360 3944 1604 3997 homines
1632 3939 1874 3995 nonnulli
1904 3941 2121 4007 impune

544 4050 765 4110 pergant
793 4038 893 4109 viri
918 4036 1237 4091 auctoritate
1273 4050 1440 4103 usque
1468 4034 1603 4087 adeo
1640 4031 1825 4096 abuti,
1855 4030 1925 4083 ita
1954 4040 2010 4084 ut
2035 4048 2121 4084 er-

543 4144 697 4185 rores
716 4129 850 4197 ejus,
885 4142 990 4181 non
1016 4127 1191 4180 minus
1210 4141 1274 4180 ac
1300 4139 1428 4179 vere
1446 4124 1608 4189 dicta,
1636 4130 1976 4176 consecrent.

614 4220 746 4289 Cap.
789 4220 883 4284 ‘25,
928 4216 955 4287 §
985 4218 1038 4272 5.
1068 4216 1144 4271 De
1171 4216 1377 4270 ratione
1418 4229 1522 4284 qua
1552 4223 1900 4283 propagatum
1932 4210 2122 4265 fuisset

542 4326 713 4383 genus
743 4311 1031 4365 humanum
1060 4310 1177 4363 sine
1200 4317 1416 4375 peccato
1440 4304 1664 4361 Adami:
1705 4302 2008 4368 Voluntati,
2042 4302 2129 4363 in-,

543 4406 681 4476 quit,
713 4403 933 4456 membra
955 4400 1064 4463 illa,
1096 4408 1151 4451 ut
1180 4409 1359 4451 cetera
1384 4398 1554 4450 omnia
1584 4397 1846 4450 seruirent.
1879 4392 1965 4446 Ita
1982 4393 2118 4464 geni-

543 4496 646 4552 tale
667 4511 841 4549 aruum
871 4509 958 4545 uas
984 4492 1035 4543 in
1060 4492 1159 4541 hoc
1185 4503 1313 4556 Opus
1338 4498 1562 4542 creatum
1592 4489 1885 4551 seminaret,
1916 4495 1972 4538 ut
1993 4501 2123 4537 nunc
2155 4471 2201 4528 υ

539 4602 730 4643 terrain
760 4597 974 4643 manus;
1007 4584 1107 4632 hoc
1134 4587 1220 4630 est
1242 4620 1255 4645 ,
1289 4580 1403 4630 sine
1430 4578 1536 4630 ullo
1554 4579 1843 4645 voluptatis
1860 4576 2120 4643 appetitu,

540 4696 669 4734 nam
696 4693 814 4732 eam
845 4673 1119 4729 libidinem
1143 4672 1255 4724 vult
1297 4671 1623 4738 Augustinus
1652 4683 1776 4721 esse
1819 4676 2117 4728 peccatum.

543 4772 744 4822 Eadem
772 4782 934 4835 opera
965 4763 1148 4818 dicere
1202 4760 1475 4813 debuisset
1522 4757 1816 4825 appetitum
1849 4756 1951 4810 cibi
1982 4767 2119 4823 grati

545 4874 661 4922 poet
679 4874 821 4910 atum
843 4872 995 4921 esse;
1026 4869 1123 4909 nec
1147 4851 1348 4922 primos
1371 4858 1617 4919 parentes
1640 4862 1759 4900 cum
1782 4844 1985 4899 fructus
2009 4845 2123 4898 lici-

520 4938 628 4999 'tos
657 4958 713 5000 et
734 4948 997 5014 jucundos
1018 4947 1395 5010 comederant,
1426 4941 1534 4996 ulla
1582 4939 1854 5008 voluptate
1879 4937 2119 4992 titillatos

546 5035 730 5099 luisse,
762 5045 853 5087 aut
879 5036 1137 5091 adductos
1164 5046 1222 5090 ut
1268 5038 1366 5090 hos
1401 5032 1580 5104 ponus
1605 5046 1763 5101 quam
1798 5028 1916 5084 illos
1943 5040 2123 5082 corrre-

545 5128 768 5191 deretls,
824 5126 918 5178 sed
974 5127 1275 5180 comedisse
1300 5137 1507 5179 tantum
1552 5134 1608 5178 ut
1637 5135 1832 5191 corpus
1860 5127 2122 5173 sustenta-

545 5226 689 5276 rent.
721 5215 935 5271 Addere
960 5214 1119 5269 etiam
1149 5231 1270 5269 eum
1311 5217 1644 5283 oportuisset
1670 5217 1827 5268 bruta
1851 5251 1866 5276 ,
1895 5219 2124 5279 quorum

544 5328 744 5384 organa
785 5317 983 5367 nostra
1026 5323 1130 5362 non
1158 5306 1422 5363 absimiha
1454 5317 1610 5373 sunt,
1640 5306 1837 5359 nullam
1882 5309 2123 5373 qurere

546 5409 600 5462 in
623 5403 952 5461 naturalibus
974 5398 1278 5454 actionibus
1305 5399 1666 5466 voluptatem,
1700 5411 1821 5451 nam
1850 5408 1980 5449 sane
2010 5406 2118 5446 non

551 5507 871 5565 peccarunt;
901 5494 995 5550 sed
1020 5493 1085 5547 iis
1116 5490 1334 5560 defungi
1373 5499 1571 5558 sponte
1598 5498 1799 5543 naturae
1818 5527 1834 5554 ,
1865 5487 1983 5540 sine
2010 5485 2120 5539 ulla

551 5589 703 5651 plane
728 5587 1036 5654 cupiditate.
1058 5583 1191 5639 Nam
1216 5585 1330 5636 lucc
1345 5589 1471 5635 sunt
1491 5595 1646 5649 mque
1672 5580 1861 5634 rationi
1892 5590 2123 5633 consen-

551 5688 699 5730 tanea
726 5692 791 5731 ac
816 5678 1212 5748 Augustiniana:
1252 5674 1597 5745 conjecturas.
1626 5674 1916 5742 Postquam
1947 5672 2113 5729 Deum

2220 3231 2383 3284 verbo
2428 3229 2610 3283 divino
2638 3230 2918 3299 opiniones
2970 3230 3065 3284 has
3094 3246 3217 3285 suas
3248 3232 3457 3300 populis
3481 3231 3773 3286 obtrudunt.

2219 3321 2322 3376 Sed
2367 3323 2533 3375 utitur
2578 3333 2764 3377 noster
2789 3332 2971 3375 orator
3001 3323 3252 3391 exemplo
3296 3324 3562 3393 Apostoli,
3594 3340 3696 3392 quo
3723 3339 3773 3376 se

2221 3423 2463 3467 t'tcatur:
2493 3411 2638 3483 Legit
2667 3414 2800 3467 enim
2845 3413 2971 3477 Ita-c,
3020 3413 3336 3483 inquit,sine
3368 3413 3675 3481 offensione,
3708 3413 3783 3480 qui
3864 3476 3865 3481 η

2221 3521 2320 3557 non
2352 3508 2585 3558 exhorret
2616 3503 2917 3574 Apostolum
2947 3505 3203 3558 horrenda
3250 3504 3560 3573 feminarum
3597 3506 3785 3574 ﬂagitia

2219 3597 2698 3662 reprehendentem,
2732 3610 2850 3665 qua:
2872 3595 3290 3649 immutaverunt
3315 3598 3610 3651 naturalem
3644 3611 3788 3650 usum

2222 3687 2274 3740 in
2304 3702 2428 3740 eum
2453 3700 2605 3741 usum
2629 3688 2717 3753 qui
2739 3696 3022 3740 estcontra
3046 3695 3312 3741 naturam.
3346 3686 3540 3741 Verum
3570 3688 3790 3757 Aposto-

2224 3778 2306 3831 lus
2333 3780 2450 3833 haec
2482 3794 2587 3832 non
2612 3780 2728 3832 sine
2758 3792 2966 3832 summa
3005 3788 3058 3834 et
3086 3776 3382 3847 justissima
3427 3780 3790 3851 indignatione

2222 3870 2443 3924 detonat
2470 3869 2522 3924 in
2550 3884 2667 3923 reas
2690 3868 2953 3937 ejusmodi
2985 3871 3304 3941 ﬂagitiorum
3329 3889 3345 3938 ;
3386 3882 3439 3927 at
3468 3873 3792 3943 Augustinus

2223 3961 2397 4029 turpia
2419 3968 2723 4014 commenta
2753 3959 2838 4013 hic
2865 3961 3018 4015 nobis
3043 3962 3313 4030 proninat,
3346 3962 3607 4017 duntaxat
3635 3974 3692 4017 ut
3720 3980 3793 4017 ra-

2223 4052 2425 4105 tionem
2452 4050 2640 4105 reddat
2664 4052 2875 4119 reique:
2900 4067 3003 4104 non
3040 4052 3137 4105 luit
3165 4061 3336 4121 neque
3356 4053 3491 4117 erit;
3523 4054 3791 4115 nimirum,

2220 4142 2589 4209 generationis
2620 4141 2906 4195 liberorum
2938 4142 2990 4194 in
3021 4151 3161 4195 statu
3192 4142 3530 4205 innocentius,
3574 4143 3619 4197 si
3649 4142 3705 4197 in
3735 4155 3793 4198 eo

2223 4234 2375 4299 primi
2405 4242 2653 4301 parentes
2686 4241 3161 4299 perseverassent;
3194 4242 3249 4288 et
3288 4233 3503 4303 quidem
3532 4236 3654 4302 Quia
3693 4248 3795 4289 sta-

2224 4325 2325 4377 tuit
2349 4336 2625 4391 peccatum
2650 4323 2700 4378 id
2726 4339 2846 4379 esse
2869 4324 3011 4391 quod
3037 4324 3177 4378 inest
3202 4334 3406 4378 naturae
3430 4328 3663 4380 omnium
3686 4328 3794 4381 ani-

2227 4415 2466 4482 malium,
2496 4430 2595 4471 nec
2622 4422 2844 4484 usquam
2873 4416 3185 4480 damnatur,
3219 4415 3263 4469 si
3293 4419 3450 4471 mo’do
3482 4418 3620 4471 intra
3652 4419 3791 4489 leges

2229 4507 2595 4568 contineatur;
2656 4506 2929 4572 nimirum,
2969 4506 3315 4574 cupiditatem
3369 4507 3603 4577 conjugii
3651 4519 3793 4578 post-

2229 4610 2386 4660 quam
2418 4596 2712 4664 pubertatis
2738 4611 2906 4650 annos
2932 4597 3241 4663 attigerunt.
3276 4597 3442 4652 Suum
3471 4613 3598 4664 ergo
3630 4602 3792 4668 turpis

2228 4686 2468 4752 loquium
2497 4689 2635 4738 male
2662 4686 2870 4740 Confert
2898 4701 3018 4740 cum
3050 4689 3193 4753 justa
3226 4687 3373 4742 Pauli
3396 4686 3755 4755 indignatione
3783 4712 3795 4757 ;

2229 4792 2295 4831 ne
2307 4777 2415 4845 jam
2434 4777 2607 4831 dicam
2630 4777 2850 4832 Paulum
2876 4778 3040 4834 semel
3063 4789 3115 4834 ct
3140 4782 3320 4848 paucis
3342 4780 3531 4850 ﬂagitia
3552 4779 3798 4836 ethnico-

2228 4884 2343 4923 rum
2362 4869 2641 4939 attingere,
2665 4886 2784 4924 eum
2809 4871 2897 4926 illo
2916 4871 3114 4939 satpius
3133 4873 3236 4926 huc
3255 4872 3436 4927 redeat
3452 4882 3504 4926 et
3525 4870 3795 4930 rhetorico

2226 4961 2346 5017 luco
2376 4962 2554 5018 omnia
2578 4973 2837 5028 exornet.
2872 4972 2927 5017 ut
2954 4978 3019 5017 ex
3046 4964 3222 5017 allatis
3244 4964 3423 5020 verbis
3453 4965 3585 5020 satis
3605 4965 3791 5037 liquet.

2296 5045 2463 5113 Ltano
2505 5073 2600 5111 xv.
2641 5055 2773 5125 Cap.
2805 5058 2859 5111 9.
2904 5055 2970 5110 Ut
3006 5057 3197 5124 probet
3238 5058 3401 5113 fuisse
3452 5060 3687 5129 gigantes
3722 5077 3781 5116 ex

2225 5149 2509 5203 oceasione
2537 5145 2635 5201 loci
2667 5143 2861 5199 Cenes.
2888 5161 2961 5210 vr,
2989 5144 3041 5197 4.
3072 5144 3316 5215 Gigantes
3343 5157 3514 5201 autem
3550 5159 3685 5203 erant
3708 5168 3781 5203 su-

2228 5252 2316 5307 per
2333 5248 2515 5290 terram
2532 5237 2584 5289 in
2600 5236 2773 5289 diebus
2797 5236 2924 5301 illis,
2946 5236 3023 5291 sic
3052 5237 3431 5293 ratiocinatur:
3458 5240 3779 5297 nobilissimus

2226 5344 2401 5381 eorum
2414 5334 2563 5396 poeta
2574 5324 2836 5395 Virgilius,
2854 5329 2916 5381 de
2930 5329 3123 5397 ingenti
3134 5328 3325 5398 lapide,
3339 5345 3483 5399 quem
3494 5331 3545 5383 in
3561 5348 3772 5401 agrorum

2225 5419 2386 5473 linute
2398 5418 2612 5485 infixum
2628 5420 2703 5472 uir
2716 5420 2859 5488 fortis
2873 5420 3078 5473 illorum
3100 5429 3385 5487 temporum
3399 5421 3614 5490 (nempe
3629 5421 3770 5475 hemi-

2226 5510 2433 5578 corum)
2456 5526 2687 5580 pugnans
2702 5517 2749 5565 et
2764 5512 2957 5580 rapuit,
2982 5520 3027 5564 et
3049 5511 3271 5563 cucurrit
3289 5520 3335 5563 et
3357 5512 3556 5565 intorsit
3576 5521 3622 5566 et
3634 5511 3763 5577 misit,

2353 5621 2439 5667 Vix
2469 5620 2623 5677 illum,
2648 5619 2757 5668 lecti
2781 5621 2855 5668 bis
2876 5633 2961 5667 sex
2988 5621 3179 5667 cervice
3200 5620 3443 5679 subirent,

2352 5681 2523 5743 Qualia
2544 5693 2671 5734 nunc
2693 5681 2936 5732 hominum
2960 5682 3173 5741 producit
3198 5691 3398 5742 cortnra
3426 5678 3574 5729 tellus
3778 5701 3796 5725 ι
