3900 6312
119 295 228 352 485

813 287 1161 351 \‘ARIORUM
1203 297 1793 357 EXERCITATIONES
1832 298 1901 357 ΙΝ
1940 302 1998 360 S.
2040 301 2410 362 AUGUSTINI
2450 306 2700 368 OPERA.

3294 319 3395 378 ἔξω

121 405 440 487 Signiﬁcatu
480 406 677 475 majora
700 410 820 459 tunc
854 423 1076 477 corpora
1108 411 1390 479 producere
1416 410 1577 466 solere
1605 413 1700 466 tel-
1727 419 1780 479 Α
1805 416 1916 470 rior
1952 417 2352 485 interpretatio;
2386 435 2500 472 nam
2532 429 2723 477 revera
2755 424 3010 483 Ilcbraice
3037 435 3178 489 trust
3205 434 3390 487 enasch

122 502 311 553 larem.
345 499 549 562 Quanto
589 497 748 567 magis
792 500 952 567 igitur
994 497 1300 571 temporibus
1339 503 1703 557 recentioribus

123 588 328 652 mundi,
351 594 464 640 ante
486 587 617 639 illud
634 586 799 640 nobile
823 587 1244 659 di/famutumque
1272 588 1700 663 diluvium?etc.]

121 679 268 732 Rem
298 679 454 744 ipsam
480 676 852 745 copiosissime
878 687 932 731 ct
964 679 1324 735 eruditissime
1361 681 1704 750 pertractavit

121 768 209 820 vir
234 766 472 820 eruditus
513 765 825 821 Theodorus
873 768 1103 839 fiyckius
1154 771 1207 824 in
1256 773 1501 827 oratione
1541 787 1700 841 quam

123 854 358 922 subjecit
388 858 530 908 notis
572 854 730 910 Luca:
772 857 1031 912 liclstenii
1066 860 1117 913 in
1145 862 1419 930 Stephano
1443 885 1470 914 ιι
1497 863 1704 934 Byzan-

129 944 262 997 tium
291 961 304 1009 ;
334 945 674 1012 ostenditque
705 946 870 1002 fuisse
905 950 1121 1017 quidem
1150 947 1234 1005 hic
1270 953 1377 1007 illic
1419 955 1658 1024 gigantes
1682 996 1698 1021 ,

119 1052 210 1090 seu
260 1036 564 1105 grandioris
592 1046 809 1092 staturae
859 1039 1136 1109 homines,
1168 1044 1260 1097 sed
1307 1046 1703 1114 arviquibribus

121 1128 458 1194 temporibus
483 1128 725 1184 homines
750 1132 905 1200 vulgo
933 1133 1207 1187 hodiernis
1235 1139 1569 1203 proceriores
1593 1129 1698 1192 non

120 1221 297 1275 fuisse.
334 1221 545 1275 Adeant
573 1236 694 1276 eum
721 1222 966 1288 lectores,
991 1227 1034 1279 si
1059 1227 1147 1294 qui
1173 1229 1308 1280 hanc
1339 1232 1698 1297 quiestionem

118 1312 421 1378 expendere
475 1312 713 1379 cupiant.
769 1313 883 1367 Duo
915 1324 1121 1369 tantum
1155 1318 1240 1370 hic
1267 1318 1696 1374 observabimus.

118 1405 265 1456 I’rius
287 1404 416 1470 erit,
451 1404 830 1474 Augustinttm,
861 1421 924 1460 an
939 1406 1152 1477 tequam
1193 1414 1458 1478 quaereret
1482 1428 1546 1466 an
1582 1413 1697 1465 fue-

113 1489 219 1562 rint
245 1495 515 1564 gigantes,
547 1497 796 1551 debuisse
813 1501 1099 1554 consulere
1128 1501 1346 1555 Grzccos
1377 1505 1699 1571 interpretes

117 1586 322 1641 Veteris
357 1586 706 1656 Teatamenti',
737 1587 1114 1658 Symmachum
1140 1598 1302 1660 atque
1326 1594 1602 1662 Aquilam;
1632 1610 1695 1648 ex

110 1674 298 1747 quibus
324 1680 677 1735 in‘t‘ellesisset
701 1683 901 1735 nullam
917 1679 1041 1737 esse
1066 1684 1148 1737 hic
1172 1683 1486 1740 llebraicam
1510 1703 1694 1742 vocem

1806 517 1888 562 est
1912 509 2110 574 humu;
2144 509 2237 563 sed
2277 517 2373 567 nn]
2401 509 2550 565 clietli
2593 516 3043 572 resurrectb-ncm
3075 537 3177 574 non
3206 533 3387 590 sonat,

1805 597 1901 652 sed
1927 599 2105 667 potius
2131 600 2377 667 positum,
2403 613 2490 656 aut
2518 607 2813 674 repositum,
2838 620 2871 660 n
2894 617 3012 668 mu:
3034 605 3224 679 posuit,
3247 617 3389 682 quod

1805 688 1970 757 liquet
1997 690 2132 744 Gen.
2169 707 2242 756 tv,
2274 692 2363 756 ‘25,
2401 693 2486 748 ubi
2533 695 2857 768 e‘ymoIOgia
2902 703 3136 756 nominis
3163 707 3240 759 sic
3274 715 3385 760 tra-

1803 778 1946 884 gitur
1998 796 2012 833 :
2057 791 2178 842 ana
2228 769 2436 884 arma")
2497 796 2594 844 nrt!
2661 796 2713 846 ν)
2759 801 2855 849 ne:
2901 803 3024 851 neut
3065 806 3148 854 nn
3203 801 3388 884 mpm

1801 853 1908 929 εις-ε
1949 882 2074 931 mn
2114 883 2158 926 et
2197 876 2390 928 vocavit
2434 892 2613 931 nomen
2653 882 2766 949 ejus
2804 880 3036 946 Sciret/1,
3069 887 3189 953 quia
3219 853 3390 954 polsut‘t

1807 958 2054 1031 (Schath)
2081 961 2203 1014 mihi
2228 962 2368 1016 Deus
2399 966 2596 1033 prolem
2617 971 2830 1022 alteram
2862 971 2973 1025 loco
3010 972 3192 1028 Ilebel‘.
3231 977 3382 1042 Qnrd

1805 1052 1882 1107 sic
1911 1065 2288 1122 expresserunt
2341 1057 2483 1111 LXX
2512 1057 2858 1129 interpretes:
2883 1063 2980 1118 Καὶ
3007 1061 3300 1136 exussum
3334 1069 3389 1122 τὸ

1804 1141 1961 1216 ὄνομα
2000 1149 2151 1200 αὐτοῦ
2182 1150 2272 1206 Σήθ
2293 1188 2307 1211 ,
2335 1149 2583 1220 λέγόυσα,
2620 1154 2913 1215 ἐξανέστησε
2951 1159 3051 1229 γᾶρ
3094 1169 3180 1227 μοι
3208 1157 3232 1212 ὁ
3263 1160 3387 1217 Θεὸς

1802 1244 2003 1309 bicipites
2021 1237 2196 1311 ἕτερον
2226 1239 2338 1292 ἀντὶ
2357 1235 2528 1292 Ἅϐελ.
2556 1239 2704 1294 Unde
2731 1245 2931 1296 temere
2958 1245 3171 1314 co'legit
3197 1255 3386 1302 auctor

1804 1323 1999 1378 Libelli
2037 1326 2321 1379 Nominum
2360 1327 2743 1383 Hebraicorum
2785 1332 2914 1385 voce
2938 1333 3062 1386 Seth
3091 1335 3384 1404 signiﬁcari

1799 1419 2104 1484 ἀνάὰτασιν,
2132 1434 2251 1471 cum
2278 1418 2414 1472 LXX
2448 1421 2764 1488 interpretes
2789 1440 2829 1474 5t
2851 1426 3004 1476 hsum
3033 1423 3378 1493 poaiusqnam

1799 1509 1906 1560 vim
1941 1524 2206 1577 propriam
2243 1509 2515 1563 llebraica:
2543 1513 2690 1564 Vocis
2727 1513 3112 1579 expieserint.
3158 1513 3380 1567 Pericu-

1803 1597 1972 1651 losum
1996 1608 2073 1651 est
2101 1599 2217 1651 aliis
2247 1600 2492 1663 credere,
2525 1600 2576 1653 in
2599 1616 2658 1654 re
2683 1615 2838 1669 quam
2868 1605 3014 1656 nullo
3037 1602 3197 1657 modo
3221 1605 3380 1658 intel-

1795 1691 1959 1760 ligas,
1983 1705 2102 1744 cum
2129 1691 2301 1744 neSt-is
2329 1705 2394 1744 an
2421 1692 2536 1760 ejus
2561 1694 2719 1760 periti
2747 1694 2871 1746 sint.

91 1839 94 1842 _
118 1785 230 1837 quae
254 1770 508 1838 gigantes
531 1770 830 1839 signiﬁcet,
861 1787 922 1825 ac
948 1770 1169 1841 proinde
1191 1772 1469 1843 Qtlwstioni
1498 1793 1563 1830 an
1583 1779 1692 1831 fuc-
1725 1776 1770 1835 B
1875 1780 2004 1833 ibid.
2046 1779 2185 1833 Enos
2212 1781 2350 1847 ﬁlius
2376 1785 2490 1850 ejus
2516 1783 2875 1849 interpretatur
2902 1785 3083 1851 homo;
3113 1803 3213 1839 non
3246 1789 3378 1840 sicut

117 1860 209 1913 rint
231 1859 502 1928 gigantes,
531 1860 739 1914 nullum
764 1860 849 1915 hic
878 1861 1052 1916 locum
1072 1877 1210 1918 esse.
1239 1866 1513 1921 Posterius
1540 1883 1690 1934 vero,

116 1949 489 2005 auctoritatem
515 1950 754 2020 Virgilii,
785 1961 906 2019 post
934 1951 1227 2008 Homerum
1251 1957 1578 2025 mentientis,
1615 1959 1698 2011 ni-

119 2041 208 2093 mis
231 2040 408 2095 levem
441 2041 607 2094 fuisse
637 2041 780 2110 apud
808 2042 1052 2099 homines
1081 2046 1275 2113 serice,
1305 2063 1464 2116 quam
1495 2059 1551 2102 ut
1577 2050 1694 2104 usui

121 2143 227 2184 esse
251 2145 324 2198 po
338 2135 451 2185 sset
497 2132 564 2186 ad
595 2130 984 2189 defendendam
1030 2146 1214 2190 contra
1242 2139 1486 2195 ethnicos
1518 2141 1693 2196 Histo-

120 2225 239 2277 riam
269 2227 506 2278 sacram.
543 2224 730 2279 Parata
763 2227 903 2280 enim
935 2238 1053 2282 erat
1085 2232 1383 2298 responsio,
1421 2232 1692 2302 Virgilium

125 2327 324 2385 poetam
361 2317 550 2385 fuisse,
571 2319 654 2373 cui
682 2319 882 2390 ﬁngere
901 2320 1134 2376 licuisset
1163 2363 1177 2386 ,
1212 2334 1264 2378 et
1283 2325 1334 2378 in
1360 2326 1457 2380 hac
1480 2328 1692 2394 quidem

123 2427 173 2464 re
201 2426 322 2464 eum
362 2411 690 2466 imitatorem
723 2412 885 2467 fuisse
908 2413 1146 2483 Homeri,
1178 2416 1262 2470 cui
1293 2432 1450 2472 nemo
1471 2433 1692 2474 necesse

121 2501 331 2556 haberet.
352 2502 572 2558 credere

187 2591 316 2646 Ibid.
362 2589 566 2648 Plinius
608 2594 894 2657 secundus,
926 2594 1252 2649 doctissimus
1280 2598 1461 2661 homo,
1503 2609 1691 2668 quanto

113 2681 276 2752 magis
297 2682 557 2751 magisque
594 2683 815 2750 pra'terit
855 2684 1028 2736 saeculi
1057 2699 1300 2737 excursus
1337 2687 1538 2739 minora
1574 2704 1691 2740 cor-

117 2789 239 2840 pora
263 2783 504 2826 naturam
535 2773 665 2841 ferre
696 2773 954 2844 testatur.]
996 2775 1109 2828 Iloc
1133 2774 1346 2844 quidem
1386 2775 1546 2829 habet
1589 2776 1695 2830 Pli-

121 2868 229 2918 nius
259 2867 445 2920 Iib.vn
476 2865 612 2918 Ilist.
638 2873 771 2928 nat.,
797 2880 914 2934 cap.
949 2866 1034 2920 16.
1064 2867 1166 2921 Sed
1186 2866 1372 2920 falsum
1391 2882 1508 2921 esse
1535 2883 1697 2922 nemo

123 2957 295 3022 nescit,
325 2965 382 3011 et
437 2955 616 3008 multis
647 2955 884 3008 ostendit
922 2957 964 3009 is
997 2973 1154 3026 quem
1204 2957 1341 3022 dixi,
1376 2957 1691 3012 Theodorus

121 3045 356 3100 iivckius.

1803 1869 1969 1921 Adam
2003 1869 2069 1936 (et
2098 1870 2264 1937 ipsum
2294 1871 2428 1922 enim
2457 1886 2637 1924 nomen
2670 1873 3031 1943 interpretrtur
3061 1875 3258 1945 homo),
3287 1880 3376 1931 sed

1799 1973 2062 2011 commune
2085 1958 2373 2027 perhibetur
2398 1975 2507 2012 esse
2531 1961 2582 2014 in
2615 1962 2706 2014 illa
2733 1963 2930 2032 lingua,
2963 1965 3016 2016 id
3036 1975 3106 2018 est
3135 1965 3371 2035 Hebr-ara,

1801 2048 2026 2101 masculo
2054 2057 2101 2100 et
2128 2048 2352 2116 feminae.
2385 2047 2526 2102 Nam
2555 2051 2627 2103 sic
2654 2051 2715 2104 de
2744 2052 2835 2106 illo
2864 2055 3104 2122 scriptum
3133 2065 3207 2109 est
3228 2072 3246 2109 :
3270 2059 3378 2111 Mu-

1799 2137 2005 2191 sculum
2031 2145 2085 2190 et
2117 2137 2364 2192 feminam
2397 2139 2518 2192 fecit
2563 2141 2701 2208 illus,
2747 2151 2801 2196 et
2829 2143 3104 2199 benedixit
3135 2147 3274 2211 illos,
3323 2159 3378 2203 et

1799 2226 2188 2296 cognominavit
2214 2243 2407 2282 nomen
2429 2237 2613 2284 eorum
2644 2233 2830 2286 Adam.
2862 2233 3011 2289 Unde
3038 2253 3140 2290 non
3167 2237 3378 2308 ambigi~

1799 2327 1880 2370 tnr
1905 2319 1977 2370 sic
2006 2318 2311 2388 appellatam
2343 2319 2500 2387 fuisse
2545 2321 2783 2390 [eminent
2831 2322 3013 2390 Evam,
3048 2330 3254 2395 proprio
3285 2341 3378 2382 n0-

1799 2407 1953 2470 mine,
1979 2417 2032 2459 ut
2059 2417 2225 2461 tamen
2253 2408 2439 2474 Adam,
2463 2411 2598 2478 quod
2624 2413 3172 2486 interpretatur/torno,
3196 2435 3376 2475 nomen

1797 2509 1923 2550 esset
1953 2497 2257 2569 amborum]
2292 2501 2456 2554 [tecte
2485 2504 2552 2555 de
2591 2503 2806 2558 nomine
2832 2505 3014 2570 Adam,
3051 2509 3145 2562 sed
3188 2524 3377 2578 ρει-μοι

1798 2604 1907 2642 rum
1932 2589 1997 2642 de
2025 2591 2241 2643 nomine
2272 2587 2435 2656 Enos,
2467 2591 2605 2658 quod
2632 2592 2872 2660 pluribus
2915 2596 3293 2664 interpretatur
3322 2601 3374 2653 in

1797 2679 2142 2746 sequentibus
2191 2677 2378 2730 :Enos
2425 2689 2615 2744 autem,
2665 2683 2852 2749 inquit,
2900 2686 2972 2737 sic
3015 2688 3374 2756 interpretatur

1796 2766 1946 2817 homo
1968 2806 1982 2829 ,
2019 2776 2070 2818 ut
2091 2766 2188 2819 hoc
2217 2783 2320 2818 non
2342 2784 2489 2836 posse
2517 2769 2758 2836 feminam
2787 2776 3071 2842 nuncupari
3098 2779 3246 2845 periti
3273 2780 3374 2832 lin-

1795 2872 1908 2927 gute
1953 2856 2091 2908 illius
2138 2865 2456 2922 assererem;
2503 2873 2743 2927 tanquam
2786 2861 2929 2929 ﬁlius
2970 2870 3372 2935 resurrectionis,

1787 2946 1878 2998 ubi
1908 2962 2007 2998 non
2034 2947 2240 3010 nubent,
2276 2963 2431 3012 neque
2453 2963 2633 3002 uxores
2654 2950 2859 3005 ducent.
2887 2954 3006 3007 Non
3027 2957 3162 3010 enim
3184 2961 3279 3012 erit
3304 2961 3372 3014 ibi

1794 3041 2071 3108 generatio,
2089 3060 2201 3096 cum
2224 3047 2345 3098 illuc
2369 3048 2658 3114 perduxerit
2682 3054 3020 3120 regeneratio.
3045 3054 3102 3109 Si
3134 3055 3246 3110 haec
3277 3073 3373 3126 pro

179 3139 302 3206 Cap.
333 3138 426 3192 ιδ,
473 3138 598 3194 post
625 3140 830 3211 longam
854 3151 907 3196 ει
935 3142 1148 3195 anxiam
1165 3142 1691 3211 disputationemmc
1718 3133 1762 3194 C
1795 3131 2056 3187 concione
2085 3135 2304 3190 dixisset
2334 3139 2679 3208 Augustinus,
2712 3145 2831 3211 quis
2880 3143 3090 3199 dubitet
3117 3147 3246 3216 quin
3276 3151 3371 3202 mi-

121 3226 419 3283 discritnine
459 3231 821 3300 chronologia:
854 3232 1126 3285 “cltl'aluc
1155 3242 1208 3285 et
1239 3231 1436 3287 Cratere
1462 3275 1476 3296 ,
1512 3236 1562 3287 in
1594 3250 1690 3287 an-

120 3319 191 3370 nis
213 3319 738 3374 antediluvlanorum
772 3323 1218 3388 patriarcharum,
1246 3323 1457 3377 tandem
1490 3328 1567 3378 sic
1604 3343 1690 3379 ra-

119 3411 482 3466 s'ocinationes
523 3415 866 3468 ευθςιιίιυιίὶι
907 3399 1264 3484 Augustinus:
1299 3416 1400 3472 Sed
1441 3421 1691 3487 quomodo

120 3500 222 3554 libet
245 3504 380 3556 illud
437 3505 764 3572 accipiatur;
816 3506 917 3559 sive
945 3513 1182 3559 credatur
1211 3507 1283 3559 ita
1324 3523 1430 3560 esse
1463 3507 1650 3574 factum
1675 3550 1688 3573 ,

119 3608 137 3643 s
158 3609 206 3645 re
232 3611 326 3648 non
360 3595 637 3662 credatur;
665 3598 768 3649 sive
787 3605 1039 3667 postremo
1066 3600 1135 3651 ita
1154 3638 1169 3664 ,
1212 3598 1314 3652 sive
1345 3614 1445 3651 non
1484 3598 1554 3650 ita
1585 3601 1690 3664 sit;

117 3696 234 3738 recte
269 3688 391 3754 ﬁeri
437 3689 578 3740 nullo
608 3689 758 3741 modo
796 3691 1162 3756 dubitaverim,
1190 3698 1244 3742 ut
1284 3707 1398 3743 cum
1438 3690 1690 3745 diversum

119 3775 294 3844 aliquid
322 3780 381 3830 in
432 3779 656 3846 utrisque
691 3781 944 3833 codicibus
979 3781 1249 3845 invenitur,
1284 3782 1689 3850 quandoquidem

117 3866 176 3914 ad
196 3866 346 3932 ﬁdem
372 3883 548 3920 rerum
574 3877 829 3936 gestarum
859 3878 1130 3938 utrumque
1154 3887 1262 3924 esse
1292 3887 1394 3924 non
1425 3880 1584 3939 potest
1609 3887 1690 3925 ve-

119 3969 236 4019 rum,
265 3958 310 4009 ei
343 3958 544 4024 lingua:
565 3959 730 4027 potius
771 3961 1039 4025 credatur,
1081 3963 1212 4014 unde
1235 3971 1310 4015 est
1334 3963 1387 4015 in
1415 3963 1570 4016 aliam
1599 3979 1689 4031 per

117 4047 404 4117 interpretes
452 4054 591 4119 facta
618 4052 904 4107 translatio.
951 4053 1096 4107 Nihil
1126 4054 1327 4119 verius,
1356 4056 1449 4109 sed
1481 4054 1582 4109 hoc
1612 4056 1688 4108 vi-

119 4137 257 4191 detur
281 4140 586 4194 extorsisse
610 4142 910 4209 Augustino
930 4142 1070 4212 quod
1103 4143 1326 4198 habetur
1353 4143 1414 4196 in
1442 4144 1688 4199 versione

118 4225 241 4282 LXX
270 4233 628 4299 interpretum
685 4233 751 4286 de
808 4235 965 4288 annis
997 4233 1301 4288 Mathusalae
1323 4276 1338 4300 ,
1392 4249 1551 4304 quem
1571 4276 1587 4301 ,
1619 4251 1685 4291 ex

117 4334 282 4376 eorum
312 4323 554 4389 calculo,
591 4323 792 4378 diluvio
825 4328 1164 4394 superstitem
1191 4326 1354 4380 fuisse
1381 4335 1678 4393 oporteret,

117 4410 239 4473 quod
264 4411 565 4480 Scriptum
594 4427 810 4481 prorsus
839 4415 1166 4468 cotitrarium
1197 4424 1301 4469 est.
1331 4414 1534 4468 Interea
1570 4433 1683 4470 am-

1797 3225 2017 3279 rahilem
2051 3227 2290 3294 plausum
2322 3229 2389 3282 ab
2417 3231 2598 3299 ignara
2649 3234 2991 3290 Numidarum
3040 3237 3192 3306 plebe
3223 3240 3370 3295 tulis-

1783 3318 1906 3370 set?
1936 3317 2044 3371 Nec
2073 3319 2290 3372 dubium
2316 3323 2442 3374 mihi
2474 3333 2554 3376 est
2583 3326 2711 3393 quin
2739 3328 2925 3381 obtusa
2951 3329 3236 3384 Poenorum
3279 3348 3371 3401 pe-

1794 3418 1963 3468 ctora.
1998 3409 2192 3477 aliique
2222 3427 2325 3464 non
2357 3412 2625 3468 doctiores
2653 3431 2879 3472 acumen
2910 3425 3140 3474 oratoris
3172 3423 3368 3491 Hippo-

1795 3497 1976 3552 nensis
2001 3503 2104 3552 sint
2134 3500 2400 3554 admirati.
2429 3506 2610 3570 Atqui,
2645 3517 2696 3559 ut
2723 3507 2913 3561 falsum
2946 3520 3024 3562 est
3053 3525 3183 3565 voce
3209 3514 3364 3582 Setia,

1793 3597 1850 3640 ut
1870 3588 1981 3655 jam
2024 3586 2272 3650 vidimus.
2319 3592 2734 3646 resurrectionem
2773 3595 3082 3662 signiﬁcari,
3115 3598 3193 3650 sic
3232 3613 3368 3653 voce

1782 3689 1932 3738 suun
1954 3681 2142 3751 signiﬁi
2160 3684 2236 3738 ari
2265 3693 2463 3739 tantum
2487 3685 2646 3737 virum
2669 3685 2855 3739 falsum
2881 3701 3089 3755 quoque
3111 3695 3213 3753 est,
3233 3704 3366 3757 prte-

1791 3772 1976 3824 sertim
2009 3773 2057 3825 in
2111 3772 2362 3842 singulari
2421 3789 2664 3838 numero,
2725 3775 2810 3828 ubi
2864 3785 2945 3829 est
2973 3778 3110 3830 idem
3138 3792 3200 3831 ac
3246 3789 3366 3838 D‘TN

1784 3860 1958 3913 Adam
2006 3863 2262 3930 IIehrmie,
2303 3875 2355 3918 et
2401 3863 2603 3919 Grmeis
2651 3864 2934 3940 ἄνθρωπος,
2975 3874 3026 3919 et
3055 3876 3365 3922 constanter

1792 3961 2073 4022 utrumque
2101 3971 2285 4009 sexum
2317 3956 2707 4025 complectitur.
2759 3958 2812 4010 In
2841 3956 3030 4026 plurali
3060 3966 3247 4016 nam
3291 3961 3365 4011 vi-

1789 4061 1892 4110 ros,
1923 4060 2018 4100 seu
2041 4045 2249 4120 ἄνδρας,
2280 4064 2425 4118 saepe
2451 4049 2733 4118 signiﬁcat,
2766 4049 2860 4102 sed
2887 4064 3060 4115 neque
3089 4050 3139 4103 id
3170 4064 3363 4120 perpe-

1790 4143 1900 4200 tuo,
1927 4145 1984 4190 ut
2030 4135 2431 4193 Concordantizn
2476 4138 2748 4193 ilebraicm
2788 4138 3128 4208 vulgariaquc
3170 4140 3363 4196 Lexica

1786 4227 2073 4283 dooehunt.
2111 4231 2294 4300 Itaque
2326 4246 2420 4299 pro
2448 4231 2657 4298 plausu,
2698 4231 2888 4299 dignus
2921 4231 3005 4286 hic
3034 4243 3149 4286 erat
3190 4234 3364 4287 bonus

1789 4322 1871 4371 vir
1900 4321 2172 4374 acerrimis
2199 4320 2486 4387 pastoritia:
2519 4320 2710 4374 ﬁstula:
2738 4322 2937 4386 sibilis;
2966 4322 3052 4390 qui
3083 4336 3147 4374 ex
3191 4322 3363 4376 aliena

1790 4407 1891 4460 ﬁde
1920 4407 1986 4460 de
2029 4423 2084 4461 re
2123 4408 2384 4476 ejusmodi
2417 4411 2555 4478 loqui
2589 4425 2696 4464 non
2746 4410 2948 4464 debuit.
2981 4409 3088 4465 Sed
3136 4408 3264 4463 audi
3310 4421 3365 4462 et

125 4498 416 4558 plectamur
439 4502 577 4570 quod
595 4501 744 4556 uoltis
771 4503 880 4569 dat,
905 4506 1206 4572 guliasque
1230 4506 1278 4557 ei
1307 4503 1473 4558 habca
1499 4520 1595 4559 nus
1616 4505 1685 4560 ob
1713 4495 1764 4553 D
1789 4500 2063 4565 sequentia
2099 4515 2113 4551 :
2144 4498 2315 4562 Quare
2342 4508 2388 4550 et
2411 4501 2504 4552 hoc
2527 4517 2624 4552 non
2649 4501 2902 4553 incassum
2929 4499 3206 4552 notandum
3229 4498 3364 4549 orbi.

112 4589 362 4645 prolatam
399 4591 715 4656 veritatem;
766 4595 1012 4661 quamvis
1040 4595 1163 4646 huic
1207 4594 1530 4648 confessioni
1560 4610 1685 4649 cono

112 4681 383 4735 \enienter
413 4697 472 4735 se
499 4685 715 4736 m'nime
744 4685 988 4750 gesserit,
1024 4684 1113 4750 qui
1139 4696 1192 4738 ut
1223 4683 1535 4739 IIebraicam
1581 4686 1682 4738 lin-

116 4781 256 4833 gnam
299 4772 541 4826 disceret
562 4788 778 4840 operam
811 4789 917 4827 non
957 4776 1123 4828 dedit.
1165 4775 1419 4843 Suhjicit:
1455 4776 1596 4828 Nam
1629 4777 1682 4828 in

115 4861 405 4922 quibusdam
431 4864 584 4915 etiam
607 4865 862 4918 codicibus
883 4864 1076 4918 Graecis
1097 4866 1256 4918 tribus
1276 4875 1322 4919 et
1343 4883 1443 4919 uno
1471 4866 1674 4934 Latino,

115 4959 153 5000 et
179 4968 273 5006 uno
302 4955 460 5006 etiam
494 4953 662 5024 Syro,
704 4957 836 5008 inter
876 4972 929 5009 se
961 4955 1681 5020 consentientibus,‘inventus

112 5046 175 5089 est
219 5041 566 5097 Mathusalem
608 5061 698 5099 sea:
726 5048 876 5098 annis
918 5056 1034 5099 ante
1067 5044 1334 5098 Diluvium
1364 5044 1523 5112 fuisse
1561 5061 1682 5099 con-

113 5144 349 5197 sumptus.
396 5133 727 5190 Crediderim
775 5136 1050 5205 Syriacam
1082 5135 1583 5205 interpretationem
1617 5151 1679 5190 ex

115 5218 328 5276 Πρω-,ρο
349 5226 873 5295 codice,llleronymi
890 5227 1186 5280 versionem
1215 5227 1481 5292 Latinam,
1502 5237 1680 5281 trans-

115 5308 434 5382 lationcsque
482 5317 715 5384 Aquilae,
769 5316 1076 5386 Symmachi
1108 5327 1162 5371 et
1192 5317 1574 5374 Theodotionis
1601 5319 1683 5372 in-

115 5400 294 5470 telligi,
319 5419 455 5471 quas
494 5421 599 5460 non
625 5406 815 5460 mirum
847 5420 969 5460 eum
1003 5404 1263 5459 Ilebraico
1290 5405 1434 5461 fonte
1455 5421 1683 5462 consen-

113 5486 256 5559 sisse,
279 5494 708 5564 quandoquidem
737 5511 804 5550 ex
831 5511 897 5550 eo
917 5504 1072 5550 erant
1099 5494 1375 5550 derivatae.

171 5579 297 5648 Cap.
332 5583 421 5635 I7.
462 5583 626 5640 Porro
654 5587 739 5640 ille
779 5586 907 5640 Seth
946 5585 1245 5640 resurrectio
1285 5586 1678 5657 interpretatur,

111 5668 310 5739 tibi-.0:
334 5673 473 5738 ﬁlius
507 5679 615 5741 ejus
643 5677 993 5744 interpretatur
1014 5671 1218 5744 Ito-no.1
1244 5674 1376 5731 Vera
1400 5683 1478 5730 est
1495 5685 1674 5747 poste-

1788 4598 1915 4655 tror,
1946 4590 2085 4658 quod
2126 4591 2178 4642 in
2227 4590 2297 4642 eis
2327 4592 2735 4661 generationibus
2765 4607 2878 4660 quin
2923 4600 3273 4658 prapagantur
3302 4606 3365 4642 cx

1786 4678 1878 4731 illo
1896 4679 1982 4746 qui
2005 4691 2079 4733 est
2101 4680 2390 4750 appel'atus
2415 4680 2559 4746 Set/1,
2606 4698 2718 4733 cum
2765 4681 2994 4752 genuisse
3030 4680 3164 4744 filios
3195 4681 3361 4746 ﬁlius-

1785 4785 1882 4837 que
1901 4769 2170 4836 dicantur;
2214 4768 2356 4825 nulla
2382 4772 2449 4825 ibi
2478 4773 2648 4839 genita
2690 4770 2990 4822 nominatim
3036 4769 3228 4834 femina
3273 4785 3364 4821 emo

1787 4877 1959 4929 pressa
1985 4873 2093 4927 est;
2123 4865 2174 4916 in
2197 4864 2274 4916 bis
2301 4874 2471 4916 autem
2496 4879 2610 4928 qua:
2638 4869 2986 4928 prapagantnr
3022 4875 3083 4912 ea:
3113 4859 3262 4927 Cain,
3312 4862 3363 4914 in

1786 4951 1900 5017 ipso
1925 4953 2050 5018 ﬁne,
2077 4969 2335 5020 quousque
2354 4953 2744 5020 protenduntur,
2772 4948 3042 5002 novissima
3064 4951 3252 5019 femina
3273 4968 3363 5022 ge-

1789 5043 1895 5095 nita
1925 5042 2234 5095 nominatur.
2261 5042 2394 5095 Cum
2426 5041 2540 5093 haec
2565 5041 2770 5108 argutia
2804 5040 3000 5095 nitatur
3022 5043 3364 5099 fundamento

1790 5141 1942 5188 antea
1979 5133 2179 5196 diruto,
2207 5132 2274 5187 de
2309 5131 2609 5200 signiﬁcatu
2638 5134 2782 5186 vocis
2812 5132 2976 5198 Enos,
3010 5143 3116 5189 tota
3149 5147 3365 5189 corruat

1792 5239 2011 5279 necesse
2032 5233 2134 5287 est,
2158 5233 2212 5279 et
2241 5223 2552 5293 mysterium
2596 5224 2698 5280 hoc
2743 5224 3008 5279 somnium
3050 5224 3364 5280 Africanum

1791 5315 2064 5371 habeatur.

1857 5407 1984 5474 Cap.
2013 5405 2104 5473 ‘25,
2135 5405 2163 5476 ᾗ
2187 5408 2238 5461 5.
2276 5405 2349 5459 De
2380 5405 2497 5460 loco
2518 5406 2714 5461 Genes.
2753 5422 2824 5471 vl,
2853 5408 2908 5472 2,
2937 5406 3161 5458 videntes
3190 5404 3362 5471 angeli

1791 5495 1881 5548 Dei
1910 5497 2044 5563 ﬁlias
2072 5497 2350 5563 hominum,
2382 5507 2485 5551 etc.
2518 5497 2682 5551 Recte
2710 5497 2966 5550 observat
3010 5494 3128 5548 illos
3154 5495 3361 5563 angelos

1789 5584 1880 5638 Dei
1909 5585 2072 5639 fuisse
2105 5586 2370 5652 homines,
2402 5586 2592 5641 deinde
2617 5585 2793 5640 subdit
2839 5601 2852 5637 :
2889 5584 3114 5652 Septuag
3137 5594 3222 5637 ητα
3250 5586 3360 5652 qui.

1787 5676 1898 5730 dem
1928 5679 2222 5748 interpretes
2253 5688 2298 5731 et
2330 5680 2544 5747 angelos
2593 5678 2684 5731 Dei
2714 5676 2952 5729 dixerunt
2982 5675 3103 5729 istis
3145 5688 3192 5728 et
3222 5677 3356 5731 ﬁiios
