3900 6312
502 288 605 345 487

1390 258 1943 328 SEPPLEMENTUH
1989 266 2077 321 AD
2118 256 2349 321 OPERA
2391 261 2450 319 S:
2495 263 2880 322 AUGUSTINI.

3676 259 3775 323 £88

507 400 622 465 Dei,
651 394 789 466 quod
815 392 1018 462 quidem
1045 372 1145 440 non
1175 400 1346 450 omnes
1370 383 1567 436 codices
1592 370 1817 455 habent;
1848 395 1965 431 nam
1988 378 2095 453 qui-
2204 356 2518 430 Grtecorum
2554 384 2606 431 et
2652 376 2960 430 Latinorum
2987 417 3002 439 ,
3056 376 3241 445 quibus
3305 376 3534 432 delenda
3591 364 3775 433 fuisset

506 492 625 541 dant
653 486 748 538 nisi
781 484 916 535 ﬁlios
945 478 1034 533 Dei
1063 494 1161 529 non
1184 474 1390 527 habent.
1422 470 1813 547 Aquilonalem,
1839 485 1985 538 quem
2010 470 2093 520 in-

508 585 778 645 terpretem
806 548 979 624 udwi
1010 568 1203 649 caeteris
1233 546 1571 633 anteponunt,
1599 562 1698 637 non
1723 562 1938 626 angelos
1962 558 2052 610 Dei
2075 596 2089 619 ,

506 684 597 723 nec
638 658 774 720 ﬁlius
825 663 938 725 Dei,
989 660 1077 713 sed
1127 646 1525 727 ﬁlriosrdcorum
1576 654 1935 725 interpretatus
1975 646 2093 723 est.]

510 760 677 813 Erant
722 769 848 823 ergo
894 742 1116 805 codices
1159 749 1248 818 qui
1288 732 1576 809 habebant,
1624 742 1825 816 ἄγγελοι
1854 750 1981 798 οεοῦ
2010 743 2095 795 καὶ

507 850 609 902 υἷοί
646 854 797 908 Θεοῦ,
828 853 882 898 et
920 841 1008 912 qtti
1040 842 1159 895 sine
1185 839 1347 892 dubio
1378 837 1552 889 vitiosi
1596 846 1939 912 erant_,.nam
1970 846 2091 887 cum

510 936 588 990 sit
611 904 811 1007 tantum
841 904 1031 994 seu...
1087 930 1138 983 in
1174 912 1395 982 llebrmo
1422 911 1636 1000 codice,
1682 904 1861 980 D‘n’m
1889 910 2095 996 manu

510 1030 718 1092 eloltim,
749 1027 999 1081 alterutra
1034 1008 1238 1076 tantum
1268 1017 1539 1073 locutione
1582 1015 1715 1069 verti
1744 1008 1933 1087 potuit.
1966 1012 2095 1067 Sine

512 1120 674 1175 dubio
698 1118 889 1187 aliquis
918 1132 946 1169 e
973 1114 1194 1183 regione
1223 1097 1413 1165 vocum
1444 1096 1645 1183 ἅῂελοι
1665 1114 1755 1161 τοῦ
1786 1112 1914 1161 Θεοῦ
1960 1104 2096 1169 scri-

518 1218 692 1279 pserat
715 1212 813 1262 υτοὲ
843 1213 932 1261 τοῦ
954 1190 1111 1265 lena,
1143 1210 1197 1253 ut
1222 1200 1564 1270 signiﬁcaret,
1597 1205 1687 1274 aut
1714 1196 1783 1249 ita
1813 1193 2093 1273 legendum

514 1314 656 1362 esse.
683 1308 774 1351 aut
795 1296 985 1350 melius
1016 1296 1085 1347 ita
1115 1294 1363 1365 vchnros
1388 1289 1547 1342 luisse
1576 1284 1714 1341 LXX
1740 1288 2094 1365 interpretes;

515 1389 656 1458 quod
696 1374 877 1458 postea
909 1374 1111 1465 teme'e
1155 1366 1449 1437 instrusum
1482 1381 1543 1457 in.
1564 1364 1825 1432 orationis
1869 1369 2095 1430 contui-

518 1491 649 1544 tum,
684 1477 857 1547 qualia
887 1477 1049 1531 multa
1081 1485 1203 1529 sunt
1244 1473 1297 1527 in
1324 1487 1386 1526 ea
1417 1469 1688 1525 versione.
1714 1467 1865 1533 Quod
1896 1469 1970 1547 ait
1998 1481 2097 1519 no-

514 1580 625 1625 stcr
654 1570 911 1639 quosdam
957 1558 1173 1621 codices
1218 1579 1324 1619 non
1364 1562 1625 1639 habuisse
1657 1547 1757 1615 nisi
1798 1559 1933 1629 filios
1984 1559 2097 1624 Dei,

516 1637 702 1716 verum
735 1648 977 1713 videmus
1025 1673 1145 1713 esse
1188 1648 1251 1711 es
1296 1637 1679 1733 antiquissimo
1710 1650 1905 1733 codice
1952 1642 2101 1704 Vati-

2197 468 2425 522 maxima
2456 481 2577 534 pars
2605 480 2826 533 operum
2873 479 3113 528 suorum,
3142 467 3579 537 servandutnque
3624 478 3773 541 tunc

2192 555 2464 625 silentium
2495 555 2561 609 de
2588 556 2746 609 rebus
2772 555 2840 609 de
2862 554 3052 625 quibus
3075 565 3212 607 tanta
3235 570 3357 609 cum
3391 556 3587 610 ﬁducia
3616 568 3673 612 et
3696 573 3771 613 ot-

2193 647 2385 701 ttionis
2414 630 2605 716 pompa
2624 634 2782 701 verba
2806 662 2835 701 e
2857 631 3133 716 superiore
3164 647 3279 700 loco
3308 646 3481 701 facere
3505 650 3770 704 solebant.

2196 737 2400 801 lnnnc,
2435 751 2648 813 morose
2693 738 2883 797 lector,
2923 745 2974 789 ct
3003 734 3268 807 admirare
3306 751 3402 811 cur
3428 739 3616 792 merito
3648 742 3776 792 crati

2196 827 2249 883 id
2276 829 2519 909 dicerent
2550 827 2852 895 huiusmodi
2907 816 3169 911 nomines,
3224 827 3366 894 quod
3397 843 3581 881 verum
3614 828 3774 883 videri

2195 935 2382 975 eorum
2412 899 2692 989 tantopere
2720 899 2993 972 intererat.
3027 919 3274 972 Attamen
3308 921 3666 988 Augustinus,
3694 924 3774 990 qui

2197 1004 2329 1075 vnit,
2358 1011 2402 1063 si
2443 1010 2565 1079 quid
2592 1018 2865 1081 mn'arunt
2895 994 3035 1061 LXX
3082 1011 3421 1081 interpretes,
3467 1012 3776 1078 prophetico

2196 1087 2240 1166 ὲ,
2265 1102 2387 1155 iritn
2417 1108 2537 1155 ease
2569 1100 2850 1167 mutatum,
2885 1115 2990 1151 non
3019 1104 3182 1151 ausus
3210 1107 3293 1152 est
3340 1098 3392 1152 id
3422 1100 3694 1155 afﬁrmare
3716 1102 3777 1154 de

2197 1193 2352 1246 annis
2396 1177 2915 1246 ant‘ediluvianOrnm
2968 1172 3419 1259 patriarcbarum,
3468 1204 3586 1260 cap.
3630 1192 3691 1246 l0
3730 1204 3779 1247 ut

2200 1299 2353 1359 seqq.
2379 1282 2535 1351 hujus
2568 1272 2710 1359 libri.
3000 1358 3003 1359 ν
3156 1348 3163 1358 ,
3211 1351 3217 1359 ,

2271 1376 2399 1443 Cap.
2426 1374 2516 1450 27.
2549 1355 2657 1447 Qui
2677 1372 2800 1450 milii
2828 1358 3063 1426 videnlur
3091 1355 3189 1426 non
3211 1355 3527 1445 computare,
3555 1377 3652 1429 nisi
3678 1386 3781 1428 tre-

2200 1475 2348 1519 centa
2378 1444 2547 1517 cubita
2602 1444 2935 1533 longitudinis
2975 1475 3020 1517 et
3062 1444 3351 1517 latitudinis
3387 1458 3776 1536 quinquaginta,

2201 1537 2294 1607 nec
2314 1536 2540 1623 cogitare
2564 1554 2708 1605 aliud
2730 1562 2929 1606 tantum
2949 1542 3057 1607 esse
3087 1556 3137 1606 in
3166 1555 3534 1625 superioribus,
3574 1556 3781 1625 itemque

2201 1645 2345 1699 aliud
2398 1654 2597 1724 tantum
2638 1644 2689 1696 in
2721 1628 3065 1715 superioribus
3104 1634 3446 1715 superiorum,
3490 1662 3551 1700 ac
3582 1664 3671 1713 per

518 1766 678 1815 cano,
710 1751 762 1802 in
794 1765 897 1818 quo
931 1751 1042 1804 lucc
1074 1757 1276 1801 tantum
1308 1716 1468 1823 lectito
1516 1726 1762 1821 habetur.
1794 1722 2011 1804 Verum,
2046 1740 2100 1795 in
2134 1732 2180 1805 Β
2208 1747 2282 1817 ter
2310 1724 2464 1802 ducta
2494 1716 2781 1815 iilacubita
2812 1722 2925 1803 ﬁeri
2944 1722 3244 1823 nongenta,
3291 1724 3493 1819 centum
3542 1718 3780 1819 quinque.

521 1843 667 1912 paris
697 1834 1030 1909 antiquitatis
1050 1824 1235 1893 codice
1264 1835 1649 1914 Alexandrino,
1677 1832 1872 1915 legitur
1896 1840 2103 1919 tantum

521 1931 723 2004 ἄγγελοι
745 1938 871 1986 Θεοῦ
902 1948 914 1982 :
948 1926 1404 2001 quemadmodum
1448 1925 1695 1979 videntur
1732 1922 1925 1992 legisse
1955 1921 2108 2003 multi

521 2023 872 2091 antiquissimi
906 2008 1092 2075 Patres
1117 2020 1284 2073 Gra‘ci
1314 2028 1366 2073 et
1398 2011 1595 2081 Latini,
1644 2016 1733 2084 qui
1766 2016 1887 2093 hinc
1917 2006 2110 2085 magno

522 2133 565 2170 ct
589 2130 783 2169 nscnsu
815 2093 1145 2181 eol'cgvrunt
1175 2099 1392 2180 angelos
1424 2122 1608 2162 amore
1650 2093 1934 2162 mulierum
1966 2093 2113 2163 mor;-

524 2205 706 2260 talium
745 2214 927 2273 captos
972 2202 1156 2257 fuisse.
1192 2190 1325 2255 Vide
1377 2200 1612 2269 Dionysii
1665 2200 1863 2254 Petavii
1920 2200 2107 2268 Dogm.

522 2300 711 2353 Tlteol.
740 2308 870 2352 tom.
901 2297 987 2362 Ill,
1018 2304 1073 2349 et
1103 2294 1278 2361 operis
1305 2292 1372 2345 de
1403 2278 1622 2361 Angelis
1653 2292 1743 2345 lib.
1795 2274 1870 2355 ni,
1901 2305 2022 2359 cap.
2052 2290 2107 2343 εξ.

523 2389 603 2443 Ad
650 2383 897 2455 Aquilam
946 2372 1174 2451 denique
1200 2382 1339 2452 quod
1370 2384 1581 2445 attinet,
1629 2397 1735 2455 non
1783 2383 1975 2450 mirum
2028 2390 2113 2448 est

522 2492 644 2531 eum
677 2452 900 2530 vertisse
932 2475 1066 2542 ﬁlios
1102 2474 1340 2535 Deorum,
1392 2473 1512 2541 quia
1554 2452 1733 2529 ωηηὸκ
1765 2461 1986 2540 pluralis
2030 2456 2114 2524 est

524 2567 729 2622 numeri
759 2567 809 2620 in
838 2566 1057 2619 Hebrzna
1087 2554 1290 2632 lingua;
1322 2570 1505 2616 notum
1530 2571 1615 2617 est
1633 2571 1809 2617 autem
1837 2575 1961 2616 eum
1986 2557 2113 2615 κὰτὰ

524 2657 680 2719 πόδας
711 2657 957 2719 vertisse,
1014 2648 1310 2722 praesertim
1353 2653 1404 2707 in
1456 2668 1518 2707 ca
1551 2646 1818 2717 versione,
1848 2639 1967 2721 qua:
1999 2659 2114 2705 «rat

526 2750 632 2807 κατ’
664 2750 935 2809 ἀκριϐεἰαν.
985 2744 1290 2815 Utrunique',
1323 2745 1504 2799 subdit
1554 2734 1705 2814 Angit
1740 2744 1901 2807 linus,
1942 2732 2115 2794 uerunt

525 2852 631 2902 est;
662 2857 778 2893 nam
806 2851 850 2893 et
876 2838 964 2892 iilii
990 2826 1079 2892 Dei
1102 2846 1247 2890 erant
1277 2837 1367 2888 sub
1394 2851 1495 2905 quo
1516 2831 1659 2905 patre
1685 2826 1892 2887 suorum
1910 2822 2115 2911 patruus

526 2933 679 2987 etiam
707 2931 891 2997 [ratres
922 2938 1087 2993 erant,
1123 2943 1232 2979 cum
1260 2926 1443 2994 quibus
1469 2936 1514 2977 et
1542 2918 1642 2992 ipsi
1673 2925 1754 2976 dei
1778 2931 1943 2985 erant,
1959 2922 2117 2991 juxta

527 3020 659 3074 illud
690 3018 873 3087 psalmi
897 3036 914 3072 ;
940 3016 1051 3084 Ego
1077 3015 1211 3078 dixi,
1238 3012 1330 3066 Dei
1369 3012 1522 3077 eatis,
1546 3020 1641 3064 etc;
1688 3011 1793 3066 Sed
1833 3010 1918 3063 hic
1963 3011 2113 3063 locns

2207 1809 2398 1896 ginta.]
2429 1825 2484 1880 in
2511 1812 2669 1879 editis
2696 1806 3094 1895 exemplaribus
3117 1812 3386 1882 adduntur
3411 1812 3534 1897 past
3556 1806 3783 1884 latitudi-

2209 1917 2293 1970 nis
2321 1918 2518 1984 culiita,
2552 1917 2759 1987 triginta
2808 1918 3139 1983 altitudinis;
3171 1927 3222 1971 et
3253 1918 3306 1971 in
3343 1921 3709 1987 sequentibus,
3736 1910 3783 1975 ui

2210 1994 2555 2061 consentiant
2584 1995 2874 2074 posteriora
2908 2000 3197 2076 prioribus,
3227 2009 3303 2062 sic
3334 2010 3604 2078 legimus:
3634 2010 3784 2065 cubito

2211 2096 2324 2163 ﬁeri
2354 2092 2609 2165 nongenta
2630 2112 2719 2167 per
2746 2098 2972 2165 longum,
3005 2108 3204 2151 rentum
3225 2087 3598 2168 quinquaginta
3617 2116 3704 2167 per
3718 2088 3785 2153 la-

2214 2196 2340 2251 tunt,
2370 2188 2648 2257 nonaginta
2679 2204 2767 2256 per
2792 2192 2973 2240 altum.
3005 2190 3072 2242 At
3105 2182 3430 2243 ancdicini
3476 2192 3595 2245 tunc
3622 2206 3784 2245 emen-

2212 2268 2406 2330 darunt
2435 2266 2497 2330 ex
2523 2264 2681 2331 codd.
2715 2293 2870 2342 mss.,
2898 2278 2951 2331 in
2977 2279 3178 2345 quibus,
3229 2274 3500 2349 inquiunt,
3530 2282 3700 2334 cubita
3719 2282 3785 2334 al-

2212 2368 2443 2445 titudinis
2475 2370 2656 2423 merito
2687 2369 2831 2423 nulla
2853 2380 3212 2438 immorantur,
3246 2368 3365 2423 nant
3392 2358 3507 2424 Iure
3532 2374 3601 2424 ad
3619 2389 3782 2442 propo-

2210 2455 2368 2514 sitam
2390 2460 2736 2529 difficultate»:
2766 2463 3081 2525 solvendam,
3123 2479 3223 2514 non
3270 2478 3332 2515 eo
3370 2466 3527 2516 modo
3555 2465 3668 2517 licet
3701 2452 3783 2532 quo

2214 2544 2555 2622 longitudinis
2585 2547 2628 2606 et
2654 2552 2942 2605 latitudinis
2970 2552 3163 2613 cubita,
3196 2554 3335 2605 salva
3360 2552 3652 2622 Scriptura:
3675 2554 3781 2621 ﬁde,

2215 2639 2580 2712 multiplicare.
2610 2644 2740 2709 Quae
2789 2636 2950 2698 verba
2980 2642 3103 2712 quid
3140 2644 3240 2698 sibi
3291 2645 3458 2698 velint
3494 2644 3672 2701 fateor
3715 2632 3785 2697 tua

2217 2727 2324 2788 non
2356 2734 2486 2788 satis
2516 2730 2847 2803 intelligere;
2884 2748 3002 2787 nam
3033 2731 3176 2787 nulla
3201 2726 3376 2787 cubita
3402 2727 3531 2789 licet
3554 2732 3786 2803 multipli-

2220 2828 2370 2888 Care,
2395 2840 2455 2878 ex
2490 2818 2777 2892 Scriptura:
2808 2824 2942 2889 ﬁde;
2966 2839 3082 2893 quae
3105 2838 3202 2876 nos
3229 2824 3386 2877 docet
3414 2823 3788 2894 longitudinem

2220 2914 2433 2985 quidem
2465 2900 2602 2968 areae
2635 2915 2796 2969 lu'sse
2824 2913 3084 2968 duntaxat
3134 2917 3517 2979 trecentarum,
3563 2905 3789 2968 latitudi4

2222 3021 2345 3061 nem
2372 3020 2502 3059 vero
2529 3005 3023 3076 quinquagenornm
3053 2998 3375 3072 cubitorum,
3405 3004 3524 3075 qua:
3555 3014 3653 3063 Iter
3678 3005 3791 3061 niui-

529 3082 719 3175 psalmi
746 3106 813 3159 ad
841 3082 1029 3158 omnes
1057 3120 1164 3173 non
1195 3102 1445 3169 pertinet,
1470 3111 1524 3155 et
1553 3100 1702 3155 locus
1729 3099 2004 3154 Geneseos
2035 3099 2116 3152 in-
2221 3097 2462 3167 tiplicare
2492 3112 2597 3149 non
2629 3092 2775 3165 licet,
2811 3108 2866 3150 ut
2897 3086 3017 3151 hinc
3050 3095 3142 3150 ﬁat
3167 3111 3289 3152 arca
3338 3096 3494 3167 longa
3537 3098 3790 3168 nongenta

528 3193 847 3262 tetligendns
889 3193 955 3245 de
1003 3199 1111 3245 tota
1166 3192 1414 3260 prosapia
1455 3187 1629 3252 Setbi,
1664 3198 1721 3241 ut
1764 3186 2116 3242 eruditissimi

532 3287 850 3353 interpretes
870 3284 935 3337 ad
958 3297 1081 3335 cum
1104 3281 1281 3336 locum
1305 3280 1675 3336 ostenderunt.
1700 3277 1943 3334 Tandem
1969 3277 2119 3332 clau-

530 3378 606 3432 dit
634 3375 773 3429 banc
796 3388 947 3428 suam
980 3373 1440 3428 ratiocinationem
1473 3371 1800 3441 Augustinus
1831 3371 1977 3425 hisce
1996 3366 2121 3425 ver-

538 3470 617 3525 bis
650 3487 664 3523 :
700 3467 880 3523 Merito
906 3468 1039 3521 enim
1068 3468 1342 3520 creduntur
1366 3464 1509 3520 LXX
1537 3465 1837 3536 interpretes
1865 3463 2122 3532 accepisse

533 3561 883 3633 prOpIteticum
904 3559 1167 3623 spiritum,
1193 3566 1248 3610 ut
1267 3560 1311 3611 si
1339 3556 1463 3627 quid
1492 3557 1601 3626 ejus
1628 3556 1927 3610 auctoritate
1954 3558 2121 3609 muto-

534 3663 664 3717 rent,
696 3660 843 3722 atque
885 3652 1024 3704 aliter
1063 3666 1213 3718 quam
1243 3660 1353 3703 erat
1379 3651 1516 3717 quod
1542 3649 2007 3718 interpretabantur
2040 3648 2123 3703 di-

533 3755 721 3807 cerent,
738 3760 897 3813 neque
918 3744 1012 3795 Itoc
1033 3741 1271 3795 divinitus
1292 3757 1401 3795 esse
1423 3742 1612 3793 dictant
1633 3740 1969 3795 dubitaretur.
1998 3741 2121 3795 [huc

534 3836 716 3905 opinio
748 3836 914 3887 tribus
961 3834 1294 3900 potissimum
1327 3832 1509 3886 l'ulcris
1548 3835 1968 3889 sustentabatur.
1999 3831 2121 3886 Pri-

538 3944 682 3981 mum
716 3926 813 3978 luit
860 3924 1085 3977 absurda
1137 3924 1313 3979 fabula
1368 3926 1722 3980 commentitii
1777 3925 2033 3991 Aristetc,
2054 3925 2123 3979 de

538 4019 745 4070 ratione
768 4031 871 4083 qua
896 4014 947 4068 bi
970 4016 1289 4082 interpretes
1308 4017 1473 4071 Vetus
1492 4018 1913 4083 Testamentum,
1937 4033 2123 4088 quam-

537 4107 621 4159 vis
646 4104 853 4159 cellulis
898 4105 1147 4172 sejuncti,
1184 4105 1375 4161 eodem
1417 4109 1572 4175 plane
1619 4109 1782 4162 modo
1811 4118 2118 4174 verterant;

538 4211 696 4263 quam
729 4195 961 4251 fabulam
994 4196 1159 4252 irrisit
1187 4199 1315 4251 olim
1348 4197 1724 4268 Hieronymus,
1757 4208 1811 4254 et
1842 4216 1977 4253 nunc
2006 4216 2123 4254 om-

538 4306 635 4345 nes
661 4289 991 4345 ροι·ᾱ.ιιίοι’θε
1020 4290 1266 4344 similiter
1294 4290 1492 4343 rident.
1533 4289 1664 4345 Nam
1693 4291 1783 4359 qui
1814 4291 1971 4346 aliter
1999 4306 2122 4346 sen-

540 4384 677 4439 tiunt
719 4390 811 4435 aut
839 4381 1106 4435 liebraice
1132 4380 1399 4444 nesciunt,
1430 4391 1518 4434 ant
1546 4381 1704 4435 stulta
1736 4382 2026 4450 pertinacia
2051 4383 2119 4436 ita

2221 3188 2422 3253 cubita,
2445 3198 2499 3242 et
2528 3186 2631 3240 lata
2662 3196 2876 3241 centum
2905 3187 3314 3257 quinquaginta,
3360 3202 3483 3242 nam
3516 3188 3635 3244 hoc
3670 3194 3793 3243 esset

2221 3278 2377 3348 plane
2404 3278 2733 3333 contrarium
2776 3279 3090 3349 Scriptum.
3123 3281 3259 3348 Quin
3286 3283 3341 3336 et
3367 3280 3469 3351 ipsi
3505 3283 3793 3351 Augustino

2223 3384 2441 3439 prorsus
2469 3370 2785 3424 adversatur
2828 3372 2918 3441 qui
2968 3371 3037 3425 ita
3068 3370 3359 3441 Scriptura:
3386 3373 3553 3427 verba
3614 3372 3795 3428 intelle-

2224 3463 2318 3528 iit,
2350 3464 2499 3533 quasi
2532 3456 2666 3519 Gen.
2715 3479 2832 3535 cap.
2866 3482 2941 3531 vt,-
2972 3465 3062 3533 15,
3116 3467 3359 3523 tradatur
3403 3461 3669 3525 mensura
3707 3482 3794 3522 non

2222 3556 2389 3609 solius
2417 3568 2575 3621 arcte,
2606 3556 2700 3611 sed
2730 3557 3061 3627 singularum
3088 3559 3582 3614 coi.tabulationum
3628 3560 3794 3631 quibus

2223 3645 2524 3710 constabat,
2552 3645 2623 3700 ita
2646 3656 2702 3701 ut
2727 3647 2951 3718 singula:
2974 3652 3158 3703 essent
3180 3650 3298 3702 latae
3317 3651 3706 3720 quinquaginta
3726 3664 3795 3703 cu-

2224 3736 2353 3805 bita,
2388 3737 2558 3807 longae
2581 3752 2709 3793 vero
2735 3738 3007 3805 trecenta;
3036 3741 3171 3796 adeo
3195 3751 3254 3796 ut
3294 3756 3416 3797 arca
3458 3752 3617 3798 esset.
3658 3742 3795 3810 ttiplo

2225 3828 2396 3896 major
2443 3844 2600 3896 quam
2633 3830 2788 3899 vulgo
2826 3832 3161 3886 credebatur.
3217 3834 3567 3901 Perspicuum
3595 3835 3704 3890 Itoc
3728 3824 3795 3887 e£t

2223 3932 2287 3973 ex
2320 3919 2602 3986 Augustini
2632 3921 2833 3978 verbis.
2863 3922 3077 3987 Verum,
3112 3934 3168 3978 ut
3207 3934 3351 3979 recte
3377 3925 3623 3981 calculos
3651 3927 3791 3988 ineat.

2224 4008 2524 4063 deﬁnienda
2557 4025 2768 4080 quoque
2796 4011 2889 4065 fuit
2933 4013 3158 4067 altitudo
3186 4014 3517 4083 singularum
3548 4018 3793 4071 contabu-

2224 4099 2506 4165 lationutn,
2558 4102 2770 4170 qualem
2821 4118 2937 4156 eam
2984 4118 3125 4159 ιιι-ϐω
3162 4106 3343 4159 tribuit
3374 4106 3675 4175 Scriptura,
3708 4108 3793 4157 hoc

2222 4201 2329 4257 est,
2359 4192 2572 4262 triginta
2608 4194 2942 4261 cubitorum;
2973 4207 3061 4251 aut
3086 4197 3133 4251 si
3184 4198 3569 4267 longitudinem
3601 4209 3655 4254 et
3693 4197 3792 4251 lati-

2226 4285 2463 4339 tudinem
2492 4294 2697 4340 tantum
2725 4296 2908 4342 auctas
2932 4288 3083 4356 velis,
3112 4293 3410 4359 negandum
3452 4292 3557 4345 erit
3606 4302 3707 4345 tres
3747 4290 3791 4341 in‘

2223 4390 2346 4430 arca
2374 4376 2539 4431 fuisse
2559 4378 3034 4443 contabulationes,
3058 4392 3243 4435 contra
3290 4380 3491 4436 diserta
3516 4381 3792 4453 Scriptura:

538 4475 798 4537 sentiunt,
828 4472 917 4526 vel
938 4470 1139 4525 sentire
1157 4471 1322 4524 videri
1356 4472 1558 4528 volunt.
1580 4473 1819 4529 Alterum
1849 4473 1946 4527 luit
1973 4474 2120 4543 igno—
2149 4466 2195 4524 D
2223 4471 2405 4531 verba.
2458 4468 2654 4527 Cenes.
2712 4487 2827 4541 cap.
2869 4489 2940 4537 vr,
3000 4474 3087 4540 16,
3142 4460 3391 4536 ωηῃγιπιπ
3435 4484 3586 4534 trra
3616 4480 3791 4534 tamn?!

532 4568 712 4621 rantia
752 4564 944 4632 lingua:
986 4561 1268 4615 ’llebraica:
1311 4561 1616 4617 Judtcorum
1663 4564 2038 4618 nonnullorum
2069 4573 2124 4618 et

528 4657 991 4718 Christianorum,
1041 4652 1132 4724 qui
1189 4668 1458 4721 nunquam
1507 4669 1625 4709 eam
1672 4655 1969 4710 versionem
2000 4670 2120 4709 cum

534 4747 805 4804 ltebraico
832 4747 1018 4802 codice
1044 4744 1412 4807 contulerant;
1467 4759 1590 4798 nam
1617 4760 1681 4799 es
1726 4760 1912 4801 eorum
1959 4747 2125 4802 colla-

532 4838 687 4893 tione
712 4837 1192 4908 depreltendisseut
1234 4834 1512 4893 manifesta
1542 4845 1781 4905 peccata,
1828 4837 2124 4895 innumeris

546 4926 599 4978 in
631 4926 784 4992 locis,
827 4928 1059 4984 admissa
1090 4928 1159 4983 ab
1185 4927 1249 4983 iis
1276 4927 1653 4996 interpretibus
1684 4927 1882 4996 ittisse;
1910 4944 2030 5000 quae
2054 4944 2121 4987 es

546 5013 722 5070 minus
768 5028 1016 5073 accurata
1071 5020 1265 5087 litigare
1332 5020 1610 5076 Hebraicte
1657 5021 1957 5092 cognitione
2006 5033 2123 5079 orta

546 5113 719 5159 erant.
747 5103 984 5160 Tertium
1006 5106 1255 5174 denique,
1286 5110 1601 5178 gravissima
1631 5114 1786 5177 ratio,
1817 5113 1861 5167 si
1891 5114 2124 5182 pruden-

546 5194 673 5251 tiam
704 5192 968 5249 caritatem
995 5203 1232 5262 spectes,
1250 5198 1343 5250 sed
1363 5200 1559 5255 nullius
1585 5200 1857 5273 ponderis,
1884 5202 1928 5256 si
1959 5203 2123 5257 solius

547 5286 787 5343 veritatis
814 5286 1074 5339 rationem
1108 5286 1628 5354 liabeas,tnimirum,
1679 5292 1841 5361 quod,
1893 5291 2121 5348 admissa

548 5374 851 5443 llieronyui
872 5374 1145 5444 opinione,
1169 5374 1235 5428 de
1258 5376 1397 5429 vitiis
1420 5379 1680 5431 vet-sinitis
1704 5378 1842 5433 LXX
1866 5380 2121 5445 interpre-

548 5477 656 5522 tum
700 5480 753 5524 et
794 5466 1113 5523 necessitate
1134 5466 1476 5536 confugiendi
1502 5468 1566 5519 ad
1616 5468 1930 5524 liebraicnm
1972 5470 2121 5525 codi-

544 5570 681 5619 cem,
713 5566 887 5611 sentin
912 5568 1027 5611 erat
1054 5556 1120 5611 de
1142 5558 1318 5622 libris,
1345 5558 1515 5624 deque
1543 5559 1942 5615 existimatione
1964 5560 2121 5616 innu-

548 5646 874 5701 merabilium
896 5651 1327 5706 aoncionatorum
1352 5658 1405 5706 ct
1430 5650 1778 5719 interpretum
1818 5652 2111 5723 Scriptura:

2228 4582 2243 4621 :
2284 4578 2452 4631 mann
2486 4610 2500 4631 .
2564 4574 2831 4642 κατάγαιοι,
2888 4568 3093 4646 διὸροφα
3148 4574 3229 4624 καὶ
3280 4578 3516 4649 τριόροφα
3576 4576 3790 4629 ποιήσεις

2224 4662 2399 4725 αὐτὴν,
2430 4660 2683 4725 deorsum,
2717 4664 2975 4715 cit-uacula
3003 4671 3049 4715 et
3093 4667 3299 4733 tristega
3327 4666 3482 4732 facies
3515 4663 3569 4715 in
3600 4677 3676 4714 ea.
3712 4660 3794 4714 Sic

2226 4748 2421 4802 habent
2447 4750 2701 4805 llcbrtens
2725 4751 2916 4818 codex,
2944 4752 3347 4822 atttbcnticiqne
3370 4752 3597 4809 Orientis
3623 4760 3676 4805 et
3702 4740 3799 4803 Oc-

2224 4837 2453 4893 cidentis
2494 4840 2828 4910 interpretes.
2879 4842 3061 4912 Igitur,
3090 4843 3135 4898 si
3180 4857 3470 4912 sequamur
3518 4840 3795 4896 lectionem

2228 4928 2716 4999 Benedictinorum,
2747 4934 3225 5007 existimemusque
3266 4936 3336 4991 ab
3380 4936 3673 5006 Augustino
3717 4942 3793 4982 ar-

2224 5035 2341 5077 cam
2364 5023 2607 5079 altiorem
2637 5039 2743 5079 non
2770 5024 3002 5080 describi
3032 5041 3190 5098 quam
3220 5026 3378 5097 vulgo
3407 5025 3662 5092 creditur,
3695 5016 3794 5077 hoc

2225 5121 2327 5179 est,
2358 5116 2569 5184 triginta
2591 5115 2911 5185 cubitorum,
2936 5117 3029 5173 sed
3069 5125 3272 5174 tantum
3302 5119 3545 5174 “iorem
3586 5125 3638 5174 et
3675 5116 3784 5169 loné

2225 5207 2458 5274 giorem;
2506 5207 2875 5262 sdversabitnr
2925 5210 3101 5266 verbis
3143 5211 3437 5267 manifestis
3483 5209 3781 5279 Scriptura.

2225 5294 2280 5349 Si
2316 5310 2443 5349 vero
2490 5311 2775 5366 sequamur
2824 5299 3030 5369 priores
3070 5301 3352 5366 editionis,
3401 5303 3453 5355 in
3501 5315 3564 5357 eo
3597 5306 3785 5354 tantum

2226 5389 2527 5456 peccaverit
2551 5391 2690 5458 quod
2721 5391 2787 5447 de
2817 5402 2924 5448 tota
2956 5406 3074 5447 arca
3107 5394 3300 5449 dictum
3324 5395 3391 5449 de
3419 5394 3636 5466 singulis
3675 5390 3784 5458 eius

2224 5478 3120 5541 contabulationibusintellexerit.
3174 5486 3505 5542 Alterutrum
3549 5486 3781 5554 eligatur.

2223 5565 2491 5623 fatendum
2521 5572 2621 5624 erit
2670 5572 3015 5631 allncinatnm
3065 5576 3451 5646 Augustinum;
3500 5577 3591 5633 sed
3620 5571 3785 5645 potius

2220 5660 2479 5729 sequendi
2520 5663 2729 5719 codices
2761 5681 2890 5724 mss.
2934 5665 3232 5724 Voiuisscm
3276 5666 3580 5738 diligentius
3613 5667 3781 5733 inspue
