3900 6316
132 362 234 422 ωἱδ

840 362 1187 420 νλῐιιοιιυδι
1226 358 1704 416 ΕΧΕΠΟΙΤΑΤῐΟἶ

1813 360 1820 410 i
1860 357 1923 412 IN
1958 359 2020 413 S.
2064 355 2429 412 AUGUSTINI
2467 357 2715 416 OPERA.

3290 372 3437 426 493‘

131 489 269 541 ctos,
304 476 357 527 in
387 474 733 542 sequentibus
761 474 850 528 ubi
893 475 1127 530 occurrit
1159 486 1259 526 vox
1307 470 1493 541 epiros,
1543 484 1703 540 quam
1732 470 1784 527 Δ
1808 469 2133 537 inferioribus
2158 471 2396 538 s‘mplex.
2446 470 2583 525 Nam
2608 475 2712 526 duo
2756 487 2897 528 erant
2929 479 3118 543 capita,
3156 481 3258 531 duo
3305 498 3394 547 pc-

134 566 497 636 rcliogendam
526 567 576 619 in
601 569 889 641 ἄπιούρονς,
913 577 1002 620 aut
1025 567 1245 635 epiuros,
1275 564 1577 632 suspicatus
1595 571 1713 618 erat

134 663 399 729 Coqureus
426 667 545 728 pust
576 660 882 714 Meursiutn.
919 658 1048 713 Vide
1078 657 1453 711 Benedictinos
1483 656 1535 708 in
1567 655 1713 710 calce

134 751 445 819 voluminis.

160 830 163 833 ’
201 838 373 894 Ltnno
399 854 504 891 xvi.
539 836 671 906 Cap.
702 836 755 890 5.
795 838 944 902 Quod
972 852 1089 890 vero
1127 836 1319 889 dictum
1358 844 1428 888 est
1473 834 1536 887 de
1576 843 1713 886 terra

132 933 243 995 illa,
270 931 328 984 id
357 940 451 995 est,
467 930 529 983 de
550 937 684 983 terra
706 929 960 994 Sennaar,
980 943 1091 997 qua:
1106 926 1382 997 pertinebat
1410 926 1478 978 ad
1500 940 1712 994 regnum

132 1020 441 1083 Ncmbroth,
468 1022 629 1074 exisse
653 1020 815 1072 Assur
839 1025 886 1071 et
916 1018 1194 1086 aediﬁcasse
1233 1015 1283 1069 Ν
1289 1016 1449 1068 tniven
1479 1025 1525 1069 et
1555 1016 1708 1079 afias,

130 1128 254 1180 quas
282 1111 563 1174 contexuit,
587 1110 816 1163 ciuitates
844 1108 994 1177 longe
1031 1115 1203 1173 postea
1235 1109 1426 1174 factum
1447 1115 1543 1167 est,
1576 1103 1710 1171 quod

128 1219 190 1255 ea:
211 1203 310 1254 hac
336 1201 597 1254 occasione
626 1198 947 1268 perstrinxit,
976 1206 1182 1267 prapter
1209 1196 1523 1248 nobilitatem
1570 1194 1712 1265 regni

131 1294 483 1363 Assyriorum,
510 1290 645 1361 etc.]
668 1291 799 1345 Vide
817 1304 934 1357 qua:
960 1288 1059 1342 hac
1086 1288 1226 1342 dere
1246 1288 1522 1341 adnotavit
1550 1286 1712 1340 Joan-

127 1402 223 1443 nes
270 1386 512 1443 Clericus
565 1385 618 1440 iu
651 1384 979 1453 Philologico
1022 1381 1386 1438 Commentar.
1415 1382 1479 1434 ad
1512 1379 1709 1435 Cenes.

126 1496 182 1543 x,
208 1480 298 1544 tl,
337 1478 454 1533 sine
481 1476 675 1546 quibus
703 1473 789 1529 vix
821 1473 1045 1543 intelligi
1068 1481 1227 1543 queat
1256 1472 1396 1541 quod
1436 1471 1523 1525 hic
1553 1471 1713 1526 habet

124 1570 471 1641 Augustinus.

191 1657 492 1729 Ibid.,§2.
538 1656 629 1713 Sic
678 1657 813 1711 enim
863 1656 1051 1726 legitur
1096 1670 1114 1707 :
1163 1653 1232 1707 Et
1260 1653 1384 1709 Sem
1437 1661 1595 1707 natus
1626 1660 1712 1706 est

121 1752 283 1807 etiam
315 1751 416 1819 ipsi
443 1748 579 1818 patri
608 1747 848 1803 omnium
872 1746 1101 1800 ﬁliorum
1131 1744 1326 1809 lleber,
1351 1743 1497 1798 fratri
1519 1742 1713 1811 Japhet

1813 570 1973 627 ctera,
2018 573 2190 617 venter
2216 574 2387 618 autem
2425 583 2553 620 unus
2583 576 2629 620 et
2679 568 2830 635 pedes
2859 569 2981 629 duo,
3008 572 3137 622 sicut
3185 574 3271 624 uni
3302 576 3394 626 ho-

1813 655 1974 718 m’ni;
2005 665 2051 706 et
2091 664 2194 707 tam
2242 656 2332 709 diu
2374 659 2517 722 :idt,
2564 670 2615 712 ut
2654 659 2840 713 multos
2870 662 2938 714 ad
2965 678 3079 714 cum
3124 664 3395 717 videndum

1812 742 1954 811 fama
1986 745 2349 818 contralteret.]
2383 747 2525 803 Ilanc
2571 749 2847 805 historiam
2880 752 3109 806 debebat
3138 756 3395 821 Augusti-

1814 847 1913 885 nus
1941 832 2286 905 Hieronymo,
2311 840 2401 905 qui
2430 841 2480 892 in
2510 841 2735 909 epistola
2761 842 2827 895 ad
2861 842 3084 898 Vitalem
3118 847 3397 915 presbyte-

1817 938 1955 988 rum,
2002 927 2079 978 sic
2130 928 2409 997 loquitur:
2450 931 2587 985 Nunt
2630 936 2753 1003 quia
2802 947 2974 989 nostra
3012 947 3160 991 aetate
3204 940 3399 1007 duplex

1814 1014 2011 1083 Lgddte
2038 1027 2190 1071 natus
2220 1030 2290 1073 est
2319 1022 2490 1087 homo,
2522 1024 2740 1078 duorunt
2773 1028 3018 1094 capitum,
3044 1039 3261 1096 quatuor
3289 1047 3398 1081 ma-

1813 1120 1991 1171 nuum,
2025 1123 2127 1160 uno
2168 1120 2338 1164 ventre
2365 1122 2412 1165 et
2443 1114 2640 1167 duobus
2669 1116 2902 1184 pedibus,
2949 1133 3121 1171 omnes
3169 1121 3396 1174 homines

1812 1196 1886 1248 ita
1916 1198 2057 1251 nasci
2085 1216 2280 1254 necesse
2306 1205 2418 1257 est?

1884 1284 2015 1355 Cap.
2040 1288 2092 1343 9.
2118 1288 2194 1343 De
2233 1293 2614 1361 antipodibus:
2650 1296 2827 1366 Neque
2872 1300 2965 1352 hoc
3006 1303 3114 1353 ulla
3159 1303 3398 1356 historica

1811 1378 2101 1447 cegm'tione
2124 1380 2363 1437 didicisse
2384 1400 2438 1437 se
2466 1386 2739 1453 aﬂirmant,
2762 1390 2851 1442 sed
2872 1392 3020 1459 quasi
3044 1394 3398 1448 ratiocinando

1813 1467 2117 1539 conjectant,
2148 1485 2207 1523 eo
2235 1474 2371 1540 quod
2414 1474 2548 1529 intra
2577 1493 2798 1532 convexa
2826 1480 2939 1534 caeli
2978 1492 3111 1535 terra
3151 1501 3400 1553 suspensa

1812 1556 1897 1621 sit,
1928 1558 2259 1628 eamdemque
2286 1564 2451 1615 locum
2499 1568 2720 1621 mundus
2766 1569 2945 1623 habeat
2987 1583 3034 1623 et
3089 1574 3321 1640 inﬁmum
3351 1566 3401 1628 et

1813 1649 2068 1713 medium;
2096 1659 2143 1703 et
2170 1667 2235 1703 ea:
2279 1653 2375 1705 hoc
2414 1658 2695 1722 apiuantur
2722 1660 2935 1713 alteram
2986 1671 3136 1716 terra:
3173 1676 3395 1733 partem,

1812 1755 1926 1807 qua:
1953 1742 2091 1810 in/ra
2116 1751 2209 1808 est,
2234 1744 2543 1802 habitatione
2570 1749 2831 1804 hominum
2874 1768 3046 1806 carere
3076 1771 3175 1807 non
3208 1757 3398 1831 posse.]

122 1843 334 1911 majori.
370 1840 512 1894 Ordo
550 1840 814 1893 verborum
840 1845 963 1893 est:
995 1834 1062 1889 Et
1102 1834 1224 1890 Sem
1262 1844 1411 1887 natus
1439 1843 1507 1887 est
1533 1833 1704 1887 Heber
1734 1822 1781 1881 Β
1811 1829 1975 1885 Recte
2000 1831 2559 1892 animadvertitiloan.
2593 1840 2730 1894 Lud.
2762 1841 2937 1908 Vives,
2962 1859 3068 1897 non
3098 1846 3258 1900 luisse
3283 1822 3399 1902 me:

122 1938 273 1989 etiam
303 1934 427 2005 ipsi,
449 1933 507 1986 id
532 1941 625 1996 est,
656 1931 756 2000 ipsi
787 1930 910 1985 Sent
950 1939 1100 1981 natus
1137 1936 1209 1981 est
1238 1926 1427 1991 IIeber,
1456 1926 1542 1994 qui
1586 1925 1709 1979 Sent

123 2036 260 2095 pater
287 2034 363 2079 est
394 2025 621 2078 omnium
649 2022 873 2091 ﬁliorum
902 2014 1414 2090 suorum.]'Nomina
1443 2016 1559 2071 haec
1586 2031 1709 2085 pro-

123 2119 229 2189 pria
258 2118 489 2172 minime
510 2115 795 2180 declinata,
824 2126 974 2166 more
1003 2110 1194 2166 Graeco
1222 2120 1317 2163 aut
1368 2106 1582 2174 Latino,
1609 2107 1708 2161 im-

122 2213 435 2282 pediverunt
462 2210 661 2264 bonum
687 2203 1066 2276 Augustinum.
1096 2200 1279 2269 Itaque
1301 2200 1459 2270 plane
1488 2199 1708 2253 aberra-

121 2303 246 2356 vita
275 2316 443 2355 sensu
473 2298 596 2361 loci,
627 2297 717 2366 qui
740 2293 1028 2350 vertendus
1057 2301 1179 2348 est:
1215 2291 1368 2347 Semo
1404 2290 1557 2343 etiam
1587 2298 1709 2343 nata

121 2402 185 2446 est
206 2390 402 2461 proles,
425 2390 529 2442 imo
554 2387 778 2440 omnium
801 2386 890 2451 qui
918 2392 1063 2438 trans
1086 2383 1304 2453 ﬂuvium
1330 2381 1542 2451 degunt,
1593 2396 1709 2433 cum

120 2484 275 2549 fratre
305 2479 530 2551 lup/tcto
553 2487 680 2531 natu
706 2477 925 2545 majore,
954 2483 1101 2545 pater
1125 2474 1245 2543 fuit.
1279 2472 1412 2527 Vide
1438 2484 1707 2526 memora-

120 2584 225 2629 tum
257 2581 420 2626 antea
441 2572 787 2639 interpretem
817 2567 884 2622 ad
912 2564 1112 2623 Genes.
1140 2580 1194 2629 ι,
1218 2564 1313 2621 «ξι.
1557 2577 1561 2580 '

146 2716 147 2719 η
181 2662 325 2731 Cap.
357 2662 409 2716 5.
435 2660 495 2715 Si
517 2661 652 2715 enim
666 2659 778 2729 jam
800 2658 1128 2713 descenderat
1150 2657 1335 2728 (Deus,
1364 2654 1498 2709 Gen.
1526 2670 1599 2718 ιι,
1621 2654 1701 2724 7),

117 2753 239 2821 quid
256 2752 357 2807 sibi
376 2751 526 2805 vult:
557 2749 746 2805 Venite
786 2758 841 2804 et
883 2746 1274 2804 descendentes
1320 2743 1707 2800 confundamus

119 2845 183 2902 ibi
213 2845 458 2914 linguam
490 2856 714 2906 eorum;
743 2840 880 2911 quod
905 2839 1212 2909 intelligitur
1252 2837 1448 2909 angelis
1491 2836 1702 2902 dictum,

120 2936 208 2995 nisi
231 2934 359 3003 quia
385 2948 479 3005 per
505 2933 714 3003 angelos
743 2930 1103 2994 descendebat,
1143 2928 1234 2998 qui
1263 2926 1455 2997 angelis
1501 2924 1706 2977 descen-

122 3024 349 3078 dentibus
376 3034 489 3079 erat
510 3022 553 3094 7]
582 3021 729 3078 Hanc
757 3018 1255 3091 interpretationem
1302 3026 1518 3073 secutus
1544 3025 1628 3070 est
1652 3022 1708 3070 et

123 3112 397 3169 illustravit
422 3112 565 3167 idem
596 3110 862 3179 interpres
883 3108 951 3163 ad
979 3106 1181 3163 Genes.
1207 3120 1282 3172 ιι,
1311 3106 1366 3159 7.
1586 3154 1591 3157 ,

146 3166 407 3271 ῖιδίᾶξῇ
428 3166 538 3255 2.71
546 3202 653 3254 llud
680 3166 803 3255 sane
827 3199 965 3270 quod
993 3198 1183 3252 dictum
1209 3166 1282 3251 est
1304 3211 1324 3249 :
1349 3203 1403 3249 et
1437 3209 1544 3249 non
1572 3192 1705 3247 deli-
1730 3166 1777 3228 ο

126 3292 259 3357 cient
282 3308 348 3347 ex
380 3292 486 3347 illis
510 3289 690 3344 omnia
714 3304 836 3359 quae
860 3287 1037 3343 conati
1085 3285 1280 3339 fuerint
1322 3283 1500 3339 facere
1542 3283 1702 3352 (Gen.

127 3397 194 3449 st,
223 3382 303 3452 6),
334 3398 438 3438 non
469 3381 665 3439 dictum
703 3388 776 3432 est
813 3377 1188 3445 conﬁrmando,
1218 3374 1309 3428 sed
1335 3384 1575 3441 tanquam
1626 3373 1707 3425 in-

125 3476 445 3546 terrogando,
478 3474 611 3527 sicut
636 3473 765 3527 solet
795 3487 826 3524 a
856 3468 1282 3525 comminantibus
1310 3465 1459 3537 dici.]
1505 3466 1599 3520 Est
1628 3467 1708 3520 lo-

128 3566 267 3633 cutio
293 3562 560 3633 elliptica,
584 3576 686 3631 qua
716 3559 979 3630 signiﬁcat
1023 3558 1166 3612 Deus
1207 3557 1444 3611 futurum
1487 3555 1562 3619 id,
1604 3555 1705 3609 nisi

128 3656 238 3725 ipse
273 3653 660 3710 intercederet.
692 3634 825 3704 Vide
850 3651 1167 3717 interpretes
1189 3645 1255 3699 ad
1286 3660 1408 3700 eum
1438 3645 1633 3698 locum.

157 3796 165 3802 .
190 3746 320 3815 Cap.
351 3746 411 3810 8,
443 3744 472 3816 ὃ
500 3744 549 3797 1.
598 3741 857 3808 Qua’ritur
881 3739 1051 3802 etiam,
1082 3745 1257 3789 utrum
1286 3751 1349 3788 ea:
1394 3734 1518 3803 ﬁliis
1568 3732 1704 3801 Noe,

131 3835 199 3903 rel
224 3837 395 3906 potius
420 3850 483 3888 ea:
510 3833 601 3887 illo
630 3846 732 3884 uno
755 3829 992 3892 ‘homine,
1020 3826 1156 3880 unde
1181 3826 1337 3879 etiam
1378 3824 1477 3893 ipsi
1504 3824 1711 3877 exstiteo

131 3936 262 3999 runt,
285 3934 573 3997 prapagata
598 3938 704 3977 esse
729 3919 1038 3974 credendum
1063 3917 1128 3971 sit
1165 3916 1399 3985 qutcdam
1425 3927 1710 3968 monstrosa

134 4019 384 4071 hominum
409 4030 597 4087 genera
642 4027 758 4083 qua:
786 4010 1013 4081 gentium
1052 4017 1227 4061 narrat
1286 4007 1532 4070 historia;
1580 4006 1711 4058 sicut

136 4108 449 4174 perhibentur
469 4104 680 4174 quidam
703 4117 866 4157 unum
893 4100 1079 4153 habere
1117 4099 1320 4152 oculum
1340 4098 1392 4149 in
1421 4099 1586 4165 fronte
1606 4112 1711 4149 me-

136 4199 232 4263 dia,
258 4194 391 4267 etc.]
422 4194 546 4249 Haec
576 4194 755 4248 omnia
786 4191 965 4261 legere
992 4189 1117 4243 licet
1143 4188 1282 4257 apud
1317 4187 1541 4241 Plinium
1572 4187 1707 4241 Hist.

135 4287 248 4351 Nat.
277 4288 369 4342 lib.
402 4301 459 4352 tt,
485 4300 607 4354 cap.
636 4284 693 4350 8,
723 4297 831 4351 quo
857 4280 1163 4350 respexisse
1202 4280 1413 4334 videtur
1460 4280 1712 4350 Augusti-

137 4392 249 4437 nus.
271 4378 427 4449 Jungi
458 4391 578 4431 cum
612 4373 784 4429 Plinio
810 4381 986 4443 potest
1022 4372 1351 4441 Pomponius
1380 4373 1515 4428 Mela
1546 4372 1639 4426 lib.
1668 4387 1707 4437 ι,

139 4482 246 4538 cap.
274 4470 303 4525 Α
332 4477 388 4524 et
415 4481 593 4537 seqq.,
625 4465 717 4521 ubi
748 4464 940 4519 similia
966 4462 1267 4527 mendacia,
1300 4463 1392 4518 sed
1425 4463 1710 4532 pudentius

1808 1919 1886 1974 ris
1934 1921 2262 1988 coniecturis
2302 1934 2485 1980 notum
2534 1931 2770 1984 australe
2816 1931 3398 2002 ltemisphzcrium,sed

1810 2008 2238 2079 navigationibus
2286 2015 2648 2081 profecturum
2698 2033 2793 2088 per
2842 2021 3038 2075 fretum
3072 2023 3397 2080 Herculeum

1806 2107 1863 2151 'et
1894 2113 2234 2157 reversarum
2267 2118 2365 2173 per
2392 2120 2541 2161 mare
2570 2108 2881 2171 Arabicum,
2911 2113 3050 2182 quod
3071 2115 3179 2182 jam
3204 2131 3231 2167 a
3260 2127 3399 2171 tem-

1810 2188 2031 2256 poribus
2061 2189 2321 2248 Herodoti
2370 2203 2555 2249 notum
2588 2208 2726 2264 erat,
2773 2209 2827 2253 ut
2866 2200 3035 2271 liquet
3078 2219 3142 2258 ex
3198 2205 3291 2259 lib.
3324 2222 3397 2272 tv,

1808 2288 1930 2346 cap.
1961 2280 2048 2334 42.
2083 2281 2219 2337 Vide
2243 2292 2297 2337 et
2322 2283 2554 2340 Plinium
2581 2288 2715 2342 Ilist.
2749 2290 2870 2346 Nat.
2904 2292 2976 2348 lib
3024 2310 3081 2357 tt,
3110 2300 3249 2349 etad
3275 2311 3399 2351 eum

1810 2367 2153 2437 interpretes.
2188 2373 2456 2430 Praeterea
2504 2378 2619 2447 ipse
2672 2382 3002 2451 Augustinus
3034 2383 3154 2439 ideo
3193 2396 3399 2442 tantum

1810 2462 2037 2528 negabat
2062 2478 2185 2519 esse
2224 2466 2725 2540 antipodeshquod
2778 2488 2872 2541 per
2903 2491 3091 2530 zonam
3138 2478 3399 2534 torridam

1808 2549 1924 2604 dari
1955 2553 2236 2608 transitum
2276 2558 2448 2612 nostri
2493 2560 2876 2629 hemisphaerii,
2925 2565 3026 2619 hoc
3054 2576 3136 2621 est
3184 2578 3399 2636 septen-

1811 2639 2076 2707 trionalis,
2109 2643 2418 2700 hominibus
2450 2663 2553 2702 non
2590 2660 2799 2718 putaret
2824 2653 2874 2707 in
2907 2658 3224 2719 australem;
3259 2658 3398 2725 quod

1809 2737 1991 2786 tamen
2021 2732 2211 2788 falsum
2236 2737 2346 2804 jam
2375 2738 2770 2806 deprehensum
2806 2746 2976 2798 fuerat
3002 2761 3028 2797 a
3061 2749 3398 2814 superiorum

1810 2825 2135 2879 saeculorum
2162 2829 2506 2899 geograpbis,
2536 2833 2625 2899 qui
2655 2834 2896 2901 gentium
2940 2846 3086 2891 trans
3131 2841 3396 2908 tropicum

1809 2913 1999 2970 Cancri
2031 2925 2086 2971 et
2114 2916 2286 2985 ipsum
2319 2930 2645 2989 tequatorem
2691 2926 2911 2979 sitarum
2957 2929 3282 2984 mentionem
3317 2930 3401 2986 le-

1808 3018 2015 3068 cerant.
2044 3010 2160 3076 Quo
2188 3010 2447 3080 admisso,
2471 3014 2615 3068 nulla
2640 3018 2776 3072 ratio
2797 3027 2912 3073 erat
2934 3021 3162 3089 negandi
3191 3023 3258 3077 ad
3291 3040 3399 3080 me-

1810 3103 2000 3157 ridiem
2032 3105 2255 3159 ulterius
2283 3106 2528 3174 progredi
2560 3106 2808 3165 homines
2836 3126 2939 3165 non
2973 3098 3235 3180 potuisse;
3278 3096 3400 3173 cum

1810 3194 2029 3262 quidem
2081 3204 2225 3249 esset
2274 3196 2609 3253 notissimum
2655 3202 2997 3257 astronomiae
3045 3220 3148 3259 non
3185 3222 3401 3277 prorsus

1811 3282 2094 3350 imperitis,
2124 3284 2189 3337 ad
2241 3287 2497 3341 Austrum
2551 3284 2891 3359 pergentibus
2934 3294 3159 3349 alteram
3192 3306 3399 3364 tempe—

1810 3380 1981 3427 ratam
2008 3387 2197 3426 zonam
2224 3388 2510 3433 occurrere
2539 3391 2809 3446 oportere.
2841 3381 3025 3436 Mirum
3057 3386 3295 3452 profecto
3318 3398 3402 3447 cst

1811 3463 2077 3531 homines,
2108 3465 2327 3520 minime
2354 3468 2591 3536 alioquin
2622 3469 2842 3525 hebetes
2862 3512 2877 3534 ,
2914 3472 3014 3527 hoc
3041 3489 3144 3528 non
3179 3478 3401 3534 vidisse.

1812 3554 1917 3610 Sed
1942 3555 2268 3623 Augustinus
2294 3556 2449 3612 nobis
2477 3559 2565 3612 hic
2590 3561 2964 3615 auctoritatem
2993 3565 3283 3632 Scriptura:
3309 3569 3399 3621 ob-

1806 3646 1958 3714 jicit:
1996 3646 2272 3711 Quoniam,
2301 3648 2489 3716 inquit,
2514 3649 2660 3725 nullo
2681 3651 2831 3703 modo
2858 3651 3127 3720 Striptura
3148 3656 3243 3708 ista
3264 3674 3401 3711 men-

1812 3741 1956 3805 titur,
1986 3754 2099 3803 qute
2141 3740 2360 3792 narratis
2386 3740 2657 3810 prreteritis
2686 3741 2811 3809 facit
2838 3743 3014 3809 ﬁdem,
3043 3761 3099 3798 eo
3123 3749 3259 3814 quod
3293 3750 3401 3817 ejus

1810 3830 2057 3899 prwdicta
2086 3831 2436 3899 complentur;
2466 3832 2720 3903 nimisque
2747 3835 3022 3888 absurdum
3049 3846 3121 3890 est
3162 3849 3221 3892 ut
3258 3840 3404 3895 dica-

1813 3929 1896 3977 tur
1921 3919 2119 3987 aliqttos
2138 3919 2367 3975 homines
2392 3938 2456 3975 ea:
2475 3921 2570 3974 hac
2597 3922 2650 3975 in
2678 3924 2823 3977 illaut
2853 3936 3065 3992 partem,
3095 3929 3287 3983 Oceani
3306 3933 3404 3984 im-

1811 4009 2073 4063 mensitate
2100 4010 2335 4080 trajecta,
2378 4012 2618 4082 navigare
2668 4029 2728 4065 ac
2756 4015 3013 4081 pervenire
3058 4019 3301 4086 potuisse,
3349 4030 3403 4073 ut

1813 4103 1965 4155 etiam
1992 4104 2119 4168 illic,
2144 4119 2205 4157 ea:
2234 4120 2334 4157 uno
2353 4105 2445 4158 illo
2465 4106 2630 4175 primo
2654 4104 2855 4159 homine
2878 4123 3036 4176 genus
3057 4111 3404 4167 institueretur

1813 4192 2114 4247 humanum.
2140 4193 2244 4248 Sed
2270 4194 2429 4248 nimis
2455 4194 2747 4249 absurdum
2770 4206 2854 4251 est
2882 4198 2968 4252 hic
2988 4199 3400 4259 imtuensitatem

1812 4280 2013 4339 Oceani
2040 4296 2491 4347 commemorare;
2540 4284 2790 4353 primum,
2814 4289 2937 4356 quia
2967 4288 3034 4342 de
3072 4304 3135 4343 ea
3181 4293 3401 4349 minime

1813 4373 2113 4439 constabat,
2144 4381 2457 4443 poteratque
2483 4375 2596 4430 ﬁeri
2629 4384 2685 4431 ut
2715 4378 2930 4433 Punica:
2958 4395 3122 4434 naves
3151 4384 3400 4437 secundis

1816 4464 1991 4517 ventis
2017 4477 2084 4519 eo
2106 4463 2297 4518 delatis
2324 4475 2507 4520 essent
2532 4481 2637 4536 quo
2665 4468 2744 4522 ire
2772 4469 2994 4524 nollent.
3030 4472 3105 4524 Ac
3133 4484 3262 4525 sane
3288 4472 3398 4541 iam

141 4522 431 4614 narrantur.
477 4556 568 4612 Sic
616 4570 748 4610 vero
786 4553 1202 4623 disputationem
1250 4567 1402 4606 suam
1455 4551 1521 4607 de
1562 4551 1709 4607 hisce
1738 4522 1789 4583 θ
1816 4553 2214 4615 nobiscoustat.
2232 4553 2406 4622 siqure
2421 4558 2576 4611 navis
2608 4557 2935 4626 trigesimum
2951 4559 3174 4627 gradum
3189 4522 3402 4629 sapien-

143 4650 421 4715 mendaciis
448 4647 653 4704 claudit
683 4664 695 4699 :
748 4646 1074 4716 Quapropter
1105 4653 1157 4696 ut
1188 4644 1339 4697 istam
1379 4643 1710 4713 quwstionem

144 4743 435 4807 pedetentim
460 4747 703 4811 cauteque
729 4737 1065 4800 concludam;
1090 4745 1179 4789 aut
1201 4736 1315 4800 illa,
1345 4752 1459 4805 gnte
1480 4735 1623 4800 talia,
1648 4736 1711 4788 de

142 4833 427 4900 quibusdam
455 4831 688 4903 gentibus
717 4829 923 4882 omnino
968 4826 1116 4881 nulla
1161 4837 1311 4889 sunt;
1346 4828 1524 4895 aut’si
1570 4838 1708 4891 sunt,

143 4920 351 4985 homines
378 4938 481 4975 non
508 4929 662 4986 sunt;
690 4929 777 4974 aut
806 4934 869 4972 ea:
888 4918 1051 4991 Adam
1077 4925 1216 4981 sunt,
1247 4917 1289 4968 si
1319 4916 1542 4970 homines
1571 4927 1711 4972 sunt.

144 5011 323 5068 Verum
353 5021 642 5082 antequam
685 5010 1037 5080 quaestionem
1093 5007 1261 5075 ipsam
1314 5005 1706 5075 ingrederetur,

146 5103 287 5158 trium
334 5104 526 5159 horum
573 5102 803 5172 primum
830 5099 1114 5154 dicendum
1144 5097 1278 5163 fuit;
1312 5098 1585 5161 nimirum,
1619 5112 1713 5151 ne-

144 5208 277 5250 cesse
304 5211 413 5249 non
444 5207 565 5249 esse
604 5207 789 5249 carum
818 5206 1002 5247 rerum
1032 5190 1293 5245 rationem
1323 5204 1566 5258 quaerere
1589 5204 1710 5260 qttae

147 5286 265 5341 forte
288 5303 556 5357 nusquim
586 5294 746 5351 sunt;
772 5300 891 5340 eam
915 5292 999 5337 sat
1020 5283 1127 5336 cito
1152 5284 1435 5351 quaesitum
1468 5281 1554 5347 iri,
1586 5298 1707 5335 cum

145 5376 202 5429 de
224 5379 376 5434 rebus
403 5385 698 5432 constaret.
730 5377 820 5430 Sic
848 5384 904 5430 et
953 5374 1132 5427 multae
1172 5373 1537 5443 Symposiacis:
1562 5388 1710 5441 qua:-

144 5466 324 5524 Stiones
368 5466 641 5522 Plutarchi
689 5465 830 5520 eludi
859 5463 1193 5533 potuissent;
1247 5463 1371 5533 quia
1422 5471 1703 5534 antequam

142 5561 207 5613 rei
230 5566 492 5617 rationem
518 5571 904 5630 quaereremus,
936 5557 1003 5613 de
1032 5572 1090 5612 re
1130 5557 1242 5626 ipsa
1268 5566 1516 5616 constare
1541 5571 1703 5627 opor-

137 5659 195 5703 tet
206 5688 219 5701 .

196 5741 350 5804 lbid.,
386 5738 625 5809 §‘2.Ante
652 5753 812 5791 annos
837 5738 1046 5806 aliquot,
1077 5746 1248 5790 nostra
1274 5745 1406 5790 certe
1434 5738 1701 5804 memoria,

131 5836 177 5884 in
199 5836 409 5889 Oriente
428 5832 621 5897 duplex
641 5830 790 5882 homo
812 5839 963 5884 natus
989 5839 1061 5884 est
1083 5829 1422 5898 superioribus
1448 5829 1701 5898 membris,

329 5927 599 5987 ΡΑτιιοι..
625 5920 901 6004 XLVII.

1820 4646 2062 4715 trionalis
2093 4645 2387 4713 latitudinis
2425 4651 2757 4713 superaverit
2782 4649 2846 4702 ad
2894 4651 3145 4703 Austrum
3171 4651 3290 4705 vela
3323 4652 3400 4705 fa-

1817 4737 2081 4805 ciens,vix
2104 4752 2222 4801 eam
2246 4740 2513 4794 abstinere
2537 4755 2694 4807 posse
2714 4741 2840 4807 quin
2864 4740 2917 4792 in
2943 4740 3231 4799 australem
3246 4742 3399 4799 Ame-

1819 4827 1984 4903 ricam
2020 4837 2169 4884 recto
2191 4844 2351 4884 cursu
2381 4831 2602 4893 feratur,
2628 4844 2745 4898 quin
2768 4828 2844 4880 sic
2870 4828 3022 4882 facile
3050 4840 3252 4886 retecta
3275 4832 3393 4888 fuit.

1821 4919 1946 4972 limo
1960 4933 2079 4973 cum
2111 4934 2231 4973 esse
2262 4928 2499 4985 possent,
2527 4932 2625 4971 nec
2657 4918 2719 4970 iis
2741 4918 3008 4971 contraria
3040 4919 3149 4973 ulla
3181 4927 3399 4991 experi-

1816 5019 1992 5079 menta
2040 5010 2439 5077 objicerentur,
2487 5024 2592 5062 non
2640 5008 2943 5063 debuerunt
2968 5013 3121 5079 quasi
3167 5015 3396 5071 absurda

1813 5100 1985 5170 rejici.
2010 5098 2211 5152 Deinde
2232 5099 2450 5151 minime
2470 5111 2605 5166 opus
2629 5099 2723 5153 fuit
2745 5101 2991 5168 trajicere
3020 5103 3313 5167 Oceanum,
3339 5114 3398 5159 ut

1814 5191 1867 5244 in
1897 5188 2281 5243 antichthonum
2321 5187 2754 5254 hemiSphu-rium
2789 5188 2979 5256 iretur,
3011 5206 3132 5245 nam
3169 5189 3396 5261 pedibus

1814 5299 1881 5339 eo
1910 5282 2192 5352 pervenire
2218 5289 2507 5349 potuerunt
2530 5282 2643 5336 ΑΙΓί
2669 5324 2684 5348 ,
2718 5290 2771 5337 et
2802 5298 2984 5336 revera
3012 5290 3390 5350 pervenerunt.

1813 5375 1950 5442 Quin
1981 5383 2035 5429 et
2064 5372 2284 5442 legendo
2328 5372 2518 5427 Africa:
2546 5388 2695 5428 oram
2724 5390 2789 5429 eo
2837 5377 3061 5429 navibus
3104 5375 3183 5428 ire
3222 5374 3393 5431 licuit.

1815 5466 2001 5519 Ilanno
2051 5465 2246 5518 Ptnnus
2292 5474 2602 5518 narraverat
2637 5480 2697 5520 se
2726 5481 2831 5518 non
2868 5465 3103 5533 potuisse
3136 5468 3391 5535 navigare

1812 5557 1951 5610 ultra
1980 5554 2293 5621 lIeSperium
2325 5554 2771 5627 promontorium.
2796 5554 2936 5621 quod
2957 5564 3038 5607 est
3070 5555 3209 5610 idem
3238 5556 3388 5623 illud,

1811 5647 1952 5716 quod
1985 5645 2159 5698 Viride
2187 5660 2327 5699 nunc
2351 5654 2589 5708 vocatur,
2619 5659 2722 5698 non
2754 5644 3032 5712 navigandi
3056 5645 3389 5712 difficultate,

1810 5740 1905 5793 sed
1931 5748 2130 5792 tantum
2154 5750 2377 5790 annonre
2399 5737 2615 5806 penuria
2640 5753 2656 5792 :
2680 5740 2751 5791 Οὐ
2773 5740 2869 5811 ’γὰρ
2888 5736 2981 5801 ila,
3004 5738 3191 5808 inquit,
3221 5747 3400 5800 ἔπλει).

1812 5851 1968 5888 cauto
2000 5830 2315 5906 πρεσωτὲοω,
2347 5839 2443 5887 τῶν
2475 5833 2623 5884 σίτων
2649 5833 2782 5892 ἡμᾶς
2812 5830 3187 5914 intimo-arari:
3223 5834 3400 5902 Neque

2918 5916 2989 5976 16
3120 5911 3243 5917 κη’
