3900 6320
505 336 601 386 ιρι

1376 323 1931 380 SUPPLEMENTUM
1970 325 2059 380 AD
2097 325 2324 382 OPERA
2366 329 2422 383 S.
2468 327 2853 385 AUGUSTINL

3625 325 3723 385 ωε

505 448 638 498 enim
661 440 998 508 rtnuigavimus
1021 438 1252 501 ulterius,
1275 437 1409 504 quod
1431 454 1522 489 nos
1544 438 1732 489 cibaria
1753 437 2070 507 defecissent.
2099 443 2151 501 Α
2176 455 2314 495 meo.
2351 441 2534 495 Omnes
2576 443 2763 510 quippe
2790 449 2962 493 unctos
3009 441 3118 508 ejus
3145 440 3411 493 chrismate
3440 449 3563 494 recte
3606 442 3729 497 chri-

506 534 684 598 ltaque
727 527 1015 580 auctoritas
1061 526 1349 593 Scriptura:
1381 526 1484 580 huc
1515 526 1645 578 nihil
1678 526 1928 591 faciebat,
1957 543 2076 597 qua:

505 637 609 675 nou
632 622 785 673 docet
826 618 998 670 solum
1040 617 1253 671 boreale
1285 617 1710 685 ltemisphmrium
1758 618 1933 682 incoli,
1980 620 2074 673 sed

506 721 708 765 tantum
742 709 791 761 in
819 723 882 761 eo
914 706 1113 773 primos
1138 706 1381 761 homines
1410 716 1657 771 creatos;
1689 707 1829 761 unde
1859 722 1963 761 non
1990 723 2074 761 se-

504 802 685 871 quitur
714 813 819 852 non
849 799 1081 866 potuisse
1108 812 1198 851 eos
1228 799 1276 849 in
1313 798 1610 865 oppositum
1644 797 2072 865 hemisphaarium

502 907 562 945 se
592 889 854 942 conferre.
886 887 900 939 l
929 902 1066 940 nunc
1087 896 1141 939 et
1165 886 1322 940 crede
1352 886 1549 939 homini
1573 885 1638 939 de
1659 885 1750 939 Dei
1782 886 2070 950 voluntate,

508 981 679 1049 deque
708 977 903 1030 mundo
922 970 1105 1029 futuro
1123 984 1229 1028 tam
1252 976 1411 1028 multa
1436 990 1503 1028 ex
1528 974 1766 1028 obscuris
1789 974 2073 1042 Scripturte

506 1073 635 1125 locis
660 1069 950 1137 eolligenti,
983 1068 1071 1137 qui
1100 1082 1165 1120 ne
1200 1067 1268 1120 de
1294 1076 1432 1120 terra
1457 1066 1669 1134 quidem
1695 1107 1707 1129 ,
1739 1080 1893 1132 quam
1929 1065 2076 1133 pedi-

507 1164 605 1217 bus
631 1162 887 1223 calcabat,
919 1170 1064 1213 recte
1092 1157 1415 1221 ratiocinari,
1446 1166 1536 1209 aut
1562 1165 1704 1210 recte
1727 1156 2075 1209 sentientibus

506 1253 747 1307 assentiri
782 1251 967 1317 potuit.
1016 1248 1173 1316 Atqui
1203 1248 1367 1301 multo
1398 1245 1716 1299 mirabiliora
1763 1252 1918 1297 erunt
1956 1260 2073 1312 qua:

506 1342 613 1394 illic
645 1339 959 1399 videbimus,
986 1351 1143 1404 quam
1172 1350 1288 1403 qua:
1312 1335 1364 1387 in
1392 1335 1557 1388 altero
1581 1334 1680 1386 hoc
1706 1332 1835 1386 orbe
1861 1347 1889 1384 a
1919 1347 2075 1400 proa-

504 1431 583 1482 vis
612 1428 804 1480 nostris
832 1436 1040 1479 inventa
1063 1434 1204 1478 sunt.
1237 1425 1309 1477 De
1338 1422 1438 1476 hoc
1466 1421 1656 1475 merito
1680 1420 1899 1484 dixeris,
1932 1420 2072 1489 quod

503 1519 569 1572 de
603 1518 826 1572 Thalete
870 1531 1135 1570 nonnemo
1176 1516 1307 1568 dixit
1334 1532 1346 1566 :
1384 1514 1530 1579 Quod
1556 1522 1670 1566 ante
1696 1512 1848 1581 pedes
1877 1528 1974 1566 non
2003 1514 2075 1566 ui-

503 1610 605 1672 det,
634 1608 743 1660 caeli
772 1616 1024 1659 scrufatur
1052 1605 1262 1674 plagas!

572 1700 703 1766 Cap.
734 1697 819 1749 ll.
854 1696 999 1749 Sicut
1025 1696 1201 1763 lingua
1247 1710 1347 1746 una
1377 1709 1488 1745 cum
1530 1702 1655 1747 esset
1683 1676 1906 1747 omnium
1930 1732 1945 1757 ,
1973 1709 2073 1745 non

2177 538 2278 581 stos
2305 544 2567 597 possumus
2596 530 2801 593 dicere;
2835 529 2972 597 quod
3002 537 3165 580 tamen
3194 537 3371 592 totum,
3402 544 3513 579 cum
3537 539 3630 582 suo
3653 547 3731 583 ca-

2178 621 2299 687 pite,
2357 636 2539 686 corpus
2596 636 2726 672 unus
2774 629 2847 672 est
2889 616 3179 688 Christus.]
3222 616 3328 670 Sed
3370 618 3457 669 ubi
3511 618 3732 673 Ecclesia

2178 711 2370 765 dicitur
2398 710 2626 764 Christus
2666 708 2897 764 Christi?
2929 709 3023 763 Ubi
3070 709 3284 760 christus
3314 715 3527 761 vocatur
3579 709 3733 772 ullus,

2156 809 2371 870 ‘prreter
2396 814 2573 869 regem
2599 808 2689 852 aut
2713 797 3084 852 sacerdotem?
3108 796 3432 863 Scripturam
3455 810 3545 849 nos
3573 798 3731 851 inter—

2177 890 2375 958 pretari
2406 895 2635 956 Oportet,
2662 901 2767 941 non
2794 901 2860 940 es
2899 886 3036 956 stylo
3063 885 3293 954 quodam
3321 885 3563 953 possibili,
3591 895 3649 939 ut
3674 888 3734 940 ita

2172 981 2383 1049 loquar,
2420 993 2575 1047 quem
2608 978 2705 1046 ipsi
2743 976 3227 1041 comminiscamur,
3256 975 3351 1028 sed
3376 988 3439 1028 ex
3473 975 3608 1042 stylo
3631 975 3735 1042 ipso

2176 1082 2275 1121 usu
2303 1078 2635 1121 consecrato.
2669 1067 2847 1134 Itaque
2875 1080 2993 1119 cum
3020 1079 3280 1133 nusquam
3312 1064 3573 1118 inveniret
3600 1064 3733 1117 chri-

2175 1168 2309 1212 stum
2336 1160 2531 1213 dictum
2553 1158 2910 1212 Christianum
2940 1156 3105 1210 ullum
3143 1157 3193 1209 in
3228 1155 3503 1224 singulari,
3534 1164 3584 1209 et
3613 1172 3737 1224 prazv

2177 1257 2327 1304 terea
2357 1248 2561 1302 videret
2592 1248 2677 1300 hic
2706 1246 2790 1316 agi
2821 1247 2886 1301 de
2915 1262 3059 1313 rege,
3088 1246 3271 1300 debuit
3292 1246 3415 1299 inde
3443 1247 3610 1315 potius
3632 1247 3736 1301 col-

2178 1338 2344 1407 ligere
2366 1337 2639 1406 superiora
2670 1336 2735 1390 de
2766 1335 2981 1390 Christo
3011 1336 3151 1389 male
3185 1348 3304 1388 esse
3355 1335 3629 1388 intellecta.
3659 1339 3732 1389 Ac

2176 1414 2305 1483 sane
2353 1430 2397 1481 si
2442 1426 2795 1481 consuluisset
2842 1424 3112 1493 Aquilam,
3162 1432 3254 1477 aut
3292 1423 3734 1489 Theodotionem,

2175 1526 2267 1570 aut
2297 1515 2696 1586 Symmachum,
2724 1515 3071 1569 intellexisset
3092 1512 3230 1567 male
3259 1528 3416 1567 versa
3444 1529 3564 1569 esse
3590 1531 3733 1583 supe-

2175 1609 2319 1661 riora
2344 1607 2504 1663 verba
2530 1624 2544 1660 :
2574 1606 2823 1659 Dominus
2853 1606 3079 1658 ascendit
3106 1606 3157 1657 in
3188 1605 3336 1658 caelos
3359 1613 3404 1657 et
3427 1606 3613 1672 tonuit,
3633 1621 3738 1659 ver-

2177 1697 2517 1765 tendumque,
2579 1703 2636 1749 ut
2680 1695 2839 1749 habet
2885 1694 3061 1749 versio
3104 1693 3555 1763 Hieronymiana:
3604 1710 3738 1762 super

503 1790 613 1843 ideo
656 1788 751 1856 ﬁlii
789 1784 1085 1854 pestilentia:
1112 1785 1416 1851 defuerunt;
1448 1800 1563 1836 nam
1599 1791 1646 1837 et
1674 1794 1804 1837 ante
1831 1784 2078 1836 diluvium
2108 1786 2153 1845 Β
2182 1788 2318 1857 ipsos
2344 1786 2363 1857 (
2385 1786 2466 1840 vel
2488 1793 2663 1840 contra
2685 1784 2842 1853 illos)
2870 1784 2923 1837 in
2962 1782 3100 1837 cretis
3141 1782 3373 1846 tonabit;
3415 1797 3515 1836 nec
3564 1797 3625 1835 ex
3654 1782 3741 1835 illis

503 1896 603 1932 una
638 1887 742 1931 erat
774 1876 947 1943 lingua
971 1914 987 1938 ,
1030 1882 1074 1926 et
1105 1883 1270 1925 tamen
1310 1888 1509 1936 omnes,
1548 1882 1727 1940 praeter
1766 1888 1918 1925 unam
1965 1871 2079 1926 Noe

503 1967 622 2039 fusti
650 1966 855 2017 deruunt
881 2008 894 2030 ,
925 1963 1084 2015 deleri
1127 1962 1319 2015 diluvio
1350 1970 1636 2014 meruerunt
1674 1977 1693 2014 :
1734 1962 1804 2013 ita
1832 1963 2037 2029 quando
2064 2002 2081 2029 ,

503 2057 678 2109 merito
707 2054 929 2109 elatioris
957 2053 1249 2123 impietatis,
1272 2060 1441 2121 gentes
1473 2052 1760 2104 diversitate
1788 2050 2081 2121 linguarum

507 2146 698 2213 punita:
724 2152 873 2212 atque
900 2143 1071 2195 divisa:
1098 2151 1248 2206 sunt,
1302 2150 1350 2193 et
1378 2140 1552 2193 civitas
1582 2140 1855 2208 impiorum
1900 2142 2082 2209 confu-

507 2237 663 2287 sionis
690 2251 868 2287 nomen
894 2233 1108 2302 accepit,
1139 2232 1233 2283 hoc
1278 2241 1382 2294 est,
1408 2230 1667 2298 appellata
1688 2242 1762 2284 est
1806 2229 2040 2299 Babylon
2063 2273 2078 2297 ,

506 2341 604 2377 non
633 2324 792 2391 defuit
820 2325 1000 2375 domus
1032 2302 1217 2386 II‘eber,
1245 2320 1329 2371 ubi
1355 2336 1413 2372 ea
1435 2335 1548 2388 qua
1567 2329 1713 2373 antea
1740 2320 1836 2388 fuit
1856 2320 2083 2372 omnium

505 2417 680 2485 lingua
712 2419 1010 2465 remaneret.
1043 2411 1061 2480 ]
1092 2411 1291 2463 Merum
1318 2408 1420 2462 hoc
1452 2423 1571 2463 esse
1595 2416 1977 2473 commentum,
2004 2408 2083 2477 ip.

505 2506 657 2572 sique
684 2502 971 2570 Scr‘pturte
988 2498 1314 2553 contrarium
1336 2497 1568 2551 ostendit
1590 2498 1769 2551 multis
1790 2497 1941 2551 Joan.
1967 2497 2081 2551 Cle-

506 2594 652 2647 ricus
696 2592 746 2643 in
779 2589 993 2643 dissert.
1027 2588 1094 2643 de
1123 2589 1298 2655 lingua
1351 2586 1626 2640 llebraiea.
1661 2586 1769 2641 Nec
1812 2601 1939 2639 sane
1984 2585 2081 2640 hac

505 2683 570 2737 de
600 2696 659 2736 re
700 2688 907 2748 poterat
942 2676 1181 2746 judicare
1208 2675 1555 2745 Augustinus,
1579 2676 1667 2743 qui
1704 2689 1821 2730 eam
1865 2675 2080 2743 ignora-

506 2778 622 2837 bat;
656 2772 748 2826 sed
776 2771 955 2824 nescio
983 2783 1087 2837 quo
1116 2767 1222 2822 lato
1249 2766 1316 2820 de
1347 2766 1411 2819 iis
1463 2779 1583 2834 quin
1612 2766 1786 2833 ignom
1816 2764 1864 2818 ei
1892 2772 2079 2830 erant,

505 2866 698 2931 passim
718 2863 952 2930 judicare
974 2871 1253 2925 aggressus
1276 2866 1377 2919 est,
1403 2870 1502 2908 nec
1524 2854 1783 2907 dubitavit
1811 2868 1908 2921 pro
1928 2867 2080 2906 com-

507 2958 671 3025 pertis
704 2954 896 3023 passim
944 2962 1218 3002 assumere
1260 2960 1378 3013 qua:
1423 2957 1691 3011 nunquam
1738 2944 1963 3011 probare
1990 2958 2081 3011 po-

508 3048 719 3098 tuisset.
770 3043 1019 3094 Attamen
1054 3034 1379 3096 scholastici,
1409 3033 1501 3086 sed
1533 3033 1825 3099 linguarum
1855 3046 1959 3085 non
1990 3046 2081 3098 pe-

2189 1877 2369 1932 verbis
2392 1876 2693 1945 collegisset
2718 1874 2785 1929 de
2811 1874 3023 1928 Christo
3043 1871 3149 1941 agi,
3181 1871 3304 1941 quia
3344 1870 3492 1926 solus
3520 1868 3743 1925 Christus

2186 1966 2425 2021 ascendit
2447 1967 2497 2018 in
2524 1966 2737 2018 ccelum.

2256 2056 2388 2124 Cap.
2419 2058 2475 2122 7,
2500 2056 2525 2125 §
2552 2055 2604 2108 4.
2633 2055 2888 2108 Narratur
2918 2052 3137 2107 historia
3169 2067 3287 2122 quae
3314 2051 3350 2106 h
3370 2052 3551 2106 ibetur
3581 2053 3601 2106 l
3628 2050 3739 2120 Reg.

2181 2160 2272 2210 vn,
2307 2145 2393 2199 12.
2426 2146 2708 2212 Assumpsit
2737 2142 2957 2211 lapidem
2986 2158 3165 2207 unum,
3180 2150 3226 2194 et
3254 2143 3432 2195 statuit
3458 2141 3609 2195 illum
3630 2145 3741 2195 inttr

2188 2234 2481 2301 Massephat
2507 2249 2684 2286 noram
2717 2242 2763 2287 et
2786 2242 3016 2297 veterem,
3073 2241 3121 2285 et
3176 2232 3366 2285 vocavit
3418 2248 3607 2285 nomen
3650 2238 3744 2294 eius

2196 2323 2501 2385 Abenneser,
2533 2324 2667 2390 quod
2708 2330 2782 2374 est
2805 2321 2983 2374 Latine
3009 2322 3138 2390 lapis
3167 2322 3455 2389 adjutoris;
3503 2332 3553 2374 et
3598 2322 3744 2374 dixit:

2184 2412 2363 2480 Usque
2390 2412 2492 2465 huc
2530 2412 2728 2479 adjuvit
2759 2426 2856 2465 nos
2884 2411 3161 2465 Dominus.
3194 2410 3490 2477 Hassephat
3522 2413 3745 2479 interpre-

2183 2514 2320 2557 tatur
2347 2505 2572 2559 intentio.
2604 2503 2756 2573 Lapis
2783 2504 2868 2557 ille
2894 2504 3146 2573 adjutoris
3176 2502 3416 2556 medietas
3453 2512 3534 2556 est
3580 2505 3744 2558 Salvo-

2184 2597 2327 2664 toris,
2361 2612 2448 2662 per
2491 2612 2637 2664 quem
2677 2597 3037 2647 transeundum
3066 2604 3138 2648 est
3185 2610 3217 2647 α
3264 2593 3567 2669 Massephat
3610 2603 3745 2647 vetere

2182 2686 2252 2737 ad
2281 2700 2479 2749 noram,
2516 2685 2571 2737 id
2604 2694 2675 2737 est
2704 2685 2765 2737 ab
2813 2687 3094 2738 intentione
3134 2700 3236 2755 qua
3278 2685 3665 2750 exspectabatur
3702 2684 3745 2734 in

2184 2777 2380 2829 carnali
2408 2792 2561 2846 regno
2591 2775 2842 2829 beatitudo
2877 2776 3008 2844 falsa
3035 2776 3276 2841 carnalis,
3323 2774 3390 2827 ad
3432 2776 3747 2828 intentionem

2182 2885 2283 2935 qua
2312 2884 2400 2934 per
2431 2866 2632 2919 Nouum
2663 2865 3030 2919 Testamentum
3063 2875 3381 2932 exspectatur
3407 2867 3459 2918 in
3486 2882 3650 2935 regam
3670 2881 3751 2917 cae-

2182 2957 2349 3011 lorum
2382 2955 2634 3009 beatitudo
2662 2956 2916 3008 verissima
2955 2954 3296 3025 spiritualis.]
3336 2954 3452 3008 Non
3485 2955 3749 3009 habebant

2183 3047 2322 3101 LXX
2354 3048 2673 3115 interpretes
2725 3047 2857 3099 inter
2903 3046 3199 3115 Massephat
3244 3062 3421 3099 novam
3448 3056 3495 3099 et
3520 3056 3748 3105 veterem.

507 3136 739 3194 ritiores,
787 3130 981 3195 aliique
1025 3141 1053 3179 e
1084 3122 1521 3178 scholasticorum
1553 3122 1763 3199 illorum
1813 3120 2076 3188 prosapia,

2180 3141 2273 3195 sed
2295 3142 2542 3212 ἀναμέσον
2563 3141 2853 3211 Μασσηφάθ
2875 3143 2958 3193 καὶ
2978 3141 3225 3209 ἀναμέσον
3255 3146 3346 3197 τῆς
3372 3138 3627 3201 παλαιᾶς,
3648 3150 3749 3205 qua:

509 3233 708 3275 crecum
757 3216 947 3269 ducem
976 3214 1119 3276 cmci,
1152 3220 1262 3275 aut,
1294 3210 1435 3278 quod
1484 3198 1678 3262 mirum
1726 3216 1828 3274 est,
1854 3208 2073 3273 oculati,

508 3309 601 3365 sed
632 3315 819 3374 spcute
850 3303 1044 3359 clausis
1067 3301 1254 3363 oculis,
1286 3299 1453 3353 secuti
1484 3306 1629 3352 sunt.

574 3398 701 3464 Cap.
732 3397 816 3448 l7.
864 3394 1184 3462 Assyriorum
1215 3388 1498 3460 (regnum)
1521 3389 1680 3441 multo
1704 3396 1808 3443 erat
1830 3390 2079 3458 potentius

504 3496 648 3556 atque
677 3485 958 3539 sublimius.
992 3479 1128 3535 Nam
1151 3495 1242 3533 rea:
1264 3478 1350 3532 ille
1384 3478 1549 3531 Ninus
1568 3477 1679 3531 Beli
1703 3478 1862 3546 ﬁlius,
1895 3494 2077 3547 excep-

505 3591 557 3632 ta
586 3577 761 3639 India,
808 3574 1056 3627 universa:
1086 3572 1219 3624 Asiae
1257 3572 1471 3639 populos
1501 3569 1915 3640 subjugaverat.]
1956 3571 2078 3624 lltec

504 3682 713 3736 quoque
729 3666 996 3719 adversari
1019 3662 1306 3730 Scriptura:
1320 3661 1736 3714 sacraeostendit
1758 3661 1894 3714 idem
1920 3660 2077 3714 Musis

502 3773 736 3826 nuperus
767 3755 1030 3822 interpres
1058 3754 1121 3806 ad
1143 3752 1275 3807 Gen.
1303 3768 1363 3813 x,
1391 3751 1478 3806 10.

574 3848 704 3913 Cap.
735 3846 825 3896 29.
872 3842 1001 3893 Item
1045 3841 1181 3895 Deus
1202 3842 1435 3911 apparuit
1492 3840 1709 3893 Abrahaz
1745 3843 1814 3893 ad
1841 3858 2075 3909 quercum

507 3935 771 3993 Mambrae,
804 3933 855 3983 in
890 3932 1048 3983 tribus
1076 3932 1197 3983 viris
1235 3945 1360 3998 quos
1396 3929 1730 3981 dubitandum
1766 3947 1865 3983 non
1891 3941 1963 3983 est
1983 3948 2075 3984 an-

504 4028 641 4093 gelos
668 4021 882 4092 fuisse]
931 4022 1156 4089 Optime,
1211 4031 1266 4075 ut
1293 4021 1528 4074 ostendit
1555 4022 1715 4073 etiam
1749 4033 2073 4077 memoratus

504 4121 790 4184 interpres,
834 4115 920 4183 qui
959 4127 1111 4183 teque
1158 4114 1383 4167 libenter
1414 4112 1765 4181 Augustinum
1812 4114 2069 4182 sequitur,

500 4224 619 4263 cum
672 4213 817 4261 recta
850 4207 929 4260 via
958 4215 1279 4275 praeeuntem
1310 4212 1478 4272 putat,
1526 4217 1587 4258 ac
1630 4203 1698 4257 ab
1723 4218 1789 4258 eo
1816 4204 1926 4258 abit
1950 4219 2071 4259 cum

501 4302 751 4356 aberrare
788 4314 908 4353 eum
956 4298 1249 4351 existimat.
1293 4299 1464 4364 Atque
1515 4295 1715 4349 utinam
1745 4310 1956 4364 semper
1981 4303 2073 4350 aut

499 4394 606 4454 ille,
632 4399 722 4444 aut
743 4388 878 4442 alius
896 4388 1183 4453 Scriptura:
1206 4387 1486 4450 interpres,
1516 4393 1719 4438 certum
1750 4385 1947 4454 ubique
1967 4385 2070 4439 du-

2182 3230 2343 3285 verba
2367 3229 2689 3297 respondent
2708 3228 2981 3283 Hebraicis
3005 3245 3020 3281 :
3047 3238 3157 3313 pun
3170 3237 3273 3312 r31
3292 3237 3498 3287 nsum
3514 3235 3614 3313 ΓΞ
3633 3228 3750 3280 inter

2182 3318 2407 3388 Hitspha
2448 3327 2492 3371 et
2543 3317 2729 3373 Schen.
2764 3318 3117 3372 Posteriorem
3162 3332 3366 3381 vocem,
3398 3332 3518 3385 qua:
3557 3332 3747 3371 nomen

2179 3418 2261 3463 est
2286 3408 2575 3476 proprium,
2599 3407 2737 3461 male
2755 3416 3034 3461 verterunt
3052 3402 3364 3475 appellativa
3388 3420 3519 3460 voce
3534 3408 3763 3468 «niani.

2178 3510 2410 3561 veterem,
2458 3496 2581 3550 dum
2637 3496 2817 3564 legunt
2841 3504 2935 3582 per
2956 3497 3177 3567 jaschan
3208 3512 3301 3565 pro
3327 3506 3442 3583 Tum
3464 3497 3747 3557 hasschen;

2181 3588 2319 3641 unde
2351 3589 2542 3641 factum
2573 3596 2627 3639 ut
2650 3588 2854 3655 priscus
2888 3587 3149 3655 interpres
3198 3585 3415 3638 Latinus
3461 3585 3747 3640 crediderit

2179 3677 2429 3731 Omissum
2471 3690 2591 3729 esse
2630 3690 2826 3738 novam,
2876 3676 3199 3743 verteritque
3226 3675 3356 3727 inter
3387 3673 3640 3742 llasphat
3665 3690 3747 3727 nos

2179 3780 2286 3818 vam
2315 3776 2361 3819 et
2388 3775 2620 3818 veterem.
2652 3765 2760 3818 [lac
2789 3774 2965 3819 autem
2997 3763 3126 3819 falsa
3157 3764 3605 3832 interpretatione
3633 3766 3745 3819 uiti-

2179 3867 2263 3910 tur
2310 3864 2416 3909 tota
2447 3856 2720 3925 Augustini
2769 3857 3132 3917 ratiocinatio;
3178 3869 3239 3908 ac
3284 3870 3413 3908 sane
3442 3854 3642 3911 mirum
3668 3863 3744 3910 ω

2177 3949 2347 4002 virum
2378 3952 2507 4001 satis
2532 3958 2743 4001 acutum
2788 3947 2925 4015 apud
2953 3962 3011 4001 se
3041 3962 3142 4001 non
3175 3954 3447 4015 reputasse
3490 3946 3738 4007 subinde,

2176 4056 2235 4095 se
2262 4048 2418 4096 noctu
2448 4049 2502 4094 et
2530 4038 2756 4093 interdiu
2786 4038 2853 4094 de
2880 4038 3152 4107 Scriptura
3174 4053 3326 4092 sacra
3355 4048 3437 4092 sat
3459 4046 3581 4092 tuto
3606 4037 3739 4106 loqui

2177 4147 2283 4185 non
2315 4146 2491 4200 posse,
2519 4131 2616 4185 nisi
2644 4138 2792 4184 certo
2808 4130 2970 4184 sciret
2996 4129 3120 4199 quid
3150 4129 3250 4184 sibi
3278 4129 3458 4191 vellet,
3481 4130 3626 4197 quod
3641 4142 3738 4181 non

2177 4232 2388 4291 poterat
2411 4222 2602 4290 ubique
2618 4236 2682 4275 ex
2699 4218 2859 4273 inﬁda
2880 4219 3125 4273 versione
3146 4217 3461 4286 intelligere.
3486 4217 3740 4273 Similiter

2174 4312 2314 4381 quod
2347 4311 2563 4365 deducit
2597 4326 2661 4365 ex
2711 4309 3098 4380 signiﬁcatione
3141 4309 3286 4363 vocis
3317 4308 3619 4377 Massaphat
3663 4312 3740 4361 est

2173 4402 2482 4467 absurdum,
2536 4402 2657 4470 quia
2688 4417 2789 4455 non
2834 4400 3096 4456 intellexit
3140 4400 3264 4469 quid
3292 4398 3394 4452 sibi
3425 4398 3591 4453 vellet
3642 4410 3737 4450 vox

498 4494 614 4534 cem
643 4494 702 4533 se
732 4475 991 4546 Ρνειὲικθνθι
1015 4473 1027 4524 ί
1081 4470 1187 4524 Νοδ
1215 4484 1343 4524 “me
1372 4486 1564 4539 magno
1587 4473 1766 4527 labore
1795 4474 2064 4539 liberari“:
2096 4484 2148 4544 D
2172 4494 2379 4546 intentio
2401 4492 2502 4546 hoc
2524 4493 2575 4545 in
2609 4492 2726 4546 loco
2750 4508 2764 4556 ;
2789 4501 2869 4545 est
2889 4491 3029 4545 enim
3057 4489 3278 4545 intentio
3296 4489 3593 4552 oculorum,
3620 4502 3735 4539 nam

499 4569 691 4638 quibus
718 4566 892 4621 omnia
920 4559 1428 4627 suntespendenda,
1452 4562 1574 4630 quia
1602 4563 1667 4617 ab
1690 4563 1937 4616 omnibus
1960 4563 2070 4618 fer-

498 4676 585 4715 me
614 4656 893 4728 aliquando
931 4651 1167 4721 deceptis
1218 4650 1417 4704 nemini
1468 4666 1651 4705 eorum
1706 4654 2069 4715 ἀϐασανίστως

500 4752 720 4805 credere
745 4749 886 4803 licet.

571 4839 731 4893 Ltnno
754 4854 883 4891 xvu.
914 4837 1040 4904 Cap.
1072 4837 1127 4889 ὦ.
1169 4833 1222 4887 lu
1272 4832 1625 4900 esplieatione
1652 4833 1843 4888 cantici
1875 4835 2067 4903 Annae,

498 4937 775 4997 postquam
804 4930 980 4995 priora
1012 4928 1170 4982 verba
1204 4926 1267 4980 de
1290 4925 1504 4979 Christo
1532 4926 1801 4993 explicuit,
1853 4928 2067 4983 tandem

497 5019 785 5071 deveniens
806 5019 868 5069 ad
896 5019 1043 5071 haec:
1081 5019 1334 5071 Exaltabit
1357 5034 1511 5071 cornu
1536 5015 1725 5071 Christi
1754 5016 1854 5085 sui,
1883 5021 1895 5073 Ι
1920 5024 2067 5077 Sam.

497 5109 692 5177 11,102
751 5107 1036 5170 Quomodo,
1094 5110 1284 5175 inquit,
1336 5110 1566 5162 Christus
1618 5111 1861 5164 exaltabit
1914 5129 2070 5165 cornu

493 5201 684 5258 Christi
711 5200 830 5252 sui?
865 5198 936 5249 De
964 5214 1063 5266 quo
1108 5201 1242 5250 enim
1273 5217 1427 5269 supra
1456 5203 1647 5253 dictum
1674 5213 1782 5255 est:
1815 5202 2069 5256 Dominus

492 5292 731 5346 ascendit
756 5292 806 5343 in
829 5288 1013 5342 ccelus.
1044 5287 1105 5339 Et
1132 5288 1412 5341 intellectus
1431 5300 1499 5342 est
1526 5290 1770 5345 Dominus
1803 5292 2068 5355 Christus;

490 5386 615 5450 ipse,
648 5384 775 5436 sicut
829 5382 909 5432 hic
963 5380 1166 5444 dicitur,
1224 5381 1474 5433 exaltabit
1520 5395 1687 5433 cornu
1733 5383 1930 5435 Christi
1960 5385 2062 5437 sui.

495 5473 617 5535 Quis
640 5486 711 5525 est
735 5489 853 5542 ergo
882 5471 1109 5524 Christus
1141 5462 1327 5523 Christi
1366 5469 1488 5523 sui?
1524 5471 1600 5521 An
1631 5487 1785 5523 cornu
1826 5474 2067 5527 exaltabit

494 5564 889 5628 uniuscujusque
909 5563 1074 5631 ﬁdelis
1095 5562 1197 5623 sui,
1220 5563 1348 5612 sicut
1371 5561 1441 5611 ita
1464 5561 1595 5626 ipsa,
1621 5562 1672 5613 in
1697 5565 1945 5631 principio
1968 5565 2067 5616 hu-

487 5646 788 5713 jushynrni,
838 5651 947 5702 ait:
992 5652 1282 5704 Exaltaturu
1320 5659 1398 5703 est
1428 5664 1591 5704 cornu
1624 5666 1798 5705 meum
1852 5654 1900 5705 in
1958 5658 2065 5711 Deo

2172 4594 2339 4643 arma
2361 4583 2636 4649 mitsphah,
2662 4590 2837 4649 potest
2856 4581 3041 4636 deduci
3064 4596 3094 4635 a
3108 4590 3222 4639 nas
3244 4579 3482 4647 tsaphah,
3502 4587 3739 4633 contem-

2172 4676 2367 4743 platus,
2421 4672 2721 4741 speculatus
2751 4681 2852 4738 est,
2907 4688 2969 4727 ac
3013 4666 3234 4741 proinde
3260 4671 3443 4725 oculos
3487 4669 3735 4722 intendit.

2173 4765 2249 4818 Ac
2277 4778 2405 4818 sane
2434 4762 2486 4815 in
2515 4752 2702 4816 'lexico
2729 4761 3012 4815 Nominum
3037 4761 3226 4816 Graeco
3252 4760 3475 4814 vertitur
3502 4757 3758 4811 ἁποσκὸ-’

2172 4873 2378 4915 neua-te,
2408 4863 2460 4906 et
2491 4852 2541 4905 in
2569 4852 2706 4905 libro
2735 4852 2803 4905 de
2832 4850 3141 4904 Nominibus
3160 4850 3438 4903 Hebraicis
3458 4846 3742 4901 emendato

2173 4943 2240 4995 ab
2281 4942 2639 5013 Hieronymo,
2690 4942 2998 5011 speculatio,
3055 4942 3166 4996 sive
3208 4938 3581 5007 contemplatio.
3633 4935 3738 4991 Sed

2172 5034 2426 5102 quidquid
2459 5034 2737 5103 signiﬁcet,
2785 5032 3077 5100 allegoricis
3106 5031 3627 5100 interpretationibus
3666 5042 3737 5081 ex

2172 5125 2442 5176 nominum
2468 5123 2767 5190 signiﬁcatu
2786 5122 3025 5176 deductis
3047 5122 3174 5175 nihil
3198 5118 3315 5175 esse
3334 5122 3544 5174 inanius
3563 5116 3755 5171 osten-'

2172 5210 2249 5264 dit
2271 5210 2425 5263 Joan.
2450 5210 2685 5264 Clericus
2714 5212 2767 5263 in
2798 5211 3187 5278 Quaestionibus
3215 5210 3664 5280 Hieronymianis.

2240 5298 2370 5367 Cap.
2406 5300 2492 5353 ll.
2525 5300 2788 5354 Memento
2816 5317 2935 5371 qua:
2981 5312 3063 5356 est
3097 5316 3211 5355 mea
3238 5301 3553 5355 substantia.
3588 5297 3738 5351 Nihil

2168 5390 2250 5442 hic
2279 5390 2455 5442 melius
2485 5407 2635 5458 quam
2679 5394 2786 5460 ipse
2810 5394 2959 5446 Iesus
2986 5393 3302 5462 intelligitur,
3332 5392 3610 5445 substantia
3646 5404 3737 5457 po-

2168 5478 2279 5548 puli
2324 5480 2455 5543 cius,
2508 5497 2569 5533 ea:
2614 5498 2711 5548 quo
2757 5493 2943 5535 natura
2975 5493 3046 5537 est
3075 5485 3241 5536 carnis
3269 5486 3403 5553 ejus.
3451 5481 3565 5535 Non
3595 5478 3737 5532 enim

2166 5584 2325 5633 vane,
2356 5572 2539 5639 inquit,
2564 5574 2881 5628 constituisti
2911 5590 3096 5629 omnes
3129 5575 3265 5628 ﬁlios
3291 5575 3582 5627 hominum.
3616 5570 3740 5621 Nisi

2169 5662 2299 5713 enim
2328 5671 2452 5713 esset
2498 5679 2627 5716 unus
2678 5664 2814 5730 {ilius
2864 5666 3080 5721 hominis
3117 5665 3395 5720 substantia
3437 5660 3614 5730 Israel,
3644 5671 3740 5725 ρετ
