3900 6320
186 287 305 346 493

894 295 1239 357 VARIORUM
1276 299 1863 356 EXERCITATIONES
1901 300 1963 355 IN
2001 300 2058 354 S.
2102 301 2750 357 AUGUSTINIOPERA.

3346 309 3411 361 $9
3424 322 3455 360 ν

181 423 346 475 quem
371 409 544 476 ﬁliuni
564 410 780 465 hominis
803 412 1129 468 liberarentur
1168 416 1316 469 multi
1355 416 1452 483 ﬁlii
1490 416 1769 479 hominum,

1880 417 2173 470 eolebatur.
2213 417 2340 483 Qua:
2372 419 2500 469 satis
2526 418 2671 469 lirnta
2704 432 2806 468 non
2830 428 2949 469 sunt
2977 424 3277 483 ταυτότητος
3311 425 3471 477 ιιιιιι-Δ

181 514 327 553 sane
354 503 533 571 utique
585 506 844 558 constituti
895 517 1057 561 essent
1108 524 1279 562 omnes
1325 509 1422 575 ﬁlii
1446 506 1772 577 hominum]

181 586 235 640 Δ
284 588 470 658 capite
525 590 559 644 9
601 605 886 661 aggressus
929 604 1012 648 est
1058 596 1396 662 interpretari
1450 598 1776 664 Augustinus

185 680 342 747 psal.
375 696 617 736 Lxxxvm
664 698 732 738 ex
759 684 1016 739 divisione
1046 684 1229 740 Grarca
1249 704 1265 747 ;
1287 688 1438 755 cujus
1464 688 1778 755 interpreta-

182 770 366 825 tionis
396 772 533 826 hanc
556 781 766 828 tantum
788 776 1118 843 particulam,
1146 792 1265 845 qua:
1289 786 1369 830 est
1396 793 1537 832 vers.
1564 777 1654 839 47,
1685 792 1775 829 ex-

180 861 524 927 pendemus.
550 862 845 919 Hebraicus
880 865 1050 920 codex
1073 866 1262 921 habet:
1293 852 1399 927 ‘t‘m
1425 879 1515 925 ﬁt:
1542 876 1633 925 ’ΞΝ
1652 876 1773 934 'D'l‘,

180 952 478 1005 recordare
501 968 593 1021 ego
623 956 802 1021 quanti
821 956 915 1007 sim
942 956 1055 1021 teni,
1090 957 1190 1010 hoc
1219 966 1300 1011 est
1328 972 1483 1025 quam
1508 958 1684 1012 brevis
1709 958 1778 1011 sit

180 1042 303 1095 vita
337 1057 482 1097 mea.
509 1044 644 1097 LXX
666 1044 984 1114 interpretes
1002 1055 1275 1100 verterunt
1292 1049 1565 1117 εμνήσθητι
1585 1050 1661 1107 τίς
1676 1069 1773 1117 μου

180 1134 212 1188 ἦ
242 1134 572 1199 ὑπόστασις,
604 1134 705 1189 hoc
726 1145 827 1203 est,
851 1136 1118 1188 retardare
1160 1151 1274 1203 qui:
1298 1153 1409 1189 mea
1443 1139 1528 1199 sit,
1571 1145 1629 1190 ιιι
1660 1137 1781 1190 bar-

180 1221 329 1275 bare
359 1222 574 1292 loquar,
595 1226 936 1288 subsistentia,
968 1241 1062 1281 seu
1088 1227 1320 1296 quandiu
1350 1228 1439 1281 hic
1471 1228 1776 1280 subsistam.

180 1312 255 1365 At
318 1313 542 1366 Latinus
590 1315 855 1382 interpres
910 1330 1187 1384 perperam
1234 1318 1392 1371 vertit
1418 1317 1785 1377 substantiam,

181 1403 339 1467 quod
378 1417 484 1455 non
537 1413 717 1471 posset
765 1404 1011 1460 conferre
1040 1408 1339 1460 versionem
1369 1405 1606 1461 Graecam
1656 1421 1776 1459 cum

185 1491 467 1546 Hebraico
495 1501 661 1555 textu,
698 1507 818 1548 cum
858 1509 964 1562 quo
1003 1494 1104 1548 nisi
1133 1494 1437 1550 conferatur
1484 1511 1626 1564 saepe
1672 1511 1775 1548 non

184 1589 379 1650 potest
423 1582 685 1650 intelligi;
733 1582 874 1637 unde
904 1584 1230 1652 Augustinus
1281 1593 1575 1639 contortam
1632 1585 1775 1637 illam

184 1674 433 1740 arripuit
460 1673 976 1739 interpretationem,
1005 1690 1161 1744 quam
1186 1676 1524 1744 protulimus.
1552 1676 1685 1729 Vide
1722 1686 1778 1730 et

1878 508 1992 559 cis:
2027 522 2123 561 nec
2150 509 2429 574 quisquam
2483 508 2637 559 facile
2685 507 2869 560 credet
2913 511 3298 577 antiquissimis
3344 515 3449 566 illis

1883 599 2211 665 temporibus
2237 597 2518 665 Egyptios
2542 614 2569 648 a
2601 598 2798 653 ercis
2829 600 3094 664 accepisse
3126 602 3359 669 reginam
3397 616 3449 657 et

1879 686 2055 738 deam.
2091 686 2387 747 Herodotus
2414 686 2509 740 lib.
2538 703 2572 750 ι,
2605 692 2722 755 cap.
2746 688 2798 751 I,
2833 689 2988 743 docet
3031 691 3242 755 quidem
3266 692 3451 746 Orien-

1881 776 2011 830 tales
2044 778 2245 831 dixissc
2272 778 2447 831 Ionem
2479 778 2638 831 iv'sse
2662 780 2712 831 in
2748 779 3054 849 Aigyptum,
3103 782 3195 834 sed
3245 795 3451 851 raptam

1879 879 1907 917 a
1935 865 2293 929 Phoenicibus,
2343 876 2396 920 et
2444 868 2568 931 illic,
2603 876 2659 920 ut
2691 868 2915 931 videtur,
2958 872 3247 925 vcndilam.
3300 875 3453 927 Dica-

1882 970 1998 1009 mus
2027 971 2152 1025 ergo
2199 956 2391 1011 Isidem
2422 958 2723 1027 Egyptiam
2766 962 2927 1014 fuisse
2955 976 3074 1015 cum
3110 965 3339 1019 Diodoro
3368 966 3471 1019 Si»

1880 1044 2000 1097 culo
2039 1045 2130 1097 lib.
2184 1061 2195 1097 ι
2246 1045 2608 1109 Bibliothecm,
2657 1058 2708 1099 et
2754 1049 2971 1116 quidem
3028 1053 3473 1127 antiquissimam

1880 1132 2090 1201 Egypti
2125 1135 2383 1202 reginam,
2429 1136 2566 1203 quod
2616 1139 2696 1189 vel
2747 1140 2941 1193 nomen
2993 1142 3108 1206 ejus
3152 1144 3451 1211 signiﬁcat:

1880 1223 2193 1277 cumidem
2235 1227 2463 1291 scriptor
2512 1233 2732 1279 testetur
2799 1226 2922 1282 ἰσιν
2966 1233 3451 1304 μεθερμηνευθμένην

1879 1309 2003 1365 εἶναι
2036 1314 2280 1371 παλαιὰν.
2313 1311 2423 1366 Isin
2453 1315 2575 1367 verti
2602 1317 2884 1383 antiquam,
2915 1318 3193 1387 linguaque
3236 1322 3467 1375 llebtai-,

1879 1415 1961 1462 ca,
1993 1417 2110 1469 qua:
2140 1402 2313 1455 afﬁnis
2342 1411 2455 1455 erat
2476 1403 2760 1471 Aigyptite,
2798 1414 2945 1462 ωνωτ
2994 1396 3272 1476 jaschiscli,
3304 1419 3452 1463 vetus

1878 1492 2102 1544 dicatur.
2148 1492 2394 1544 Attamen
2448 1495 2772 1561 Augustinus
2822 1504 2965 1548 recte
3005 1507 3186 1549 contra
3238 1499 3453 1552 Gra'cos

1881 1584 1979 1641 sic,
2008 1592 2067 1635 ut
2092 1581 2239 1644 facit,
2270 1582 2573 1636 ratiocinari
2604 1584 2805 1650 potuit;
2838 1587 3045 1639 tametsi
3079 1586 3358 1655 Egyptios
3387 1605 3453 1641 eo

1882 1673 2039 1725 modo
2066 1672 2128 1724 ad
2164 1672 2319 1724 [ἰάθη]
2351 1672 2612 1726 adducere
2643 1690 2742 1726 non
2777 1676 2967 1741 potuit,
3010 1690 3131 1747 eum
3161 1692 3218 1730 se
3249 1679 3452 1733 Grmcis

185 1765 695 1832 interpre'ationem
725 1766 841 1833 ejus
880 1767 932 1819 in
958 1767 1098 1822 hunc
1140 1766 1423 1836 psalmum,
1461 1769 1551 1821 Vir
1577 1769 1669 1823 ille
1712 1783 1775 1822 ex
1814 1756 1856 1813 Β
1886 1763 2049 1814 multo
2073 1763 2422 1828 antiquiores,
2456 1777 2553 1815 nec
2578 1763 2694 1815 sine
2749 1764 2977 1826 ratione,
3032 1780 3151 1818 esse
3183 1777 3471 1833 putarent..

184 1855 389 1923 quovis
415 1855 533 1908 loco
575 1855 822 1923 quamvis
850 1857 1170 1911 sententiam
1214 1858 1532 1925 exsculpere
1564 1858 1772 1925 potuit;

184 1944 291 1999 sed
329 1948 501 1998 miror
532 1944 703 2012 ipsum
746 1959 849 1999 non
898 1947 1341 2002 animadvertisse
1370 1961 1487 2001 eam
1511 1950 1776 2001 rationem

184 2032 587 2101 interpretandi
628 2042 789 2088 totam
831 2049 951 2090 esse
972 2038 1416 2101 commentitiatn,
1445 2048 1497 2091 et
1528 2038 1774 2107 ﬁgmenta

183 2139 292 2192 pro
316 2124 544 2179 arbitrio
570 2127 887 2193 excogitata,
922 2136 1027 2180 tam
1056 2141 1243 2182 secure
1270 2136 1325 2183 et
1356 2137 1460 2181 tam
1503 2128 1779 2181 conliden-

184 2224 273 2266 ter
306 2214 550 2281 proferre
579 2216 913 2270 sustinuisse.

260 2305 398 2375 Cap.
436 2305 522 2358 M.
556 2304 688 2358 Mihi
708 2317 877 2359 autem
902 2308 1191 2362 credibilius
1210 2309 1441 2362 videntur
1466 2310 1775 2374 existimare,

185 2398 279 2463 qui
312 2413 487 2450 omnes
516 2398 631 2450 itlos
658 2408 858 2451 centum
907 2408 955 2451 et
1006 2402 1369 2470 quinquaginta
1397 2402 1619 2471 psalmos
1665 2407 1779 2473 ejus

184 2488 340 2555 operi
390 2486 639 2552 tribuunt,
694 2504 906 2558 eumque
934 2490 1128 2556 aliquos
1157 2501 1462 2558 pra’notasse
1489 2496 1778 2548 nominibus

186 2578 444 2642 aliorum,
468 2588 571 2631 etc.
601 2575 619 2648 ]
651 2578 777 2630 Mira
806 2578 1041 2645 profecto
1068 2589 1149 2632 est
1181 2580 1293 2633 bare
1338 2583 1625 2647 sententia,
1654 2598 1777 2637 nam

191 2670 240 2719 si
278 2668 442 2720 David
481 2679 777 2735 pra-notare
810 2672 977 2738 potuit
1003 2672 1234 2737 psalmos
1257 2673 1513 2741 quosdam
1544 2674 1779 2726 nemini-

189 2759 301 2811 bus
332 2758 581 2823 aliorum,
613 2760 730 2828 quis
752 2760 930 2814 docuit
960 2762 1309 2829 Augustinum
1335 2776 1429 2815 eos
1450 2764 1537 2831 qui
1568 2778 1775 2831 praeno-

189 2849 293 2902 tati
327 2857 453 2901 sunt
478 2850 694 2904 nomine
722 2850 939 2904 Davidis
961 2851 1031 2905 ab
1057 2852 1163 2904 alio
1184 2853 1432 2919 quopiam
1457 2860 1781 2920 prrnotatos

189 2957 304 2994 non
329 2941 536 2995 fuisse?
586 2942 715 2995 Nam
746 2942 887 3010 quod
915 2943 990 2996 ait
1019 2952 1342 3011 prrenotasse
1389 2957 1510 2997 eum
1550 2944 1782 2997 nomini-

192 3032 301 3085 bus
326 3032 549 3101 aliquid,
579 3033 714 3099 quod
736 3036 806 3085 ad
835 3048 939 3085 rem
968 3034 1232 3101 pertineat,
1264 3033 1628 3101 ﬁgurantibus,
1662 3049 1778 3088 me-

1950 1854 2079 1920 Cagt.
2111 1855 2163 1906 5.
2201 1853 2296 1906 llis
2319 1855 2623 1923 temporibus
2652 1855 2670 1919 (
2700 1870 2888 1923 nempe
2917 1855 3097 1909 Jacobi
3124 1857 3141 1923 )
3172 1873 3259 1908 rex
3304 1860 3456 1926 Argi-

1880 1962 2049 1998 t'orum
2082 1945 2203 2014 Apis
2232 1946 2441 1997 navibus
2492 1955 2799 1997 transvectus
2826 1946 2878 1997 in
2909 1944 3213 2015 /Egyptum,
3245 1964 3355 1999 cum
3384 1950 3455 2009 ibi

1880 2042 2108 2087 mortuus
2158 2033 2354 2101 fuisset,
2387 2034 2548 2098 factus
2594 2044 2667 2085 est
2724 2033 2930 2100 Serapis
2959 2036 3178 2086 onmium
3203 2038 3452 2090 maximus

1881 2122 2243 2190 /E5,yptiorutn
2267 2124 2410 2175 deus.
2442 2122 2678 2175 Nominis
2700 2133 2866 2175 autem
2890 2124 3041 2194 hujus
3058 2141 3148 2177 cur
3178 2142 3276 2178 non
3308 2128 3469 2195 Apis,-

1878 2215 2028 2265 etiatn
2060 2222 2169 2278 post
2197 2222 2427 2277 mortem,
2469 2213 2557 2265 sed
2609 2213 2816 2282 Serapis
2842 2214 3128 2281 appellatus
3149 2216 3233 2280 sit,
3266 2217 3453 2275 (acilii-

1880 2320 2009 2356 mmn
2039 2305 2285 2357 rationem
2325 2304 2488 2356 Varro
2512 2304 2752 2357 reddidit.
2799 2305 2929 2369 Quia
2952 2308 3081 2357 enim
3102 2323 3221 2357 arca
3251 2324 3302 2359 in
3351 2325 3452 2375 qua

1880 2405 2105 2447 mortuus
2131 2396 2357 2462 ponitur,
2386 2395 2520 2463 quod
2551 2410 2719 2447 omnes
2757 2396 2866 2464 jam
2899 2400 3205 2473 σαργοφάγον
3250 2409 3450 2462 rorant,

1881 2488 2029 2560 σορὸς
2076 2486 2260 2537 dicitur
2291 2484 2484 2549 (ἔναιρε,
2539 2493 2585 2538 et
2633 2486 2700 2538 ibi
2753 2502 2867 2537 eum
2916 2490 3146 2539 uenerari
3197 2490 3452 2555 siqniltum

1880 2590 2152 2645 coeperant,
2186 2579 2483 2643 priusquam
2514 2577 2757 2644 templum
2793 2579 2902 2643 ejus
2946 2585 3070 2628 esset
3116 2588 3446 2641 exstructum,

1879 2666 2013 2719 velut
2034 2682 2174 2718 soros
2204 2676 2250 2717 et
2274 2666 2418 2733 Apis.
2444 2664 2461 2733 ]
2505 2664 2664 2730 Quasi
2694 2680 2818 2717 vero
2845 2666 3109 2718 tlcluerint
3144 2668 3195 2718 in
3219 2666 3471 2735 [Egyptol

1884 2756 2123 2810 homines
2154 2769 2284 2823 quos
2310 2756 2363 2808 in
2386 2754 2607 2807 deorum
2653 2769 2927 2807 numerum
2960 2757 3240 2820 referrent,
3276 2770 3329 2809 ut
3355 2759 3471 2821 ail-,

1881 2850 2155 2903 venientes
2185 2863 2253 2901 ex
2280 2848 2649 2917 Peloponneso
2672 2849 2927 2901 continuo
2954 2849 3173 2902 deorum
3209 2852 3323 2905 loco
3357 2852 3451 2904 ba-

1884 2941 2107 3000 berent;
2142 2949 2234 2992 aut
2260 2940 2410 3008 quasi
2451 2938 2636 2993 Grtece
2676 2940 2837 2992 locuti
2870 2939 3061 2993 fuerim
3091 2942 3102 2993 !
3143 2941 3322 3010 Itaque
3350 2944 3450 2997 viri

1883 3032 2026 3085 docti
2062 3032 2254 3085 merito
2280 3032 2690 3100 originationem
2718 3030 2973 3086 Varronis
3000 3034 3315 3100 l‘f'jCCCl‘lHll,
3348 3035 3467 3089 Se-

192 3137 319 3177 rum
343 3134 465 3176 esse
493 3131 852 3175 commentum
886 3126 1003 3191 quis
1030 3138 1133 3176 non
1175 3123 1360 3177 videt?
1390 3123 1590 3179 Deinde
1618 3140 1775 3181 nemo
1803 3106 1849 3167 (ἶ
1880 3125 2153 3192 rapitnquc
2197 3122 2623 3191 antiquissimum
2669 3135 2790 3175 esse
2838 3122 3203 3191 ngyptSorum
3255 3142 3450 3177 nutncn

192 3211 373 3280 possit
404 3211 638 3265 tribuere
676 3210 861 3265 Davidi
914 3213 1150 3280 psalmos
1181 3212 1231 3266 in
1258 3212 1448 3280 quibus
1490 3214 1686 3266 mentio
1720 3216 1777 3270 tit

194 3302 535 3362 Babylonica)
586 3301 952 3370 captivitatis,
1010 3304 1162 3372 quasi
1214 3302 1290 3356 rei
1343 3302 1663 3371 praateritaa,
1718 3313 1779 3357 ut

195 3394 341 3462 p~al.
361 3408 577 3448 cum.

269 3482 441 3537 Lmae
488 3498 634 3538 "ut.
680 3484 812 3555 Cap.
841 3487 892 3540 5.
919 3485 993 3539 De
1022 3494 1260 3554 tempore
1291 3487 1544 3540 natalium
1574 3486 1773 3541 lsaaci:

198 3570 367 3632 Tunc.
400 3573 593 3641 inquit,
620 3582 669 3626 et
690 3574 910 3644 Assyriis
930 3575 1134 3643 quintus
1156 3584 1262 3627 erat
1291 3592 1381 3629 rex
1407 3576 1614 3628 Aralius
1630 3593 1647 3639 ;
1678 3579 1778 3629 ltnc

195 3672 301 3727 est,
327 3671 449 3728 post
471 3663 673 3728 Belum,
700 3666 850 3733 cujus
881 3664 1023 3720 (ilius
1067 3665 1236 3720 Ninus
1275 3665 1441 3721 fuisse
1477 3666 1691 3720 dicitur.
1719 3666 1772 3719 Si

197 3752 445 3820 sequitur
494 3754 579 3807 bic
617 3754 926 3820 Eusebium,
962 3766 1023 3809 ut
1059 3755 1291 3819 videtur,
1320 3756 1507 3811 debuit
1549 3756 1727 3810 dicere
1758 3773 1772 3809 :

197 3852 408 3909 quartus
425 3852 530 3895 erat
561 3859 652 3897 rex
694 3842 866 3907 Arius,
923 3854 981 3898 ut
1027 3859 1099 3899 ex
1152 3844 1495 3915 Scaligerana
1536 3846 1775 3900 editione

197 3932 392 4000 liquet.
418 3931 496 3986 Ac
520 3945 649 3987 sane
673 3942 932 3988 testantur
959 3934 1287 3990 Benedictini
1326 3937 1427 4006 legi
1459 3938 1509 3991 in
1540 3936 1777 4004 pluribus

198 4042 333 4081 mss.
361 4028 588 4090 Arrium,
618 4035 675 4081 et
710 4027 931 4082 deberet
976 4038 1233 4096 praeterea
1259 4027 1363 4095 legi
1391 4037 1628 4097 quartus.
1660 4028 1778 4082 Cte-

202 4127 377 4171 terum
432 4116 625 4170 seriem
678 4117 814 4170 lianc
861 4119 1201 4187 Assyriorum
1253 4133 1437 4185 regum
1490 4117 1773 4173 conﬁctam

202 4208 353 4261 multi
384 4214 590 4275 putant.
638 4204 771 4260 Vide
823 4206 975 4260 Joan.
1007 4206 1271 4260 Clericum
1323 4206 1388 4258 ad
1432 4206 1568 4260 Gen.
1604 4223 1656 4271 it,
1688 4207 1770 4261 It).

202 4298 553 4368 Temporibus
597 4312 727 4353 sane
753 4298 1045 4352 Abrahami
1075 4314 1179 4353 non
1208 4314 1299 4351 rex
1339 4298 1771 4367 Babyloniorum,

204 4390 288 4457 qui
319 4389 406 4444 hic
434 4389 772 4458 Assyriorum
813 4386 1029 4453 dicitur,
1061 4388 1155 4440 sed
1206 4388 1560 4455 Elymtcorum
1589 4396 1773 4454 poten-

1877 3215 2270 3276 existimarunt,
2294 3222 2347 3266 et
2373 3212 2586 3280 quidem
2613 3212 2813 3280 aliquot
2838 3215 3050 3266 saiculis
3082 3214 3273 3279 Argivo
3324 3215 3446 3281 Api.

1880 3304 2010 3357 Vide
2040 3303 2150 3356 .lns.
2198 3302 2530 3370 Scaligvrum
2578 3302 2630 3355 in
2663 3301 3231 3357 Animadversionibus
3290 3295 3452 3357 Ειιςυ-

1878 3393 2050 3447 biunis
2076 3393 2141 3445 ad
2172 3408 2296 3445 ann.
2345 3392 2497 3453 1730,
2524 3400 2576 3443 et
2598 3389 2762 3444 Gerlt.
2789 3392 2941 3444 Joau.
2976 3392 3217 3445 Vussinut
3246 3396 3310 3446 de
3336 3395 3452 3446 [Ho-

1878 3485 2086 3537 Iolatria
2135 3483 2411 3551 gentilium
2447 3484 2538 3534 lib.
2570 3498 2607 3544 t,
2647 3497 2765 3548 cap.
2796 3483 2887 3547 9.9,
2919 3487 3160 3547 quamvis
3191 3502 3293 3538 non
3326 3503 3451 3551 pro-

1880 3576 2065 3627 bemus
2091 3573 2407 3641 posterioris
2435 3572 2776 3631 sententiam,
2809 3573 2899 3639 qui
2921 3574 3200 3638 Josephum
3230 3581 3451 3641 patrar-

1879 3668 2031 3721 cltam
2059 3666 2277 3731 Sarapin
2302 3663 2499 3716 dictum
2531 3662 2663 3715 vult.

1949 3756 2076 3825 Cap.
2102 3757 2155 3808 8.
2190 3755 2419 3807 Minerva
2442 3769 2554 3805 vero
2583 3752 2728 3821 longe
2760 3753 2836 3806 his
2865 3754 3122 3821 (Hercule
3162 3766 3214 3808 ct
3251 3757 3452 3811 Mercu-

1880 3849 1993 3914 rio)
2024 3847 2295 3913 antiquior.
2329 3844 2465 3897 Nam
2509 3845 2812 3911 temporibus
2844 3846 3027 3915 Ogygii
3056 3848 3123 3897 ad
3150 3848 3317 3899 lacum
3362 3851 3452 3915 qni

1835 3969 1845 3978 ~
1880 3938 2104 3991 Tritonis
2124 3937 2338 3997 dicitur,
2370 3936 2607 4003 virginali
2628 3936 2923 4004 apparuisse
2942 3938 3102 4003 fertur
3125 3948 3290 4000 artato,
3316 3944 3452 3991 unde

1880 4039 1924 4081 et
1954 4027 2183 4080 Tritonia
2214 4034 2502 4093 nuncupata
2524 4036 2616 4086 est.
2648 4023 2787 4094 ctc.]
2814 4026 3196 4095 Etytnnlogiant
3222 4032 3453 4083 nominis

1848 4104 1854 4111 ’
1880 4117 2151 4178 Triton'ue,
2183 4126 2238 4171 et
2264 4117 2521 4169 rationem
2559 4130 2653 4167 cur
2674 4129 2704 4166 e
2729 4116 2898 4182 capite
2921 4115 3064 4170 loris
3097 4128 3213 4171 nata
3240 4119 3451 4173 (licere-

1883 4218 1987 4270 tur,
2012 4208 2189 4260 attulit
2210 4203 2610 4267 vcrisimiliorcs
2635 4202 2789 4256 Joan.
2839 4206 3074 4258 Clericus
3116 4209 3181 4259 ad
3212 4209 3455 4277 'l'ltcngn-

1883 4302 2021 4352 niam
2055 4296 2269 4350 Hesiodi
2305 4311 2443 4349 vers.
2475 4295 2596 4349 895.
2699 4280 2707 4286 ’
3008 4356 3009 4359 η

1885 4429 1903 4438 -
1950 4387 2079 4455 Cap.
2116 4387 2194 4440 1:2.
2224 4386 2377 4439 Hisce
2423 4386 2730 4451 temporibus
2762 4385 3008 4439 Hei-rules
3055 4388 3105 4439 in
3149 4387 3301 4455 Syria
3332 4392 3451 4457 (s'c

207 4480 438 4543 tissimus
478 4487 594 4535 erat
636 4492 817 4548 regum
845 4476 1477 4546 Transeupltratensiutn.
1514 4477 1642 4531 Vide
1672 4478 1774 4531 Ge-
1805 4461 1851 4519 ί)
1882 4478 2077 4529 habent
2106 4491 2257 4538 mss.,
2292 4490 2393 4529 non
2423 4477 2474 4526 in
2498 4473 2654 4543 Tyria
2686 4485 2740 4528 ut
2768 4486 2848 4529 est
2879 4476 2928 4528 in
2952 4476 3273 4529 editionibns
3301 4474 3316 4539 )
3343 4478 3451 4531 cla-

207 4584 320 4625 nes.
347 4585 454 4630 xiv,
504 4570 557 4623 4.
610 4572 611 4575 “

271 4660 403 4721 Ibid.
435 4658 498 4713 Io
528 4658 638 4725 ﬁlia
661 4658 843 4712 Inachi
870 4659 1024 4727 fuisse
1045 4658 1457 4729 perhibetuqu
1477 4666 1647 4726 postea
1677 4654 1775 4709 Isis

203 4749 479 4817 appellata,
508 4760 562 4803 ut
588 4767 773 4819 magna
795 4750 890 4802 dea
915 4749 1054 4801 culta
1099 4759 1172 4801 est
1198 4751 1250 4801 in
1278 4747 1507 4817 Egypto
1530 4765 1549 4808 ;
1596 4763 1775 4815 quam-

203 4840 279 4907 vis
298 4840 390 4892 alii
408 4840 629 4894 scribant
651 4856 760 4893 eam
784 4856 847 4892 ea:
877 4837 1148 4907 rEthiopia
1188 4840 1241 4891 in
1273 4837 1555 4906 Egi/plum
1585 4837 1776 4889 venisse

202 4934 445 5001 reginam,
474 4932 675 4998 etquod
703 4932 803 4984 late
822 4934 1057 5002 justeque
1072 4931 1415 4997 imperaverit,
1448 4928 1617 4993 eisque
1643 4928 1772 4980 mul—

201 5032 249 5075 ta
271 5024 538 5078 commoda
565 5033 610 5076 et
658 5024 850 5077 litteras
887 5025 1178 5086 instituerit,
1235 5022 1366 5074 hunc
1397 5023 1636 5074 honorem
1693 5021 1773 5073 illi

198 5112 427 5167 habitum
479 5130 588 5167 esse
634 5114 882 5176 divinum,
912 5126 1235 5182 posteaquam
1263 5112 1329 5164 ibi
1380 5120 1577 5163 mortua
1607 5121 1696 5175 est,
1726 5121 1771 5163 et

198 5212 395 5259 tantum
423 5208 681 5266 honorem,
715 5215 766 5257 ut
796 5206 1002 5271 capitali
1027 5206 1234 5258 crimine
1283 5221 1396 5258 reus
1426 5204 1564 5271 ﬁeret
1592 5205 1635 5255 si
1658 5204 1771 5268 quis

196 5312 305 5348 eam
353 5297 609 5349 hominem
657 5297 810 5365 fuisse
861 5295 1110 5363 ὤκνει]
1160 5297 1334 5349 Ionem
1390 5310 1537 5349 suam
1570 5303 1769 5348 temere

194 5401 313 5440 cum
336 5388 712 5455 antiquissima
759 5387 942 5454 regina
999 5386 1366 5455 .Egyptiorunt
1417 5385 1770 5439 confuderunt

194 5475 392 5539 Graeci,
420 5488 477 5529 ut
502 5477 802 5531 viderentur
827 5478 890 5533 iis
937 5492 1055 5530 esse
1094 5476 1441 5542 antiquiores,
1492 5476 1597 5527 nixi
1630 5475 1766 5527 duu-

191 5579 342 5621 taxat
387 5568 531 5621 tenui
589 5567 939 5622 similitudine
993 5566 1244 5629 nominis,
1294 5576 1345 5619 et
1380 5566 1516 5633 quod
1549 5566 1640 5618 Isis
1670 5566 1767 5617 sub

192 5658 433 5726 imagine
456 5670 650 5717 vaccte,
684 5658 733 5708 in
763 5671 916 5725 quam
956 5663 1151 5709 muttta
1182 5654 1444 5708 ferebatur
1466 5655 1517 5707 lo
1549 5655 1763 5720 A'g'tvu,

1877 4584 1965 4620 rus
1995 4566 2308 4628 habebatur;
2335 4566 2423 4618 sed
2453 4567 2689 4618 nimirum
2717 4568 2870 4627 alius,
2903 4582 3000 4617 non
3033 4565 3118 4617 ille
3147 4566 3207 4616 dc
3235 4583 3333 4634 quo
3361 4586 3455 4637 διε-η

1878 4673 1970 4725 pra
2018 4656 2171 4710 locuti
2214 4671 2407 4723 sumus.
2446 4656 2728 4709 Secrctiore
2777 4655 2963 4723 quippe
3017 4654 3230 4704 historia
3280 4656 3368 4722 plu
3400 4675 3449 4706 rs

1878 4750 2033 4818 [uisse
2063 4751 2301 4802 dicuntur
2327 4758 2371 4800 et
2398 4746 2566 4799 Liberi
2592 4746 2767 4797 Patres
2794 4755 2837 4794 et
2879 4742 3145 4793 Ilertules.
3180 4742 3195 4811 ]
3229 4744 3277 4795 (Ιι
3302 4756 3440 4798 rium

1875 4853 1959 4895 est
1988 4841 2107 4893 Ilert
2128 4840 2266 4892 ulem
2291 4852 2483 4890 numen
2510 4852 2624 4889 CaSt}
2652 4833 2999 4893 Phoenicium,
3024 4832 3104 4885 cui
3132 4832 3254 4886 urbs
3278 4834 3343 4904 Τ)
3358 4853 3446 4887 rus

1879 4940 2185 4983 consecrata
2216 4930 2328 4979 luit.
2359 4928 2496 4989 Quin
2523 4933 2574 4976 ct
2602 4924 2777 4988 plures
2829 4920 3017 4987 Tyrius
3052 4922 3212 4975 ftti~sc
3241 4927 3443 4988 volunt,

1879 5030 1933 5071 υι
1961 5016 2330 5070 animadverti;
2384 5014 2545 5066 (ζει-Η.
2584 5011 2730 5086 .lolt._
2758 5011 2973 5062 Vossius
3020 5013 3086 5064 de
3143 5012 3445 5070 ldololntria

1876 5108 2146 5178 gentilium
2175 5106 2265 5158 lib.
2312 5121 2322 5154 t
2352 5118 2469 5169 cap.
2498 5102 2569 5153 ‘22
2599 5114 2646 5155 et
2678 5101 2762 5155 5’s.
2798 5102 3122 5167 Crediderint
3157 5107 3325 5174 ipsum
3355 5118 3447 5161 aut

1876 5198 2205 5259 Thebanum,
2237 5203 2325 5246 aut
2346 5191 2591 5259 Argivum
2624 5192 2901 5247 Herculem
2931 5193 3160 5249 indidem
3184 5198 3442 5264 originem

1875 5288 2090 5348 ducere,
2122 5286 2233 5337 sive
2263 5299 2399 5336 unus
2427 5283 2554 5346 sint,
2580 5284 2691 5335 sive
2735 5285 2935 5351 plures.
2974 5284 3101 5337 Vide
3127 5303 3241 5353 qttzt‘
3272 5288 3394 5338 obit:
3419 5303 3444 5338 r

1878 5379 1973 5430 hac
2002 5378 2068 5431 de
2096 5391 2152 5429 re
2189 5376 2345 5429 habet
2382 5374 2534 5427 .loan.
2583 5375 2816 5430 Clericus
2848 5376 2898 5427 in
2945 5377 3082 5427 notis
3115 5375 3176 5427 ad
3228 5386 3358 5429 sect.
3410 5380 3444 5431 5

1874 5448 2085 5522 dissert.
2119 5465 2336 5518 Ioannis
2367 5464 2580 5518 Scldeni
2608 5462 2673 5516 de
2706 5465 2950 5519 Decimis.
2980 5464 3108 5515 Nam
3138 5479 3247 5525 rent
3278 5468 3445 5533 pluri-

1874 5561 1971 5629 bus
2000 5559 2081 5610 hic
2104 5554 2351 5610 diducere
2374 5570 2476 5607 non
2506 5562 2678 5617 vacat,
2704 5568 2797 5607 nec
2820 5567 3037 5605 necesse
3060 5564 3157 5606 est.
3192 5554 3294 5609 Sed
3324 5556 3443 5617 ttinq

1874 5659 2093 5721 apparet
2116 5663 2218 5702 non
2250 5641 2648 5715 perperaitmtic
2676 5644 2774 5711 legi
2830 5645 2878 5695 in
2915 5643 3083 5710 Syria,
3121 5661 3218 5701 nec
3265 5664 3443 5702 emen—
