  <div class='ocr_page' id='page_1' title='image "/cluster/home/n/w/nwhite01/storage/ocr_20150623/47/uva.x000827107/255.png"; bbox 0 0 3900 6308; ppageno 0'>
   <div class='ocr_carea' id='block_1_1' title="bbox 476 280 582 333">
    <p class='ocr_par' dir='ltr' id='par_1_1' title="bbox 476 280 582 333">
     <span class='ocr_line' id='line_1_1' title="bbox 476 280 582 333; baseline 0 0"><span class='ocrx_word' id='word_1_1' title='bbox 476 280 582 333; x_wconf 61' lang='grc'><strong>895</strong></span> 
     </span>
    </p>
   </div>
   <div class='ocr_carea' id='block_1_2' title="bbox 1363 271 2831 332">
    <p class='ocr_par' dir='ltr' id='par_1_2' title="bbox 1363 271 2831 332">
     <span class='ocr_line' id='line_1_2' title="bbox 1363 271 2831 332; baseline 0.002 -4"><span class='ocrx_word' id='word_1_2' title='bbox 1363 271 1905 328; x_wconf 78' lang='lat' dir='ltr'><strong>SUPPLEMENTUM</strong></span> <span class='ocrx_word' id='word_1_3' title='bbox 1950 273 2041 327; x_wconf 87' lang='lat' dir='ltr'><strong>AD</strong></span> <span class='ocrx_word' id='word_1_4' title='bbox 2081 272 2306 328; x_wconf 71' lang='lat' dir='ltr'><strong>OPERA</strong></span> <span class='ocrx_word' id='word_1_5' title='bbox 2345 272 2403 330; x_wconf 89' lang='lat' dir='ltr'><strong>S.</strong></span> <span class='ocrx_word' id='word_1_6' title='bbox 2448 275 2831 332; x_wconf 80' lang='lat' dir='ltr'><strong>AUGUSTINL</strong></span> 
     </span>
    </p>
   </div>
   <div class='ocr_carea' id='block_1_3' title="bbox 3630 280 3725 336">
    <p class='ocr_par' dir='ltr' id='par_1_3' title="bbox 3630 280 3725 336">
     <span class='ocr_line' id='line_1_3' title="bbox 3630 280 3725 336; baseline 0.032 -3"><span class='ocrx_word' id='word_1_7' title='bbox 3630 280 3725 336; x_wconf 66' lang='grc'><strong>496</strong></span> 
     </span>
    </p>
   </div>
   <div class='ocr_carea' id='block_1_4' title="bbox 471 385 3705 459">
    <p class='ocr_par' dir='ltr' id='par_1_4' title="bbox 471 385 3705 459">
     <span class='ocr_line' id='line_1_4' title="bbox 471 385 3705 459; baseline 0.001 -13"><span class='ocrx_word' id='word_1_8' title='bbox 471 392 705 447; x_wconf 88' lang='lat' dir='ltr'><strong>dandum</strong></span> <span class='ocrx_word' id='word_1_9' title='bbox 728 401 847 445; x_wconf 89' lang='lat' dir='ltr'><strong>esse</strong></span> <span class='ocrx_word' id='word_1_10' title='bbox 868 389 918 442; x_wconf 89' lang='lat' dir='ltr'><strong>in</strong></span> <span class='ocrx_word' id='word_1_11' title='bbox 937 386 1221 456; x_wconf 75' lang='lat' dir='ltr'><strong>Tirynthia,</strong></span> <span class='ocrx_word' id='word_1_12' title='bbox 1244 394 1301 439; x_wconf 89' lang='lat' dir='ltr'><strong>ut</strong></span> <span class='ocrx_word' id='word_1_13' title='bbox 1322 385 1539 452; x_wconf 85' lang='lat' dir='ltr'><strong>putabat</strong></span> <span class='ocrx_word' id='word_1_14' title='bbox 1556 387 1711 441; x_wconf 83' lang='lat' dir='ltr'><strong>Joan.</strong></span> <span class='ocrx_word' id='word_1_15' title='bbox 1736 387 2057 445; x_wconf 73' lang='lat' dir='ltr'><strong>Lnd.Vives.</strong></span> <span class='ocrx_word' id='word_1_16' title='bbox 2091 392 2141 450; x_wconf 78' lang='grc' dir='ltr'><strong>Α</strong></span> <span class='ocrx_word' id='word_1_17' title='bbox 2170 387 2360 441; x_wconf 71' lang='lat' dir='ltr'><strong>Ninum</strong></span> <span class='ocrx_word' id='word_1_18' title='bbox 2383 389 2555 444; x_wconf 86' lang='lat' dir='ltr'><strong>serius</strong></span> <span class='ocrx_word' id='word_1_19' title='bbox 2579 403 2830 459; x_wconf 79' lang='lat' dir='ltr'><strong>regnasse</strong></span> <span class='ocrx_word' id='word_1_20' title='bbox 2850 388 3049 443; x_wconf 87' lang='lat' dir='ltr'><strong>volunt.</strong></span> <span class='ocrx_word' id='word_1_21' title='bbox 3089 388 3218 442; x_wconf 94' lang='lat' dir='ltr'><strong>Vide</strong></span> <span class='ocrx_word' id='word_1_22' title='bbox 3236 401 3283 443; x_wconf 89' lang='lat' dir='ltr'><strong>c.</strong></span> <span class='ocrx_word' id='word_1_23' title='bbox 3318 388 3354 441; x_wconf 70' lang='grc' dir='ltr'>Ξ</span> <span class='ocrx_word' id='word_1_24' title='bbox 3401 388 3552 458; x_wconf 84' lang='lat' dir='ltr'><strong>hujus</strong></span> <span class='ocrx_word' id='word_1_25' title='bbox 3578 392 3705 450; x_wconf 82' lang='lat' dir='ltr'><strong>libri.</strong></span> 
     </span>
    </p>
   </div>
   <div class='ocr_carea' id='block_1_5' title="bbox 540 475 2049 550">
    <p class='ocr_par' dir='ltr' id='par_1_5' title="bbox 540 475 2049 550">
     <span class='ocr_line' id='line_1_5' title="bbox 540 475 2049 550; baseline -0.004 -15"><span class='ocrx_word' id='word_1_26' title='bbox 540 483 672 550; x_wconf 86' lang='lat' dir='ltr'><strong>Cap.</strong></span> <span class='ocrx_word' id='word_1_27' title='bbox 705 481 792 533; x_wconf 73' lang='grc'><strong>14.</strong></span> <span class='ocrx_word' id='word_1_28' title='bbox 826 477 927 531; x_wconf 89' lang='lat' dir='ltr'><strong>Per</strong></span> <span class='ocrx_word' id='word_1_29' title='bbox 955 476 1085 529; x_wconf 87' lang='lat' dir='ltr'><strong>idem</strong></span> <span class='ocrx_word' id='word_1_30' title='bbox 1114 476 1352 545; x_wconf 86' lang='lat' dir='ltr'><strong>temporis</strong></span> <span class='ocrx_word' id='word_1_31' title='bbox 1378 475 1703 529; x_wconf 83' lang='lat' dir='ltr'><strong>intervallum</strong></span> <span class='ocrx_word' id='word_1_32' title='bbox 1746 479 2049 533; x_wconf 71' lang='lat' dir='ltr'><strong>exstiterunt</strong></span> 
     </span>
    </p>
   </div>
   <div class='ocr_carea' id='block_1_6' title="bbox 472 564 2051 642">
    <p class='ocr_par' dir='ltr' id='par_1_6' title="bbox 472 564 2051 642">
     <span class='ocr_line' id='line_1_6' title="bbox 472 564 2051 642; baseline -0.004 -17"><span class='ocrx_word' id='word_1_33' title='bbox 472 568 960 642; x_wconf 73' lang='lat' dir='ltr'><strong>poetaz(0rpheus,</strong></span> <span class='ocrx_word' id='word_1_34' title='bbox 995 566 1243 627; x_wconf 59' lang='lat' dir='ltr'><strong>Musaeus,</strong></span> <span class='ocrx_word' id='word_1_35' title='bbox 1301 564 1486 624; x_wconf 83' lang='lat' dir='ltr'><strong>Linus.</strong></span> <span class='ocrx_word' id='word_1_36' title='bbox 1534 566 1860 633; x_wconf 90' lang='lat' dir='ltr'><strong>temporibus</strong></span> <span class='ocrx_word' id='word_1_37' title='bbox 1911 566 2051 633; x_wconf 83' lang='lat' dir='ltr'><strong>judi-</strong></span> 
     </span>
    </p>
   </div>
   <div class='ocr_carea' id='block_1_7' title="bbox 468 656 2049 729">
    <p class='ocr_par' dir='ltr' id='par_1_7' title="bbox 468 656 2049 729">
     <span class='ocr_line' id='line_1_7' title="bbox 468 656 2049 729; baseline -0.005 -10"><span class='ocrx_word' id='word_1_38' title='bbox 468 681 588 720; x_wconf 90' lang='lat' dir='ltr'><strong>cum</strong></span> <span class='ocrx_word' id='word_1_39' title='bbox 618 660 861 729; x_wconf 89' lang='lat' dir='ltr'><strong>lsraelis)</strong></span> <span class='ocrx_word' id='word_1_40' title='bbox 888 660 974 727; x_wconf 86' lang='lat' dir='ltr'><strong>qui</strong></span> <span class='ocrx_word' id='word_1_41' title='bbox 1018 660 1171 712; x_wconf 90' lang='lat' dir='ltr'><strong>etiam</strong></span> <span class='ocrx_word' id='word_1_42' title='bbox 1217 656 1437 726; x_wconf 74' lang='lat' dir='ltr'><strong>theologi</strong></span> <span class='ocrx_word' id='word_1_43' title='bbox 1468 656 1776 721; x_wconf 70' lang='lat' dir='ltr'><strong>dicerentur,</strong></span> <span class='ocrx_word' id='word_1_44' title='bbox 1806 659 2049 725; x_wconf 87' lang='lat' dir='ltr'><strong>quoniam</strong></span> 
     </span>
    </p>
   </div>
   <div class='ocr_carea' id='block_1_8' title="bbox 468 746 2051 818">
    <p class='ocr_par' dir='ltr' id='par_1_8' title="bbox 468 746 2051 818">
     <span class='ocr_line' id='line_1_8' title="bbox 468 746 2051 818; baseline -0.005 -9"><span class='ocrx_word' id='word_1_45' title='bbox 468 757 532 809; x_wconf 91' lang='lat' dir='ltr'><strong>de</strong></span> <span class='ocrx_word' id='word_1_46' title='bbox 552 754 652 807; x_wconf 91' lang='lat' dir='ltr'><strong>diis</strong></span> <span class='ocrx_word' id='word_1_47' title='bbox 679 753 907 805; x_wconf 81' lang='lat' dir='ltr'><strong>carmina</strong></span> <span class='ocrx_word' id='word_1_48' title='bbox 944 750 1217 818; x_wconf 69' lang='lat' dir='ltr'><strong>faciebant,</strong></span> <span class='ocrx_word' id='word_1_49' title='bbox 1256 746 1345 800; x_wconf 90' lang='lat' dir='ltr'><strong>sed</strong></span> <span class='ocrx_word' id='word_1_50' title='bbox 1392 748 1577 799; x_wconf 89' lang='lat' dir='ltr'><strong>talibus</strong></span> <span class='ocrx_word' id='word_1_51' title='bbox 1625 748 1742 815; x_wconf 91' lang='lat' dir='ltr'><strong>diis,</strong></span> <span class='ocrx_word' id='word_1_52' title='bbox 1796 748 1884 816; x_wconf 90' lang='lat' dir='ltr'><strong>qui</strong></span> <span class='ocrx_word' id='word_1_53' title='bbox 1933 748 2051 801; x_wconf 89' lang='lat' dir='ltr'><strong>licet</strong></span> 
     </span>
    </p>
   </div>
   <div class='ocr_carea' id='block_1_9' title="bbox 466 837 2051 913">
    <p class='ocr_par' dir='ltr' id='par_1_9' title="bbox 466 837 2051 913">
     <span class='ocr_line' id='line_1_9' title="bbox 466 837 2051 913; baseline -0.004 -16"><span class='ocrx_word' id='word_1_54' title='bbox 466 844 641 913; x_wconf 84' lang='lat' dir='ltr'><strong>magni</strong></span> <span class='ocrx_word' id='word_1_55' title='bbox 685 844 931 905; x_wconf 82' lang='lat' dir='ltr'><strong>homines,</strong></span> <span class='ocrx_word' id='word_1_56' title='bbox 986 848 1156 892; x_wconf 86' lang='lat' dir='ltr'><strong>tamen</strong></span> <span class='ocrx_word' id='word_1_57' title='bbox 1207 837 1436 890; x_wconf 86' lang='lat' dir='ltr'><strong>homines</strong></span> <span class='ocrx_word' id='word_1_58' title='bbox 1464 839 1706 907; x_wconf 76' lang='lat' dir='ltr'><strong>fuerunt;</strong></span> <span class='ocrx_word' id='word_1_59' title='bbox 1736 845 1823 890; x_wconf 87' lang='lat' dir='ltr'><strong>aut</strong></span> <span class='ocrx_word' id='word_1_60' title='bbox 1867 839 2051 891; x_wconf 84' lang='lat' dir='ltr'><strong>mundi</strong></span> 
     </span>
    </p>
   </div>
   <div class='ocr_carea' id='block_1_10' title="bbox 467 928 2045 1005">
    <p class='ocr_par' dir='ltr' id='par_1_10' title="bbox 467 928 2045 1005">
     <span class='ocr_line' id='line_1_10' title="bbox 467 928 2045 1005; baseline -0.005 -16"><span class='ocrx_word' id='word_1_61' title='bbox 467 937 642 1005; x_wconf 90' lang='lat' dir='ltr'><strong>hujus,</strong></span> <span class='ocrx_word' id='word_1_62' title='bbox 687 948 835 1003; x_wconf 85' lang='lat' dir='ltr'><strong>quem</strong></span> <span class='ocrx_word' id='word_1_63' title='bbox 871 931 1010 984; x_wconf 89' lang='lat' dir='ltr'><strong>Deus</strong></span> <span class='ocrx_word' id='word_1_64' title='bbox 1039 945 1185 983; x_wconf 80' lang='lat' dir='ltr'><strong>verus</strong></span> <span class='ocrx_word' id='word_1_65' title='bbox 1213 930 1354 1000; x_wconf 78' lang='lat' dir='ltr'><strong>fecit,</strong></span> <span class='ocrx_word' id='word_1_66' title='bbox 1381 928 1627 982; x_wconf 84' lang='lat' dir='ltr'><strong>elementa</strong></span> <span class='ocrx_word' id='word_1_67' title='bbox 1653 938 1810 993; x_wconf 84' lang='lat' dir='ltr'><strong>sunt;</strong></span> <span class='ocrx_word' id='word_1_68' title='bbox 1855 939 1946 981; x_wconf 90' lang='lat' dir='ltr'><strong>aut</strong></span> <span class='ocrx_word' id='word_1_69' title='bbox 1990 930 2045 982; x_wconf 88' lang='lat' dir='ltr'><strong>in</strong></span> 
     </span>
    </p>
   </div>
   <div class='ocr_carea' id='block_1_11' title="bbox 466 1017 2049 1097">
    <p class='ocr_par' dir='ltr' id='par_1_11' title="bbox 466 1017 2049 1097">
     <span class='ocr_line' id='line_1_11' title="bbox 466 1017 2049 1097; baseline -0.004 -20"><span class='ocrx_word' id='word_1_70' title='bbox 466 1023 835 1097; x_wconf 74' lang='lat' dir='ltr'><strong>principatibus</strong></span> <span class='ocrx_word' id='word_1_71' title='bbox 878 1030 924 1073; x_wconf 86' lang='lat' dir='ltr'><strong>et</strong></span> <span class='ocrx_word' id='word_1_72' title='bbox 966 1020 1314 1089; x_wconf 88' lang='lat' dir='ltr'><strong>potestatibus,</strong></span> <span class='ocrx_word' id='word_1_73' title='bbox 1363 1034 1457 1086; x_wconf 90' lang='lat' dir='ltr'><strong>pro</strong></span> <span class='ocrx_word' id='word_1_74' title='bbox 1487 1018 1746 1072; x_wconf 81' lang='lat' dir='ltr'><strong>uoluntate</strong></span> <span class='ocrx_word' id='word_1_75' title='bbox 1792 1017 2049 1072; x_wconf 84' lang='lat' dir='ltr'><strong>Creatoris</strong></span> 
     </span>
    </p>
   </div>
   <div class='ocr_carea' id='block_1_12' title="bbox 466 1106 2047 1178">
    <p class='ocr_par' dir='ltr' id='par_1_12' title="bbox 466 1106 2047 1178">
     <span class='ocr_line' id='line_1_12' title="bbox 466 1106 2047 1178; baseline -0.006 -11"><span class='ocrx_word' id='word_1_76' title='bbox 466 1124 513 1167; x_wconf 89' lang='lat' dir='ltr'><strong>et</strong></span> <span class='ocrx_word' id='word_1_77' title='bbox 542 1114 649 1167; x_wconf 85' lang='lat' dir='ltr'><strong>suis</strong></span> <span class='ocrx_word' id='word_1_78' title='bbox 679 1112 868 1165; x_wconf 87' lang='lat' dir='ltr'><strong>meritis</strong></span> <span class='ocrx_word' id='word_1_79' title='bbox 911 1109 1149 1163; x_wconf 81' lang='lat' dir='ltr'><strong>ordinati.</strong></span> <span class='ocrx_word' id='word_1_80' title='bbox 1182 1107 1202 1178; x_wconf 96' lang='lat'>]</span> <span class='ocrx_word' id='word_1_81' title='bbox 1257 1107 1449 1176; x_wconf 88' lang='lat' dir='ltr'><strong>Liquet</strong></span> <span class='ocrx_word' id='word_1_82' title='bbox 1496 1106 1598 1160; x_wconf 89' lang='lat' dir='ltr'><strong>hoc</strong></span> <span class='ocrx_word' id='word_1_83' title='bbox 1636 1121 1702 1161; x_wconf 78' lang='lat' dir='ltr'><strong>ex</strong></span> <span class='ocrx_word' id='word_1_84' title='bbox 1733 1106 2047 1174; x_wconf 89' lang='lat' dir='ltr'><strong>Tbeogonia</strong></span> 
     </span>
    </p>
   </div>
   <div class='ocr_carea' id='block_1_13' title="bbox 466 1196 2047 1272">
    <p class='ocr_par' dir='ltr' id='par_1_13' title="bbox 466 1196 2047 1272">
     <span class='ocr_line' id='line_1_13' title="bbox 466 1196 2047 1272; baseline -0.006 -12"><span class='ocrx_word' id='word_1_85' title='bbox 466 1206 705 1271; x_wconf 76' lang='lat' dir='ltr'><strong>Hesiodi,</strong></span> <span class='ocrx_word' id='word_1_86' title='bbox 741 1205 828 1272; x_wconf 88' lang='lat' dir='ltr'><strong>qui</strong></span> <span class='ocrx_word' id='word_1_87' title='bbox 870 1201 1237 1271; x_wconf 85' lang='lat' dir='ltr'><strong>antiquissima</strong></span> <span class='ocrx_word' id='word_1_88' title='bbox 1280 1200 1497 1253; x_wconf 88' lang='lat' dir='ltr'><strong>numina</strong></span> <span class='ocrx_word' id='word_1_89' title='bbox 1526 1198 1652 1253; x_wconf 86' lang='lat' dir='ltr'><strong>facit</strong></span> <span class='ocrx_word' id='word_1_90' title='bbox 1678 1196 1876 1262; x_wconf 87' lang='lat' dir='ltr'><strong>Chaos,</strong></span> <span class='ocrx_word' id='word_1_91' title='bbox 1923 1198 2047 1252; x_wconf 78' lang='lat' dir='ltr'><strong>Cm-</strong></span> 
     </span>
    </p>
   </div>
   <div class='ocr_carea' id='block_1_14' title="bbox 467 1285 2047 1358">
    <p class='ocr_par' dir='ltr' id='par_1_14' title="bbox 467 1285 2047 1358">
     <span class='ocr_line' id='line_1_14' title="bbox 467 1285 2047 1358; baseline -0.005 -10"><span class='ocrx_word' id='word_1_92' title='bbox 467 1295 577 1348; x_wconf 90' lang='lat' dir='ltr'><strong>lum</strong></span> <span class='ocrx_word' id='word_1_93' title='bbox 604 1304 655 1348; x_wconf 92' lang='lat' dir='ltr'><strong>et</strong></span> <span class='ocrx_word' id='word_1_94' title='bbox 682 1294 937 1355; x_wconf 86' lang='lat' dir='ltr'><strong>Terram;</strong></span> <span class='ocrx_word' id='word_1_95' title='bbox 963 1299 1072 1343; x_wconf 90' lang='lat' dir='ltr'><strong>tum</strong></span> <span class='ocrx_word' id='word_1_96' title='bbox 1100 1289 1321 1358; x_wconf 83' lang='lat' dir='ltr'><strong>spiritus</strong></span> <span class='ocrx_word' id='word_1_97' title='bbox 1341 1288 1522 1343; x_wconf 90' lang='lat' dir='ltr'><strong>nescio</strong></span> <span class='ocrx_word' id='word_1_98' title='bbox 1542 1301 1695 1355; x_wconf 89' lang='lat' dir='ltr'><strong>quos,</strong></span> <span class='ocrx_word' id='word_1_99' title='bbox 1722 1299 1857 1355; x_wconf 91' lang='lat' dir='ltr'><strong>quos</strong></span> <span class='ocrx_word' id='word_1_100' title='bbox 1886 1285 2047 1340; x_wconf 89' lang='lat' dir='ltr'><strong>variis</strong></span> 
     </span>
    </p>
   </div>
   <div class='ocr_carea' id='block_1_15' title="bbox 466 1376 2045 1453">
    <p class='ocr_par' dir='ltr' id='par_1_15' title="bbox 466 1376 2045 1453">
     <span class='ocr_line' id='line_1_15' title="bbox 466 1376 2045 1453; baseline -0.008 -12"><span class='ocrx_word' id='word_1_101' title='bbox 466 1395 673 1442; x_wconf 71' lang='lat' dir='ltr'><strong>natum</strong></span> <span class='ocrx_word' id='word_1_102' title='bbox 723 1383 963 1453; x_wconf 89' lang='lat' dir='ltr'><strong>partibus</strong></span> <span class='ocrx_word' id='word_1_103' title='bbox 990 1380 1249 1449; x_wconf 60' lang='lat' dir='ltr'><strong>praeﬁcit;</strong></span> <span class='ocrx_word' id='word_1_104' title='bbox 1295 1394 1357 1435; x_wconf 89' lang='lat' dir='ltr'><strong>ac</strong></span> <span class='ocrx_word' id='word_1_105' title='bbox 1388 1378 1600 1434; x_wconf 82' lang='lat' dir='ltr'><strong>tandem</strong></span> <span class='ocrx_word' id='word_1_106' title='bbox 1638 1377 1846 1431; x_wconf 88' lang='lat' dir='ltr'><strong>animos</strong></span> <span class='ocrx_word' id='word_1_107' title='bbox 1875 1376 2045 1430; x_wconf 91' lang='lat' dir='ltr'><strong>homi-</strong></span> 
     </span>
    </p>
   </div>
   <div class='ocr_carea' id='block_1_16' title="bbox 466 1464 2045 1536">
    <p class='ocr_par' dir='ltr' id='par_1_16' title="bbox 466 1464 2045 1536">
     <span class='ocr_line' id='line_1_16' title="bbox 466 1464 2045 1536; baseline -0.008 -5"><span class='ocrx_word' id='word_1_108' title='bbox 466 1492 592 1531; x_wconf 86' lang='lat' dir='ltr'><strong>num</strong></span> <span class='ocrx_word' id='word_1_109' title='bbox 626 1475 733 1530; x_wconf 89' lang='lat' dir='ltr'><strong>fato</strong></span> <span class='ocrx_word' id='word_1_110' title='bbox 787 1476 1110 1527; x_wconf 89' lang='lat' dir='ltr'><strong>functorum.</strong></span> <span class='ocrx_word' id='word_1_111' title='bbox 1157 1470 1273 1524; x_wconf 85' lang='lat' dir='ltr'><strong>Non</strong></span> <span class='ocrx_word' id='word_1_112' title='bbox 1321 1468 1509 1523; x_wconf 87' lang='lat' dir='ltr'><strong>dubito</strong></span> <span class='ocrx_word' id='word_1_113' title='bbox 1557 1467 1685 1536; x_wconf 89' lang='lat' dir='ltr'><strong>quin</strong></span> <span class='ocrx_word' id='word_1_114' title='bbox 1738 1464 2045 1534; x_wconf 85' lang='lat' dir='ltr'><strong>superiores</strong></span> 
     </span>
    </p>
   </div>
   <div class='ocr_carea' id='block_1_17' title="bbox 462 1556 2046 1634">
    <p class='ocr_par' dir='ltr' id='par_1_17' title="bbox 462 1556 2046 1634">
     <span class='ocr_line' id='line_1_17' title="bbox 462 1556 2046 1634; baseline -0.008 -15"><span class='ocrx_word' id='word_1_115' title='bbox 462 1574 649 1634; x_wconf 89' lang='lat' dir='ltr'><strong>poetas</strong></span> <span class='ocrx_word' id='word_1_116' title='bbox 674 1563 950 1630; x_wconf 80' lang='lat' dir='ltr'><strong>theologos</strong></span> <span class='ocrx_word' id='word_1_117' title='bbox 982 1562 1054 1615; x_wconf 88' lang='lat' dir='ltr'><strong>sit</strong></span> <span class='ocrx_word' id='word_1_118' title='bbox 1089 1574 1151 1614; x_wconf 89' lang='lat' dir='ltr'><strong>ca</strong></span> <span class='ocrx_word' id='word_1_119' title='bbox 1178 1560 1228 1614; x_wconf 92' lang='lat' dir='ltr'><strong>in</strong></span> <span class='ocrx_word' id='word_1_120' title='bbox 1258 1574 1319 1614; x_wconf 91' lang='lat' dir='ltr'><strong>re</strong></span> <span class='ocrx_word' id='word_1_121' title='bbox 1357 1558 1616 1621; x_wconf 83' lang='lat' dir='ltr'><strong>imitatus,</strong></span> <span class='ocrx_word' id='word_1_122' title='bbox 1644 1556 1887 1626; x_wconf 82' lang='lat' dir='ltr'><strong>quamvis</strong></span> <span class='ocrx_word' id='word_1_123' title='bbox 1912 1569 2046 1608; x_wconf 89' lang='lat' dir='ltr'><strong>non-</strong></span> 
     </span>
    </p>
   </div>
   <div class='ocr_carea' id='block_1_18' title="bbox 464 1644 2044 1719">
    <p class='ocr_par' dir='ltr' id='par_1_18' title="bbox 464 1644 2044 1719">
     <span class='ocr_line' id='line_1_18' title="bbox 464 1644 2044 1719; baseline -0.008 -10"><span class='ocrx_word' id='word_1_124' title='bbox 464 1655 596 1709; x_wconf 87' lang='lat' dir='ltr'><strong>nulli</strong></span> <span class='ocrx_word' id='word_1_125' title='bbox 628 1663 867 1707; x_wconf 81' lang='lat' dir='ltr'><strong>veterum</strong></span> <span class='ocrx_word' id='word_1_126' title='bbox 898 1651 1129 1719; x_wconf 90' lang='lat' dir='ltr'><strong>primum</strong></span> <span class='ocrx_word' id='word_1_127' title='bbox 1158 1659 1431 1703; x_wconf 86' lang='lat' dir='ltr'><strong>auctorem</strong></span> <span class='ocrx_word' id='word_1_128' title='bbox 1461 1646 1791 1716; x_wconf 67' lang='lat' dir='ltr'><strong>Theogonia:</strong></span> <span class='ocrx_word' id='word_1_129' title='bbox 1813 1660 1934 1701; x_wconf 89' lang='lat' dir='ltr'><strong>eum</strong></span> <span class='ocrx_word' id='word_1_130' title='bbox 1961 1644 2044 1698; x_wconf 85' lang='lat' dir='ltr'><strong>fa-</strong></span> 
     </span>
    </p>
   </div>
   <div class='ocr_carea' id='block_1_19' title="bbox 2222 477 3705 552">
    <p class='ocr_par' dir='ltr' id='par_1_19' title="bbox 2222 477 3705 552">
     <span class='ocr_line' id='line_1_19' title="bbox 2222 477 3705 552; baseline 0.002 -21"><span class='ocrx_word' id='word_1_131' title='bbox 2222 477 2351 547; x_wconf 79' lang='lat' dir='ltr'><strong>Cap.</strong></span> <span class='ocrx_word' id='word_1_132' title='bbox 2379 478 2471 534; x_wconf 74' lang='lat'><strong>23.</strong></span> <span class='ocrx_word' id='word_1_133' title='bbox 2508 480 2699 533; x_wconf 85' lang='lat' dir='ltr'><strong>Eodem</strong></span> <span class='ocrx_word' id='word_1_134' title='bbox 2751 490 2973 549; x_wconf 84' lang='lat' dir='ltr'><strong>tempore</strong></span> <span class='ocrx_word' id='word_1_135' title='bbox 3016 481 3246 533; x_wconf 84' lang='lat' dir='ltr'><strong>nonnulli</strong></span> <span class='ocrx_word' id='word_1_136' title='bbox 3297 481 3530 549; x_wconf 76' lang='lat' dir='ltr'><strong>sibyllam</strong></span> <span class='ocrx_word' id='word_1_137' title='bbox 3586 483 3705 552; x_wconf 74' lang='lat' dir='ltr'><strong>Erg-</strong></span> 
     </span>
    </p>
   </div>
   <div class='ocr_carea' id='block_1_20' title="bbox 2150 569 3710 641">
    <p class='ocr_par' dir='ltr' id='par_1_20' title="bbox 2150 569 3710 641">
     <span class='ocr_line' id='line_1_20' title="bbox 2150 569 3710 641; baseline 0.004 -20"><span class='ocrx_word' id='word_1_138' title='bbox 2150 569 2363 622; x_wconf 72' lang='lat' dir='ltr'><strong>thrwam</strong></span> <span class='ocrx_word' id='word_1_139' title='bbox 2387 571 2713 624; x_wconf 79' lang='lat' dir='ltr'><strong>vaticinatum</strong></span> <span class='ocrx_word' id='word_1_140' title='bbox 2744 576 2937 641; x_wconf 78' lang='lat' dir='ltr'><strong>ferunt.</strong></span> <span class='ocrx_word' id='word_1_141' title='bbox 2970 571 3195 641; x_wconf 82' lang='lat' dir='ltr'><strong>Sibyllas</strong></span> <span class='ocrx_word' id='word_1_142' title='bbox 3219 581 3387 624; x_wconf 87' lang='lat' dir='ltr'><strong>autem</strong></span> <span class='ocrx_word' id='word_1_143' title='bbox 3422 572 3586 627; x_wconf 82' lang='lat' dir='ltr'><strong>Varro</strong></span> <span class='ocrx_word' id='word_1_144' title='bbox 3607 593 3710 641; x_wconf 77' lang='lat' dir='ltr'><strong>pra-</strong></span> 
     </span>
    </p>
   </div>
   <div class='ocr_carea' id='block_1_21' title="bbox 2151 662 3713 735">
    <p class='ocr_par' dir='ltr' id='par_1_21' title="bbox 2151 662 3713 735">
     <span class='ocr_line' id='line_1_21' title="bbox 2151 662 3713 735; baseline 0.006 -23"><span class='ocrx_word' id='word_1_145' title='bbox 2151 662 2278 713; x_wconf 83' lang='lat' dir='ltr'><strong>didit</strong></span> <span class='ocrx_word' id='word_1_146' title='bbox 2305 664 2476 731; x_wconf 81' lang='lat' dir='ltr'><strong>plures</strong></span> <span class='ocrx_word' id='word_1_147' title='bbox 2501 664 2682 732; x_wconf 83' lang='lat' dir='ltr'><strong>fuisse,</strong></span> <span class='ocrx_word' id='word_1_148' title='bbox 2716 680 2819 718; x_wconf 83' lang='lat' dir='ltr'><strong>non</strong></span> <span class='ocrx_word' id='word_1_149' title='bbox 2837 681 3012 718; x_wconf 89' lang='lat' dir='ltr'><strong>unam.</strong></span> <span class='ocrx_word' id='word_1_150' title='bbox 3047 664 3175 719; x_wconf 65' lang='lat' dir='ltr'><strong>Haec</strong></span> <span class='ocrx_word' id='word_1_151' title='bbox 3202 681 3325 718; x_wconf 88' lang='lat' dir='ltr'><strong>sane</strong></span> <span class='ocrx_word' id='word_1_152' title='bbox 3361 664 3626 735; x_wconf 71' lang='lat' dir='ltr'><strong>Erythrca</strong></span> <span class='ocrx_word' id='word_1_153' title='bbox 3650 672 3690 721; x_wconf 87' lang='lat' dir='ltr'><strong>si</strong></span> <span class='ocrx_word' id='word_1_154' title='bbox 3700 699 3713 715; x_wconf 76' lang='grc' dir='ltr'><strong>ι</strong></span> 
     </span>
    </p>
   </div>
   <div class='ocr_carea' id='block_1_22' title="bbox 2150 750 3717 826">
    <p class='ocr_par' dir='ltr' id='par_1_22' title="bbox 2150 750 3717 826">
     <span class='ocr_line' id='line_1_22' title="bbox 2150 750 3717 826; baseline 0.007 -25"><span class='ocrx_word' id='word_1_155' title='bbox 2150 750 2286 819; x_wconf 73' lang='lat' dir='ltr'><strong>bylla</strong></span> <span class='ocrx_word' id='word_1_156' title='bbox 2311 752 2545 817; x_wconf 72' lang='lat' dir='ltr'><strong>quwdam</strong></span> <span class='ocrx_word' id='word_1_157' title='bbox 2574 754 2639 805; x_wconf 85' lang='lat' dir='ltr'><strong>de</strong></span> <span class='ocrx_word' id='word_1_158' title='bbox 2672 754 2875 808; x_wconf 84' lang='lat' dir='ltr'><strong>Christo</strong></span> <span class='ocrx_word' id='word_1_159' title='bbox 2916 755 3187 824; x_wconf 77' lang='lat' dir='ltr'><strong>manifesta</strong></span> <span class='ocrx_word' id='word_1_160' title='bbox 3235 756 3549 823; x_wconf 75' lang='lat' dir='ltr'><strong>conscripsit,</strong></span> <span class='ocrx_word' id='word_1_161' title='bbox 3589 761 3717 826; x_wconf 85' lang='lat' dir='ltr'><strong>quod</strong></span> 
     </span>
    </p>
   </div>
   <div class='ocr_carea' id='block_1_23' title="bbox 2149 841 3715 914">
    <p class='ocr_par' dir='ltr' id='par_1_23' title="bbox 2149 841 3715 914">
     <span class='ocr_line' id='line_1_23' title="bbox 2149 841 3715 914; baseline 0.006 -22"><span class='ocrx_word' id='word_1_162' title='bbox 2149 841 2299 893; x_wconf 88' lang='lat' dir='ltr'><strong>etiam</strong></span> <span class='ocrx_word' id='word_1_163' title='bbox 2322 856 2414 895; x_wconf 86' lang='lat' dir='ltr'><strong>nos</strong></span> <span class='ocrx_word' id='word_1_164' title='bbox 2440 842 2585 911; x_wconf 85' lang='lat' dir='ltr'><strong>prius</strong></span> <span class='ocrx_word' id='word_1_165' title='bbox 2605 843 2657 895; x_wconf 90' lang='lat' dir='ltr'><strong>in</strong></span> <span class='ocrx_word' id='word_1_166' title='bbox 2681 842 2871 897; x_wconf 87' lang='lat' dir='ltr'><strong>Latina</strong></span> <span class='ocrx_word' id='word_1_167' title='bbox 2899 846 3097 914; x_wconf 78' lang='lat' dir='ltr'><strong>lingua,</strong></span> <span class='ocrx_word' id='word_1_168' title='bbox 3125 845 3349 898; x_wconf 77' lang='lat' dir='ltr'><strong>uersibus</strong></span> <span class='ocrx_word' id='word_1_169' title='bbox 3374 848 3505 899; x_wconf 86' lang='lat' dir='ltr'><strong>male</strong></span> <span class='ocrx_word' id='word_1_170' title='bbox 3532 847 3715 901; x_wconf 82' lang='lat' dir='ltr'><strong>Latinis</strong></span> 
     </span>
    </p>
   </div>
   <div class='ocr_carea' id='block_1_24' title="bbox 2148 931 3714 1003">
    <p class='ocr_par' dir='ltr' id='par_1_24' title="bbox 2148 931 3714 1003">
     <span class='ocr_line' id='line_1_24' title="bbox 2148 931 3714 1003; baseline 0.005 -22"><span class='ocrx_word' id='word_1_171' title='bbox 2148 939 2194 981; x_wconf 85' lang='lat' dir='ltr'><strong>et</strong></span> <span class='ocrx_word' id='word_1_172' title='bbox 2222 946 2323 982; x_wconf 91' lang='lat' dir='ltr'><strong>non</strong></span> <span class='ocrx_word' id='word_1_173' title='bbox 2343 931 2591 984; x_wconf 89' lang='lat' dir='ltr'><strong>stantibus</strong></span> <span class='ocrx_word' id='word_1_174' title='bbox 2612 931 2851 1003; x_wconf 82' lang='lat' dir='ltr'><strong>legimus,</strong></span> <span class='ocrx_word' id='word_1_175' title='bbox 2891 950 2982 1003; x_wconf 87' lang='lat' dir='ltr'><strong>per</strong></span> <span class='ocrx_word' id='word_1_176' title='bbox 3022 934 3190 987; x_wconf 81' lang='lat' dir='ltr'><strong>nescio</strong></span> <span class='ocrx_word' id='word_1_177' title='bbox 3243 935 3394 1001; x_wconf 86' lang='lat' dir='ltr'><strong>cujus</strong></span> <span class='ocrx_word' id='word_1_178' title='bbox 3441 936 3714 1000; x_wconf 80' lang='lat' dir='ltr'><strong>interpretis</strong></span> 
     </span>
    </p>
   </div>
   <div class='ocr_carea' id='block_1_25' title="bbox 2146 1019 3717 1093">
    <p class='ocr_par' dir='ltr' id='par_1_25' title="bbox 2146 1019 3717 1093">
     <span class='ocr_line' id='line_1_25' title="bbox 2146 1019 3717 1093; baseline 0.007 -22"><span class='ocrx_word' id='word_1_179' title='bbox 2146 1019 2477 1087; x_wconf 75' lang='lat' dir='ltr'><strong>imperitiam,</strong></span> <span class='ocrx_word' id='word_1_180' title='bbox 2510 1022 2637 1075; x_wconf 86' lang='lat' dir='ltr'><strong>sicut</strong></span> <span class='ocrx_word' id='word_1_181' title='bbox 2677 1032 2789 1090; x_wconf 90' lang='lat' dir='ltr'><strong>post</strong></span> <span class='ocrx_word' id='word_1_182' title='bbox 2834 1022 3176 1093; x_wconf 74' lang='lat' dir='ltr'><strong>cognovimus,</strong></span> <span class='ocrx_word' id='word_1_183' title='bbox 3202 1032 3306 1076; x_wconf 85' lang='lat' dir='ltr'><strong>etc.</strong></span> <span class='ocrx_word' id='word_1_184' title='bbox 3338 1022 3356 1093; x_wconf 80' lang='lat' dir='ltr'><strong>j</strong></span> <span class='ocrx_word' id='word_1_185' title='bbox 3387 1022 3575 1078; x_wconf 87' lang='lat' dir='ltr'><strong>Postea</strong></span> <span class='ocrx_word' id='word_1_186' title='bbox 3600 1025 3717 1082; x_wconf 76' lang='lat' dir='ltr'><strong>dicit</strong></span> 
     </span>
    </p>
   </div>
   <div class='ocr_carea' id='block_1_26' title="bbox 2148 1109 3713 1181">
    <p class='ocr_par' dir='ltr' id='par_1_26' title="bbox 2148 1109 3713 1181">
     <span class='ocr_line' id='line_1_26' title="bbox 2148 1109 3713 1181; baseline 0.005 -20"><span class='ocrx_word' id='word_1_187' title='bbox 2148 1109 2425 1178; x_wconf 79' lang='lat' dir='ltr'><strong>exemplar</strong></span> <span class='ocrx_word' id='word_1_188' title='bbox 2447 1109 2693 1165; x_wconf 70' lang='lat' dir='ltr'><strong>Grmeum</strong></span> <span class='ocrx_word' id='word_1_189' title='bbox 2722 1111 2822 1166; x_wconf 88' lang='lat' dir='ltr'><strong>sibi</strong></span> <span class='ocrx_word' id='word_1_190' title='bbox 2849 1119 3123 1166; x_wconf 85' lang='lat' dir='ltr'><strong>ostensum</strong></span> <span class='ocrx_word' id='word_1_191' title='bbox 3167 1126 3199 1165; x_wconf 89' lang='lat' dir='ltr'><strong>a</strong></span> <span class='ocrx_word' id='word_1_192' title='bbox 3241 1112 3547 1178; x_wconf 83' lang='lat' dir='ltr'><strong>Flacciano,</strong></span> <span class='ocrx_word' id='word_1_193' title='bbox 3599 1129 3713 1181; x_wconf 86' lang='lat' dir='ltr'><strong>pro-</strong></span> 
     </span>
    </p>
   </div>
   <div class='ocr_carea' id='block_1_27' title="bbox 2146 1200 3714 1273">
    <p class='ocr_par' dir='ltr' id='par_1_27' title="bbox 2146 1200 3714 1273">
     <span class='ocr_line' id='line_1_27' title="bbox 2146 1200 3714 1273; baseline 0.006 -22"><span class='ocrx_word' id='word_1_194' title='bbox 2146 1200 2353 1270; x_wconf 90' lang='lat' dir='ltr'><strong>fertque</strong></span> <span class='ocrx_word' id='word_1_195' title='bbox 2392 1201 2747 1257; x_wconf 81' lang='lat' dir='ltr'><strong>Achrastichin</strong></span> <span class='ocrx_word' id='word_1_196' title='bbox 2777 1204 3039 1267; x_wconf 78' lang='lat' dir='ltr'><strong>versibus,</strong></span> <span class='ocrx_word' id='word_1_197' title='bbox 3089 1214 3148 1257; x_wconf 92' lang='lat' dir='ltr'><strong>ut</strong></span> <span class='ocrx_word' id='word_1_198' title='bbox 3170 1204 3425 1273; x_wconf 89' lang='lat' dir='ltr'><strong>loquitur,</strong></span> <span class='ocrx_word' id='word_1_199' title='bbox 3480 1208 3714 1260; x_wconf 79' lang='lat' dir='ltr'><strong>stantibus</strong></span> 
     </span>
    </p>
   </div>
   <div class='ocr_carea' id='block_1_28' title="bbox 2149 1290 3710 1368">
    <p class='ocr_par' dir='ltr' id='par_1_28' title="bbox 2149 1290 3710 1368">
     <span class='ocr_line' id='line_1_28' title="bbox 2149 1290 3710 1368; baseline 0.006 -29"><span class='ocrx_word' id='word_1_200' title='bbox 2149 1303 2380 1356; x_wconf 82' lang='lat' dir='ltr'><strong>versam,</strong></span> <span class='ocrx_word' id='word_1_201' title='bbox 2434 1290 2589 1358; x_wconf 85' lang='lat' dir='ltr'><strong>cujus</strong></span> <span class='ocrx_word' id='word_1_202' title='bbox 2645 1291 3093 1345; x_wconf 72' lang='lat' dir='ltr'><strong>initialesltttene</strong></span> <span class='ocrx_word' id='word_1_203' title='bbox 3136 1301 3258 1345; x_wconf 91' lang='lat' dir='ltr'><strong>sunt</strong></span> <span class='ocrx_word' id='word_1_204' title='bbox 3287 1300 3463 1353; x_wconf 76' lang='grc' dir='ltr'><strong>ιησοῦς</strong></span> <span class='ocrx_word' id='word_1_205' title='bbox 3511 1297 3710 1368; x_wconf 75' lang='grc' dir='ltr'><strong>Χριστὸς</strong></span> 
     </span>
    </p>
   </div>
   <div class='ocr_carea' id='block_1_29' title="bbox 2146 1380 3711 1453">
    <p class='ocr_par' dir='ltr' id='par_1_29' title="bbox 2146 1380 3711 1453">
     <span class='ocr_line' id='line_1_29' title="bbox 2146 1380 3711 1453; baseline 0.002 -19"><span class='ocrx_word' id='word_1_206' title='bbox 2146 1387 2275 1434; x_wconf 70' lang='grc' dir='ltr'><strong>θεοῦ</strong></span> <span class='ocrx_word' id='word_1_207' title='bbox 2300 1382 2407 1440; x_wconf 77' lang='grc' dir='ltr'><strong>υἱὸς</strong></span> <span class='ocrx_word' id='word_1_208' title='bbox 2432 1386 2626 1453; x_wconf 75' lang='grc' dir='ltr'><strong>σωτήρ.</strong></span> <span class='ocrx_word' id='word_1_209' title='bbox 2660 1380 2812 1447; x_wconf 88' lang='lat' dir='ltr'><strong>Quod</strong></span> <span class='ocrx_word' id='word_1_210' title='bbox 2838 1380 2904 1435; x_wconf 86' lang='lat' dir='ltr'><strong>de</strong></span> <span class='ocrx_word' id='word_1_211' title='bbox 2924 1380 3124 1436; x_wconf 73' lang='lat' dir='ltr'><strong>Griecis</strong></span> <span class='ocrx_word' id='word_1_212' title='bbox 3154 1381 3398 1436; x_wconf 86' lang='lat' dir='ltr'><strong>versibus</strong></span> <span class='ocrx_word' id='word_1_213' title='bbox 3427 1393 3512 1436; x_wconf 86' lang='lat' dir='ltr'><strong>est</strong></span> <span class='ocrx_word' id='word_1_214' title='bbox 3538 1384 3711 1437; x_wconf 86' lang='lat' dir='ltr'><strong>intelli-</strong></span> 
     </span>
    </p>
   </div>
   <div class='ocr_carea' id='block_1_30' title="bbox 2145 1468 3716 1538">
    <p class='ocr_par' dir='ltr' id='par_1_30' title="bbox 2145 1468 3716 1538">
     <span class='ocr_line' id='line_1_30' title="bbox 2145 1468 3716 1538; baseline 0.002 -15"><span class='ocrx_word' id='word_1_215' title='bbox 2145 1468 2397 1537; x_wconf 84' lang='lat' dir='ltr'><strong>gendum,</strong></span> <span class='ocrx_word' id='word_1_216' title='bbox 2445 1484 2565 1523; x_wconf 88' lang='lat' dir='ltr'><strong>nam</strong></span> <span class='ocrx_word' id='word_1_217' title='bbox 2594 1470 2650 1523; x_wconf 91' lang='lat' dir='ltr'><strong>in</strong></span> <span class='ocrx_word' id='word_1_218' title='bbox 2676 1468 2880 1523; x_wconf 85' lang='lat' dir='ltr'><strong>Latinis</strong></span> <span class='ocrx_word' id='word_1_219' title='bbox 2920 1483 3027 1523; x_wconf 92' lang='lat' dir='ltr'><strong>non</strong></span> <span class='ocrx_word' id='word_1_220' title='bbox 3069 1476 3359 1538; x_wconf 73' lang='lat' dir='ltr'><strong>potuerunt</strong></span> <span class='ocrx_word' id='word_1_221' title='bbox 3406 1484 3489 1524; x_wconf 68' lang='lat' dir='ltr'><strong>ea:</strong></span> <span class='ocrx_word' id='word_1_222' title='bbox 3541 1471 3716 1526; x_wconf 68' lang='lat' dir='ltr'><strong>littera:</strong></span> 
     </span>
    </p>
   </div>
   <div class='ocr_carea' id='block_1_31' title="bbox 2146 1559 3716 1628">
    <p class='ocr_par' dir='ltr' id='par_1_31' title="bbox 2146 1559 3716 1628">
     <span class='ocr_line' id='line_1_31' title="bbox 2146 1559 3716 1628; baseline 0.003 -15"><span class='ocrx_word' id='word_1_223' title='bbox 2146 1574 2476 1628; x_wconf 84' lang='lat' dir='ltr'><strong>comparere.</strong></span> <span class='ocrx_word' id='word_1_224' title='bbox 2533 1561 2711 1626; x_wconf 82' lang='lat' dir='ltr'><strong>Quare</strong></span> <span class='ocrx_word' id='word_1_225' title='bbox 2739 1562 2905 1614; x_wconf 89' lang='lat' dir='ltr'><strong>miror</strong></span> <span class='ocrx_word' id='word_1_226' title='bbox 2935 1559 3260 1628; x_wconf 86' lang='lat' dir='ltr'><strong>imperitiam</strong></span> <span class='ocrx_word' id='word_1_227' title='bbox 3305 1560 3616 1628; x_wconf 77' lang='lat' dir='ltr'><strong>interpretis</strong></span> <span class='ocrx_word' id='word_1_228' title='bbox 3639 1575 3716 1617; x_wconf 55' lang='lat' dir='ltr'><strong>ac.</strong></span> 
     </span>
    </p>
   </div>
   <div class='ocr_carea' id='block_1_32' title="bbox 2148 1648 3717 1718">
    <p class='ocr_par' dir='ltr' id='par_1_32' title="bbox 2148 1648 3717 1718">
     <span class='ocr_line' id='line_1_32' title="bbox 2148 1648 3717 1718; baseline 0.003 -18"><span class='ocrx_word' id='word_1_229' title='bbox 2148 1648 2343 1712; x_wconf 89' lang='lat' dir='ltr'><strong>cnsari,</strong></span> <span class='ocrx_word' id='word_1_230' title='bbox 2365 1649 2455 1718; x_wconf 91' lang='lat' dir='ltr'><strong>qui</strong></span> <span class='ocrx_word' id='word_1_231' title='bbox 2503 1663 2633 1705; x_wconf 85' lang='lat' dir='ltr'><strong>sane</strong></span> <span class='ocrx_word' id='word_1_232' title='bbox 2664 1664 2769 1703; x_wconf 89' lang='lat' dir='ltr'><strong>non</strong></span> <span class='ocrx_word' id='word_1_233' title='bbox 2815 1649 2989 1717; x_wconf 91' lang='lat' dir='ltr'><strong>potuit</strong></span> <span class='ocrx_word' id='word_1_234' title='bbox 3010 1648 3211 1703; x_wconf 86' lang='lat' dir='ltr'><strong>Latinis</strong></span> <span class='ocrx_word' id='word_1_235' title='bbox 3232 1648 3477 1704; x_wconf 87' lang='lat' dir='ltr'><strong>versibus</strong></span> <span class='ocrx_word' id='word_1_236' title='bbox 3510 1651 3613 1705; x_wconf 86' lang='lat' dir='ltr'><strong>hoc</strong></span> <span class='ocrx_word' id='word_1_237' title='bbox 3634 1666 3717 1705; x_wconf 81' lang='lat' dir='ltr'><strong>ex-</strong></span> 
     </span>
    </p>
   </div>
   <div class='ocr_carea' id='block_1_33' title="bbox 464 1735 3714 1811">
    <p class='ocr_par' dir='ltr' id='par_1_33' title="bbox 464 1735 3714 1811">
     <span class='ocr_line' id='line_1_33' title="bbox 464 1735 3714 1811; baseline -0.001 -13"><span class='ocrx_word' id='word_1_238' title='bbox 464 1746 629 1799; x_wconf 88' lang='lat' dir='ltr'><strong>ciant.</strong></span> <span class='ocrx_word' id='word_1_239' title='bbox 664 1742 798 1797; x_wconf 84' lang='lat' dir='ltr'><strong>Vide</strong></span> <span class='ocrx_word' id='word_1_240' title='bbox 825 1741 1086 1796; x_wconf 83' lang='lat' dir='ltr'><strong>Joannem</strong></span> <span class='ocrx_word' id='word_1_241' title='bbox 1105 1738 1367 1794; x_wconf 85' lang='lat' dir='ltr'><strong>Clericum</strong></span> <span class='ocrx_word' id='word_1_242' title='bbox 1397 1736 1464 1791; x_wconf 83' lang='lat' dir='ltr'><strong>ad</strong></span> <span class='ocrx_word' id='word_1_243' title='bbox 1489 1737 1700 1790; x_wconf 91' lang='lat' dir='ltr'><strong>titulum</strong></span> <span class='ocrx_word' id='word_1_244' title='bbox 1722 1735 2047 1805; x_wconf 73' lang='lat' dir='ltr'><strong>Theogonite</strong></span> <span class='ocrx_word' id='word_1_245' title='bbox 2079 1742 2125 1801; x_wconf 83' lang='grc' dir='ltr'><strong>Β</strong></span> <span class='ocrx_word' id='word_1_246' title='bbox 2150 1739 2402 1807; x_wconf 88' lang='lat' dir='ltr'><strong>primere.</strong></span> <span class='ocrx_word' id='word_1_247' title='bbox 2459 1739 2568 1795; x_wconf 86' lang='lat' dir='ltr'><strong>Sed</strong></span> <span class='ocrx_word' id='word_1_248' title='bbox 2597 1740 2766 1795; x_wconf 88' lang='lat' dir='ltr'><strong>multo</strong></span> <span class='ocrx_word' id='word_1_249' title='bbox 2817 1740 2986 1809; x_wconf 85' lang='lat' dir='ltr'><strong>magis</strong></span> <span class='ocrx_word' id='word_1_250' title='bbox 3007 1742 3174 1794; x_wconf 87' lang='lat' dir='ltr'><strong>miror</strong></span> <span class='ocrx_word' id='word_1_251' title='bbox 3204 1739 3582 1809; x_wconf 73' lang='lat' dir='ltr'><strong>Augustinum,</strong></span> <span class='ocrx_word' id='word_1_252' title='bbox 3629 1742 3714 1811; x_wconf 89' lang='lat' dir='ltr'><strong>qui</strong></span> 
     </span>
    </p>
   </div>
   <div class='ocr_carea' id='block_1_34' title="bbox 467 1824 2049 1900">
    <p class='ocr_par' dir='ltr' id='par_1_34' title="bbox 467 1824 2049 1900">
     <span class='ocr_line' id='line_1_34' title="bbox 467 1824 2049 1900; baseline -0.007 -10"><span class='ocrx_word' id='word_1_253' title='bbox 467 1834 765 1897; x_wconf 72' lang='lat' dir='ltr'><strong>Hesiodem,</strong></span> <span class='ocrx_word' id='word_1_254' title='bbox 815 1842 870 1887; x_wconf 91' lang='lat' dir='ltr'><strong>et</strong></span> <span class='ocrx_word' id='word_1_255' title='bbox 908 1830 1228 1900; x_wconf 66' lang='lat' dir='ltr'><strong>prooemium</strong></span> <span class='ocrx_word' id='word_1_256' title='bbox 1274 1829 1526 1896; x_wconf 78' lang='lat' dir='ltr'><strong>Diogenis</strong></span> <span class='ocrx_word' id='word_1_257' title='bbox 1570 1826 1795 1895; x_wconf 88' lang='lat' dir='ltr'><strong>Laertii,</strong></span> <span class='ocrx_word' id='word_1_258' title='bbox 1839 1826 1927 1879; x_wconf 90' lang='lat' dir='ltr'><strong>ubi</strong></span> <span class='ocrx_word' id='word_1_259' title='bbox 1979 1824 2049 1879; x_wconf 89' lang='lat' dir='ltr'><strong>de</strong></span> 
     </span>
    </p>
   </div>
   <div class='ocr_carea' id='block_1_35' title="bbox 464 1924 956 1995">
    <p class='ocr_par' dir='ltr' id='par_1_35' title="bbox 464 1924 956 1995">
     <span class='ocr_line' id='line_1_35' title="bbox 464 1924 956 1995; baseline -0.012 -14"><span class='ocrx_word' id='word_1_260' title='bbox 464 1926 775 1995; x_wconf 84' lang='lat' dir='ltr'><strong>Theogonia</strong></span> <span class='ocrx_word' id='word_1_261' title='bbox 820 1924 956 1977; x_wconf 85' lang='lat' dir='ltr'><strong>Lini.</strong></span> 
     </span>
    </p>
   </div>
   <div class='ocr_carea' id='block_1_36' title="bbox 531 2007 2045 2086">
    <p class='ocr_par' dir='ltr' id='par_1_36' title="bbox 531 2007 2045 2086">
     <span class='ocr_line' id='line_1_36' title="bbox 531 2007 2045 2086; baseline -0.008 -15"><span class='ocrx_word' id='word_1_262' title='bbox 531 2018 665 2086; x_wconf 88' lang='lat' dir='ltr'><strong>Cap.</strong></span> <span class='ocrx_word' id='word_1_263' title='bbox 696 2017 785 2070; x_wconf 76' lang='lat'><strong>18.</strong></span> <span class='ocrx_word' id='word_1_264' title='bbox 817 2014 874 2068; x_wconf 90' lang='lat' dir='ltr'><strong>Si</strong></span> <span class='ocrx_word' id='word_1_265' title='bbox 923 2015 1056 2068; x_wconf 87' lang='lat' dir='ltr'><strong>enim</strong></span> <span class='ocrx_word' id='word_1_266' title='bbox 1102 2012 1381 2065; x_wconf 68' lang='lat' dir='ltr'><strong>dixerimus</strong></span> <span class='ocrx_word' id='word_1_267' title='bbox 1411 2025 1474 2064; x_wconf 86' lang='lat' dir='ltr'><strong>ea</strong></span> <span class='ocrx_word' id='word_1_268' title='bbox 1498 2025 1600 2063; x_wconf 86' lang='lat' dir='ltr'><strong>non</strong></span> <span class='ocrx_word' id='word_1_269' title='bbox 1629 2024 1738 2063; x_wconf 85' lang='lat' dir='ltr'><strong>esse</strong></span> <span class='ocrx_word' id='word_1_270' title='bbox 1767 2007 2045 2071; x_wconf 84' lang='lat' dir='ltr'><strong>credenda,</strong></span> 
     </span>
    </p>
   </div>
   <div class='ocr_carea' id='block_1_37' title="bbox 465 2098 2051 2172">
    <p class='ocr_par' dir='ltr' id='par_1_37' title="bbox 465 2098 2051 2172">
     <span class='ocr_line' id='line_1_37' title="bbox 465 2098 2051 2172; baseline -0.009 -8"><span class='ocrx_word' id='word_1_271' title='bbox 465 2126 567 2164; x_wconf 86' lang='lat' dir='ltr'><strong>non</strong></span> <span class='ocrx_word' id='word_1_272' title='bbox 597 2109 778 2161; x_wconf 82' lang='lat' dir='ltr'><strong>desunt</strong></span> <span class='ocrx_word' id='word_1_273' title='bbox 809 2107 961 2158; x_wconf 86' lang='lat' dir='ltr'><strong>etiam</strong></span> <span class='ocrx_word' id='word_1_274' title='bbox 991 2120 1126 2157; x_wconf 89' lang='lat' dir='ltr'><strong>nunc</strong></span> <span class='ocrx_word' id='word_1_275' title='bbox 1155 2105 1244 2171; x_wconf 85' lang='lat' dir='ltr'><strong>qui</strong></span> <span class='ocrx_word' id='word_1_276' title='bbox 1272 2101 1522 2172; x_wconf 77' lang='lat' dir='ltr'><strong>ejusmodi</strong></span> <span class='ocrx_word' id='word_1_277' title='bbox 1567 2098 1804 2168; x_wconf 62' lang='lat' dir='ltr'><strong>quaedam</strong></span> <span class='ocrx_word' id='word_1_278' title='bbox 1832 2099 1907 2151; x_wconf 78' lang='lat' dir='ltr'><strong>uel</strong></span> <span class='ocrx_word' id='word_1_279' title='bbox 1942 2112 2051 2150; x_wconf 87' lang='lat' dir='ltr'><strong>cer-</strong></span> 
     </span>
    </p>
   </div>
   <div class='ocr_carea' id='block_1_38' title="bbox 463 2194 2043 2261">
    <p class='ocr_par' dir='ltr' id='par_1_38' title="bbox 463 2194 2043 2261">
     <span class='ocr_line' id='line_1_38' title="bbox 463 2194 2043 2261; baseline -0.005 -11"><span class='ocrx_word' id='word_1_280' title='bbox 463 2201 656 2253; x_wconf 89' lang='lat' dir='ltr'><strong>tissima</strong></span> <span class='ocrx_word' id='word_1_281' title='bbox 686 2197 961 2260; x_wconf 84' lang='lat' dir='ltr'><strong>audivisse,</strong></span> <span class='ocrx_word' id='word_1_282' title='bbox 994 2195 1068 2248; x_wconf 83' lang='lat' dir='ltr'><strong>rel</strong></span> <span class='ocrx_word' id='word_1_283' title='bbox 1095 2194 1249 2246; x_wconf 85' lang='lat' dir='ltr'><strong>etiam</strong></span> <span class='ocrx_word' id='word_1_284' title='bbox 1274 2202 1504 2261; x_wconf 70' lang='lat' dir='ltr'><strong>expertos</strong></span> <span class='ocrx_word' id='word_1_285' title='bbox 1531 2208 1585 2245; x_wconf 87' lang='lat' dir='ltr'><strong>se</strong></span> <span class='ocrx_word' id='word_1_286' title='bbox 1610 2205 1716 2242; x_wconf 83' lang='lat' dir='ltr'><strong>esse</strong></span> <span class='ocrx_word' id='word_1_287' title='bbox 1735 2197 2043 2242; x_wconf 78' lang='lat' dir='ltr'><strong>assecerent.</strong></span> 
     </span>
    </p>
   </div>
   <div class='ocr_carea' id='block_1_39' title="bbox 467 2278 2048 2344">
    <p class='ocr_par' dir='ltr' id='par_1_39' title="bbox 467 2278 2048 2344">
     <span class='ocr_line' id='line_1_39' title="bbox 467 2278 2048 2344; baseline -0.006 -3"><span class='ocrx_word' id='word_1_288' title='bbox 467 2290 604 2343; x_wconf 80' lang='lat' dir='ltr'><strong>Nam</strong></span> <span class='ocrx_word' id='word_1_289' title='bbox 631 2299 678 2341; x_wconf 91' lang='lat' dir='ltr'><strong>et</strong></span> <span class='ocrx_word' id='word_1_290' title='bbox 707 2306 796 2340; x_wconf 86' lang='lat' dir='ltr'><strong>nos</strong></span> <span class='ocrx_word' id='word_1_291' title='bbox 824 2303 940 2338; x_wconf 87' lang='lat' dir='ltr'><strong>cum</strong></span> <span class='ocrx_word' id='word_1_292' title='bbox 986 2299 1207 2338; x_wconf 83' lang='lat' dir='ltr'><strong>essemus</strong></span> <span class='ocrx_word' id='word_1_293' title='bbox 1257 2282 1310 2335; x_wconf 88' lang='lat' dir='ltr'><strong>in</strong></span> <span class='ocrx_word' id='word_1_294' title='bbox 1354 2279 1534 2344; x_wconf 78' lang='lat' dir='ltr'><strong>Italia,</strong></span> <span class='ocrx_word' id='word_1_295' title='bbox 1561 2278 1894 2332; x_wconf 70' lang='lat' dir='ltr'><strong>audiebamus</strong></span> <span class='ocrx_word' id='word_1_296' title='bbox 1920 2280 2048 2332; x_wconf 66' lang='lat' dir='ltr'><strong>talia</strong></span> 
     </span>
    </p>
   </div>
   <div class='ocr_carea' id='block_1_40' title="bbox 462 2368 2047 2447">
    <p class='ocr_par' dir='ltr' id='par_1_40' title="bbox 462 2368 2047 2447">
     <span class='ocr_line' id='line_1_40' title="bbox 462 2368 2047 2447; baseline -0.007 -15"><span class='ocrx_word' id='word_1_297' title='bbox 462 2379 527 2432; x_wconf 87' lang='lat' dir='ltr'><strong>de</strong></span> <span class='ocrx_word' id='word_1_298' title='bbox 554 2380 780 2447; x_wconf 86' lang='lat' dir='ltr'><strong>quadam</strong></span> <span class='ocrx_word' id='word_1_299' title='bbox 810 2377 1015 2444; x_wconf 84' lang='lat' dir='ltr'><strong>regione</strong></span> <span class='ocrx_word' id='word_1_300' title='bbox 1051 2372 1260 2426; x_wconf 86' lang='lat' dir='ltr'><strong>illarum</strong></span> <span class='ocrx_word' id='word_1_301' title='bbox 1313 2372 1557 2440; x_wconf 72' lang='lat' dir='ltr'><strong>partium,</strong></span> <span class='ocrx_word' id='word_1_302' title='bbox 1612 2370 1698 2422; x_wconf 90' lang='lat' dir='ltr'><strong>ubi</strong></span> <span class='ocrx_word' id='word_1_303' title='bbox 1742 2368 2047 2422; x_wconf 77' lang='lat' dir='ltr'><strong>stabularios</strong></span> 
     </span>
    </p>
   </div>
   <div class='ocr_carea' id='block_1_41' title="bbox 462 2457 2048 2526">
    <p class='ocr_par' dir='ltr' id='par_1_41' title="bbox 462 2457 2048 2526">
     <span class='ocr_line' id='line_1_41' title="bbox 462 2457 2048 2526; baseline -0.006 -6"><span class='ocrx_word' id='word_1_304' title='bbox 462 2466 698 2520; x_wconf 84' lang='lat' dir='ltr'><strong>mulieres</strong></span> <span class='ocrx_word' id='word_1_305' title='bbox 724 2464 945 2518; x_wconf 89' lang='lat' dir='ltr'><strong>imbutas</strong></span> <span class='ocrx_word' id='word_1_306' title='bbox 976 2463 1054 2514; x_wconf 89' lang='lat' dir='ltr'><strong>his</strong></span> <span class='ocrx_word' id='word_1_307' title='bbox 1078 2460 1227 2515; x_wconf 80' lang='lat' dir='ltr'><strong>malis</strong></span> <span class='ocrx_word' id='word_1_308' title='bbox 1264 2461 1481 2526; x_wconf 87' lang='lat' dir='ltr'><strong>artibus,</strong></span> <span class='ocrx_word' id='word_1_309' title='bbox 1511 2460 1563 2511; x_wconf 89' lang='lat' dir='ltr'><strong>in</strong></span> <span class='ocrx_word' id='word_1_310' title='bbox 1585 2473 1731 2512; x_wconf 88' lang='lat' dir='ltr'><strong>caseo</strong></span> <span class='ocrx_word' id='word_1_311' title='bbox 1746 2457 1870 2510; x_wconf 87' lang='lat' dir='ltr'><strong>dare</strong></span> <span class='ocrx_word' id='word_1_312' title='bbox 1884 2458 2048 2512; x_wconf 85' lang='lat' dir='ltr'><strong>solere</strong></span> 
     </span>
    </p>
   </div>
   <div class='ocr_carea' id='block_1_42' title="bbox 462 2548 2047 2623">
    <p class='ocr_par' dir='ltr' id='par_1_42' title="bbox 462 2548 2047 2623">
     <span class='ocr_line' id='line_1_42' title="bbox 462 2548 2047 2623; baseline -0.006 -13"><span class='ocrx_word' id='word_1_313' title='bbox 462 2557 694 2610; x_wconf 83' lang='lat' dir='ltr'><strong>dicebant</strong></span> <span class='ocrx_word' id='word_1_314' title='bbox 723 2553 905 2623; x_wconf 86' lang='lat' dir='ltr'><strong>quibus</strong></span> <span class='ocrx_word' id='word_1_315' title='bbox 957 2551 1139 2605; x_wconf 85' lang='lat' dir='ltr'><strong>vellent</strong></span> <span class='ocrx_word' id='word_1_316' title='bbox 1186 2566 1277 2604; x_wconf 85' lang='lat' dir='ltr'><strong>seu</strong></span> <span class='ocrx_word' id='word_1_317' title='bbox 1331 2557 1531 2617; x_wconf 83' lang='lat' dir='ltr'><strong>possent</strong></span> <span class='ocrx_word' id='word_1_318' title='bbox 1574 2548 1871 2611; x_wconf 80' lang='lat' dir='ltr'><strong>viatoribus,</strong></span> <span class='ocrx_word' id='word_1_319' title='bbox 1911 2548 2047 2601; x_wconf 83' lang='lat' dir='ltr'><strong>unde</strong></span> 
     </span>
    </p>
   </div>
   <div class='ocr_carea' id='block_1_43' title="bbox 460 2639 2046 2720">
    <p class='ocr_par' dir='ltr' id='par_1_43' title="bbox 460 2639 2046 2720">
     <span class='ocr_line' id='line_1_43' title="bbox 460 2639 2046 2720; baseline -0.009 -17"><span class='ocrx_word' id='word_1_320' title='bbox 460 2651 512 2703; x_wconf 89' lang='lat' dir='ltr'><strong>in</strong></span> <span class='ocrx_word' id='word_1_321' title='bbox 528 2652 765 2720; x_wconf 82' lang='lat' dir='ltr'><strong>jumenta</strong></span> <span class='ocrx_word' id='word_1_322' title='bbox 794 2645 931 2698; x_wconf 88' lang='lat' dir='ltr'><strong>illico</strong></span> <span class='ocrx_word' id='word_1_323' title='bbox 958 2650 1271 2696; x_wconf 72' lang='lat' dir='ltr'><strong>verterentur</strong></span> <span class='ocrx_word' id='word_1_324' title='bbox 1297 2650 1344 2694; x_wconf 86' lang='lat' dir='ltr'><strong>et</strong></span> <span class='ocrx_word' id='word_1_325' title='bbox 1379 2639 1665 2693; x_wconf 88' lang='lat' dir='ltr'><strong>necessaria</strong></span> <span class='ocrx_word' id='word_1_326' title='bbox 1689 2653 1900 2708; x_wconf 67' lang='lat' dir='ltr'><strong>quisque</strong></span> <span class='ocrx_word' id='word_1_327' title='bbox 1924 2654 2046 2704; x_wconf 85' lang='lat' dir='ltr'><strong>por-</strong></span> 
     </span>
    </p>
   </div>
   <div class='ocr_carea' id='block_1_44' title="bbox 460 2728 2046 2804">
    <p class='ocr_par' dir='ltr' id='par_1_44' title="bbox 460 2728 2046 2804">
     <span class='ocr_line' id='line_1_44' title="bbox 460 2728 2046 2804; baseline -0.008 -13"><span class='ocrx_word' id='word_1_328' title='bbox 460 2748 647 2801; x_wconf 88' lang='lat' dir='ltr'><strong>tarent,</strong></span> <span class='ocrx_word' id='word_1_329' title='bbox 690 2744 900 2804; x_wconf 75' lang='lat' dir='ltr'><strong>postque</strong></span> <span class='ocrx_word' id='word_1_330' title='bbox 926 2738 1193 2804; x_wconf 74' lang='lat' dir='ltr'><strong>perfuncta</strong></span> <span class='ocrx_word' id='word_1_331' title='bbox 1226 2746 1381 2802; x_wconf 81' lang='lat' dir='ltr'><strong>Opera</strong></span> <span class='ocrx_word' id='word_1_332' title='bbox 1408 2730 1593 2783; x_wconf 80' lang='lat' dir='ltr'><strong>iterum</strong></span> <span class='ocrx_word' id='word_1_333' title='bbox 1629 2728 1699 2781; x_wconf 89' lang='lat' dir='ltr'><strong>ad</strong></span> <span class='ocrx_word' id='word_1_334' title='bbox 1718 2745 1773 2781; x_wconf 90' lang='lat' dir='ltr'><strong>se</strong></span> <span class='ocrx_word' id='word_1_335' title='bbox 1800 2728 2046 2796; x_wconf 79' lang='lat' dir='ltr'><strong>redirent,</strong></span> 
     </span>
    </p>
   </div>
   <div class='ocr_carea' id='block_1_45' title="bbox 460 2818 2050 2899">
    <p class='ocr_par' dir='ltr' id='par_1_45' title="bbox 460 2818 2050 2899">
     <span class='ocr_line' id='line_1_45' title="bbox 460 2818 2050 2899; baseline -0.009 -15"><span class='ocrx_word' id='word_1_336' title='bbox 460 2828 590 2899; x_wconf 89' lang='lat' dir='ltr'><strong>etc.]</strong></span> <span class='ocrx_word' id='word_1_337' title='bbox 615 2829 776 2881; x_wconf 72' lang='lat' dir='ltr'><strong>Miror</strong></span> <span class='ocrx_word' id='word_1_338' title='bbox 804 2826 1157 2893; x_wconf 77' lang='lat' dir='ltr'><strong>Augustinum</strong></span> <span class='ocrx_word' id='word_1_339' title='bbox 1187 2824 1301 2876; x_wconf 71' lang='lat' dir='ltr'><strong>hinc</strong></span> <span class='ocrx_word' id='word_1_340' title='bbox 1330 2821 1400 2875; x_wconf 87' lang='lat' dir='ltr'><strong>ita</strong></span> <span class='ocrx_word' id='word_1_341' title='bbox 1426 2834 1731 2889; x_wconf 85' lang='lat' dir='ltr'><strong>proponere</strong></span> <span class='ocrx_word' id='word_1_342' title='bbox 1748 2818 1899 2887; x_wconf 73' lang='lat' dir='ltr'><strong>quasi</strong></span> <span class='ocrx_word' id='word_1_343' title='bbox 1923 2831 2050 2886; x_wconf 86' lang='lat' dir='ltr'><strong>pos-</strong></span> 
     </span>
    </p>
   </div>
   <div class='ocr_carea' id='block_1_46' title="bbox 460 2912 2047 2983">
    <p class='ocr_par' dir='ltr' id='par_1_46' title="bbox 460 2912 2047 2983">
     <span class='ocr_line' id='line_1_46' title="bbox 460 2912 2047 2983; baseline -0.007 -10"><span class='ocrx_word' id='word_1_344' title='bbox 460 2929 583 2975; x_wconf 81' lang='lat' dir='ltr'><strong>sent</strong></span> <span class='ocrx_word' id='word_1_345' title='bbox 609 2933 729 2974; x_wconf 90' lang='lat' dir='ltr'><strong>esse</strong></span> <span class='ocrx_word' id='word_1_346' title='bbox 753 2933 901 2982; x_wconf 87' lang='lat' dir='ltr'><strong>vera,</strong></span> <span class='ocrx_word' id='word_1_347' title='bbox 926 2918 1121 2983; x_wconf 79' lang='lat' dir='ltr'><strong>vixque</strong></span> <span class='ocrx_word' id='word_1_348' title='bbox 1140 2928 1203 2967; x_wconf 85' lang='lat' dir='ltr'><strong>ea</strong></span> <span class='ocrx_word' id='word_1_349' title='bbox 1227 2926 1422 2980; x_wconf 83' lang='lat' dir='ltr'><strong>negare</strong></span> <span class='ocrx_word' id='word_1_350' title='bbox 1446 2912 1651 2973; x_wconf 85' lang='lat' dir='ltr'><strong>liceret,</strong></span> <span class='ocrx_word' id='word_1_351' title='bbox 1698 2924 1818 2964; x_wconf 87' lang='lat' dir='ltr'><strong>cum</strong></span> <span class='ocrx_word' id='word_1_352' title='bbox 1858 2916 2047 2976; x_wconf 79' lang='lat' dir='ltr'><strong>postea</strong></span> 
     </span>
    </p>
   </div>
   <div class='ocr_carea' id='block_1_47' title="bbox 459 3002 2047 3074">
    <p class='ocr_par' dir='ltr' id='par_1_47' title="bbox 459 3002 2047 3074">
     <span class='ocr_line' id='line_1_47' title="bbox 459 3002 2047 3074; baseline -0.007 -11"><span class='ocrx_word' id='word_1_353' title='bbox 459 3011 599 3063; x_wconf 84' lang='lat' dir='ltr'><strong>dicat</strong></span> <span class='ocrx_word' id='word_1_354' title='bbox 628 3021 735 3063; x_wconf 66' lang='lat' dir='ltr'><strong>haec</strong></span> <span class='ocrx_word' id='word_1_355' title='bbox 787 3009 865 3061; x_wconf 83' lang='lat' dir='ltr'><strong>vel</strong></span> <span class='ocrx_word' id='word_1_356' title='bbox 915 3005 1050 3074; x_wconf 78' lang='lat' dir='ltr'><strong>falsa</strong></span> <span class='ocrx_word' id='word_1_357' title='bbox 1091 3019 1216 3067; x_wconf 84' lang='lat' dir='ltr'><strong>esse,</strong></span> <span class='ocrx_word' id='word_1_358' title='bbox 1268 3002 1345 3056; x_wconf 80' lang='lat' dir='ltr'><strong>vel</strong></span> <span class='ocrx_word' id='word_1_359' title='bbox 1395 3012 1499 3054; x_wconf 89' lang='lat' dir='ltr'><strong>tam</strong></span> <span class='ocrx_word' id='word_1_360' title='bbox 1549 3003 1811 3062; x_wconf 86' lang='lat' dir='ltr'><strong>inusitata,</strong></span> <span class='ocrx_word' id='word_1_361' title='bbox 1847 3011 1901 3053; x_wconf 91' lang='lat' dir='ltr'><strong>ut</strong></span> <span class='ocrx_word' id='word_1_362' title='bbox 1941 3015 2047 3052; x_wconf 88' lang='lat' dir='ltr'><strong>me-</strong></span> 
     </span>
    </p>
   </div>
   <div class='ocr_carea' id='block_1_48' title="bbox 2150 1829 3719 1901">
    <p class='ocr_par' dir='ltr' id='par_1_48' title="bbox 2150 1829 3719 1901">
     <span class='ocr_line' id='line_1_48' title="bbox 2150 1829 3719 1901; baseline 0.001 -16"><span class='ocrx_word' id='word_1_363' title='bbox 2150 1832 2457 1901; x_wconf 80' lang='grc' dir='ltr'><strong>γνησιότητα</strong></span> <span class='ocrx_word' id='word_1_364' title='bbox 2484 1830 2740 1886; x_wconf 88' lang='lat' dir='ltr'><strong>librorum</strong></span> <span class='ocrx_word' id='word_1_365' title='bbox 2771 1844 3046 1885; x_wconf 87' lang='lat' dir='ltr'><strong>sacrorum</strong></span> <span class='ocrx_word' id='word_1_366' title='bbox 3068 1840 3255 1885; x_wconf 87' lang='lat' dir='ltr'><strong>contra</strong></span> <span class='ocrx_word' id='word_1_367' title='bbox 3280 1829 3606 1885; x_wconf 64' lang='lat' dir='ltr'><strong>Manicbzos</strong></span> <span class='ocrx_word' id='word_1_368' title='bbox 3623 1846 3719 1886; x_wconf 90' lang='lat' dir='ltr'><strong>non</strong></span> 
     </span>
    </p>
   </div>
   <div class='ocr_carea' id='block_1_49' title="bbox 2151 1921 3719 1987">
    <p class='ocr_par' dir='ltr' id='par_1_49' title="bbox 2151 1921 3719 1987">
     <span class='ocr_line' id='line_1_49' title="bbox 2151 1921 3719 1987; baseline 0 -13"><span class='ocrx_word' id='word_1_369' title='bbox 2151 1922 2290 1975; x_wconf 87' lang='lat' dir='ltr'><strong>male</strong></span> <span class='ocrx_word' id='word_1_370' title='bbox 2337 1921 2599 1987; x_wconf 79' lang='lat' dir='ltr'><strong>defendit,</strong></span> <span class='ocrx_word' id='word_1_371' title='bbox 2648 1936 2757 1976; x_wconf 85' lang='lat' dir='ltr'><strong>non</strong></span> <span class='ocrx_word' id='word_1_372' title='bbox 2803 1921 3243 1976; x_wconf 80' lang='lat' dir='ltr'><strong>animadvertisse</strong></span> <span class='ocrx_word' id='word_1_373' title='bbox 3282 1921 3368 1975; x_wconf 87' lang='lat' dir='ltr'><strong>hic</strong></span> <span class='ocrx_word' id='word_1_374' title='bbox 3394 1922 3719 1977; x_wconf 81' lang='lat' dir='ltr'><strong>manifestam</strong></span> 
     </span>
    </p>
   </div>
   <div class='ocr_carea' id='block_1_50' title="bbox 2150 2010 3718 2080">
    <p class='ocr_par' dir='ltr' id='par_1_50' title="bbox 2150 2010 3718 2080">
     <span class='ocr_line' id='line_1_50' title="bbox 2150 2010 3718 2080; baseline -0.001 -13"><span class='ocrx_word' id='word_1_375' title='bbox 2150 2013 2594 2080; x_wconf 86' lang='lat' dir='ltr'><strong>suppositionem.</strong></span> <span class='ocrx_word' id='word_1_376' title='bbox 2649 2010 2773 2066; x_wconf 89' lang='lat' dir='ltr'><strong>Scio</strong></span> <span class='ocrx_word' id='word_1_377' title='bbox 2825 2010 2961 2066; x_wconf 89' lang='lat' dir='ltr'><strong>alios</strong></span> <span class='ocrx_word' id='word_1_378' title='bbox 2982 2010 3183 2065; x_wconf 84' lang='lat' dir='ltr'><strong>multos</strong></span> <span class='ocrx_word' id='word_1_379' title='bbox 3211 2011 3548 2065; x_wconf 75' lang='lat' dir='ltr'><strong>ChriStianos</strong></span> <span class='ocrx_word' id='word_1_380' title='bbox 3595 2012 3718 2067; x_wconf 86' lang='lat' dir='ltr'><strong>scri-</strong></span> 
     </span>
    </p>
   </div>
   <div class='ocr_carea' id='block_1_51' title="bbox 2151 2101 3719 2172">
    <p class='ocr_par' dir='ltr' id='par_1_51' title="bbox 2151 2101 3719 2172">
     <span class='ocr_line' id='line_1_51' title="bbox 2151 2101 3719 2172; baseline 0.001 -18"><span class='ocrx_word' id='word_1_381' title='bbox 2151 2112 2331 2170; x_wconf 88' lang='lat' dir='ltr'><strong>ptores</strong></span> <span class='ocrx_word' id='word_1_382' title='bbox 2356 2103 2456 2155; x_wconf 86' lang='lat' dir='ltr'><strong>hac</strong></span> <span class='ocrx_word' id='word_1_383' title='bbox 2482 2101 2533 2154; x_wconf 89' lang='lat' dir='ltr'><strong>in</strong></span> <span class='ocrx_word' id='word_1_384' title='bbox 2565 2114 2623 2156; x_wconf 90' lang='lat' dir='ltr'><strong>re</strong></span> <span class='ocrx_word' id='word_1_385' title='bbox 2643 2115 2765 2157; x_wconf 90' lang='lat' dir='ltr'><strong>enm</strong></span> <span class='ocrx_word' id='word_1_386' title='bbox 2787 2115 2909 2157; x_wconf 87' lang='lat' dir='ltr'><strong>esse</strong></span> <span class='ocrx_word' id='word_1_387' title='bbox 2935 2109 3201 2168; x_wconf 87' lang='lat' dir='ltr'><strong>secutum,</strong></span> <span class='ocrx_word' id='word_1_388' title='bbox 3229 2115 3328 2155; x_wconf 88' lang='lat' dir='ltr'><strong>nec</strong></span> <span class='ocrx_word' id='word_1_389' title='bbox 3350 2111 3590 2169; x_wconf 79' lang='lat' dir='ltr'><strong>repetam</strong></span> <span class='ocrx_word' id='word_1_390' title='bbox 3612 2118 3719 2172; x_wconf 72' lang='lat' dir='ltr'><strong>qua:</strong></span> 
     </span>
    </p>
   </div>
   <div class='ocr_carea' id='block_1_52' title="bbox 2150 2190 3716 2255">
    <p class='ocr_par' dir='ltr' id='par_1_52' title="bbox 2150 2190 3716 2255">
     <span class='ocr_line' id='line_1_52' title="bbox 2150 2190 3716 2255; baseline 0.001 -11"><span class='ocrx_word' id='word_1_391' title='bbox 2150 2202 2332 2244; x_wconf 88' lang='lat' dir='ltr'><strong>contra</strong></span> <span class='ocrx_word' id='word_1_392' title='bbox 2364 2206 2457 2245; x_wconf 90' lang='lat' dir='ltr'><strong>eos</strong></span> <span class='ocrx_word' id='word_1_393' title='bbox 2496 2191 2865 2245; x_wconf 87' lang='lat' dir='ltr'><strong>animadversa</strong></span> <span class='ocrx_word' id='word_1_394' title='bbox 2916 2198 3062 2255; x_wconf 89' lang='lat' dir='ltr'><strong>sunt,</strong></span> <span class='ocrx_word' id='word_1_395' title='bbox 3094 2205 3214 2245; x_wconf 86' lang='lat' dir='ltr'><strong>cum</strong></span> <span class='ocrx_word' id='word_1_396' title='bbox 3246 2190 3315 2244; x_wconf 87' lang='lat' dir='ltr'><strong>ab</strong></span> <span class='ocrx_word' id='word_1_397' title='bbox 3343 2191 3484 2254; x_wconf 86' lang='lat' dir='ltr'><strong>aliis,</strong></span> <span class='ocrx_word' id='word_1_398' title='bbox 3541 2201 3650 2245; x_wconf 84' lang='lat' dir='ltr'><strong>tum</strong></span> <span class='ocrx_word' id='word_1_399' title='bbox 3688 2205 3716 2244; x_wconf 83' lang='lat' dir='ltr'><strong>s</strong></span> 
     </span>
    </p>
   </div>
   <div class='ocr_carea' id='block_1_53' title="bbox 2151 2279 3716 2350">
    <p class='ocr_par' dir='ltr' id='par_1_53' title="bbox 2151 2279 3716 2350">
     <span class='ocr_line' id='line_1_53' title="bbox 2151 2279 3716 2350; baseline -0.001 -15"><span class='ocrx_word' id='word_1_400' title='bbox 2151 2282 2352 2335; x_wconf 78' lang='lat' dir='ltr'><strong>Davide</strong></span> <span class='ocrx_word' id='word_1_401' title='bbox 2381 2280 2656 2336; x_wconf 83' lang='lat' dir='ltr'><strong>Blondello</strong></span> <span class='ocrx_word' id='word_1_402' title='bbox 2692 2281 2748 2334; x_wconf 88' lang='lat' dir='ltr'><strong>in</strong></span> <span class='ocrx_word' id='word_1_403' title='bbox 2766 2295 2931 2349; x_wconf 86' lang='lat' dir='ltr'><strong>opere</strong></span> <span class='ocrx_word' id='word_1_404' title='bbox 2958 2279 3161 2335; x_wconf 85' lang='lat' dir='ltr'><strong>Gallico</strong></span> <span class='ocrx_word' id='word_1_405' title='bbox 3210 2280 3279 2335; x_wconf 85' lang='lat' dir='ltr'><strong>de</strong></span> <span class='ocrx_word' id='word_1_406' title='bbox 3327 2281 3564 2350; x_wconf 84' lang='lat' dir='ltr'><strong>Sibyllis.</strong></span> <span class='ocrx_word' id='word_1_407' title='bbox 3623 2281 3716 2336; x_wconf 88' lang='lat' dir='ltr'><strong>Sed</strong></span> 
     </span>
    </p>
   </div>
   <div class='ocr_carea' id='block_1_54' title="bbox 2150 2371 3719 2441">
    <p class='ocr_par' dir='ltr' id='par_1_54' title="bbox 2150 2371 3719 2441">
     <span class='ocr_line' id='line_1_54' title="bbox 2150 2371 3719 2441; baseline 0 -16"><span class='ocrx_word' id='word_1_408' title='bbox 2150 2372 2391 2441; x_wconf 89' lang='lat' dir='ltr'><strong>profecto</strong></span> <span class='ocrx_word' id='word_1_409' title='bbox 2434 2381 2517 2426; x_wconf 88' lang='lat' dir='ltr'><strong>est</strong></span> <span class='ocrx_word' id='word_1_410' title='bbox 2543 2372 2687 2441; x_wconf 89' lang='lat' dir='ltr'><strong>quod</strong></span> <span class='ocrx_word' id='word_1_411' title='bbox 2717 2373 3048 2440; x_wconf 88' lang='lat' dir='ltr'><strong>suspicemur</strong></span> <span class='ocrx_word' id='word_1_412' title='bbox 3096 2371 3296 2429; x_wconf 78' lang='lat' dir='ltr'><strong>multus</strong></span> <span class='ocrx_word' id='word_1_413' title='bbox 3344 2386 3531 2425; x_wconf 85' lang='lat' dir='ltr'><strong>eorum</strong></span> <span class='ocrx_word' id='word_1_414' title='bbox 3572 2372 3719 2425; x_wconf 82' lang='lat' dir='ltr'><strong>facile</strong></span> 
     </span>
    </p>
   </div>
   <div class='ocr_carea' id='block_1_55' title="bbox 2149 2460 3719 2534">
    <p class='ocr_par' dir='ltr' id='par_1_55' title="bbox 2149 2460 3719 2534">
     <span class='ocr_line' id='line_1_55' title="bbox 2149 2460 3719 2534; baseline -0.001 -17"><span class='ocrx_word' id='word_1_415' title='bbox 2149 2463 2362 2534; x_wconf 91' lang='lat' dir='ltr'><strong>quidem</strong></span> <span class='ocrx_word' id='word_1_416' title='bbox 2396 2464 2649 2520; x_wconf 87' lang='lat' dir='ltr'><strong>olfecisse</strong></span> <span class='ocrx_word' id='word_1_417' title='bbox 2697 2464 3120 2533; x_wconf 88' lang='lat' dir='ltr'><strong>suppositionem</strong></span> <span class='ocrx_word' id='word_1_418' title='bbox 3171 2462 3392 2531; x_wconf 88' lang='lat' dir='ltr'><strong>hujusce</strong></span> <span class='ocrx_word' id='word_1_419' title='bbox 3427 2464 3583 2527; x_wconf 88' lang='lat' dir='ltr'><strong>fetus,</strong></span> <span class='ocrx_word' id='word_1_420' title='bbox 3636 2460 3719 2515; x_wconf 86' lang='lat' dir='ltr'><strong>scd</strong></span> 
     </span>
    </p>
   </div>
   <div class='ocr_carea' id='block_1_56' title="bbox 2148 2553 3718 2622">
    <p class='ocr_par' dir='ltr' id='par_1_56' title="bbox 2148 2553 3718 2622">
     <span class='ocr_line' id='line_1_56' title="bbox 2148 2553 3718 2622; baseline -0.003 -14"><span class='ocrx_word' id='word_1_421' title='bbox 2148 2553 2272 2620; x_wconf 85' lang='lat' dir='ltr'><strong>quia</strong></span> <span class='ocrx_word' id='word_1_422' title='bbox 2300 2554 2445 2608; x_wconf 88' lang='lat' dir='ltr'><strong>rudis</strong></span> <span class='ocrx_word' id='word_1_423' title='bbox 2467 2554 2743 2622; x_wconf 87' lang='lat' dir='ltr'><strong>plebecula</strong></span> <span class='ocrx_word' id='word_1_424' title='bbox 2776 2565 2882 2607; x_wconf 90' lang='lat' dir='ltr'><strong>tam</strong></span> <span class='ocrx_word' id='word_1_425' title='bbox 2924 2553 3133 2608; x_wconf 90' lang='lat' dir='ltr'><strong>levibus</strong></span> <span class='ocrx_word' id='word_1_426' title='bbox 3158 2553 3467 2619; x_wconf 78' lang='lat' dir='ltr'><strong>capiebatur</strong></span> <span class='ocrx_word' id='word_1_427' title='bbox 3508 2553 3718 2606; x_wconf 81' lang='lat' dir='ltr'><strong>rationi-</strong></span> 
     </span>
    </p>
   </div>
   <div class='ocr_carea' id='block_1_57' title="bbox 2149 2642 3717 2713">
    <p class='ocr_par' dir='ltr' id='par_1_57' title="bbox 2149 2642 3717 2713">
     <span class='ocr_line' id='line_1_57' title="bbox 2149 2642 3717 2713; baseline -0.001 -16"><span class='ocrx_word' id='word_1_428' title='bbox 2149 2644 2249 2698; x_wconf 87' lang='lat' dir='ltr'><strong>bus</strong></span> <span class='ocrx_word' id='word_1_429' title='bbox 2278 2659 2436 2713; x_wconf 82' lang='lat' dir='ltr'><strong>quam</strong></span> <span class='ocrx_word' id='word_1_430' title='bbox 2462 2644 2731 2713; x_wconf 74' lang='lat' dir='ltr'><strong>gravibus,</strong></span> <span class='ocrx_word' id='word_1_431' title='bbox 2755 2657 2851 2699; x_wconf 91' lang='lat' dir='ltr'><strong>eos</strong></span> <span class='ocrx_word' id='word_1_432' title='bbox 2884 2643 3176 2712; x_wconf 86' lang='lat' dir='ltr'><strong>arripuisse</strong></span> <span class='ocrx_word' id='word_1_433' title='bbox 3207 2642 3308 2697; x_wconf 89' lang='lat' dir='ltr'><strong>hoc</strong></span> <span class='ocrx_word' id='word_1_434' title='bbox 3332 2653 3717 2711; x_wconf 84' lang='lat' dir='ltr'><strong>argumentum,</strong></span> 
     </span>
    </p>
   </div>
   <div class='ocr_carea' id='block_1_58' title="bbox 2151 2733 3717 2805">
    <p class='ocr_par' dir='ltr' id='par_1_58' title="bbox 2151 2733 3717 2805">
     <span class='ocr_line' id='line_1_58' title="bbox 2151 2733 3717 2805; baseline -0.001 -16"><span class='ocrx_word' id='word_1_435' title='bbox 2151 2744 2209 2789; x_wconf 93' lang='lat' dir='ltr'><strong>ut</strong></span> <span class='ocrx_word' id='word_1_436' title='bbox 2237 2735 2340 2788; x_wconf 85' lang='lat' dir='ltr'><strong>alia</strong></span> <span class='ocrx_word' id='word_1_437' title='bbox 2368 2736 2555 2801; x_wconf 89' lang='lat' dir='ltr'><strong>multa,</strong></span> <span class='ocrx_word' id='word_1_438' title='bbox 2585 2736 2709 2805; x_wconf 85' lang='lat' dir='ltr'><strong>quia</strong></span> <span class='ocrx_word' id='word_1_439' title='bbox 2731 2734 3065 2789; x_wconf 85' lang='lat' dir='ltr'><strong>conducebat</strong></span> <span class='ocrx_word' id='word_1_440' title='bbox 3100 2747 3298 2797; x_wconf 72' lang='lat' dir='ltr'><strong>causas,</strong></span> <span class='ocrx_word' id='word_1_441' title='bbox 3352 2748 3459 2787; x_wconf 92' lang='lat' dir='ltr'><strong>non</strong></span> <span class='ocrx_word' id='word_1_442' title='bbox 3486 2733 3605 2801; x_wconf 86' lang='lat' dir='ltr'><strong>quia</strong></span> <span class='ocrx_word' id='word_1_443' title='bbox 3636 2748 3717 2787; x_wconf 80' lang='lat' dir='ltr'><strong>ve-</strong></span> 
     </span>
    </p>
   </div>
   <div class='ocr_carea' id='block_1_59' title="bbox 2150 2824 3718 2895">
    <p class='ocr_par' dir='ltr' id='par_1_59' title="bbox 2150 2824 3718 2895">
     <span class='ocr_line' id='line_1_59' title="bbox 2150 2824 3718 2895; baseline 0 -17"><span class='ocrx_word' id='word_1_444' title='bbox 2150 2840 2267 2879; x_wconf 89' lang='lat' dir='ltr'><strong>rum</strong></span> <span class='ocrx_word' id='word_1_445' title='bbox 2300 2826 2367 2879; x_wconf 89' lang='lat' dir='ltr'><strong>iis</strong></span> <span class='ocrx_word' id='word_1_446' title='bbox 2387 2826 2686 2880; x_wconf 86' lang='lat' dir='ltr'><strong>videbatur.</strong></span> <span class='ocrx_word' id='word_1_447' title='bbox 2719 2824 2932 2895; x_wconf 84' lang='lat' dir='ltr'><strong>Alioqui</strong></span> <span class='ocrx_word' id='word_1_448' title='bbox 2958 2824 3004 2879; x_wconf 88' lang='lat' dir='ltr'><strong>si</strong></span> <span class='ocrx_word' id='word_1_449' title='bbox 3028 2825 3099 2878; x_wconf 89' lang='lat' dir='ltr'><strong>ita</strong></span> <span class='ocrx_word' id='word_1_450' title='bbox 3120 2824 3486 2879; x_wconf 89' lang='lat' dir='ltr'><strong>obbrutuisset</strong></span> <span class='ocrx_word' id='word_1_451' title='bbox 3508 2825 3572 2878; x_wconf 90' lang='lat' dir='ltr'><strong>iis</strong></span> <span class='ocrx_word' id='word_1_452' title='bbox 3586 2825 3718 2892; x_wconf 72' lang='lat' dir='ltr'><strong>pala~</strong></span> 
     </span>
    </p>
   </div>
   <div class='ocr_carea' id='block_1_60' title="bbox 2152 2914 3719 2996">
    <p class='ocr_par' dir='ltr' id='par_1_60' title="bbox 2152 2914 3719 2996">
     <span class='ocr_line' id='line_1_60' title="bbox 2152 2914 3719 2996; baseline 0 -27"><span class='ocrx_word' id='word_1_453' title='bbox 2152 2923 2284 2996; x_wconf 72' lang='lat' dir='ltr'><strong>tum,</strong></span> <span class='ocrx_word' id='word_1_454' title='bbox 2317 2923 2374 2969; x_wconf 86' lang='grc' dir='ltr'><strong>ιιι</strong></span> <span class='ocrx_word' id='word_1_455' title='bbox 2402 2916 2535 2970; x_wconf 84' lang='lat' dir='ltr'><strong>nihil</strong></span> <span class='ocrx_word' id='word_1_456' title='bbox 2583 2916 2672 2970; x_wconf 87' lang='lat' dir='ltr'><strong>hic</strong></span> <span class='ocrx_word' id='word_1_457' title='bbox 2713 2914 2971 2984; x_wconf 86' lang='lat' dir='ltr'><strong>suppositi</strong></span> <span class='ocrx_word' id='word_1_458' title='bbox 3000 2914 3521 2978; x_wconf 87' lang='lat' dir='ltr'><strong>animadverterent,</strong></span> <span class='ocrx_word' id='word_1_459' title='bbox 3554 2915 3719 2969; x_wconf 83' lang='lat' dir='ltr'><strong>nullos</strong></span> 
     </span>
    </p>
   </div>
   <div class='ocr_carea' id='block_1_61' title="bbox 2150 3002 3721 3075">
    <p class='ocr_par' dir='ltr' id='par_1_61' title="bbox 2150 3002 3721 3075">
     <span class='ocr_line' id='line_1_61' title="bbox 2150 3002 3721 3075; baseline -0.002 -16"><span class='ocrx_word' id='word_1_460' title='bbox 2150 3004 2455 3075; x_wconf 86' lang='lat' dir='ltr'><strong>suppositos</strong></span> <span class='ocrx_word' id='word_1_461' title='bbox 2481 3005 2620 3059; x_wconf 86' lang='lat' dir='ltr'><strong>fetus</strong></span> <span class='ocrx_word' id='word_1_462' title='bbox 2639 3020 2669 3059; x_wconf 89' lang='lat' dir='ltr'><strong>a</strong></span> <span class='ocrx_word' id='word_1_463' title='bbox 2691 3006 2940 3073; x_wconf 80' lang='lat' dir='ltr'><strong>genuinis</strong></span> <span class='ocrx_word' id='word_1_464' title='bbox 2961 3018 3243 3060; x_wconf 83' lang='lat' dir='ltr'><strong>secernere</strong></span> <span class='ocrx_word' id='word_1_465' title='bbox 3271 3003 3588 3072; x_wconf 82' lang='lat' dir='ltr'><strong>potuissent.</strong></span> <span class='ocrx_word' id='word_1_466' title='bbox 3611 3002 3721 3057; x_wconf 75' lang='lat' dir='ltr'><strong>Non</strong></span> 
     </span>
    </p>
   </div>
   <div class='ocr_carea' id='block_1_62' title="bbox 459 3088 3716 3169">
    <p class='ocr_par' dir='ltr' id='par_1_62' title="bbox 459 3088 3716 3169">
     <span class='ocr_line' id='line_1_62' title="bbox 459 3088 3716 3169; baseline -0.003 -19"><span class='ocrx_word' id='word_1_467' title='bbox 459 3100 556 3150; x_wconf 78' lang='lat' dir='ltr'><strong>tito</strong></span> <span class='ocrx_word' id='word_1_468' title='bbox 578 3114 679 3150; x_wconf 89' lang='lat' dir='ltr'><strong>non</strong></span> <span class='ocrx_word' id='word_1_469' title='bbox 712 3096 1005 3157; x_wconf 87' lang='lat' dir='ltr'><strong>credantur,</strong></span> <span class='ocrx_word' id='word_1_470' title='bbox 1030 3100 1282 3159; x_wconf 84' lang='lat' dir='ltr'><strong>putetque</strong></span> <span class='ocrx_word' id='word_1_471' title='bbox 1314 3091 1491 3158; x_wconf 89' lang='lat' dir='ltr'><strong>potius</strong></span> <span class='ocrx_word' id='word_1_472' title='bbox 1520 3104 1551 3143; x_wconf 88' lang='lat' dir='ltr'><strong>a</strong></span> <span class='ocrx_word' id='word_1_473' title='bbox 1576 3088 1907 3142; x_wconf 62' lang='lat' dir='ltr'><strong>daemonibus</strong></span> <span class='ocrx_word' id='word_1_474' title='bbox 1929 3097 2043 3141; x_wconf 83' lang='lat' dir='ltr'><strong>tur-</strong></span> <span class='ocrx_word' id='word_1_475' title='bbox 2073 3097 2119 3160; x_wconf 72' lang='grc' dir='ltr'><strong>ρ</strong></span> <span class='ocrx_word' id='word_1_476' title='bbox 2152 3099 2348 3169; x_wconf 66' lang='lat' dir='ltr'><strong>pamul-</strong></span> <span class='ocrx_word' id='word_1_477' title='bbox 2376 3097 2592 3166; x_wconf 73' lang='lat' dir='ltr'><strong>quidem</strong></span> <span class='ocrx_word' id='word_1_478' title='bbox 2625 3097 2860 3152; x_wconf 57' lang='lat' dir='ltr'><strong>historia</strong></span> <span class='ocrx_word' id='word_1_479' title='bbox 2898 3097 3028 3152; x_wconf 74' lang='lat' dir='ltr'><strong>ﬁdes</strong></span> <span class='ocrx_word' id='word_1_480' title='bbox 3067 3110 3165 3150; x_wconf 71' lang='lat' dir='ltr'><strong>nos</strong></span> <span class='ocrx_word' id='word_1_481' title='bbox 3190 3096 3436 3151; x_wconf 65' lang='lat' dir='ltr'><strong>dubitare</strong></span> <span class='ocrx_word' id='word_1_482' title='bbox 3462 3098 3584 3165; x_wconf 77' lang='lat' dir='ltr'><strong>quin</strong></span> <span class='ocrx_word' id='word_1_483' title='bbox 3614 3096 3716 3150; x_wconf 66' lang='lat' dir='ltr'><strong>(uc.</strong></span> 
     </span>
    </p>
   </div>
   <div class='ocr_carea' id='block_1_63' title="bbox 459 3177 2045 3252">
    <p class='ocr_par' dir='ltr' id='par_1_63' title="bbox 459 3177 2045 3252">
     <span class='ocr_line' id='line_1_63' title="bbox 459 3177 2045 3252; baseline -0.006 -10"><span class='ocrx_word' id='word_1_484' title='bbox 459 3188 635 3242; x_wconf 89' lang='lat' dir='ltr'><strong>batam</strong></span> <span class='ocrx_word' id='word_1_485' title='bbox 668 3185 830 3238; x_wconf 89' lang='lat' dir='ltr'><strong>fuisse</strong></span> <span class='ocrx_word' id='word_1_486' title='bbox 868 3181 1203 3252; x_wconf 81' lang='lat' dir='ltr'><strong>phantasiam</strong></span> <span class='ocrx_word' id='word_1_487' title='bbox 1252 3179 1548 3246; x_wconf 86' lang='lat' dir='ltr'><strong>hominum,</strong></span> <span class='ocrx_word' id='word_1_488' title='bbox 1597 3178 1686 3247; x_wconf 89' lang='lat' dir='ltr'><strong>qui</strong></span> <span class='ocrx_word' id='word_1_489' title='bbox 1732 3193 1841 3247; x_wconf 74' lang='lat' dir='ltr'><strong>pra:</strong></span> <span class='ocrx_word' id='word_1_490' title='bbox 1866 3177 2045 3233; x_wconf 86' lang='lat' dir='ltr'><strong>furore</strong></span> 
     </span>
    </p>
   </div>
   <div class='ocr_carea' id='block_1_64' title="bbox 459 3270 2042 3342">
    <p class='ocr_par' dir='ltr' id='par_1_64' title="bbox 459 3270 2042 3342">
     <span class='ocr_line' id='line_1_64' title="bbox 459 3270 2042 3342; baseline -0.006 -10"><span class='ocrx_word' id='word_1_491' title='bbox 459 3278 743 3332; x_wconf 87' lang='lat' dir='ltr'><strong>crederent</strong></span> <span class='ocrx_word' id='word_1_492' title='bbox 775 3290 834 3329; x_wconf 90' lang='lat' dir='ltr'><strong>se</strong></span> <span class='ocrx_word' id='word_1_493' title='bbox 862 3289 984 3329; x_wconf 87' lang='lat' dir='ltr'><strong>esse</strong></span> <span class='ocrx_word' id='word_1_494' title='bbox 1017 3273 1280 3342; x_wconf 87' lang='lat' dir='ltr'><strong>jnmenta.</strong></span> <span class='ocrx_word' id='word_1_495' title='bbox 1309 3271 1504 3325; x_wconf 88' lang='lat' dir='ltr'><strong>Postea</strong></span> <span class='ocrx_word' id='word_1_496' title='bbox 1536 3270 1697 3324; x_wconf 87' lang='lat' dir='ltr'><strong>etiam</strong></span> <span class='ocrx_word' id='word_1_497' title='bbox 1745 3279 1925 3323; x_wconf 89' lang='lat' dir='ltr'><strong>narrat</strong></span> <span class='ocrx_word' id='word_1_498' title='bbox 1949 3283 2042 3323; x_wconf 72' lang='lat' dir='ltr'><strong>ett.-</strong></span> 
     </span>
    </p>
   </div>
   <div class='ocr_carea' id='block_1_65' title="bbox 460 3359 2043 3439">
    <p class='ocr_par' dir='ltr' id='par_1_65' title="bbox 460 3359 2043 3439">
     <span class='ocr_line' id='line_1_65' title="bbox 460 3359 2043 3439; baseline -0.007 -17"><span class='ocrx_word' id='word_1_499' title='bbox 460 3369 665 3439; x_wconf 81' lang='lat' dir='ltr'><strong>jnsdam</strong></span> <span class='ocrx_word' id='word_1_500' title='bbox 699 3366 997 3422; x_wconf 61' lang='lat' dir='ltr'><strong>Praastantii</strong></span> <span class='ocrx_word' id='word_1_501' title='bbox 1044 3364 1198 3433; x_wconf 86' lang='lat' dir='ltr'><strong>patri,</strong></span> <span class='ocrx_word' id='word_1_502' title='bbox 1240 3369 1360 3431; x_wconf 91' lang='lat' dir='ltr'><strong>post</strong></span> <span class='ocrx_word' id='word_1_503' title='bbox 1385 3364 1525 3417; x_wconf 87' lang='lat' dir='ltr'><strong>casei</strong></span> <span class='ocrx_word' id='word_1_504' title='bbox 1554 3359 1815 3429; x_wconf 80' lang='lat' dir='ltr'><strong>ejusmodi</strong></span> <span class='ocrx_word' id='word_1_505' title='bbox 1863 3373 2043 3413; x_wconf 86' lang='lat' dir='ltr'><strong>come-</strong></span> 
     </span>
    </p>
   </div>
   <div class='ocr_carea' id='block_1_66' title="bbox 460 3448 2047 3527">
    <p class='ocr_par' dir='ltr' id='par_1_66' title="bbox 460 3448 2047 3527">
     <span class='ocr_line' id='line_1_66' title="bbox 460 3448 2047 3527; baseline -0.008 -11"><span class='ocrx_word' id='word_1_506' title='bbox 460 3462 713 3526; x_wconf 87' lang='lat' dir='ltr'><strong>stionem,</strong></span> <span class='ocrx_word' id='word_1_507' title='bbox 764 3459 867 3513; x_wconf 89' lang='lat' dir='ltr'><strong>tale</strong></span> <span class='ocrx_word' id='word_1_508' title='bbox 893 3457 1022 3527; x_wconf 88' lang='lat' dir='ltr'><strong>quid</strong></span> <span class='ocrx_word' id='word_1_509' title='bbox 1049 3460 1101 3510; x_wconf 90' lang='lat' dir='ltr'><strong>in</strong></span> <span class='ocrx_word' id='word_1_510' title='bbox 1133 3455 1339 3509; x_wconf 90' lang='lat' dir='ltr'><strong>somnis</strong></span> <span class='ocrx_word' id='word_1_511' title='bbox 1367 3453 1675 3521; x_wconf 87' lang='lat' dir='ltr'><strong>contigisse.</strong></span> <span class='ocrx_word' id='word_1_512' title='bbox 1707 3450 1812 3506; x_wconf 91' lang='lat' dir='ltr'><strong>Sed</strong></span> <span class='ocrx_word' id='word_1_513' title='bbox 1848 3451 1897 3504; x_wconf 90' lang='lat' dir='ltr'><strong>si</strong></span> <span class='ocrx_word' id='word_1_514' title='bbox 1942 3448 2047 3504; x_wconf 87' lang='lat' dir='ltr'><strong>hoc</strong></span> 
     </span>
    </p>
   </div>
   <div class='ocr_carea' id='block_1_67' title="bbox 462 3539 2046 3620">
    <p class='ocr_par' dir='ltr' id='par_1_67' title="bbox 462 3539 2046 3620">
     <span class='ocr_line' id='line_1_67' title="bbox 462 3539 2046 3620; baseline -0.009 -11"><span class='ocrx_word' id='word_1_515' title='bbox 462 3556 612 3609; x_wconf 78' lang='lat' dir='ltr'><strong>fieret</strong></span> <span class='ocrx_word' id='word_1_516' title='bbox 660 3565 760 3620; x_wconf 88' lang='lat' dir='ltr'><strong>ope</strong></span> <span class='ocrx_word' id='word_1_517' title='bbox 808 3549 1141 3612; x_wconf 73' lang='lat' dir='ltr'><strong>daemonum,</strong></span> <span class='ocrx_word' id='word_1_518' title='bbox 1189 3545 1324 3611; x_wconf 82' lang='lat' dir='ltr'><strong>quid‘</strong></span> <span class='ocrx_word' id='word_1_519' title='bbox 1359 3544 1465 3598; x_wconf 88' lang='lat' dir='ltr'><strong>illis</strong></span> <span class='ocrx_word' id='word_1_520' title='bbox 1495 3557 1632 3613; x_wconf 82' lang='lat' dir='ltr'><strong>Opus</strong></span> <span class='ocrx_word' id='word_1_521' title='bbox 1653 3540 1755 3595; x_wconf 86' lang='lat' dir='ltr'><strong>l‘uit</strong></span> <span class='ocrx_word' id='word_1_522' title='bbox 1780 3539 2046 3596; x_wconf 85' lang='lat' dir='ltr'><strong>medicato</strong></span> 
     </span>
    </p>
   </div>
   <div class='ocr_carea' id='block_1_68' title="bbox 462 3631 2047 3703">
    <p class='ocr_par' dir='ltr' id='par_1_68' title="bbox 462 3631 2047 3703">
     <span class='ocr_line' id='line_1_68' title="bbox 462 3631 2047 3703; baseline -0.009 -4"><span class='ocrx_word' id='word_1_523' title='bbox 462 3643 623 3699; x_wconf 83' lang='lat' dir='ltr'><strong>cibo?</strong></span> <span class='ocrx_word' id='word_1_524' title='bbox 654 3645 760 3697; x_wconf 84' lang='lat' dir='ltr'><strong>Aut</strong></span> <span class='ocrx_word' id='word_1_525' title='bbox 788 3642 833 3695; x_wconf 86' lang='lat' dir='ltr'><strong>si</strong></span> <span class='ocrx_word' id='word_1_526' title='bbox 865 3640 986 3694; x_wconf 87' lang='lat' dir='ltr'><strong>talis</strong></span> <span class='ocrx_word' id='word_1_527' title='bbox 1031 3639 1184 3694; x_wconf 84' lang='lat' dir='ltr'><strong>cibus</strong></span> <span class='ocrx_word' id='word_1_528' title='bbox 1228 3635 1283 3690; x_wconf 90' lang='lat' dir='ltr'><strong>id</strong></span> <span class='ocrx_word' id='word_1_529' title='bbox 1331 3635 1593 3702; x_wconf 75' lang='lat' dir='ltr'><strong>alliceret,</strong></span> <span class='ocrx_word' id='word_1_530' title='bbox 1627 3633 1754 3703; x_wconf 87' lang='lat' dir='ltr'><strong>quid</strong></span> <span class='ocrx_word' id='word_1_531' title='bbox 1784 3646 1917 3701; x_wconf 88' lang='lat' dir='ltr'><strong>opus</strong></span> <span class='ocrx_word' id='word_1_532' title='bbox 1946 3631 2047 3686; x_wconf 86' lang='lat' dir='ltr'><strong>fuit</strong></span> 
     </span>
    </p>
   </div>
   <div class='ocr_carea' id='block_1_69' title="bbox 462 3724 2044 3789">
    <p class='ocr_par' dir='ltr' id='par_1_69' title="bbox 462 3724 2044 3789">
     <span class='ocr_line' id='line_1_69' title="bbox 462 3724 2044 3789; baseline -0.007 -2"><span class='ocrx_word' id='word_1_533' title='bbox 462 3732 832 3789; x_wconf 65' lang='lat' dir='ltr'><strong>daemonibus?</strong></span> <span class='ocrx_word' id='word_1_534' title='bbox 874 3730 1141 3784; x_wconf 78' lang='lat' dir='ltr'><strong>Praeterea</strong></span> <span class='ocrx_word' id='word_1_535' title='bbox 1186 3727 1230 3780; x_wconf 88' lang='lat' dir='ltr'><strong>si</strong></span> <span class='ocrx_word' id='word_1_536' title='bbox 1285 3740 1353 3780; x_wconf 80' lang='lat' dir='ltr'><strong>ex</strong></span> <span class='ocrx_word' id='word_1_537' title='bbox 1385 3726 1605 3779; x_wconf 88' lang='lat' dir='ltr'><strong>arbitrio</strong></span> <span class='ocrx_word' id='word_1_538' title='bbox 1641 3724 1944 3777; x_wconf 72' lang='lat' dir='ltr'><strong>dremonum</strong></span> <span class='ocrx_word' id='word_1_539' title='bbox 1974 3724 2044 3776; x_wconf 90' lang='lat' dir='ltr'><strong>ita</strong></span> 
     </span>
    </p>
   </div>
   <div class='ocr_carea' id='block_1_70' title="bbox 461 3815 2048 3896">
    <p class='ocr_par' dir='ltr' id='par_1_70' title="bbox 461 3815 2048 3896">
     <span class='ocr_line' id='line_1_70' title="bbox 461 3815 2048 3896; baseline -0.009 -14"><span class='ocrx_word' id='word_1_540' title='bbox 461 3826 801 3896; x_wconf 85' lang='lat' dir='ltr'><strong>pependisset</strong></span> <span class='ocrx_word' id='word_1_541' title='bbox 830 3821 1107 3874; x_wconf 89' lang='lat' dir='ltr'><strong>hominum</strong></span> <span class='ocrx_word' id='word_1_542' title='bbox 1149 3816 1446 3885; x_wconf 88' lang='lat' dir='ltr'><strong>phantasia,</strong></span> <span class='ocrx_word' id='word_1_543' title='bbox 1476 3823 1538 3869; x_wconf 89' lang='lat' dir='ltr'><strong>ut</strong></span> <span class='ocrx_word' id='word_1_544' title='bbox 1583 3829 1706 3878; x_wconf 89' lang='lat' dir='ltr'><strong>nec,</strong></span> <span class='ocrx_word' id='word_1_545' title='bbox 1746 3815 1869 3868; x_wconf 85' lang='lat' dir='ltr'><strong>cibo</strong></span> <span class='ocrx_word' id='word_1_546' title='bbox 1895 3828 2048 3869; x_wconf 84' lang='lat' dir='ltr'><strong>sum-</strong></span> 
     </span>
    </p>
   </div>
   <div class='ocr_carea' id='block_1_71' title="bbox 462 3906 2045 3986">
    <p class='ocr_par' dir='ltr' id='par_1_71' title="bbox 462 3906 2045 3986">
     <span class='ocr_line' id='line_1_71' title="bbox 462 3906 2045 3986; baseline -0.008 -14"><span class='ocrx_word' id='word_1_547' title='bbox 462 3928 574 3986; x_wconf 87' lang='lat' dir='ltr'><strong>pto,</strong></span> <span class='ocrx_word' id='word_1_548' title='bbox 605 3926 790 3969; x_wconf 88' lang='lat' dir='ltr'><strong>eorum</strong></span> <span class='ocrx_word' id='word_1_549' title='bbox 816 3912 865 3964; x_wconf 85' lang='lat' dir='ltr'><strong>vi</strong></span> <span class='ocrx_word' id='word_1_550' title='bbox 892 3910 1148 3964; x_wconf 88' lang='lat' dir='ltr'><strong>resistere</strong></span> <span class='ocrx_word' id='word_1_551' title='bbox 1177 3906 1422 3961; x_wconf 87' lang='lat' dir='ltr'><strong>homines</strong></span> <span class='ocrx_word' id='word_1_552' title='bbox 1449 3915 1689 3976; x_wconf 89' lang='lat' dir='ltr'><strong>possent,</strong></span> <span class='ocrx_word' id='word_1_553' title='bbox 1738 3922 1835 3961; x_wconf 89' lang='lat' dir='ltr'><strong>nec</strong></span> <span class='ocrx_word' id='word_1_554' title='bbox 1866 3907 2045 3962; x_wconf 80' lang='lat' dir='ltr'><strong>turba-</strong></span> 
     </span>
    </p>
   </div>
   <div class='ocr_carea' id='block_1_72' title="bbox 463 3999 2045 4073">
    <p class='ocr_par' dir='ltr' id='par_1_72' title="bbox 463 3999 2045 4073">
     <span class='ocr_line' id='line_1_72' title="bbox 463 3999 2045 4073; baseline -0.005 -12"><span class='ocrx_word' id='word_1_555' title='bbox 463 4018 532 4061; x_wconf 74' lang='lat' dir='ltr'><strong>tre</strong></span> <span class='ocrx_word' id='word_1_556' title='bbox 583 4002 875 4073; x_wconf 69' lang='lat' dir='ltr'><strong>phantasia:</strong></span> <span class='ocrx_word' id='word_1_557' title='bbox 925 4001 1187 4070; x_wconf 87' lang='lat' dir='ltr'><strong>imagines</strong></span> <span class='ocrx_word' id='word_1_558' title='bbox 1211 3999 1446 4065; x_wconf 85' lang='lat' dir='ltr'><strong>vincere,</strong></span> <span class='ocrx_word' id='word_1_559' title='bbox 1495 4014 1600 4053; x_wconf 90' lang='lat' dir='ltr'><strong>non</strong></span> <span class='ocrx_word' id='word_1_560' title='bbox 1643 4000 1893 4067; x_wconf 83' lang='lat' dir='ltr'><strong>exiguum</strong></span> <span class='ocrx_word' id='word_1_561' title='bbox 1942 3999 2045 4053; x_wconf 92' lang='lat' dir='ltr'><strong>hoc</strong></span> 
     </span>
    </p>
   </div>
   <div class='ocr_carea' id='block_1_73' title="bbox 465 4090 2040 4163">
    <p class='ocr_par' dir='ltr' id='par_1_73' title="bbox 465 4090 2040 4163">
     <span class='ocr_line' id='line_1_73' title="bbox 465 4090 2040 4163; baseline -0.003 -12"><span class='ocrx_word' id='word_1_562' title='bbox 465 4098 649 4151; x_wconf 78' lang='lat' dir='ltr'><strong>fuisset</strong></span> <span class='ocrx_word' id='word_1_563' title='bbox 682 4092 1001 4163; x_wconf 83' lang='lat' dir='ltr'><strong>prodigium.</strong></span> <span class='ocrx_word' id='word_1_564' title='bbox 1034 4090 1215 4161; x_wconf 88' lang='lat' dir='ltr'><strong>Itaque</strong></span> <span class='ocrx_word' id='word_1_565' title='bbox 1247 4092 1416 4147; x_wconf 88' lang='lat' dir='ltr'><strong>satius</strong></span> <span class='ocrx_word' id='word_1_566' title='bbox 1456 4091 1554 4145; x_wconf 88' lang='lat' dir='ltr'><strong>fuit</strong></span> <span class='ocrx_word' id='word_1_567' title='bbox 1608 4091 2040 4146; x_wconf 87' lang='lat' dir='ltr'><strong>muliercularum</strong></span> 
     </span>
    </p>
   </div>
   <div class='ocr_carea' id='block_1_74' title="bbox 464 4186 2042 4259">
    <p class='ocr_par' dir='ltr' id='par_1_74' title="bbox 464 4186 2042 4259">
     <span class='ocr_line' id='line_1_74' title="bbox 464 4186 2042 4259; baseline -0.003 -14"><span class='ocrx_word' id='word_1_568' title='bbox 464 4191 713 4259; x_wconf 87' lang='lat' dir='ltr'><strong>figmenta</strong></span> <span class='ocrx_word' id='word_1_569' title='bbox 740 4196 921 4257; x_wconf 88' lang='lat' dir='ltr'><strong>aperte</strong></span> <span class='ocrx_word' id='word_1_570' title='bbox 952 4202 1169 4259; x_wconf 88' lang='lat' dir='ltr'><strong>negare,</strong></span> <span class='ocrx_word' id='word_1_571' title='bbox 1199 4202 1358 4258; x_wconf 87' lang='lat' dir='ltr'><strong>quam</strong></span> <span class='ocrx_word' id='word_1_572' title='bbox 1409 4202 1589 4243; x_wconf 87' lang='lat' dir='ltr'><strong>rerum</strong></span> <span class='ocrx_word' id='word_1_573' title='bbox 1641 4186 1905 4256; x_wconf 86' lang='lat' dir='ltr'><strong>ejusmodi</strong></span> <span class='ocrx_word' id='word_1_574' title='bbox 1951 4202 2042 4240; x_wconf 86' lang='lat' dir='ltr'><strong>ra-</strong></span> 
     </span>
    </p>
   </div>
   <div class='ocr_carea' id='block_1_75' title="bbox 464 4286 924 4349">
    <p class='ocr_par' dir='ltr' id='par_1_75' title="bbox 464 4286 924 4349">
     <span class='ocr_line' id='line_1_75' title="bbox 464 4286 924 4349; baseline -0.011 -12"><span class='ocrx_word' id='word_1_575' title='bbox 464 4286 635 4337; x_wconf 89' lang='lat' dir='ltr'><strong>tiones</strong></span> <span class='ocrx_word' id='word_1_576' title='bbox 662 4296 924 4349; x_wconf 69' lang='lat' dir='ltr'><strong>quaerere.</strong></span> 
     </span>
    </p>
   </div>
   <div class='ocr_carea' id='block_1_76' title="bbox 533 4371 2044 4443">
    <p class='ocr_par' dir='ltr' id='par_1_76' title="bbox 533 4371 2044 4443">
     <span class='ocr_line' id='line_1_76' title="bbox 533 4371 2044 4443; baseline -0.004 -13"><span class='ocrx_word' id='word_1_577' title='bbox 533 4375 666 4443; x_wconf 88' lang='lat' dir='ltr'><strong>Cap.</strong></span> <span class='ocrx_word' id='word_1_578' title='bbox 695 4373 785 4427; x_wconf 60' lang='grc' dir='ltr'><strong>Ἡ.</strong></span> <span class='ocrx_word' id='word_1_579' title='bbox 822 4372 1085 4442; x_wconf 86' lang='lat' dir='ltr'><strong>Siquidem</strong></span> <span class='ocrx_word' id='word_1_580' title='bbox 1111 4379 1223 4442; x_wconf 89' lang='lat' dir='ltr'><strong>post</strong></span> <span class='ocrx_word' id='word_1_581' title='bbox 1270 4371 1401 4424; x_wconf 86' lang='lat' dir='ltr'><strong>illud</strong></span> <span class='ocrx_word' id='word_1_582' title='bbox 1440 4372 1716 4427; x_wconf 77' lang='lat' dir='ltr'><strong>maximum</strong></span> <span class='ocrx_word' id='word_1_583' title='bbox 1746 4379 1896 4441; x_wconf 86' lang='lat' dir='ltr'><strong>atque</strong></span> <span class='ocrx_word' id='word_1_584' title='bbox 1924 4373 2044 4425; x_wconf 81' lang='lat' dir='ltr'><strong>uni-</strong></span> 
     </span>
    </p>
   </div>
   <div class='ocr_carea' id='block_1_77' title="bbox 2151 3186 3717 3257">
    <p class='ocr_par' dir='ltr' id='par_1_77' title="bbox 2151 3186 3717 3257">
     <span class='ocr_line' id='line_1_77' title="bbox 2151 3186 3717 3257; baseline -0.002 -17"><span class='ocrx_word' id='word_1_585' title='bbox 2151 3189 2258 3242; x_wconf 90' lang='lat' dir='ltr'><strong>rint</strong></span> <span class='ocrx_word' id='word_1_586' title='bbox 2286 3188 2515 3241; x_wconf 68' lang='lat' dir='ltr'><strong>fatidica:</strong></span> <span class='ocrx_word' id='word_1_587' title='bbox 2540 3187 2782 3257; x_wconf 65' lang='lat' dir='ltr'><strong>quaadam</strong></span> <span class='ocrx_word' id='word_1_588' title='bbox 2832 3187 3085 3241; x_wconf 87' lang='lat' dir='ltr'><strong>mulieres</strong></span> <span class='ocrx_word' id='word_1_589' title='bbox 3117 3200 3235 3255; x_wconf 65' lang='lat' dir='ltr'><strong>quas</strong></span> <span class='ocrx_word' id='word_1_590' title='bbox 3274 3186 3419 3240; x_wconf 85' lang='lat' dir='ltr'><strong>varia</strong></span> <span class='ocrx_word' id='word_1_591' title='bbox 3451 3186 3717 3254; x_wconf 62' lang='lat' dir='ltr'><strong>praedixis-</strong></span> 
     </span>
    </p>
   </div>
   <div class='ocr_carea' id='block_1_78' title="bbox 2147 3273 3718 3346">
    <p class='ocr_par' dir='ltr' id='par_1_78' title="bbox 2147 3273 3718 3346">
     <span class='ocr_line' id='line_1_78' title="bbox 2147 3273 3718 3346; baseline -0.003 -13"><span class='ocrx_word' id='word_1_592' title='bbox 2147 3286 2288 3342; x_wconf 90' lang='lat' dir='ltr'><strong>sent,</strong></span> <span class='ocrx_word' id='word_1_593' title='bbox 2315 3278 2380 3332; x_wconf 90' lang='lat' dir='ltr'><strong>de</strong></span> <span class='ocrx_word' id='word_1_594' title='bbox 2411 3277 2638 3345; x_wconf 89' lang='lat' dir='ltr'><strong>imperio</strong></span> <span class='ocrx_word' id='word_1_595' title='bbox 2688 3277 2992 3346; x_wconf 69' lang='lat' dir='ltr'><strong>prmsertim</strong></span> <span class='ocrx_word' id='word_1_596' title='bbox 3046 3273 3312 3342; x_wconf 84' lang='lat' dir='ltr'><strong>Romano,</strong></span> <span class='ocrx_word' id='word_1_597' title='bbox 3342 3276 3437 3329; x_wconf 89' lang='lat' dir='ltr'><strong>sed</strong></span> <span class='ocrx_word' id='word_1_598' title='bbox 3467 3275 3555 3329; x_wconf 88' lang='lat' dir='ltr'><strong>illa</strong></span> <span class='ocrx_word' id='word_1_599' title='bbox 3592 3274 3718 3329; x_wconf 85' lang='lat' dir='ltr'><strong>nihil</strong></span> 
     </span>
    </p>
   </div>
   <div class='ocr_carea' id='block_1_79' title="bbox 2145 3365 3717 3438">
    <p class='ocr_par' dir='ltr' id='par_1_79' title="bbox 2145 3365 3717 3438">
     <span class='ocr_line' id='line_1_79' title="bbox 2145 3365 3717 3438; baseline -0.003 -15"><span class='ocrx_word' id='word_1_600' title='bbox 2145 3370 2212 3424; x_wconf 88' lang='lat' dir='ltr'><strong>ad</strong></span> <span class='ocrx_word' id='word_1_601' title='bbox 2240 3368 2596 3423; x_wconf 87' lang='lat' dir='ltr'><strong>Christianam</strong></span> <span class='ocrx_word' id='word_1_602' title='bbox 2648 3369 2982 3438; x_wconf 90' lang='lat' dir='ltr'><strong>religionem.</strong></span> <span class='ocrx_word' id='word_1_603' title='bbox 3028 3365 3388 3431; x_wconf 88' lang='lat' dir='ltr'><strong>Crediderim,</strong></span> <span class='ocrx_word' id='word_1_604' title='bbox 3445 3374 3505 3420; x_wconf 93' lang='lat' dir='ltr'><strong>ut</strong></span> <span class='ocrx_word' id='word_1_605' title='bbox 3552 3379 3717 3419; x_wconf 83' lang='lat' dir='ltr'><strong>meam</strong></span> 
     </span>
    </p>
   </div>
   <div class='ocr_carea' id='block_1_80' title="bbox 2147 3456 3719 3531">
    <p class='ocr_par' dir='ltr' id='par_1_80' title="bbox 2147 3456 3719 3531">
     <span class='ocr_line' id='line_1_80' title="bbox 2147 3456 3719 3531; baseline -0.004 -16"><span class='ocrx_word' id='word_1_606' title='bbox 2147 3476 2363 3531; x_wconf 89' lang='lat' dir='ltr'><strong>quoque</strong></span> <span class='ocrx_word' id='word_1_607' title='bbox 2382 3460 2744 3529; x_wconf 82' lang='lat' dir='ltr'><strong>conjecturam</strong></span> <span class='ocrx_word' id='word_1_608' title='bbox 2772 3460 3032 3527; x_wconf 89' lang='lat' dir='ltr'><strong>aperiam,</strong></span> <span class='ocrx_word' id='word_1_609' title='bbox 3060 3456 3313 3512; x_wconf 88' lang='lat' dir='ltr'><strong>fanaticas</strong></span> <span class='ocrx_word' id='word_1_610' title='bbox 3336 3457 3458 3511; x_wconf 88' lang='lat' dir='ltr'><strong>illas</strong></span> <span class='ocrx_word' id='word_1_611' title='bbox 3478 3457 3719 3511; x_wconf 85' lang='lat' dir='ltr'><strong>mulieres</strong></span> 
     </span>
    </p>
   </div>
   <div class='ocr_carea' id='block_1_81' title="bbox 2146 3546 3716 3616">
    <p class='ocr_par' dir='ltr' id='par_1_81' title="bbox 2146 3546 3716 3616">
     <span class='ocr_line' id='line_1_81' title="bbox 2146 3546 3716 3616; baseline -0.004 -9"><span class='ocrx_word' id='word_1_612' title='bbox 2146 3568 2342 3607; x_wconf 86' lang='lat' dir='ltr'><strong>nomen</strong></span> <span class='ocrx_word' id='word_1_613' title='bbox 2389 3552 2459 3607; x_wconf 89' lang='lat' dir='ltr'><strong>ab</strong></span> <span class='ocrx_word' id='word_1_614' title='bbox 2502 3554 2742 3616; x_wconf 79' lang='lat' dir='ltr'><strong>Oriente,</strong></span> <span class='ocrx_word' id='word_1_615' title='bbox 2798 3565 2903 3605; x_wconf 88' lang='lat' dir='ltr'><strong>una</strong></span> <span class='ocrx_word' id='word_1_616' title='bbox 2948 3565 3068 3605; x_wconf 88' lang='lat' dir='ltr'><strong>cum</strong></span> <span class='ocrx_word' id='word_1_617' title='bbox 3098 3558 3213 3603; x_wconf 91' lang='lat' dir='ltr'><strong>arte</strong></span> <span class='ocrx_word' id='word_1_618' title='bbox 3239 3546 3557 3616; x_wconf 89' lang='lat' dir='ltr'><strong>decipiendi,</strong></span> <span class='ocrx_word' id='word_1_619' title='bbox 3585 3556 3716 3601; x_wconf 86' lang='lat' dir='ltr'><strong>attu-</strong></span> 
     </span>
    </p>
   </div>
   <div class='ocr_carea' id='block_1_82' title="bbox 2154 3639 3718 3713">
    <p class='ocr_par' dir='ltr' id='par_1_82' title="bbox 2154 3639 3718 3713">
     <span class='ocr_line' id='line_1_82' title="bbox 2154 3639 3718 3713; baseline -0.005 -15"><span class='ocrx_word' id='word_1_620' title='bbox 2154 3644 2299 3709; x_wconf 88' lang='lat' dir='ltr'><strong>lisse,</strong></span> <span class='ocrx_word' id='word_1_621' title='bbox 2328 3653 2383 3698; x_wconf 90' lang='lat' dir='ltr'><strong>ct</strong></span> <span class='ocrx_word' id='word_1_622' title='bbox 2409 3644 2580 3700; x_wconf 87' lang='lat' dir='ltr'><strong>dictas</strong></span> <span class='ocrx_word' id='word_1_623' title='bbox 2606 3643 2818 3713; x_wconf 78' lang='lat' dir='ltr'><strong>sibyllas</strong></span> <span class='ocrx_word' id='word_1_624' title='bbox 2842 3657 2873 3696; x_wconf 83' lang='lat' dir='ltr'><strong>a</strong></span> <span class='ocrx_word' id='word_1_625' title='bbox 2898 3642 3120 3704; x_wconf 66' lang='lat' dir='ltr'><strong>Graecis,</strong></span> <span class='ocrx_word' id='word_1_626' title='bbox 3142 3639 3285 3709; x_wconf 90' lang='lat' dir='ltr'><strong>quod</strong></span> <span class='ocrx_word' id='word_1_627' title='bbox 3315 3639 3591 3695; x_wconf 68' lang='lat' dir='ltr'><strong>thnices</strong></span> <span class='ocrx_word' id='word_1_628' title='bbox 3623 3652 3718 3691; x_wconf 78' lang='lat' dir='ltr'><strong>vo-</strong></span> 
     </span>
    </p>
   </div>
   <div class='ocr_carea' id='block_1_83' title="bbox 2149 3716 3709 3803">
    <p class='ocr_par' dir='ltr' id='par_1_83' title="bbox 2149 3716 3709 3803">
     <span class='ocr_line' id='line_1_83' title="bbox 2149 3716 3709 3803; baseline -0.005 -12"><span class='ocrx_word' id='word_1_629' title='bbox 2149 3746 2333 3791; x_wconf 86' lang='lat' dir='ltr'><strong>carent</strong></span> <span class='ocrx_word' id='word_1_630' title='bbox 2364 3735 2667 3803; x_wconf 87' lang='lat' dir='ltr'><strong>hnjusmodi</strong></span> <span class='ocrx_word' id='word_1_631' title='bbox 2697 3735 2975 3789; x_wconf 89' lang='lat' dir='ltr'><strong>mulierem</strong></span> <span class='ocrx_word' id='word_1_632' title='bbox 3004 3716 3187 3791; x_wconf 63' lang='lat' dir='ltr'><strong>abun:</strong></span> <span class='ocrx_word' id='word_1_633' title='bbox 3215 3730 3477 3797; x_wconf 88' lang='lat' dir='ltr'><strong>schebola,</strong></span> <span class='ocrx_word' id='word_1_634' title='bbox 3511 3731 3608 3784; x_wconf 90' lang='lat' dir='ltr'><strong>hoc</strong></span> <span class='ocrx_word' id='word_1_635' title='bbox 3627 3736 3709 3783; x_wconf 63' lang='lat' dir='ltr'><strong>est</strong></span> 
     </span>
    </p>
   </div>
   <div class='ocr_carea' id='block_1_84' title="bbox 2147 3824 3713 3898">
    <p class='ocr_par' dir='ltr' id='par_1_84' title="bbox 2147 3824 3713 3898">
     <span class='ocr_line' id='line_1_84' title="bbox 2147 3824 3713 3898; baseline -0.002 -16"><span class='ocrx_word' id='word_1_636' title='bbox 2147 3843 2261 3898; x_wconf 73' lang='lat' dir='ltr'><strong>quae</strong></span> <span class='ocrx_word' id='word_1_637' title='bbox 2277 3828 2622 3881; x_wconf 73' lang='lat' dir='ltr'><strong>consenescit:</strong></span> <span class='ocrx_word' id='word_1_638' title='bbox 2653 3842 2773 3881; x_wconf 88' lang='lat' dir='ltr'><strong>nam</strong></span> <span class='ocrx_word' id='word_1_639' title='bbox 2812 3826 3005 3881; x_wconf 68' lang='lat' dir='ltr'><strong>vetulas</strong></span> <span class='ocrx_word' id='word_1_640' title='bbox 3036 3832 3187 3880; x_wconf 90' lang='lat' dir='ltr'><strong>erant</strong></span> <span class='ocrx_word' id='word_1_641' title='bbox 3215 3824 3297 3879; x_wconf 69' lang='lat' dir='ltr'><strong>ba:</strong></span> <span class='ocrx_word' id='word_1_642' title='bbox 3312 3834 3480 3891; x_wconf 87' lang='lat' dir='ltr'><strong>vates,</strong></span> <span class='ocrx_word' id='word_1_643' title='bbox 3512 3838 3606 3879; x_wconf 82' lang='lat' dir='ltr'><strong>nec</strong></span> <span class='ocrx_word' id='word_1_644' title='bbox 3629 3836 3713 3879; x_wconf 74' lang='lat' dir='ltr'><strong>es-</strong></span> 
     </span>
    </p>
   </div>
   <div class='ocr_carea' id='block_1_85' title="bbox 2147 3915 3709 3985">
    <p class='ocr_par' dir='ltr' id='par_1_85' title="bbox 2147 3915 3709 3985">
     <span class='ocr_line' id='line_1_85' title="bbox 2147 3915 3709 3985; baseline -0.004 -13"><span class='ocrx_word' id='word_1_645' title='bbox 2147 3933 2264 3972; x_wconf 88' lang='lat' dir='ltr'><strong>rnm</strong></span> <span class='ocrx_word' id='word_1_646' title='bbox 2294 3928 2542 3973; x_wconf 89' lang='lat' dir='ltr'><strong>senectus</strong></span> <span class='ocrx_word' id='word_1_647' title='bbox 2569 3919 2745 3972; x_wconf 90' lang='lat' dir='ltr'><strong>minus</strong></span> <span class='ocrx_word' id='word_1_648' title='bbox 2772 3915 3051 3971; x_wconf 87' lang='lat' dir='ltr'><strong>decantata</strong></span> <span class='ocrx_word' id='word_1_649' title='bbox 3106 3915 3201 3970; x_wconf 87' lang='lat' dir='ltr'><strong>fuit</strong></span> <span class='ocrx_word' id='word_1_650' title='bbox 3253 3929 3412 3985; x_wconf 88' lang='lat' dir='ltr'><strong>quam</strong></span> <span class='ocrx_word' id='word_1_651' title='bbox 3451 3915 3709 3969; x_wconf 74' lang='lat' dir='ltr'><strong>vaticinia.</strong></span> 
     </span>
    </p>
   </div>
   <div class='ocr_carea' id='block_1_86' title="bbox 2145 4005 3712 4077">
    <p class='ocr_par' dir='ltr' id='par_1_86' title="bbox 2145 4005 3712 4077">
     <span class='ocr_line' id='line_1_86' title="bbox 2145 4005 3712 4077; baseline -0.003 -13"><span class='ocrx_word' id='word_1_652' title='bbox 2145 4007 2364 4064; x_wconf 87' lang='lat' dir='ltr'><strong>Ovidius</strong></span> <span class='ocrx_word' id='word_1_653' title='bbox 2393 4009 2610 4065; x_wconf 85' lang='lat' dir='ltr'><strong>Metam.</strong></span> <span class='ocrx_word' id='word_1_654' title='bbox 2644 4007 2743 4064; x_wconf 90' lang='lat' dir='ltr'><strong>lib.</strong></span> <span class='ocrx_word' id='word_1_655' title='bbox 2771 4022 2883 4074; x_wconf 78' lang='lat' dir='ltr'><strong>xw,</strong></span> <span class='ocrx_word' id='word_1_656' title='bbox 2920 4007 3046 4075; x_wconf 76' lang='grc'>152,</span> <span class='ocrx_word' id='word_1_657' title='bbox 3089 4008 3167 4061; x_wconf 90' lang='lat' dir='ltr'><strong>sic</strong></span> <span class='ocrx_word' id='word_1_658' title='bbox 3192 4005 3397 4063; x_wconf 87' lang='lat' dir='ltr'><strong>inducit</strong></span> <span class='ocrx_word' id='word_1_659' title='bbox 3422 4007 3712 4077; x_wconf 81' lang='lat' dir='ltr'><strong>loquentem</strong></span> 
     </span>
    </p>
   </div>
   <div class='ocr_carea' id='block_1_87' title="bbox 2145 4102 2427 4161">
    <p class='ocr_par' dir='ltr' id='par_1_87' title="bbox 2145 4102 2427 4161">
     <span class='ocr_line' id='line_1_87' title="bbox 2145 4102 2427 4161; baseline -0.004 -5"><span class='ocrx_word' id='word_1_660' title='bbox 2145 4102 2387 4159; x_wconf 87' lang='lat' dir='ltr'><strong>sibvllam</strong></span> <span class='ocrx_word' id='word_1_661' title='bbox 2412 4120 2427 4161; x_wconf 90' lang='lat'><strong>:</strong></span> 
     </span>
    </p>
   </div>
   <div class='ocr_carea' id='block_1_88' title="bbox 2206 4168 3344 4233">
    <p class='ocr_par' dir='ltr' id='par_1_88' title="bbox 2206 4168 3344 4233">
     <span class='ocr_line' id='line_1_88' title="bbox 2206 4168 3344 4233; baseline 0 -14"><span class='ocrx_word' id='word_1_662' title='bbox 2206 4168 2312 4221; x_wconf 75' lang='lat' dir='ltr'><strong>Lux</strong></span> <span class='ocrx_word' id='word_1_663' title='bbox 2334 4180 2518 4221; x_wconf 62' lang='lat' dir='ltr'><strong>aeterna</strong></span> <span class='ocrx_word' id='word_1_664' title='bbox 2537 4173 2651 4221; x_wconf 89' lang='lat' dir='ltr'><strong>mihi</strong></span> <span class='ocrx_word' id='word_1_665' title='bbox 2673 4172 2983 4233; x_wconf 74' lang='lat' dir='ltr'><strong>carituraque</strong></span> <span class='ocrx_word' id='word_1_666' title='bbox 3000 4168 3098 4220; x_wconf 84' lang='lat' dir='ltr'><strong>line</strong></span> <span class='ocrx_word' id='word_1_667' title='bbox 3116 4171 3344 4230; x_wconf 80' lang='lat' dir='ltr'><strong>dabatur,</strong></span> 
     </span>
    </p>
   </div>
   <div class='ocr_carea' id='block_1_89' title="bbox 2204 4232 3349 4294">
    <p class='ocr_par' dir='ltr' id='par_1_89' title="bbox 2204 4232 3349 4294">
     <span class='ocr_line' id='line_1_89' title="bbox 2204 4232 3349 4294; baseline -0.001 -15"><span class='ocrx_word' id='word_1_668' title='bbox 2204 4234 2256 4294; x_wconf 80' lang='lat' dir='ltr'><strong>Si</strong></span> <span class='ocrx_word' id='word_1_669' title='bbox 2276 4246 2385 4280; x_wconf 87' lang='lat' dir='ltr'><strong>mea</strong></span> <span class='ocrx_word' id='word_1_670' title='bbox 2409 4235 2663 4294; x_wconf 87' lang='lat' dir='ltr'><strong>virginitas</strong></span> <span class='ocrx_word' id='word_1_671' title='bbox 2684 4232 2872 4281; x_wconf 77' lang='lat' dir='ltr'><strong>thbo</strong></span> <span class='ocrx_word' id='word_1_672' title='bbox 2896 4232 3136 4294; x_wconf 82' lang='lat' dir='ltr'><strong>patuisset</strong></span> <span class='ocrx_word' id='word_1_673' title='bbox 3154 4233 3349 4279; x_wconf 83' lang='lat' dir='ltr'><strong>amanti.</strong></span> 
     </span>
    </p>
   </div>
   <div class='ocr_carea' id='block_1_90' title="bbox 2206 4292 3616 4365">
    <p class='ocr_par' dir='ltr' id='par_1_90' title="bbox 2206 4292 3616 4365">
     <span class='ocr_line' id='line_1_90' title="bbox 2206 4292 3616 4365; baseline 0.002 -25"><span class='ocrx_word' id='word_1_674' title='bbox 2206 4293 2330 4365; x_wconf 61' lang='lat' dir='ltr'><strong>Qum</strong></span> <span class='ocrx_word' id='word_1_675' title='bbox 2351 4292 2658 4365; x_wconf 54' lang='lat' dir='ltr'><strong>umentium</strong></span> <span class='ocrx_word' id='word_1_676' title='bbox 2678 4298 2863 4365; x_wconf 71' lang='lat' dir='ltr'><strong>sperat,</strong></span> <span class='ocrx_word' id='word_1_677' title='bbox 2888 4292 3003 4365; x_wconf 78' lang='lat' dir='ltr'><strong>dum</strong></span> <span class='ocrx_word' id='word_1_678' title='bbox 3027 4302 3448 4365; x_wconf 66' lang='lat' dir='ltr'><strong>praecorrumpere</strong></span> <span class='ocrx_word' id='word_1_679' title='bbox 3475 4292 3616 4343; x_wconf 81' lang='lat' dir='ltr'><strong>donis</strong></span> 
     </span>
    </p>
   </div>
   <div class='ocr_carea' id='block_1_91' title="bbox 2208 4353 3477 4416">
    <p class='ocr_par' dir='ltr' id='par_1_91' title="bbox 2208 4353 3477 4416">
     <span class='ocr_line' id='line_1_91' title="bbox 2208 4353 3477 4416; baseline -0.001 -13"><span class='ocrx_word' id='word_1_680' title='bbox 2208 4354 2287 4416; x_wconf 71' lang='lat' dir='ltr'><strong>Me</strong></span> <span class='ocrx_word' id='word_1_681' title='bbox 2311 4358 2463 4416; x_wconf 88' lang='lat' dir='ltr'><strong>cupit,</strong></span> <span class='ocrx_word' id='word_1_682' title='bbox 2486 4354 2645 4415; x_wconf 82' lang='lat' dir='ltr'><strong>Elige,</strong></span> <span class='ocrx_word' id='word_1_683' title='bbox 2672 4353 2756 4416; x_wconf 82' lang='lat' dir='ltr'><strong>ait,</strong></span> <span class='ocrx_word' id='word_1_684' title='bbox 2772 4354 2924 4416; x_wconf 60' lang='lat' dir='ltr'><strong>virgo</strong></span> <span class='ocrx_word' id='word_1_685' title='bbox 2942 4353 3152 4416; x_wconf 54' lang='lat' dir='ltr'><strong>(gemma,</strong></span> <span class='ocrx_word' id='word_1_686' title='bbox 3176 4353 3293 4416; x_wconf 88' lang='lat' dir='ltr'><strong>quid</strong></span> <span class='ocrx_word' id='word_1_687' title='bbox 3315 4360 3477 4415; x_wconf 81' lang='lat' dir='ltr'><strong>cptes,</strong></span> 
     </span>
    </p>
   </div>
   <div class='ocr_carea' id='block_1_92' title="bbox 2211 4412 3293 4477">
    <p class='ocr_par' dir='ltr' id='par_1_92' title="bbox 2211 4412 3293 4477">
     <span class='ocr_line' id='line_1_92' title="bbox 2211 4412 3293 4477; baseline -0.003 -14"><span class='ocrx_word' id='word_1_688' title='bbox 2211 4412 2403 4477; x_wconf 76' lang='lat' dir='ltr'><strong>thatis</strong></span> <span class='ocrx_word' id='word_1_689' title='bbox 2419 4412 2611 4477; x_wconf 79' lang='lat' dir='ltr'><strong>potiere</strong></span> <span class='ocrx_word' id='word_1_690' title='bbox 2632 4412 2745 4477; x_wconf 75' lang='lat' dir='ltr'><strong>tuis.</strong></span> <span class='ocrx_word' id='word_1_691' title='bbox 2771 4412 2874 4475; x_wconf 82' lang='lat' dir='ltr'><strong>Ego</strong></span> <span class='ocrx_word' id='word_1_692' title='bbox 2896 4412 3114 4477; x_wconf 80' lang='lat' dir='ltr'><strong>pulveris</strong></span> <span class='ocrx_word' id='word_1_693' title='bbox 3136 4412 3293 4462; x_wconf 82' lang='lat' dir='ltr'><strong>hausti</strong></span> 
     </span>
    </p>
   </div>
   <div class='ocr_carea' id='block_1_93' title="bbox 464 4459 3578 4537">
    <p class='ocr_par' dir='ltr' id='par_1_93' title="bbox 464 4459 3578 4537">
     <span class='ocr_line' id='line_1_93' title="bbox 464 4459 3578 4537; baseline -0.003 -16"><span class='ocrx_word' id='word_1_694' title='bbox 464 4466 654 4521; x_wconf 75' lang='lat' dir='ltr'><strong>versale</strong></span> <span class='ocrx_word' id='word_1_695' title='bbox 692 4464 966 4526; x_wconf 77' lang='lat' dir='ltr'><strong>diluvium,</strong></span> <span class='ocrx_word' id='word_1_696' title='bbox 1017 4478 1129 4515; x_wconf 90' lang='lat' dir='ltr'><strong>cum</strong></span> <span class='ocrx_word' id='word_1_697' title='bbox 1169 4463 1223 4514; x_wconf 87' lang='lat' dir='ltr'><strong>in</strong></span> <span class='ocrx_word' id='word_1_698' title='bbox 1264 4476 1385 4513; x_wconf 88' lang='lat' dir='ltr'><strong>arca</strong></span> <span class='ocrx_word' id='word_1_699' title='bbox 1412 4460 1465 4514; x_wconf 91' lang='grc' dir='ltr'><strong><em>Ν</em></strong></span> <span class='ocrx_word' id='word_1_700' title='bbox 1469 4479 1527 4516; x_wconf 90' lang='lat' dir='ltr'><strong>oe</strong></span> <span class='ocrx_word' id='word_1_701' title='bbox 1553 4473 1667 4517; x_wconf 83' lang='lat' dir='ltr'><strong>octo</strong></span> <span class='ocrx_word' id='word_1_702' title='bbox 1694 4463 1790 4516; x_wconf 89' lang='lat' dir='ltr'><strong>soli</strong></span> <span class='ocrx_word' id='word_1_703' title='bbox 1816 4464 2045 4516; x_wconf 86' lang='lat' dir='ltr'><strong>homines</strong></span> <span class='ocrx_word' id='word_1_704' title='bbox 2076 4459 2127 4518; x_wconf 87' lang='grc' dir='ltr'><strong>Ι)</strong></span> <span class='ocrx_word' id='word_1_705' title='bbox 2216 4459 2783 4537; x_wconf 46' lang='lat' dir='ltr'><strong>biiéﬁaéﬁ§_¢§ﬁﬁiﬁfu}ﬁ;</strong></span> <span class='ocrx_word' id='word_1_706' title='bbox 2807 4459 2924 4536; x_wconf 67' lang='grc' dir='ltr'><strong>(ἷύοῖ</strong></span> <span class='ocrx_word' id='word_1_707' title='bbox 2936 4459 3377 4537; x_wconf 51' lang='grc' dir='ltr'><strong>Ῑιάῇῥῖεἶὼἥῇοη</strong></span> <span class='ocrx_word' id='word_1_708' title='bbox 3400 4473 3578 4537; x_wconf 59' lang='lat' dir='ltr'><strong>punis,</strong></span> 
     </span>
    </p>
   </div>
   <div class='ocr_carea' id='block_1_94' title="bbox 464 4551 2044 4624">
    <p class='ocr_par' dir='ltr' id='par_1_94' title="bbox 464 4551 2044 4624">
     <span class='ocr_line' id='line_1_94' title="bbox 464 4551 2044 4624; baseline -0.004 -10"><span class='ocrx_word' id='word_1_709' title='bbox 464 4568 755 4624; x_wconf 81' lang='lat' dir='ltr'><strong>evaserunt,</strong></span> <span class='ocrx_word' id='word_1_710' title='bbox 786 4555 910 4609; x_wconf 90' lang='lat' dir='ltr'><strong>anni</strong></span> <span class='ocrx_word' id='word_1_711' title='bbox 952 4569 1054 4606; x_wconf 89' lang='lat' dir='ltr'><strong>non</strong></span> <span class='ocrx_word' id='word_1_712' title='bbox 1084 4551 1245 4605; x_wconf 85' lang='lat' dir='ltr'><strong>multo</strong></span> <span class='ocrx_word' id='word_1_713' title='bbox 1276 4554 1495 4620; x_wconf 85' lang='lat' dir='ltr'><strong>amplius</strong></span> <span class='ocrx_word' id='word_1_714' title='bbox 1519 4570 1671 4622; x_wconf 88' lang='lat' dir='ltr'><strong>quam</strong></span> <span class='ocrx_word' id='word_1_715' title='bbox 1710 4554 1851 4607; x_wconf 77' lang='lat' dir='ltr'><strong>mille</strong></span> <span class='ocrx_word' id='word_1_716' title='bbox 1874 4563 2044 4607; x_wconf 90' lang='lat' dir='ltr'><strong>trans-</strong></span> 
     </span>
    </p>
   </div>
   <div class='ocr_carea' id='block_1_95' title="bbox 464 4641 2043 4718">
    <p class='ocr_par' dir='ltr' id='par_1_95' title="bbox 464 4641 2043 4718">
     <span class='ocr_line' id='line_1_95' title="bbox 464 4641 2043 4718; baseline -0.005 -15"><span class='ocrx_word' id='word_1_717' title='bbox 464 4652 627 4703; x_wconf 85' lang='lat' dir='ltr'><strong>ierant</strong></span> <span class='ocrx_word' id='word_1_718' title='bbox 660 4647 864 4718; x_wconf 84' lang='lat' dir='ltr'><strong>quando</strong></span> <span class='ocrx_word' id='word_1_719' title='bbox 917 4643 1090 4698; x_wconf 86' lang='lat' dir='ltr'><strong>Ninus</strong></span> <span class='ocrx_word' id='word_1_720' title='bbox 1131 4642 1306 4696; x_wconf 83' lang='lat' dir='ltr'><strong>Asiam</strong></span> <span class='ocrx_word' id='word_1_721' title='bbox 1359 4650 1545 4708; x_wconf 88' lang='lat' dir='ltr'><strong>totam,</strong></span> <span class='ocrx_word' id='word_1_722' title='bbox 1588 4652 1796 4713; x_wconf 78' lang='lat' dir='ltr'><strong>excepta</strong></span> <span class='ocrx_word' id='word_1_723' title='bbox 1847 4641 2003 4696; x_wconf 88' lang='lat' dir='ltr'><strong>India</strong></span> <span class='ocrx_word' id='word_1_724' title='bbox 2029 4684 2043 4707; x_wconf 90' lang='lat'><strong>,</strong></span> 
     </span>
    </p>
   </div>
   <div class='ocr_carea' id='block_1_96' title="bbox 467 4734 2041 4814">
    <p class='ocr_par' dir='ltr' id='par_1_96' title="bbox 467 4734 2041 4814">
     <span class='ocr_line' id='line_1_96' title="bbox 467 4734 2041 4814; baseline -0.007 -15"><span class='ocrx_word' id='word_1_725' title='bbox 467 4738 825 4814; x_wconf 54' lang='lat' dir='ltr'><strong>subiugavit]</strong></span> <span class='ocrx_word' id='word_1_726' title='bbox 881 4738 1085 4793; x_wconf 83' lang='lat' dir='ltr'><strong>Revera</strong></span> <span class='ocrx_word' id='word_1_727' title='bbox 1141 4751 1209 4790; x_wconf 85' lang='lat' dir='ltr'><strong>ex</strong></span> <span class='ocrx_word' id='word_1_728' title='bbox 1256 4734 1460 4789; x_wconf 87' lang='lat' dir='ltr'><strong>calculo</strong></span> <span class='ocrx_word' id='word_1_729' title='bbox 1498 4734 1637 4787; x_wconf 79' lang='lat' dir='ltr'><strong>LXX</strong></span> <span class='ocrx_word' id='word_1_730' title='bbox 1665 4734 2041 4803; x_wconf 86' lang='lat' dir='ltr'><strong>interpretum,</strong></span> 
     </span>
    </p>
   </div>
   <div class='ocr_carea' id='block_1_97' title="bbox 466 4824 2044 4895">
    <p class='ocr_par' dir='ltr' id='par_1_97' title="bbox 466 4824 2044 4895">
     <span class='ocr_line' id='line_1_97' title="bbox 466 4824 2044 4895; baseline -0.005 -6"><span class='ocrx_word' id='word_1_731' title='bbox 466 4835 532 4889; x_wconf 84' lang='lat' dir='ltr'><strong>ad</strong></span> <span class='ocrx_word' id='word_1_732' title='bbox 563 4836 795 4889; x_wconf 86' lang='lat' dir='ltr'><strong>natalem</strong></span> <span class='ocrx_word' id='word_1_733' title='bbox 826 4830 1115 4887; x_wconf 84' lang='lat' dir='ltr'><strong>Abraltami</strong></span> <span class='ocrx_word' id='word_1_734' title='bbox 1137 4842 1332 4883; x_wconf 89' lang='lat' dir='ltr'><strong>annum</strong></span> <span class='ocrx_word' id='word_1_735' title='bbox 1365 4842 1469 4880; x_wconf 93' lang='lat' dir='ltr'><strong>non</strong></span> <span class='ocrx_word' id='word_1_736' title='bbox 1514 4824 1837 4880; x_wconf 78' lang='lat' dir='ltr'><strong>cflluxerunt</strong></span> <span class='ocrx_word' id='word_1_737' title='bbox 1866 4826 2044 4895; x_wconf 83' lang='lat' dir='ltr'><strong>plures</strong></span> 
     </span>
    </p>
   </div>
   <div class='ocr_carea' id='block_1_98' title="bbox 466 4917 2038 4990">
    <p class='ocr_par' dir='ltr' id='par_1_98' title="bbox 466 4917 2038 4990">
     <span class='ocr_line' id='line_1_98' title="bbox 466 4917 2038 4990; baseline -0.005 -11"><span class='ocrx_word' id='word_1_738' title='bbox 466 4924 593 4979; x_wconf 86' lang='lat' dir='ltr'><strong>anni</strong></span> <span class='ocrx_word' id='word_1_739' title='bbox 624 4939 780 4990; x_wconf 88' lang='lat' dir='ltr'><strong>quam</strong></span> <span class='ocrx_word' id='word_1_740' title='bbox 816 4925 972 4988; x_wconf 70' lang='lat'><strong>“32,</strong></span> <span class='ocrx_word' id='word_1_741' title='bbox 1022 4932 1078 4977; x_wconf 88' lang='lat' dir='ltr'><strong>ut</strong></span> <span class='ocrx_word' id='word_1_742' title='bbox 1104 4919 1338 4977; x_wconf 85' lang='lat' dir='ltr'><strong>ostendit</strong></span> <span class='ocrx_word' id='word_1_743' title='bbox 1364 4922 1579 4973; x_wconf 77' lang='lat' dir='ltr'><strong>lsaacns</strong></span> <span class='ocrx_word' id='word_1_744' title='bbox 1613 4918 1829 4973; x_wconf 81' lang='lat' dir='ltr'><strong>Vossius</strong></span> <span class='ocrx_word' id='word_1_745' title='bbox 1860 4919 1911 4973; x_wconf 91' lang='lat' dir='ltr'><strong>in</strong></span> <span class='ocrx_word' id='word_1_746' title='bbox 1943 4917 2038 4972; x_wconf 88' lang='lat' dir='ltr'><strong>lib.</strong></span> 
     </span>
    </p>
   </div>
   <div class='ocr_carea' id='block_1_99' title="bbox 467 5009 2041 5080">
    <p class='ocr_par' dir='ltr' id='par_1_99' title="bbox 467 5009 2041 5080">
     <span class='ocr_line' id='line_1_99' title="bbox 467 5009 2041 5080; baseline -0.005 -9"><span class='ocrx_word' id='word_1_747' title='bbox 467 5016 535 5071; x_wconf 89' lang='lat' dir='ltr'><strong>de</strong></span> <span class='ocrx_word' id='word_1_748' title='bbox 565 5013 746 5069; x_wconf 70' lang='lat' dir='ltr'><strong>IEtate</strong></span> <span class='ocrx_word' id='word_1_749' title='bbox 775 5013 978 5077; x_wconf 89' lang='lat' dir='ltr'><strong>mundi,</strong></span> <span class='ocrx_word' id='word_1_750' title='bbox 997 5027 1115 5080; x_wconf 86' lang='lat' dir='ltr'><strong>cap.</strong></span> <span class='ocrx_word' id='word_1_751' title='bbox 1147 5012 1201 5066; x_wconf 89' lang='lat'><strong>6.</strong></span> <span class='ocrx_word' id='word_1_752' title='bbox 1221 5011 1328 5066; x_wconf 89' lang='lat' dir='ltr'><strong>Sed</strong></span> <span class='ocrx_word' id='word_1_753' title='bbox 1350 5026 1469 5065; x_wconf 90' lang='lat' dir='ltr'><strong>cum</strong></span> <span class='ocrx_word' id='word_1_754' title='bbox 1493 5025 1523 5063; x_wconf 89' lang='lat' dir='ltr'><strong>a</strong></span> <span class='ocrx_word' id='word_1_755' title='bbox 1552 5010 1879 5080; x_wconf 86' lang='lat' dir='ltr'><strong>temporibus</strong></span> <span class='ocrx_word' id='word_1_756' title='bbox 1903 5009 2041 5063; x_wconf 86' lang='lat' dir='ltr'><strong>Pha-</strong></span> 
     </span>
    </p>
   </div>
   <div class='ocr_carea' id='block_1_100' title="bbox 468 5101 2040 5178">
    <p class='ocr_par' dir='ltr' id='par_1_100' title="bbox 468 5101 2040 5178">
     <span class='ocr_line' id='line_1_100' title="bbox 468 5101 2040 5178; baseline -0.006 -17"><span class='ocrx_word' id='word_1_757' title='bbox 468 5109 594 5178; x_wconf 85' lang='lat' dir='ltr'><strong>legi,</strong></span> <span class='ocrx_word' id='word_1_758' title='bbox 628 5103 819 5173; x_wconf 90' lang='lat' dir='ltr'><strong>quibus</strong></span> <span class='ocrx_word' id='word_1_759' title='bbox 846 5118 1014 5171; x_wconf 88' lang='lat' dir='ltr'><strong>genus</strong></span> <span class='ocrx_word' id='word_1_760' title='bbox 1037 5105 1320 5155; x_wconf 87' lang='lat' dir='ltr'><strong>humanum</strong></span> <span class='ocrx_word' id='word_1_761' title='bbox 1345 5103 1396 5155; x_wconf 91' lang='lat' dir='ltr'><strong>in</strong></span> <span class='ocrx_word' id='word_1_762' title='bbox 1426 5102 1601 5156; x_wconf 88' lang='lat' dir='ltr'><strong>varias</strong></span> <span class='ocrx_word' id='word_1_763' title='bbox 1629 5102 1758 5155; x_wconf 89' lang='lat' dir='ltr'><strong>abiit</strong></span> <span class='ocrx_word' id='word_1_764' title='bbox 1783 5101 2040 5164; x_wconf 90' lang='lat' dir='ltr'><strong>colonias,</strong></span> 
     </span>
    </p>
   </div>
   <div class='ocr_carea' id='block_1_101' title="bbox 468 5192 2045 5266">
    <p class='ocr_par' dir='ltr' id='par_1_101' title="bbox 468 5192 2045 5266">
     <span class='ocr_line' id='line_1_101' title="bbox 468 5192 2045 5266; baseline -0.005 -10"><span class='ocrx_word' id='word_1_765' title='bbox 468 5200 535 5256; x_wconf 85' lang='lat' dir='ltr'><strong>ad</strong></span> <span class='ocrx_word' id='word_1_766' title='bbox 563 5211 802 5266; x_wconf 86' lang='lat' dir='ltr'><strong>tempora</strong></span> <span class='ocrx_word' id='word_1_767' title='bbox 832 5192 974 5257; x_wconf 84' lang='lat' dir='ltr'><strong>Nini,</strong></span> <span class='ocrx_word' id='word_1_768' title='bbox 1006 5208 1069 5247; x_wconf 84' lang='lat' dir='ltr'><strong>ex</strong></span> <span class='ocrx_word' id='word_1_769' title='bbox 1096 5192 1285 5247; x_wconf 82' lang='lat' dir='ltr'><strong>eodem</strong></span> <span class='ocrx_word' id='word_1_770' title='bbox 1318 5195 1527 5249; x_wconf 84' lang='lat' dir='ltr'><strong>calculo</strong></span> <span class='ocrx_word' id='word_1_771' title='bbox 1568 5210 1675 5263; x_wconf 91' lang='lat' dir='ltr'><strong>quo</strong></span> <span class='ocrx_word' id='word_1_772' title='bbox 1702 5194 1950 5249; x_wconf 88' lang='lat' dir='ltr'><strong>statuitur</strong></span> <span class='ocrx_word' id='word_1_773' title='bbox 1978 5193 2045 5248; x_wconf 81' lang='lat' dir='ltr'><strong>ab</strong></span> 
     </span>
    </p>
   </div>
   <div class='ocr_carea' id='block_1_102' title="bbox 467 5285 2041 5355">
    <p class='ocr_par' dir='ltr' id='par_1_102' title="bbox 467 5285 2041 5355">
     <span class='ocr_line' id='line_1_102' title="bbox 467 5285 2041 5355; baseline -0.006 -6"><span class='ocrx_word' id='word_1_774' title='bbox 467 5291 703 5349; x_wconf 83' lang='lat' dir='ltr'><strong>Eusebio</strong></span> <span class='ocrx_word' id='word_1_775' title='bbox 729 5288 893 5343; x_wconf 80' lang='lat' dir='ltr'><strong>Ninus</strong></span> <span class='ocrx_word' id='word_1_776' title='bbox 920 5285 1075 5355; x_wconf 89' lang='lat' dir='ltr'><strong>paulo</strong></span> <span class='ocrx_word' id='word_1_777' title='bbox 1103 5292 1226 5338; x_wconf 87' lang='lat' dir='ltr'><strong>ante</strong></span> <span class='ocrx_word' id='word_1_778' title='bbox 1257 5292 1437 5339; x_wconf 88' lang='lat' dir='ltr'><strong>natum</strong></span> <span class='ocrx_word' id='word_1_779' title='bbox 1466 5286 1828 5339; x_wconf 86' lang='lat' dir='ltr'><strong>Abrahamum</strong></span> <span class='ocrx_word' id='word_1_780' title='bbox 1881 5287 2041 5341; x_wconf 85' lang='lat' dir='ltr'><strong>sube-</strong></span> 
     </span>
    </p>
   </div>
   <div class='ocr_carea' id='block_1_103' title="bbox 469 5373 2041 5453">
    <p class='ocr_par' dir='ltr' id='par_1_103' title="bbox 469 5373 2041 5453">
     <span class='ocr_line' id='line_1_103' title="bbox 469 5373 2041 5453; baseline -0.003 -18"><span class='ocrx_word' id='word_1_781' title='bbox 469 5388 609 5453; x_wconf 86' lang='lat' dir='ltr'><strong>gisse</strong></span> <span class='ocrx_word' id='word_1_782' title='bbox 638 5385 842 5448; x_wconf 87' lang='lat' dir='ltr'><strong>Asiam,</strong></span> <span class='ocrx_word' id='word_1_783' title='bbox 869 5392 975 5433; x_wconf 90' lang='lat' dir='ltr'><strong>non</strong></span> <span class='ocrx_word' id='word_1_784' title='bbox 999 5375 1297 5430; x_wconf 80' lang='lat' dir='ltr'><strong>efﬂuxerint</strong></span> <span class='ocrx_word' id='word_1_785' title='bbox 1325 5377 1492 5430; x_wconf 92' lang='lat' dir='ltr'><strong>multo</strong></span> <span class='ocrx_word' id='word_1_786' title='bbox 1520 5373 1700 5443; x_wconf 87' lang='lat' dir='ltr'><strong>plures</strong></span> <span class='ocrx_word' id='word_1_787' title='bbox 1728 5376 1833 5430; x_wconf 87' lang='lat'><strong>500</strong></span> <span class='ocrx_word' id='word_1_788' title='bbox 1866 5377 2041 5443; x_wconf 88' lang='lat' dir='ltr'><strong>annis,</strong></span> 
     </span>
    </p>
   </div>
   <div class='ocr_carea' id='block_1_104' title="bbox 472 5465 2043 5535">
    <p class='ocr_par' dir='ltr' id='par_1_104' title="bbox 472 5465 2043 5535">
     <span class='ocr_line' id='line_1_104' title="bbox 472 5465 2043 5535; baseline -0.003 -9"><span class='ocrx_word' id='word_1_789' title='bbox 472 5474 594 5527; x_wconf 87' lang='lat' dir='ltr'><strong>Asia</strong></span> <span class='ocrx_word' id='word_1_790' title='bbox 626 5475 757 5529; x_wconf 88' lang='lat' dir='ltr'><strong>nihil</strong></span> <span class='ocrx_word' id='word_1_791' title='bbox 789 5472 957 5529; x_wconf 82' lang='lat' dir='ltr'><strong>ferme</strong></span> <span class='ocrx_word' id='word_1_792' title='bbox 987 5467 1215 5524; x_wconf 88' lang='lat' dir='ltr'><strong>habebat</strong></span> <span class='ocrx_word' id='word_1_793' title='bbox 1244 5473 1436 5535; x_wconf 58' lang='lat' dir='ltr'><strong>praeter</strong></span> <span class='ocrx_word' id='word_1_794' title='bbox 1452 5465 1819 5530; x_wconf 88' lang='lat' dir='ltr'><strong>deserta,nam</strong></span> <span class='ocrx_word' id='word_1_795' title='bbox 1840 5466 1976 5520; x_wconf 89' lang='lat' dir='ltr'><strong>intra</strong></span> <span class='ocrx_word' id='word_1_796' title='bbox 1994 5467 2043 5521; x_wconf 92' lang='lat' dir='ltr'><strong>id</strong></span> 
     </span>
    </p>
   </div>
   <div class='ocr_carea' id='block_1_105' title="bbox 473 5555 2047 5631">
    <p class='ocr_par' dir='ltr' id='par_1_105' title="bbox 473 5555 2047 5631">
     <span class='ocr_line' id='line_1_105' title="bbox 473 5555 2047 5631; baseline 0 -19"><span class='ocrx_word' id='word_1_797' title='bbox 473 5571 681 5627; x_wconf 87' lang='lat' dir='ltr'><strong>tempus</strong></span> <span class='ocrx_word' id='word_1_798' title='bbox 710 5580 815 5616; x_wconf 88' lang='lat' dir='ltr'><strong>non</strong></span> <span class='ocrx_word' id='word_1_799' title='bbox 864 5567 1148 5631; x_wconf 88' lang='lat' dir='ltr'><strong>potuerunt</strong></span> <span class='ocrx_word' id='word_1_800' title='bbox 1182 5558 1251 5612; x_wconf 89' lang='lat' dir='ltr'><strong>ita</strong></span> <span class='ocrx_word' id='word_1_801' title='bbox 1283 5556 1461 5625; x_wconf 83' lang='lat' dir='ltr'><strong>augeri</strong></span> <span class='ocrx_word' id='word_1_802' title='bbox 1495 5555 1755 5622; x_wconf 88' lang='lat' dir='ltr'><strong>homines,</strong></span> <span class='ocrx_word' id='word_1_803' title='bbox 1786 5567 1845 5611; x_wconf 94' lang='lat' dir='ltr'><strong>ut</strong></span> <span class='ocrx_word' id='word_1_804' title='bbox 1874 5566 2047 5612; x_wconf 89' lang='lat' dir='ltr'><strong>tantos</strong></span> 
     </span>
    </p>
   </div>
   <div class='ocr_carea' id='block_1_106' title="bbox 474 5647 2048 5720">
    <p class='ocr_par' dir='ltr' id='par_1_106' title="bbox 474 5647 2048 5720">
     <span class='ocr_line' id='line_1_106' title="bbox 474 5647 2048 5720; baseline -0.002 -15"><span class='ocrx_word' id='word_1_805' title='bbox 474 5661 732 5705; x_wconf 80' lang='lat' dir='ltr'><strong>terrarum</strong></span> <span class='ocrx_word' id='word_1_806' title='bbox 763 5661 961 5707; x_wconf 87' lang='lat' dir='ltr'><strong>tractus</strong></span> <span class='ocrx_word' id='word_1_807' title='bbox 983 5651 1285 5720; x_wconf 85' lang='lat' dir='ltr'><strong>implerent.</strong></span> <span class='ocrx_word' id='word_1_808' title='bbox 1323 5649 1502 5718; x_wconf 87' lang='lat' dir='ltr'><strong>Itaque</strong></span> <span class='ocrx_word' id='word_1_809' title='bbox 1525 5647 1720 5704; x_wconf 88' lang='lat' dir='ltr'><strong>rectius</strong></span> <span class='ocrx_word' id='word_1_810' title='bbox 1740 5648 1935 5703; x_wconf 78' lang='lat' dir='ltr'><strong>iaciunt</strong></span> <span class='ocrx_word' id='word_1_811' title='bbox 1958 5647 2048 5717; x_wconf 84' lang='lat' dir='ltr'><strong>qui</strong></span> 
     </span>
    </p>
   </div>
   <div class='ocr_carea' id='block_1_107' title="bbox 2214 4535 3319 4596">
    <p class='ocr_par' dir='ltr' id='par_1_107' title="bbox 2214 4535 3319 4596">
     <span class='ocr_line' id='line_1_107' title="bbox 2214 4535 3319 4596; baseline -0.003 -10"><span class='ocrx_word' id='word_1_812' title='bbox 2214 4536 2306 4587; x_wconf 83' lang='lat' dir='ltr'><strong>Tot</strong></span> <span class='ocrx_word' id='word_1_813' title='bbox 2323 4538 2435 4585; x_wconf 84' lang='lat' dir='ltr'><strong>mihi</strong></span> <span class='ocrx_word' id='word_1_814' title='bbox 2462 4538 2644 4586; x_wconf 85' lang='lat' dir='ltr'><strong>natales</strong></span> <span class='ocrx_word' id='word_1_815' title='bbox 2665 4535 2954 4596; x_wconf 87' lang='lat' dir='ltr'><strong>contingere</strong></span> <span class='ocrx_word' id='word_1_816' title='bbox 2978 4547 3096 4584; x_wconf 80' lang='lat' dir='ltr'><strong>vana</strong></span> <span class='ocrx_word' id='word_1_817' title='bbox 3119 4535 3319 4596; x_wconf 84' lang='lat' dir='ltr'><strong>rogavi:</strong></span> 
     </span>
    </p>
   </div>
   <div class='ocr_carea' id='block_1_108' title="bbox 2218 4596 3523 4658">
    <p class='ocr_par' dir='ltr' id='par_1_108' title="bbox 2218 4596 3523 4658">
     <span class='ocr_line' id='line_1_108' title="bbox 2218 4596 3523 4658; baseline -0.005 -11"><span class='ocrx_word' id='word_1_818' title='bbox 2218 4598 2405 4647; x_wconf 71' lang='lat' dir='ltr'><strong>Excidit</strong></span> <span class='ocrx_word' id='word_1_819' title='bbox 2428 4605 2646 4658; x_wconf 75' lang='lat' dir='ltr'><strong>optarem</strong></span> <span class='ocrx_word' id='word_1_820' title='bbox 2666 4597 2879 4658; x_wconf 81' lang='lat' dir='ltr'><strong>juvenes</strong></span> <span class='ocrx_word' id='word_1_821' title='bbox 2898 4606 3093 4658; x_wconf 85' lang='lat' dir='ltr'><strong>quoque</strong></span> <span class='ocrx_word' id='word_1_822' title='bbox 3115 4596 3332 4658; x_wconf 81' lang='lat' dir='ltr'><strong>protinus</strong></span> <span class='ocrx_word' id='word_1_823' title='bbox 3356 4607 3523 4654; x_wconf 87' lang='lat' dir='ltr'><strong>annos,</strong></span> 
     </span>
    </p>
   </div>
   <div class='ocr_carea' id='block_1_109' title="bbox 2213 4656 3570 4719">
    <p class='ocr_par' dir='ltr' id='par_1_109' title="bbox 2213 4656 3570 4719">
     <span class='ocr_line' id='line_1_109' title="bbox 2213 4656 3570 4719; baseline -0.003 -13"><span class='ocrx_word' id='word_1_824' title='bbox 2213 4659 2314 4706; x_wconf 80' lang='lat' dir='ltr'><strong>Hos</strong></span> <span class='ocrx_word' id='word_1_825' title='bbox 2336 4656 2501 4706; x_wconf 82' lang='lat' dir='ltr'><strong>tamen</strong></span> <span class='ocrx_word' id='word_1_826' title='bbox 2521 4657 2603 4706; x_wconf 83' lang='lat' dir='ltr'><strong>ille</strong></span> <span class='ocrx_word' id='word_1_827' title='bbox 2626 4656 2744 4705; x_wconf 83' lang='lat' dir='ltr'><strong>mihi</strong></span> <span class='ocrx_word' id='word_1_828' title='bbox 2764 4656 2927 4719; x_wconf 67' lang='lat' dir='ltr'><strong>dabat,</strong></span> <span class='ocrx_word' id='word_1_829' title='bbox 2954 4656 3286 4719; x_wconf 54' lang='lat' dir='ltr'><strong>aeternamque</strong></span> <span class='ocrx_word' id='word_1_830' title='bbox 3302 4656 3570 4719; x_wconf 79' lang='lat' dir='ltr'><strong>juventam,</strong></span> 
     </span>
    </p>
   </div>
   <div class='ocr_carea' id='block_1_110' title="bbox 2213 4716 3510 4780">
    <p class='ocr_par' dir='ltr' id='par_1_110' title="bbox 2213 4716 3510 4780">
     <span class='ocr_line' id='line_1_110' title="bbox 2213 4716 3510 4780; baseline -0.002 -12"><span class='ocrx_word' id='word_1_831' title='bbox 2213 4719 2264 4780; x_wconf 83' lang='lat' dir='ltr'><strong>Si</strong></span> <span class='ocrx_word' id='word_1_832' title='bbox 2291 4719 2534 4768; x_wconf 65' lang='lat' dir='ltr'><strong>Venerem</strong></span> <span class='ocrx_word' id='word_1_833' title='bbox 2560 4725 2774 4780; x_wconf 88' lang='lat' dir='ltr'><strong>paterer.</strong></span> <span class='ocrx_word' id='word_1_834' title='bbox 2799 4716 3087 4780; x_wconf 78' lang='lat' dir='ltr'><strong>contempto</strong></span> <span class='ocrx_word' id='word_1_835' title='bbox 3110 4716 3317 4765; x_wconf 79' lang='lat' dir='ltr'><strong>munere</strong></span> <span class='ocrx_word' id='word_1_836' title='bbox 3343 4716 3510 4766; x_wconf 59' lang='lat' dir='ltr'><strong>Phoebi</strong></span> 
     </span>
    </p>
   </div>
   <div class='ocr_carea' id='block_1_111' title="bbox 2212 4777 3285 4841">
    <p class='ocr_par' dir='ltr' id='par_1_111' title="bbox 2212 4777 3285 4841">
     <span class='ocr_line' id='line_1_111' title="bbox 2212 4777 3285 4841; baseline -0.004 -13"><span class='ocrx_word' id='word_1_837' title='bbox 2212 4779 2399 4828; x_wconf 85' lang='lat' dir='ltr'><strong>Innuba</strong></span> <span class='ocrx_word' id='word_1_838' title='bbox 2423 4777 2706 4841; x_wconf 79' lang='lat' dir='ltr'><strong>permaneo,</strong></span> <span class='ocrx_word' id='word_1_839' title='bbox 2728 4780 2815 4841; x_wconf 86' lang='lat' dir='ltr'><strong>sed</strong></span> <span class='ocrx_word' id='word_1_840' title='bbox 2834 4778 2931 4840; x_wconf 83' lang='lat' dir='ltr'><strong>jam</strong></span> <span class='ocrx_word' id='word_1_841' title='bbox 2955 4777 3145 4841; x_wconf 75' lang='lat' dir='ltr'><strong>felicior</strong></span> <span class='ocrx_word' id='word_1_842' title='bbox 3164 4780 3285 4841; x_wconf 70' lang='lat' dir='ltr'><strong>tetas</strong></span> 
     </span>
    </p>
   </div>
   <div class='ocr_carea' id='block_1_112' title="bbox 2211 4835 3642 4902">
    <p class='ocr_par' dir='ltr' id='par_1_112' title="bbox 2211 4835 3642 4902">
     <span class='ocr_line' id='line_1_112' title="bbox 2211 4835 3642 4902; baseline -0.005 -12"><span class='ocrx_word' id='word_1_843' title='bbox 2211 4841 2370 4902; x_wconf 83' lang='lat' dir='ltr'><strong>Terga</strong></span> <span class='ocrx_word' id='word_1_844' title='bbox 2394 4835 2546 4900; x_wconf 69' lang='lat' dir='ltr'><strong>dedit,</strong></span> <span class='ocrx_word' id='word_1_845' title='bbox 2577 4835 2885 4901; x_wconf 78' lang='lat' dir='ltr'><strong>tremuloque</strong></span> <span class='ocrx_word' id='word_1_846' title='bbox 2909 4835 3061 4902; x_wconf 83' lang='lat' dir='ltr'><strong>gradu</strong></span> <span class='ocrx_word' id='word_1_847' title='bbox 3084 4839 3217 4902; x_wconf 77' lang='lat' dir='ltr'><strong>venit</strong></span> <span class='ocrx_word' id='word_1_848' title='bbox 3239 4849 3373 4902; x_wconf 63' lang='lat' dir='ltr'><strong>aegra</strong></span> <span class='ocrx_word' id='word_1_849' title='bbox 3391 4842 3642 4896; x_wconf 85' lang='lat' dir='ltr'><strong>senectus,</strong></span> 
     </span>
    </p>
   </div>
   <div class='ocr_carea' id='block_1_113' title="bbox 2212 4898 3604 4963">
    <p class='ocr_par' dir='ltr' id='par_1_113' title="bbox 2212 4898 3604 4963">
     <span class='ocr_line' id='line_1_113' title="bbox 2212 4898 3604 4963; baseline -0.002 -12"><span class='ocrx_word' id='word_1_850' title='bbox 2212 4898 2335 4960; x_wconf 56' lang='lat' dir='ltr'><strong>Qua?</strong></span> <span class='ocrx_word' id='word_1_851' title='bbox 2357 4898 2577 4963; x_wconf 85' lang='lat' dir='ltr'><strong>patienda</strong></span> <span class='ocrx_word' id='word_1_852' title='bbox 2600 4902 2684 4951; x_wconf 91' lang='lat' dir='ltr'><strong>diu</strong></span> <span class='ocrx_word' id='word_1_853' title='bbox 2710 4898 2933 4960; x_wconf 65' lang='lat' dir='ltr'><strong>est,&#39;nani</strong></span> <span class='ocrx_word' id='word_1_854' title='bbox 2947 4900 3046 4958; x_wconf 85' lang='lat' dir='ltr'><strong>jam</strong></span> <span class='ocrx_word' id='word_1_855' title='bbox 3068 4898 3389 4963; x_wconf 69' lang='lat' dir='ltr'><strong>mibi_sa&gt;.cnla</strong></span> <span class='ocrx_word' id='word_1_856' title='bbox 3410 4906 3604 4959; x_wconf 83' lang='lat' dir='ltr'><strong>septem</strong></span> 
     </span>
    </p>
   </div>
   <div class='ocr_carea' id='block_1_114' title="bbox 2210 4959 3572 5023">
    <p class='ocr_par' dir='ltr' id='par_1_114' title="bbox 2210 4959 3572 5023">
     <span class='ocr_line' id='line_1_114' title="bbox 2210 4959 3572 5023; baseline -0.004 -12"><span class='ocrx_word' id='word_1_857' title='bbox 2210 4959 2328 5012; x_wconf 78' lang='lat' dir='ltr'><strong>Arta</strong></span> <span class='ocrx_word' id='word_1_858' title='bbox 2354 4959 2508 5023; x_wconf 78' lang='lat' dir='ltr'><strong>vides,</strong></span> <span class='ocrx_word' id='word_1_859' title='bbox 2531 4970 2762 5023; x_wconf 80' lang='lat' dir='ltr'><strong>superest</strong></span> <span class='ocrx_word' id='word_1_860' title='bbox 2790 4959 3022 5009; x_wconf 87' lang='lat' dir='ltr'><strong>numeros</strong></span> <span class='ocrx_word' id='word_1_861' title='bbox 3044 4966 3099 5008; x_wconf 89' lang='lat' dir='ltr'><strong>ut</strong></span> <span class='ocrx_word' id='word_1_862' title='bbox 3122 4959 3339 5023; x_wconf 83' lang='lat' dir='ltr'><strong>pulveris</strong></span> <span class='ocrx_word' id='word_1_863' title='bbox 3361 4970 3572 5020; x_wconf 62' lang='lat' dir='ltr'><strong>siquem,</strong></span> 
     </span>
    </p>
   </div>
   <div class='ocr_carea' id='block_1_115' title="bbox 2208 5022 3423 5083">
    <p class='ocr_par' dir='ltr' id='par_1_115' title="bbox 2208 5022 3423 5083">
     <span class='ocr_line' id='line_1_115' title="bbox 2208 5022 3423 5083; baseline -0.006 -9"><span class='ocrx_word' id='word_1_864' title='bbox 2208 5022 2505 5074; x_wconf 85' lang='lat' dir='ltr'><strong>Tercentum</strong></span> <span class='ocrx_word' id='word_1_865' title='bbox 2529 5022 2737 5083; x_wconf 77' lang='lat' dir='ltr'><strong>messes,</strong></span> <span class='ocrx_word' id='word_1_866' title='bbox 2763 5027 3035 5072; x_wconf 89' lang='lat' dir='ltr'><strong>tercentum</strong></span> <span class='ocrx_word' id='word_1_867' title='bbox 3056 5027 3209 5069; x_wconf 85' lang='lat' dir='ltr'><strong>musta</strong></span> <span class='ocrx_word' id='word_1_868' title='bbox 3234 5022 3423 5071; x_wconf 88' lang='lat' dir='ltr'><strong>videre.</strong></span> 
     </span>
    </p>
   </div>
   <div class='ocr_carea' id='block_1_116' title="bbox 2156 5100 3716 5173">
    <p class='ocr_par' dir='ltr' id='par_1_116' title="bbox 2156 5100 3716 5173">
     <span class='ocr_line' id='line_1_116' title="bbox 2156 5100 3716 5173; baseline -0.006 -12"><span class='ocrx_word' id='word_1_869' title='bbox 2156 5106 2285 5173; x_wconf 71' lang='lat' dir='ltr'><strong>Qua:</strong></span> <span class='ocrx_word' id='word_1_870' title='bbox 2334 5113 2457 5159; x_wconf 89' lang='lat' dir='ltr'><strong>sunt</strong></span> <span class='ocrx_word' id='word_1_871' title='bbox 2502 5107 2709 5172; x_wconf 69' lang='lat' dir='ltr'><strong>poetica</strong></span> <span class='ocrx_word' id='word_1_872' title='bbox 2741 5104 2988 5171; x_wconf 78' lang='lat' dir='ltr'><strong>figmenta</strong></span> <span class='ocrx_word' id='word_1_873' title='bbox 3012 5102 3141 5157; x_wconf 86' lang='lat' dir='ltr'><strong>inde</strong></span> <span class='ocrx_word' id='word_1_874' title='bbox 3164 5112 3308 5171; x_wconf 88' lang='lat' dir='ltr'><strong>nata,</strong></span> <span class='ocrx_word' id='word_1_875' title='bbox 3350 5101 3499 5172; x_wconf 86' lang='lat' dir='ltr'><strong>quod</strong></span> <span class='ocrx_word' id='word_1_876' title='bbox 3524 5100 3716 5156; x_wconf 86' lang='lat' dir='ltr'><strong>dicere-</strong></span> 
     </span>
    </p>
   </div>
   <div class='ocr_carea' id='block_1_117' title="bbox 2150 5192 2979 5264">
    <p class='ocr_par' dir='ltr' id='par_1_117' title="bbox 2150 5192 2979 5264">
     <span class='ocr_line' id='line_1_117' title="bbox 2150 5192 2979 5264; baseline -0.008 -11"><span class='ocrx_word' id='word_1_877' title='bbox 2150 5210 2237 5253; x_wconf 89' lang='lat' dir='ltr'><strong>tur</strong></span> <span class='ocrx_word' id='word_1_878' title='bbox 2265 5196 2452 5264; x_wconf 86' lang='lat' dir='ltr'><strong>sibylla</strong></span> <span class='ocrx_word' id='word_1_879' title='bbox 2481 5193 2762 5263; x_wconf 61' lang='lat' dir='ltr'><strong>grandaeva</strong></span> <span class='ocrx_word' id='word_1_880' title='bbox 2794 5192 2979 5247; x_wconf 88' lang='lat' dir='ltr'><strong>fuisse.</strong></span> 
     </span>
    </p>
   </div>
   <div class='ocr_carea' id='block_1_118' title="bbox 2219 5283 3720 5356">
    <p class='ocr_par' dir='ltr' id='par_1_118' title="bbox 2219 5283 3720 5356">
     <span class='ocr_line' id='line_1_118' title="bbox 2219 5283 3720 5356; baseline -0.005 -16"><span class='ocrx_word' id='word_1_881' title='bbox 2219 5287 2352 5340; x_wconf 82' lang='lat' dir='ltr'><strong>Ibid.</strong></span> <span class='ocrx_word' id='word_1_882' title='bbox 2388 5286 2415 5356; x_wconf 56' lang='grc' dir='ltr'>ᾗ</span> <span class='ocrx_word' id='word_1_883' title='bbox 2447 5286 2530 5338; x_wconf 83' lang='grc' dir='ltr'><strong>Η.</strong></span> <span class='ocrx_word' id='word_1_884' title='bbox 2558 5283 2746 5338; x_wconf 85' lang='lat' dir='ltr'><strong>Inserit</strong></span> <span class='ocrx_word' id='word_1_885' title='bbox 2778 5286 2929 5337; x_wconf 86' lang='lat' dir='ltr'><strong>etiam</strong></span> <span class='ocrx_word' id='word_1_886' title='bbox 2976 5283 3269 5338; x_wconf 83' lang='lat' dir='ltr'><strong>Lactantius</strong></span> <span class='ocrx_word' id='word_1_887' title='bbox 3290 5284 3431 5353; x_wconf 85' lang='lat' dir='ltr'><strong>operi</strong></span> <span class='ocrx_word' id='word_1_888' title='bbox 3473 5297 3567 5336; x_wconf 84' lang='lat' dir='ltr'><strong>suo</strong></span> <span class='ocrx_word' id='word_1_889' title='bbox 3596 5294 3720 5350; x_wconf 67' lang='lat' dir='ltr'><strong>qm-</strong></span> 
     </span>
    </p>
   </div>
   <div class='ocr_carea' id='block_1_119' title="bbox 2151 5373 3707 5442">
    <p class='ocr_par' dir='ltr' id='par_1_119' title="bbox 2151 5373 3707 5442">
     <span class='ocr_line' id='line_1_119' title="bbox 2151 5373 3707 5442; baseline -0.004 -13"><span class='ocrx_word' id='word_1_890' title='bbox 2151 5380 2270 5429; x_wconf 86' lang='lat' dir='ltr'><strong>dam</strong></span> <span class='ocrx_word' id='word_1_891' title='bbox 2298 5377 2361 5428; x_wconf 87' lang='lat' dir='ltr'><strong>de</strong></span> <span class='ocrx_word' id='word_1_892' title='bbox 2384 5373 2583 5428; x_wconf 82' lang='lat' dir='ltr'><strong>Christo</strong></span> <span class='ocrx_word' id='word_1_893' title='bbox 2608 5375 2847 5427; x_wconf 87' lang='lat' dir='ltr'><strong>vaticinia</strong></span> <span class='ocrx_word' id='word_1_894' title='bbox 2865 5374 3083 5442; x_wconf 65' lang='lat' dir='ltr'><strong>sibyllae,</strong></span> <span class='ocrx_word' id='word_1_895' title='bbox 3108 5374 3337 5442; x_wconf 80' lang='lat' dir='ltr'><strong>quamvis</strong></span> <span class='ocrx_word' id='word_1_896' title='bbox 3357 5389 3459 5426; x_wconf 87' lang='lat' dir='ltr'><strong>non</strong></span> <span class='ocrx_word' id='word_1_897' title='bbox 3477 5373 3707 5439; x_wconf 72' lang='lat' dir='ltr'><strong>exprima</strong></span> 
     </span>
    </p>
   </div>
   <div class='ocr_carea' id='block_1_120' title="bbox 2151 5462 3724 5537">
    <p class='ocr_par' dir='ltr' id='par_1_120' title="bbox 2151 5462 3724 5537">
     <span class='ocr_line' id='line_1_120' title="bbox 2151 5462 3724 5537; baseline -0.005 -16"><span class='ocrx_word' id='word_1_898' title='bbox 2151 5465 2342 5537; x_wconf 59' lang='lat' dir='ltr'><strong>cujus]</strong></span> <span class='ocrx_word' id='word_1_899' title='bbox 2394 5465 2651 5535; x_wconf 77' lang='lat' dir='ltr'><strong>Respexit</strong></span> <span class='ocrx_word' id='word_1_900' title='bbox 2698 5466 2766 5519; x_wconf 89' lang='lat' dir='ltr'><strong>ad</strong></span> <span class='ocrx_word' id='word_1_901' title='bbox 2814 5466 2988 5519; x_wconf 90' lang='lat' dir='ltr'><strong>locum</strong></span> <span class='ocrx_word' id='word_1_902' title='bbox 3040 5465 3298 5519; x_wconf 88' lang='lat' dir='ltr'><strong>Lactantii</strong></span> <span class='ocrx_word' id='word_1_903' title='bbox 3336 5478 3402 5518; x_wconf 82' lang='lat' dir='ltr'><strong>ex</strong></span> <span class='ocrx_word' id='word_1_904' title='bbox 3461 5462 3559 5516; x_wconf 88' lang='lat' dir='ltr'><strong>lib.</strong></span> <span class='ocrx_word' id='word_1_905' title='bbox 3598 5462 3724 5516; x_wconf 84' lang='lat' dir='ltr'><strong>Inst.</strong></span> 
     </span>
    </p>
   </div>
   <div class='ocr_carea' id='block_1_121' title="bbox 2154 5550 3724 5625">
    <p class='ocr_par' dir='ltr' id='par_1_121' title="bbox 2154 5550 3724 5625">
     <span class='ocr_line' id='line_1_121' title="bbox 2154 5550 3724 5625; baseline -0.006 -12"><span class='ocrx_word' id='word_1_906' title='bbox 2154 5559 2318 5613; x_wconf 89' lang='lat' dir='ltr'><strong>divin.</strong></span> <span class='ocrx_word' id='word_1_907' title='bbox 2350 5573 2391 5621; x_wconf 87' lang='grc' dir='ltr'>ι,</span> <span class='ocrx_word' id='word_1_908' title='bbox 2419 5571 2537 5625; x_wconf 84' lang='lat' dir='ltr'><strong>cap.</strong></span> <span class='ocrx_word' id='word_1_909' title='bbox 2571 5557 2624 5624; x_wconf 86' lang='lat'><strong>6,</strong></span> <span class='ocrx_word' id='word_1_910' title='bbox 2659 5556 2770 5620; x_wconf 89' lang='lat' dir='ltr'><strong>ubi,</strong></span> <span class='ocrx_word' id='word_1_911' title='bbox 2801 5555 3113 5609; x_wconf 89' lang='lat' dir='ltr'><strong>memoratis</strong></span> <span class='ocrx_word' id='word_1_912' title='bbox 3164 5554 3327 5611; x_wconf 83' lang='lat' dir='ltr'><strong>variis</strong></span> <span class='ocrx_word' id='word_1_913' title='bbox 3371 5552 3603 5621; x_wconf 83' lang='lat' dir='ltr'><strong>sibyllis,</strong></span> <span class='ocrx_word' id='word_1_914' title='bbox 3648 5550 3724 5604; x_wconf 75' lang='lat' dir='ltr'><strong>sic</strong></span> 
     </span>
    </p>
   </div>
   <div class='ocr_carea' id='block_1_122' title="bbox 2154 5643 3721 5714">
    <p class='ocr_par' dir='ltr' id='par_1_122' title="bbox 2154 5643 3721 5714">
     <span class='ocr_line' id='line_1_122' title="bbox 2154 5643 3721 5714; baseline -0.009 -8"><span class='ocrx_word' id='word_1_915' title='bbox 2154 5650 2421 5714; x_wconf 78' lang='lat' dir='ltr'><strong>loquitur:</strong></span> <span class='ocrx_word' id='word_1_916' title='bbox 2446 5648 2495 5701; x_wconf 88' lang='grc' dir='ltr'><em>Η</em></span> <span class='ocrx_word' id='word_1_917' title='bbox 2502 5664 2645 5702; x_wconf 88' lang='lat' dir='ltr'><strong>arum</strong></span> <span class='ocrx_word' id='word_1_918' title='bbox 2667 5648 2890 5703; x_wconf 89' lang='lat' dir='ltr'><strong>omnium</strong></span> <span class='ocrx_word' id='word_1_919' title='bbox 2910 5645 3208 5713; x_wconf 74' lang='lat' dir='ltr'><strong>sibyllarum</strong></span> <span class='ocrx_word' id='word_1_920' title='bbox 3236 5644 3465 5698; x_wconf 81' lang='lat' dir='ltr'><strong>carmina</strong></span> <span class='ocrx_word' id='word_1_921' title='bbox 3489 5652 3536 5698; x_wconf 76' lang='lat' dir='ltr'><strong>et</strong></span> <span class='ocrx_word' id='word_1_922' title='bbox 3553 5643 3721 5710; x_wconf 82' lang='lat' dir='ltr'><strong>[erun-</strong></span> 
     </span>
    </p>
   </div>
  </div>
