3900 6376
194 404 304 460 ιθτ

904 400 1256 459 VARIORUM
1297 395 1895 456 EXERCITATIONES
1934 394 1998 449 ΙΝ
2037 394 2090 449 S.
2135 390 2502 449 AUGUSTINI
2542 393 2788 448 OPERA.

1901 293 1932 320 δ

3345 392 3447 448 498

188 526 272 570 tur
301 523 348 567 et
380 512 653 577 habentur,
677 515 1264 584 pi'wterquamCuma’a',
1297 515 1444 583 cujus
1468 512 1584 565 libri
1606 528 1637 563 a
1669 510 1772 563 Ro.
1802 512 1848 570 Α
1879 516 2059 570 ctores,
2088 521 2146 558 eo
2184 505 2321 573 quod
2363 520 2448 558 eas
2477 505 2740 569 inducant,
2783 504 2834 555 id
2868 512 2938 556 est
2968 504 3285 556 introducunt
3323 521 3448 572 quo-

190 605 360 659 manfs
380 603 713 667 occuluntur;
760 620 850 658 nec
876 620 958 658 eos
1002 604 1063 656 ab
1100 603 1227 669 ullo,
1271 604 1370 656 nisi
1407 618 1438 654 a
1485 600 1771 670 quindecim

193 695 338 760 viris,
368 692 546 759 inspici
579 691 656 758 {as
685 704 775 747 est.
802 694 867 745 Et
887 703 1005 747 sunt
1039 694 1359 762 singularum
1399 692 1585 760 singuli
1629 689 1767 754 libri,

189 785 283 852 qui
309 786 429 851 quia
453 785 646 854 sibyllte
674 784 872 837 nomine
902 782 1272 846 inscribuntur,
1315 781 1467 833 unius
1514 795 1619 834 esse
1665 795 1770 832 cre-

189 874 413 937 duntur,
440 882 656 942 suntque
697 873 915 938 confusi.
950 871 1217 926 llactenus
1250 868 1383 922 nihil
1429 868 1588 922 habet
1633 868 1771 934 quod

192 978 301 1015 non
331 971 752 1016 consentaneum
784 963 855 1018 sit
880 961 999 1016 loco
1041 959 1352 1027 Augustini;
1379 956 1472 1012 sed
1498 956 1772 1026 sequentia

193 1056 244 1108 ei
274 1055 654 1119 adversantur,
690 1054 769 1108 sic
796 1053 937 1107 enim
977 1052 1150 1120 pergit
1182 1049 1411 1118 scriptor
1445 1047 1775 1117 elegantissi-

193 1158 351 1196 snus:
385 1143 494 1195 Nec
524 1142 762 1206 discerni,
790 1158 851 1195 ac
896 1157 1046 1194 suum
1089 1139 1268 1206 cuique
1312 1139 1561 1207 assignari
1590 1146 1771 1204 potest,

195 1235 295 1287 nisi
323 1232 626 1304 Erythrtete,
649 1249 763 1302 qua:
789 1242 834 1286 et
873 1246 1052 1284 nomen
1081 1246 1228 1282 suum
1258 1244 1433 1282 verum
1465 1228 1679 1282 carmini
1698 1227 1778 1279 in-

195 1324 379 1388 seruit,
407 1331 453 1373 et
482 1322 804 1391 Erythrarum
832 1338 884 1374 se
906 1321 1222 1373 nominatum
1260 1319 1325 1371 iri
1370 1318 1648 1385 prtelocuta
1677 1325 1772 1380 est,

194 1429 315 1463 cum
340 1420 462 1464 esset
494 1420 604 1464 orta
643 1411 922 1479 Babylone.
966 1411 1070 1463 Sed
1119 1419 1163 1462 et
1195 1425 1284 1462 nos
1313 1409 1523 1476 confuse
1543 1406 1775 1474 sibyllam

192 1501 446 1565 dicemus,
485 1499 644 1553 sicubi
683 1500 982 1552 testimoniis
1021 1515 1198 1551 earum
1243 1499 1394 1566 fuerit
1444 1496 1776 1548 abutendum.

195 1589 307 1645 Sed
362 1600 417 1644 et
459 1601 637 1659 postea
680 1592 967 1659 Erythrtete
1007 1603 1193 1643 versus
1224 1590 1534 1641 nominatim
1583 1586 1780 1655 profert

195 1680 290 1733 lib.
329 1695 396 1746 tv,
431 1694 548 1748 cap.
583 1679 675 1745 15,
733 1686 788 1734 et
819 1680 907 1732 lib.
932 1679 1114 1733 delra
1159 1694 1276 1744 cap.
1321 1678 1410 1729 ‘29..
1443 1681 1570 1743 Quae
1601 1679 1801 1729 omnia

196 1772 321 1822 ticta
353 1785 473 1824 esse
502 1784 532 1824 a
567 1769 884 1824 Christianis
925 1784 989 1824 co
1021 1770 1233 1823 nomine
1257 1768 1511 1836 indignis,
1557 1783 1640 1821 res
1665 1767 1779 1836 ipsa

193 1860 420 1913 clamat.

265 1950 398 2018 Cap.
433 1951 522 2004 37.
562 1950 807 2019 Tempore
849 1951 1002 2019 igitur
1055 1950 1414 2018 praphetarum
1457 1955 1769 2011 nostrorum,

190 2057 414 2109 quorum
437 2043 553 2111 jam
579 2044 769 2105 scripta
811 2042 877 2093 ad
911 2041 1139 2093 notitiam
1169 2044 1272 2108 fere
1302 2042 1524 2090 omnium
1551 2039 1773 2107 gentium

189 2140 550 2197 pervenerunt,
578 2130 1104 2199 philosOphigentium
1145 2130 1368 2182 nondum
1391 2140 1532 2181 erant
1573 2129 1658 2192 qui
1680 2129 1772 2178 hoc

188 2222 350 2271 etiam
394 2221 598 2271 nomine
641 2229 956 2284 vocarentur,
999 2219 1136 2288 quod
1163 2221 1350 2287 ca'pita
1374 2221 1552 2272 Samio
1575 2218 1772 2287 I’gtha-

188 2324 341 2374 gora,
371 2309 460 2374 qui
485 2324 542 2360 eo
564 2319 781 2377 tempore
801 2326 900 2377 quo
920 2309 1198 2362 Judeorum
1225 2320 1293 2361 est
1323 2310 1490 2361 soluta
1511 2309 1774 2375 captiritus

189 2398 346 2464 carpit
368 2397 614 2448 exctllere
635 2407 780 2464 atque
805 2396 1079 2468 cognosci.)
1109 2399 1247 2451 Nihil
1274 2401 1467 2462 verius,
1491 2400 1776 2465 Optimum-

189 2503 296 2555 que
326 2487 382 2541 id
411 2497 494 2544 est
518 2499 912 2555 argumentum,
934 2504 1037 2557 quo
1058 2504 1214 2557 quam
1244 2489 1315 2540 sit
1343 2504 1530 2543 recens
1565 2487 1776 2542 (ἔκ-ποο-

189 2593 317 2631 rum
352 2577 682 2645 philosophia
707 2580 1036 2632 ostendatur.
1076 2580 1412 2634 llluslrarunt.
1448 2581 1608 2634 etiam
1640 2581 1776 2635 hanc

190 2666 604 2735 chronologiam
659 2668 889 2722 editores
942 2669 1305 2734 Parisienses;
1369 2669 1465 2722 sed
1506 2670 1776 2736 (nonnulla

189 2765 329 2809 sunt
362 2757 412 2807 in
437 2769 616 2809 eorum
667 2756 1007 2813 adnotatione
1046 2766 1219 2812 errata
1248 2766 1338 2810 aut
1361 2760 1775 2826 typothetarum,

190 2857 290 2899 aut
323 2845 628 2899 festinantis
651 2848 862 2910 calami,
892 2863 1010 2915 quae
1039 2847 1126 2900 hic
1146 2846 1462 2910 emendabo,
1499 2856 1554 2899 ut
1575 2861 1640 2900 ex
1662 2847 1779 2900 aliis

198 2935 555 2998 cditionibus,
584 2937 627 2988 si
653 2952 769 3004 qua:
793 2938 1012 3005 posthac
1036 2939 1185 3001 liant,
1215 2937 1514 2990 demantur.
1545 2936 1779 2990 Primum

197 3026 352 3077 aiunt
371 3027 440 3078 ab
458 3027 686 3079 Eusebio
711 3029 759 3080 in
783 3029 1051 3082 Chronico
1068 3029 1420 3097 Pythagoram
1444 3028 1509 3079 ad
1523 3027 1591 3079 65
1612 3027 1779 3095 olym-

193 3116 414 3182 piadem
450 3115 652 3169 referri.
685 3119 844 3186 Atqui
885 3129 967 3172 est
1004 3119 1070 3171 65
1094 3119 1158 3170 ad
1197 3133 1354 3186 quam
1388 3118 1438 3169 in
1481 3116 1780 3170 Eusebiano

1878 596 2151 648 dammodo
2162 595 2215 648 in
2227 596 2383 648 corda
2397 596 2714 656 discentium,
2731 594 2807 646 vel
2828 596 2879 646 in
2901 608 2983 646 eos
2996 594 3162 661 potius
3175 594 3309 660 ipsos
3325 611 3449 662 quos

1872 683 2095 753 docent.]
2118 684 2214 750 Qui
2241 685 2308 736 ita
2343 684 2722 752 interpretatus
2750 694 2832 737 est
2870 698 3052 737 vocem
3076 683 3317 738 Graecam
3349 687 3450 738 Au-

1871 774 2102 841 gustino,
2124 773 2392 827 hominem
2416 773 2622 840 fefellit,
2642 789 2759 828 nam
2776 774 3119 842 Septuaginta
3133 775 3452 842 interpretes

1874 881 2056 921 vocem
2080 867 2330 920 adhibent
2372 868 2437 920 ad
2470 869 2776 922 vertendam
2807 869 3118 922 Hebraicam
3140 877 3282 924 -ποω
3303 869 3452 920 scho-

1876 965 1971 1021 ter,
1995 972 2111 1024 qua:
2141 958 2561 1025 grammatistam
2607 959 2826 1012 minime
2855 957 3137 1026 signiﬁcat,
3175 958 3268 1011 sed
3290 972 3452 1025 appa-

1876 1045 2093 1098 ritorem
2117 1047 2538 1114 magistratuum.
2571 1047 2700 1101 Vide
2727 1063 2846 1115 qua:
2887 1049 3088 1101 notavit
3129 1047 3197 1101 de
3225 1061 3288 1101 ea
3319 1061 3448 1102 voce

1875 1132 2106 1187 Joannes
2129 1132 2366 1188 Clericus
2390 1135 2456 1188 ad
2485 1135 2654 1189 Exod.
2688 1152 2740 1200 v,
2772 1138 2826 1191 6.

1946 1225 2078 1293 Cap.
2105 1227 2193 1280 45.
2229 1226 2534 1280 Memoratis
2580 1228 2916 1281 versionibus
2942 1226 3170 1295 Aquila,
3203 1227 3445 1297 Symma-

1878 1316 1987 1380 chi,
2021 1316 2401 1370 Theodotionis
2447 1327 2498 1370 et
2544 1318 2724 1385 quinta
2762 1335 2772 1368 :
2827 1316 2979 1369 [Iane
3028 1327 3216 1380 tamen,
3257 1318 3449 1384 inquit,

1878 1421 1991 1474 quae
2023 1405 2357 1474 Septuaginta
2381 1408 2742 1475 e..t,'tanquam
2778 1408 2887 1459 sola
2909 1416 3032 1459 esset
3058 1408 3131 1458 sic
3151 1408 3324 1474 recipit
3355 1406 3453 1458 Ec-

1863 1497 2050 1558 .clesia,
2076 1512 2229 1564 eaque
2265 1507 2479 1549 utuntur
2510 1497 2675 1550 Graeci
2706 1497 2884 1564 populi
2916 1496 3214 1560 Christiani,
3239 1513 3452 1565 quorum

1882 1587 2104 1654 plerique
2136 1589 2311 1656 aliqua
2351 1589 2411 1640 sit
2441 1588 2543 1640 alia
2572 1587 2855 1656 ignei-ant.)
2888 1588 3087 1654 Nempe
3124 1589 3372 1641 mulieres
3401 1600 3454 1642 et

1883 1677 2138 1741 artiﬁces,
2161 1688 2458 1746 cwtcraque
2474 1679 2772 1746 plebecula,
2803 1680 2948 1746 vagis
2966 1680 3201 1733 Numidis
3231 1681 3452 1744 similis;

1886 1784 2004 1821 nam
2027 1769 2137 1834 alii,
2181 1769 2271 1836 qui
2298 1771 2379 1822 vel
2413 1770 2596 1823 leviter
2636 1770 2825 1825 litteris
2872 1772 3039 1824 sacris
3083 1771 3229 1824 tincti
3280 1781 3452 1834 erant,

1809 1861 1854 1920 B
1880 1857 2076 1925 aliquid
2114 1858 2354 1925 legerant
2398 1867 2488 1911 aut
2536 1861 2907 1913 inaudiverant
2934 1861 3002 1914 de
3032 1861 3314 1929 Tetiaplis,
3363 1871 3454 1915 aut

1876 1947 2126 2013 llexaplis
2151 1947 2413 2014 Urigenis.
2448 1947 2625 2017 Pergit
2658 1967 2670 2002 :
2704 1949 2786 2002 Ea:
2816 1951 2911 2002 hac
2937 1950 3277 2020 Septuaginta
3303 1955 3453 2005 inter-

1874 2037 2154 2103 pretatione
2170 2037 2319 2088 etiam
2345 2038 2397 2089 in
2435 2037 2670 2091 Latinam
2707 2040 2936 2108 linguam
2967 2039 3349 2109 interpretatum
3383 2059 3453 2114 es,

1873 2127 2007 2194 quod
2027 2126 2224 2178 Latina’
2249 2125 2487 2179 Ecclesia:
2510 2136 2696 2180 tenent.
2733 2127 2913 2195 Itaque
2942 2129 3185 2197 legebant
3211 2130 3455 2184 homines

1873 2218 2016 2270 docti
2037 2227 2088 2270 et
2115 2218 2402 2284 prudentes
2432 2220 2726 2272 versionem
2769 2222 3030 2274 vcrsionis
3050 2262 3062 2283 ,
3093 2238 3312 2289 quarum
3340 2224 3452 2290 ple-

1875 2307 2025 2373 rique
2047 2308 2392 2362 ecclesiastici
2425 2318 2664 2362 neutram
2698 2317 2940 2378 poti-rant
2960 2312 3266 2377 expendere
3291 2328 3304 2375 ;
3332 2327 3450 2364 nam

1878 2398 2114 2452 Grzn‘catn
2158 2413 2276 2452 cum
2331 2399 2555 2453 llebrteo
2601 2401 2787 2453 codice
2825 2403 3072 2455 conferre
3118 2405 3200 2454 vel
3228 2402 3333 2456 duo
3365 2417 3454 2468 po-

1877 2496 2110 2551 tuerunt,
2145 2498 2200 2541 nt
2242 2491 2471 2557 loquitur
2524 2491 2630 2552 ille,
2680 2491 2761 2544 vel
2807 2505 2995 2554 nemo;
3037 2491 3275 2544 Latinam
3333 2506 3452 2545 cum

1877 2577 2059 2632 Gra'ca
2084 2580 2261 2644 plures
2292 2580 2532 2647 quidem,
2553 2580 2645 2633 sed
2679 2581 2849 2647 pauci,
2890 2596 3000 2649 prae
3034 2581 3098 2633 iis
3138 2582 3226 2648 qui
3271 2581 3454 2634 Griece

1881 2668 2207 2732 nesciebant,
2249 2669 2386 2722 inter
2406 2683 2539 2736 quos
2561 2671 2906 2736 Augustinus.
2933 2671 2947 2722 Ι
2983 2684 3120 2721 nunc
3140 2679 3194 2722 et
3223 2671 3272 2721 in
3309 2670 3454 2736 ejus-

1880 2757 2021 2810 modi
2051 2757 2347 2810 hominibus
2388 2757 2539 2810 lauda
2567 2768 2656 2809 aut
2694 2772 2918 2810 acumen
2945 2759 2994 2809 in
3024 2758 3456 2824 interpretatione

1880 2848 2188 2916 Scriptura),
2221 2856 2311 2901 aut
2349 2847 2676 2916 diligentiam
2710 2848 2762 2900 in
2784 2849 2948 2901 sacris
2979 2849 3190 2913 studiis,
3218 2858 3309 2901 aut
3337 2865 3457 2916 pru-

1883 2941 2115 2994 dentiam
2149 2943 2198 2994 in
2222 2941 2610 3009 aeq'niescendo
2649 2941 2700 2992 in
2723 2941 3055 2994 versionibus
3082 2956 3198 3009 quas
3233 2942 3457 2996 bentcne

1884 3041 2062 3086 essent
2098 3047 2165 3084 an
2202 3032 2355 3084 make
2383 3031 2710 3085 nesciebant.

1959 3123 2226 3187 Quamvis.
2271 3122 2458 3189 inquit,
2502 3137 2602 3173 non
2648 3120 2868 3187 defuerit
2920 3121 3226 3189 temporibus
3274 3138 3364 3175 nos
3386 3123 3459 3174 ris

190 3207 473 3260 Chronico
501 3209 674 3274 legere
698 3219 811 3262 est:
849 3208 1164 3280 Pythagoras
1188 3210 1423 3278 physicus
1450 3209 1782 3278 philosophus
1809 3207 1852 3266 C
1887 3213 2139 3280 presbyter
2176 3211 2542 3279 Hieronymus,
2589 3211 2739 3262 homo
2780 3210 3103 3262 doctissimus
3148 3220 3196 3263 et
3236 3213 3460 3262 omnium

190 3301 377 3353 clarus
399 3301 630 3354 habetur.
647 3302 861 3356 Addunt
884 3303 1210 3358 Benedictini
1234 3303 1476 3357 eumdem
1497 3304 1779 3356 Eusebium

191 3390 291 3442 lih.
329 3405 361 3442 χ
394 3391 463 3444 de
504 3391 897 3460 Pracparatione
930 3393 1256 3461 evangelica.
1295 3409 1412 3460 cap.
1447 3395 1498 3456 5,
1549 3393 1780 3447 scribere

189 3479 468 3533 claruisse
509 3480 867 3550 Pythagoram
909 3482 1210 3550 Olympiade
1253 3483 1340 3536 62.
1394 3482 1448 3535 In
1493 3483 1582 3536 illo
1606 3494 1779 3536 tamen

190 3567 380 3634 capite
410 3568 543 3622 nihil
568 3570 726 3623 habet
771 3572 1033 3625 Eusebius
1055 3574 1118 3624 de
1140 3581 1294 3626 actate
1332 3572 1662 3642 Pythagorae,
1687 3572 1781 3626 sed

191 3667 414 3708 tantum
438 3657 489 3710 in
519 3668 798 3726 sequente,
853 3660 940 3713 ubi
972 3659 1131 3714 etiam
1158 3659 1262 3714 hoc
1303 3676 1464 3714 unum
1518 3661 1666 3724 dicit,
1712 3662 1782 3714 vi-

191 3750 347 3803 xisse
375 3764 497 3803 eum
520 3751 609 3804 diu
646 3763 766 3820 post
796 3762 1000 3820 septem
1030 3754 1329 3822 Sapientes.
1357 3755 1618 3810 Praaterea
1650 3755 1781 3809 sub-

189 3840 392 3909 iiciunt
416 3839 483 3893 de
504 3855 567 3894 eo
597 3852 870 3908 tempore:
912 3842 1171 3912 Regnabat
1206 3853 1373 3918 autem
1413 3845 1551 3914 apud
1587 3844 1775 3898 lloma-

190 3946 290 3983 nos
339 3928 550 3983 Servius
600 3931 879 4001 Sulpitius.
940 3932 1232 3988 Voluerunt
1283 3934 1460 3988 dicere
1499 3935 1598 3988 viri
1639 3934 1782 3989 docti

192 4020 441 4074 Seruium
467 4021 714 4087 Tullium,
731 4038 851 4076 nam
873 4024 1080 4077 Seruius
1101 4025 1353 4094 Sulpitius
1373 4026 1784 4094 jurisconsultus

190 4113 327 4177 fuit,
358 4110 632 4167 Ciceronis
655 4115 1142 4182 aequalisfl‘andem
1165 4117 1234 4170 ita
1252 4116 1319 4170 de
1337 4118 1618 4171 emortuali
1645 4132 1784 4170 anno

191 4203 526 4273 Pythagorte
552 4206 866 4272 loquuntur:
903 4207 1221 4277 Pythagoras
1242 4217 1447 4261 mortem
1473 4209 1593 4261 obiit
1619 4211 1780 4277 olym-

190 4296 362 4362 piade
397 4296 485 4358 70,
519 4313 654 4349 anno
695 4299 824 4366 ejus,
847 4301 1002 4368 juxta
1042 4298 1246 4351 Eusebii
1277 4298 1583 4362 Chronicon,
1606 4310 1784 4367 quarto

191 4388 272 4439 ret
299 4385 505 4454 quinto.
538 4387 727 4440 Debuit
756 4388 916 4441 scribi
949 4390 1094 4442 tertio
1131 4392 1206 4441 vel
1237 4400 1440 4458 quarto,
1472 4400 1526 4444 et
1550 4392 1627 4445 sic
1646 4393 1781 4445 scri-

191 4485 358 4544 ptum
390 4485 517 4543 puto
543 4492 572 4529 a
605 4479 730 4530 viris
756 4479 978 4532 eruditis
1025 4495 1146 4532 nam
1188 4481 1270 4534 vel
1318 4482 1466 4547 pueri
1510 4482 1683 4534 sciunt
1729 4483 1782 4534 in

190 4564 436 4632 singulis
479 4565 867 4634 olympiadibus
909 4583 1030 4622 esse
1075 4578 1275 4623 tantum
1320 4576 1547 4637 quatuor
1591 4586 1781 4624 annos.
1812 4551 1862 4611 D

192 4653 362 4720 Quod
393 4653 641 4719 observo,
673 4670 776 4708 non
807 4656 1096 4711 insectandi
1116 4659 1306 4727 gratia,
1333 4659 1499 4713 absit!
1523 4658 1610 4727 qui
1638 4660 1782 4714 labo-

192 4759 320 4799 rem
356 4759 542 4798 eorum
573 4746 791 4800 minime
820 4750 1056 4802 omnium
1078 4764 1310 4816 sperno;
1353 4751 1446 4805 sed
1487 4760 1543 4804 ut
1580 4752 1787 4805 discant

192 4838 290 4890 alii
329 4835 574 4891 homines
606 4839 820 4906 maligni
865 4854 927 4892 ex
955 4839 1147 4894 talibus
1189 4841 1468 4908 exemplis,
1517 4857 1621 4895 non
1667 4858 1786 4897 esse

191 4925 369 4979 bonis
397 4934 452 4978 et
486 4925 710 4980 eruditis
736 4927 864 4981 viris
895 4939 1175 4998 prepterea
1221 4930 1581 4982 insultandnm
1601 4972 1613 4995 ,
1645 4947 1784 5000 prte-

191 5015 400 5069 sertim
430 5015 474 5067 si
504 5029 564 5068 se
594 5015 715 5069 aliis
748 5017 926 5071 faciles
957 5019 1007 5072 in
1033 5019 1226 5073 talibus
1256 5018 1540 5082 praebeant.

273 5103 420 5161 Ibid.
456 5103 557 5158 Isis
586 5123 737 5176 porro
760 5107 942 5162 Inachi
966 5111 1076 5177 ﬁlia
1103 5111 1260 5178 fuisse
1288 5111 1540 5177 proditur,
1574 5113 1662 5179 qui
1682 5114 1786 5178 pri-

191 5212 317 5248 mus
363 5211 576 5264 regnare
606 5200 753 5266 coepit
797 5199 1038 5268 Argivis.]
1081 5200 1161 5266 Si,
1193 5200 1466 5263 nimirum,
1507 5201 1787 5254 credamus

190 5285 416 5346 Ionem,
445 5286 584 5352 quod
611 5295 766 5340 antea
796 5302 984 5356 parum
1010 5290 1292 5343 verisimile
1313 5304 1430 5345 esse
1460 5291 1789 5346 osmndimus

191 5378 263 5430 ad
310 5374 412 5428 lib.
445 5391 573 5429 xvitt
597 5391 714 5445 cap.
743 5380 796 5432 5.

266 5469 412 5537 Cap.
448 5468 537 5522 39.
569 5468 770 5539 Moyses
814 5473 866 5525 in
906 5472 1094 5541 populo
1120 5472 1375 5525 constituit
1420 5475 1506 5543 qui
1545 5476 1787 5530 docendis

191 5558 392 5610 litteris
421 5571 712 5627 prtressent,
737 5561 1030 5631 priusquam
1071 5562 1251 5613 divina:
1276 5560 1401 5629 legis
1436 5563 1565 5615 ullas
1595 5564 1788 5616 litteras

191 5657 438 5710 nossent.
461 5647 570 5702 Hos
581 5651 803 5719 appellat
818 5650 1088 5718 Scriptura
1103 5662 1667 5725 7pappurostaa7w72i;
1677 5695 1688 5716 ,
1704 5655 1791 5723 Qui

196 5738 400 5793 Latine
439 5738 541 5792 dici
555 5751 762 5805 possunt
793 5742 1074 5797 litterarum
1115 5743 1423 5810 inductores,
1463 5744 1538 5797 vel
1562 5745 1789 5798 introdu-

1883 3305 2035 3355 trium
2083 3303 2370 3369 linguarum
2422 3303 2640 3368 prr'tus;
2682 3301 2767 3366 qui
2808 3316 2907 3352 non
2945 3316 3008 3352 ea:
3043 3300 3240 3364 Grteco,
3281 3302 3370 3352 sed
3400 3317 3461 3353 ea:

1883 3391 2100 3444 Ilcbra‘o
2121 3391 2169 3443 in
2189 3389 2421 3444 Latinum
2448 3391 2701 3458 eloquium
2723 3390 2924 3442 easdem
2951 3390 3246 3455 Scriptores
3261 3405 3461 3443 conver-

1883 3484 2016 3535 terit.
2057 3483 2328 3545 Quatenus
2376 3481 2738 3547 porrigeretur
2781 3480 3010 3532 erudiiio
3051 3479 3462 3547 llieronymiana

1884 3576 1937 3628 in
1967 3583 2186 3642 utraque
2235 3575 2432 3639 lingua,
2477 3573 2659 3625 Graeca
2712 3582 2767 3625 et
2810 3572 3094 3636 llebraica,
3142 3574 3274 3626 satis
3315 3575 3461 3626 lucu-

1884 3664 2026 3716 lente
2048 3661 2282 3714 ostendit
2308 3661 2540 3714 Joannes
2560 3660 2799 3715 Clericus
2830 3661 2881 3713 in
2905 3660 3298 3725 Quaestionibus
3332 3662 3460 3715 Ilie-

1883 3752 2242 3824 ronymianis;
2268 3752 2358 3806 sed
2395 3751 2619 3804 collatus
2646 3752 2766 3804 aliis
2798 3750 3077 3819 presbyter
3098 3750 3462 3807 Stridonensis

1882 3859 2010 3898 sane
2027 3852 2145 3897 erat
2167 3843 2529 3898 doetissinms.
2566 3843 2670 3897 Sed
2689 3844 2822 3911 ejus,
2856 3842 3069 3907 subiicit
3114 3843 3462 3911 Augustinus,

1884 3943 1986 3985 tam
2025 3934 2296 3985 litteratum
2325 3932 2566 3994 laborem,
2605 3933 2832 4001 quanti-is
2865 3929 3038 3984 Judazi
3075 3932 3332 4000 fateantur
3360 3950 3463 3987 esse

1881 4039 2128 4086 ueracem,
2151 4022 2488 4094 Septuaginta
2509 4039 2622 4076 vero
2643 4023 2962 4089 interpretes,
3002 4023 3052 4074 in
3078 4025 3252 4076 multis
3274 4040 3464 4078 errasse

1882 4113 2215 4174 contendant;
2239 4123 2403 4165 tamen
2435 4111 2675 4164 Ecclesia:
2696 4111 2881 4164 Christi
2906 4122 2974 4163 tot
3010 4111 3273 4165 hominum
3296 4123 3466 4167 aucto-

1882 4207 2043 4268 ritati,
2069 4205 2130 4257 ab
2155 4203 2405 4257 Eleazaro
2427 4213 2546 4255 tunc
2579 4204 2838 4270 pontiﬁce,
2873 4203 2939 4254 ad
2970 4202 3065 4255 hoc
3103 4213 3296 4255 tantum
3340 4221 3464 4273 opus

1882 4295 2155 4347 electorum
2179 4294 2419 4345 neminem
2430 4293 2669 4362 judicent
2686 4294 3058 4361 prteferendum
3078 4308 3095 4344 :
3115 4295 3234 4360 quia
3255 4295 3347 4344 etsi
3364 4311 3464 4347 non

1884 4388 1936 4440 in
1952 4389 2022 4440 eis
2045 4404 2174 4441 unus
2193 4390 2510 4456 apparuisset
2533 4389 2763 4458 spiritus,
2781 4392 2892 4443 sine
2912 4389 3228 4443 dubitatione
3241 4388 3463 4450 divinus,

1885 4480 1972 4530 sed
1993 4479 2123 4530 inter
2140 4493 2192 4529 se
2215 4477 2361 4530 verba
2389 4473 2818 4547 interpretationis
2840 4494 2946 4532 suto
2966 4479 3305 4549 Septuaginta
3327 4476 3465 4528 docti

1889 4585 2027 4622 more
2048 4568 2671 4634 hominumcontulissent,
2695 4579 2748 4622 ut
2777 4569 2914 4638 quod
2931 4569 3201 4638 placuisset
3232 4565 3464 4617 omnibus

1889 4662 1983 4712 hoc
2003 4669 2244 4723 maneret,
2271 4661 2441 4713 nullus
2463 4661 2534 4714 eis
2565 4677 2696 4714 unus
2724 4663 2970 4728 interpres
2997 4658 3167 4710 debuit
3199 4656 3461 4718 anteponi.

1888 4749 2136 4814 Quamvis
2167 4750 2298 4803 nihil
2325 4752 2626 4819 essetquod
2656 4757 3009 4817 reponeretur
3033 4746 3154 4799 huic
3180 4745 3465 4798 ratiocina-

1890 4841 2041 4904 tioni,
2071 4856 2175 4894 non
2207 4850 2390 4907 posset
2421 4851 2598 4894 tamen
2621 4848 2804 4892 contra
2829 4851 2938 4890 rem
2963 4836 3131 4901 ipsam
3165 4835 3364 4896 valere,
3395 4837 3464 4890 ita

1890 4940 1948 4981 ut
1977 4929 2255 4982 manifesta
2300 4939 2514 4996 peccata
2554 4942 2674 4994 quae
2717 4923 3057 4978 inveniuntur
3111 4925 3163 4979 in
3213 4925 3465 4980 versione

1889 5018 2032 5073 LXX
2060 5020 2428 5085 interpretum,
2468 5019 2552 5071 vir
2586 5017 2840 5070 llebraico
2869 5016 3056 5072 doctus
3085 5018 3303 5085 incipiat
3342 5032 3464 5072 cre-

1890 5109 2017 5164 dere
2046 5124 2152 5163 non
2197 5123 2317 5163 esse
2361 5117 2604 5177 peccata;
2640 5123 2763 5162 nam
2806 5109 3267 5173 ratiocinationes,
3307 5125 3372 5163 ex
3401 5124 3465 5163 eo

1892 5203 2032 5271 quod
2061 5201 2343 5256 convenire
2361 5202 2564 5255 videtur
2593 5203 2852 5269 deductte,
2884 5204 3012 5272 ipsis
3035 5204 3185 5259 lactis
3210 5218 3272 5257 ac
3302 5202 3464 5255 rebus

1893 5297 2086 5364 opponi
2111 5311 2213 5348 non
2247 5304 2464 5361 possunt
2493 5312 2506 5348 :
2541 5298 2660 5363 quia
2687 5312 2830 5366 saepe
2860 5300 2998 5367 quod
3032 5315 3135 5352 non
3164 5294 3461 5351 convenie-

1895 5385 1986 5438 bat
2018 5386 2128 5438 lieri
2160 5385 2354 5437 factum
2381 5394 2481 5450 est,
2538 5401 2636 5441 nec
2674 5387 2867 5441 factum
2895 5398 2975 5442 est
3004 5387 3144 5455 quod
3175 5383 3462 5438 convenie-

1893 5475 2000 5526 bat.
2036 5474 2235 5527 Deinde
2285 5475 2457 5527 omnis
2516 5475 2601 5529 illa
2649 5475 2865 5529 historia
2925 5474 3062 5528 LXX
3114 5476 3460 5539 interpretum

1896 5580 2041 5618 mera
2085 5575 2166 5619 est
2193 5565 2388 5629 fabula,
2422 5568 2540 5620 (icta
2583 5581 2612 5619 a
2666 5566 2850 5620 Judaao
2883 5567 3192 5626 llellenista,
3248 5566 3380 5619 forte
3407 5574 3462 5620 ut

1897 5655 2122 5725 pigritia:
2149 5655 2557 5711 llellenistarum
2592 5657 2989 5710 consuleretur"
3023 5671 3089 5710 ne
3121 5670 3337 5710 necesse
3369 5655 3462 5708 ha-

1900 5746 2087 5802 bcrcnt
2132 5749 2333 5802 discere
2357 5746 2588 5815 linguam
2621 5748 2955 5817 llebraicam,
2992 5762 3113 5802 cum
3140 5746 3464 5801 θεόπνευστον
