3900 6308
513 386 615 439 ι99

1402 370 1946 431 SUI‘PLEMENTUM
1987 375 2075 428 AD
2112 374 2339 432 OPERA
2379 380 2435 433 S.
2482 374 2860 436 AUGUSTIN'.

3634 381 3726 442 500

512 495 813 561 versionem
857 492 1051 545 habere
1095 488 1423 543 viderentur.
1460 487 1654 549 Doleo,
1687 485 1880 551 fateor,
1917 494 1993 539 tot
2029 500 2091 541 ac
2118 490 2166 545 A
2192 491 2354 545 videat
2381 508 2481 545 non
2508 494 2727 560 potuisse
2749 504 3010 567 utrumque
3040 503 3155 547 tunc
3174 496 3275 548 dici
3304 513 3335 549 a
3366 497 3631 563 propheta,
3657 506 3730 571 qui

516 596 657 655 tanta
684 585 820 652 apud
852 593 1060 637 veteres
1103 581 1327 634 inveniri
1362 579 1655 646 specitnina
1702 593 1807 630 non
1840 578 1958 631 lidei
1989 578 2090 632 cir-

481 685 833 741 .cutnspcct:e
863 685 915 727 et
947 672 1115 725 ﬁrmis
1134 669 1433 724 rationibus
1457 669 1613 730 nixa),
1646 668 1737 721 sed
1768 668 2093 723 credulitatis

516 764 829 818 inconsulta:
852 773 903 816 et
924 762 1098 815 omnia
1127 769 1330 814 temere
1356 758 1692 827 arripientis;
1726 758 1829 810 nisi
1856 759 1973 825 quis
2001 774 2092 827 po-

515 858 706 907 liticam
747 852 1123 910 calliditatem.
1174 861 1231 905 ut
1281 864 1423 904 nunc
1468 849 1752 918 loquimur,
1802 848 1951 901 malit
1978 848 2090 902 hinc

518 947 721 1000 haberi.
756 943 1028 998 Utrumvis
1055 958 1237 997 verum
1268 951 1549 1003 statuatur,
1584 940 1706 993 inde
1730 938 2088 1006 colligendum

502 1037 619 1089 erit
649 1035 823 1101 nobis,
855 1042 1049 1099 prmter
1076 1032 1347 1086 Christum
1377 1042 1432 1085 et
1460 1030 1751 1099 apostolos,
1798 1028 1885 1096 qui
1924 1028 2091 1082 ﬁdeli-

518 1138 600 1179 ter
629 1126 884 1179 doctrina:
921 1126 1036 1191 ejus
1083 1124 1444 1187 adut-serunt,
1490 1138 1596 1175 non
1630 1136 1750 1175 esse
1779 1120 2091 1188 quaerendos

521 1198 806 1284 magistros
838 1215 888 1267 in
920 1230 1146 1282 quorum
1176 1214 1491 1265 auctoritate
1518 1212 1954 1278 acquiescamus:
1991 1223 2089 1277 qua

494 1310 584 1363 de
642 1323 700 1359 re
748 1306 905 1359 etiam
939 1320 1034 1357 nos
1071 1306 1184 1371 ipse
1230 1304 1468 1357 Christus
1526 1303 1722 1355 diserte
1782 1301 2094 1368 prmntonuit

519 1396 705 1450 Matth.
756 1410 899 1457 χχιιι,
926 1396 977 1447 8.
1024 1392 1286 1446 I’rzutcrea
1334 1392 1486 1444 facile
1532 1391 1641 1443 lieri
1676 1400 1845 1457 potest
1884 1400 1939 1441 ut
1989 1404 2090 1443 non

521 1484 887 1552 Septuaginta,
929 1484 1020 1535 sed
1060 1485 1257 1550 aliquot
1299 1482 1507 1534 centeni
1533 1481 1774 1533 homines
1805 1481 1975 1533 minus
2005 1494 2092 1546 pe-

519 1581 605 1631 ιδὶῖὶ
640 1592 742 1630 uno
772 1577 881 1627 \‘iro
912 1576 1103 1627 lut'riul
1129 1593 1141 1638 ;
1177 1591 1237 1627 ac
1267 1588 1394 1626 sane
1422 1572 1606 1640 integri
1630 1585 1908 1624 consessus
1933 1585 2091 1639 quam

520 1686 663 1737 su'pu
691 1670 983 1725 errarunt?
1029 1668 1229 1733 Quidve
1258 1678 1339 1721 est
1371 1666 1546 1719 notius
1579 1676 1735 1730 quam
1767 1662 1877 1714 veri
1906 1675 2090 1713 aman-

2194 579 2373 631 missus
2402 585 2564 646 fuerat
2595 594 2778 635 terrere
2820 584 3207 637 comminatione
3257 585 3560 641 imminentis
3613 592 3731 645 exitii

2191 668 2436 719 civitatem
2460 670 2547 723 ?...
2575 668 2634 723 Si
2658 686 2776 738 ergo
2817 686 2848 722 a
2878 687 2955 723 me
2981 674 3224 739 quaeritur
3237 676 3362 743 quid
3388 677 3566 729 horum
3588 678 3732 734 Jonas

2193 757 2395 822 dixerit,
2428 758 2521 810 hoc
2539 768 2659 827 puto
2690 761 2853 825 potius
2877 762 3010 828 quod
3036 762 3218 832 legitur
3243 766 3294 817 in
3326 764 3541 820 Hebra’o
3566 783 3587 822 :
3611 769 3736 836 Qua-

2192 849 2429 917 draginta
2470 850 2605 916 dies,
2650 861 2703 904 et
2746 850 2931 907 Ninive
2970 853 3289 925 evertetur.]
3331 856 3563 925 Optime,
3612 863 3736 917 unde

2193 938 2548 1006 colligendum
2573 948 2690 992 erat
2715 951 2799 993 aut
2828 943 3059 1009 graviter
3087 958 3299 999 errasse
3322 945 3459 1000 LXX
3493 948 3736 1018 interpre-

2194 1035 2293 1091 tes,
2323 1036 2413 1079 aut
2443 1028 2727 1083 mendosos
2757 1045 2875 1084 esse
2898 1044 3084 1085 eorum
3115 1034 3348 1088 codices.
3399 1035 3554 1091 Prius
3601 1038 3737 1097 fateri

2194 1116 2363 1170 noluit
2392 1120 2742 1186 Augustinus;
2771 1122 2946 1190 itaque
2974 1124 3040 1178 ad
3071 1127 3338 1193 posterius
3365 1127 3738 1186 deveniendum

2192 1208 2395 1273 fuisset,
2416 1210 2514 1263 nisi
2547 1211 2666 1265 hinc
2696 1212 3027 1268 incommoda
3069 1216 3311 1285 quaedam
3334 1230 3591 1275 exortura
3617 1239 3739 1292 prte-

2192 1297 2442 1363 vidisset;
2472 1315 2678 1369 nempe,
2705 1303 2913 1370 plebem
2940 1306 3197 1360 dicturam
3230 1310 3389 1365 va'de
3436 1312 3633 1381 pigros,
3661 1326 3741 1370 aut

2193 1386 2540 1455 inconsultos,
2588 1399 2678 1444 aut
2706 1392 2941 1447 indoctos
2991 1394 3154 1450 fuisse
3203 1401 3459 1465 praesules
3492 1416 3636 1469 suos,
3663 1408 3741 1474 qui

2193 1478 2489 1533 versionem
2533 1480 2790 1547 Latinam,
2842 1486 3081 1537 haustam
3128 1502 3192 1540 ex
3238 1490 3445 1544 vitiosis
3487 1493 3743 1550 codicibus

2194 1568 2413 1633 Grmcis,
2446 1570 2544 1623 sibi
2580 1572 2794 1641 praelegi
2839 1574 3011 1627 adhuc
3034 1586 3312 1631 curassent
3344 1595 3357 1643 ;
3390 1594 3514 1632 nam
3556 1596 3743 1650 magna:

2197 1662 2296 1715 hoc
2323 1662 2415 1715 luit
2437 1661 2765 1730 ignorantiae,
2793 1663 2837 1717 si
2869 1665 3166 1720 nescientes
3188 1679 3472 1735 peccarant
3495 1685 3513 1736 ;
3544 1687 3639 1726 nec
3662 1672 3744 1726 mic

520 1760 659 1812 libus
690 1758 933 1826 sull‘ragia
966 1773 1070 1809 non
1102 1772 1221 1809 esse
1252 1772 1317 1808 ex
1342 1769 1583 1819 numero,
1632 1751 1723 1804 sed
1756 1766 1819 1803 ex
1858 1749 2093 1815 pondere
2196 1753 2339 1806 noris
2372 1754 2591 1821 pigritia:
2620 1762 2710 1806 aut
2753 1754 3143 1822 imprudentiae,
3174 1757 3218 1810 si
3258 1759 3310 1812 in
3353 1761 3633 1817 veritatem
3679 1765 3745 1818 in-

521 1850 871 1915 restituanda?
896 1849 1046 1901 Nulla
1076 1845 1457 1915 pr0pemodum
1491 1843 1708 1903 veritas,
1742 1855 1807 1893 ne
1836 1841 1948 1907 ipsa
1978 1839 2092 1907 qui-
2123 1834 2169 1893 B
2196 1844 2427 1911 quirere,
2448 1842 2676 1911 vitioque
2696 1843 2956 1897 versionis
2976 1845 3260 1901 emendare
3275 1849 3580 1905 no'uerant.
3602 1853 3745 1907 Multo

519 1942 639 1993 dem
668 1942 919 2007 rcl‘gione
948 1939 1245 1994 Christiana
1285 1948 1526 2006 excepta,
1555 1934 1765 1989 delendi
1817 1939 2008 2000 potest,
2047 1932 2092 1984 si
2197 1932 2297 1985 hoc
2352 1932 2586 1985 deterius
2615 1940 2751 1995 erat,
2792 1934 3242 2003 consectariisque
3290 1938 3744 2004 periculosioribus

523 2045 774 2083 numerus
813 2041 934 2082 nota
989 2046 1051 2082 ac
1094 2038 1463 2097 argumentum
1498 2020 1754 2080 veritatis
1813 2022 2088 2077 habeatur.
2192 2021 2505 2083 obnoxium,
2535 2034 2692 2087 quam
2722 2034 2856 2073 nova
2893 2021 3258 2090 interpretatio
3281 2024 3593 2097 llieronymi
3618 2032 3745 2084 vocis

522 2119 778 2187 Denique,
807 2128 863 2170 ut
890 2118 996 2183 jam
1028 2119 1157 2178 dixi,
1189 2118 1276 2169 illa
1305 2116 1372 2169 de
1397 2115 1536 2168 LXX
1567 2112 1943 2180 interpretibus
1976 2111 2091 2164 Ari-
2196 2108 2467 2161 llebraice:
2494 2116 2661 2193 ptptp
2685 2105 2924 2178 Kikajan,
2954 2110 3005 2163 in
3034 2110 3221 2165 eodem
3252 2115 3533 2180 propheta,
3564 2133 3663 2187 qua
3690 2118 3745 2173 de

520 2218 649 2260 steze
680 2208 895 2260 historia
930 2207 1108 2274 putida
1132 2216 1213 2257 est
1243 2206 1455 2257 fabella.
1486 2204 1614 2255 \‘ide
1637 2216 1754 2268 qua:
1796 2202 1897 2253 hac
1924 2200 1991 2253 de
2036 2213 2094 2254 re
2194 2212 2253 2250 re
2295 2206 2467 2251 tantas
2496 2200 2741 2265 querelas
2770 2199 3076 2267 profuderat
3103 2205 3274 2257 ventis
3310 2207 3555 2261 ferendas
3582 2212 3743 2277 Augu-

518 2300 627 2363 jam
670 2307 969 2349 notav-mus
1008 2294 1072 2347 ad
1104 2305 1232 2346 tom.
1262 2294 1326 2359 ll,
1359 2294 1517 2359 epist.
1546 2291 1637 2343 28.
1667 2291 1846 2357 Itaque
1875 2290 2091 2357 dignum
2190 2287 2386 2353 stinns,
2418 2286 2571 2353 cujus
2598 2287 2714 2340 vide
2740 2289 3017 2355 epistolam
3047 2293 3108 2345 7i
3140 2302 3194 2348 et
3220 2291 3338 2361 qtize
3363 2296 3431 2349 ad
3472 2311 3588 2351 eam
3612 2309 3745 2352 nota-

522 2396 605 2437 est
630 2385 758 2448 risu,
788 2385 928 2451 quod
961 2393 1062 2435 tam
1098 2383 1347 2450 gravibus
1372 2383 1550 2436 verbis
1579 2381 1901 2448 exprimitur
1923 2381 1972 2432 in
2009 2394 2094 2433 se-
2195 2378 2385 2429 vimus.
2421 2375 2580 2445 Igitur
2608 2391 2726 2431 sese
2747 2379 2809 2431 ad
2841 2381 2981 2435 aliud
3036 2386 3185 2454 σοφὸν
3205 2387 3481 2460 φάρμακον.
3505 2391 3745 2443 convertit

516 2476 801 2543 quentibus
827 2491 838 2526 :
870 2474 997 2527 Cum
1035 2491 1149 2527 vero
1171 2483 1367 2527 tantum
1388 2475 1440 2525 in
1469 2475 1540 2525 eis
1579 2474 1780 2543 signum
1804 2472 2093 2525 Divinitatis
2196 2464 2390 2519 Ρωηυε
2420 2474 2621 2520 orator.
2656 2467 2994 2541 Septuaginta
3014 2474 3219 2541 quippe,
3268 2476 3458 2544 inquit,
3490 2476 3639 2547 longe
3665 2494 3744 2544 po.

517 2567 776 2632 apparat,
812 2566 1036 2632 proferto
1061 2564 1286 2632 quisquis
1310 2564 1441 2616 alius
1470 2565 1676 2616 illarum
1706 2563 2093 2632 Scripfurarum
2191 2556 2373 2609 sterius
2402 2557 2717 2626 interpretati
2743 2560 2890 2613 aliud
2918 2563 3080 2616 dicere
3107 2573 3398 2634 potuerunt,
3428 2568 3562 2635 quod
3597 2579 3745 2621 tamen

515 2672 580 2707 ea:
612 2655 827 2708 llebra'a
874 2656 926 2707 in
955 2655 1230 2724 quamlibet
1267 2657 1422 2707 aliam
1456 2655 1682 2724 linguam
1726 2655 1969 2723 interpres
2017 2665 2089 2709 est

2193 2646 2261 2697 ad
2286 2661 2393 2698 rem
2434 2649 2725 2716 pertineret,
2764 2660 2810 2705 et
2846 2651 2898 2705 in
2949 2670 3107 2707 unum
3160 2658 3490 2725 eamdemque
3533 2675 3741 2723 sensum,

518 2761 687 2809 verax,
722 2754 806 2796 aut
836 2746 1067 2813 congruit
1116 2745 1217 2796 illis
1269 2743 1409 2798 LXX
1457 2744 1836 2811 interpretibus,
1894 2756 2003 2809 aut,
2051 2744 2094 2797 σί
2194 2736 2419 2804 quamvis
2446 2737 2537 2789 sub
2562 2738 2725 2793 altera
2744 2741 3109 2810 signiﬁcatione
3147 2749 3744 2812 concurreret;admonc-

517 2851 788 2902 congruere
810 2852 909 2887 non
936 2837 1151 2898 v‘detur,
1186 2833 1403 2886 altitudo
1432 2834 1503 2885 ibi
1530 2833 1822 2901 prophetica
1851 2848 1955 2885 esse
1981 2846 2096 2884 cen-
2194 2833 2365 2892 reique
2400 2826 2636 2879 lectorem
2687 2838 2899 2898 utraque
2921 2833 3217 2886 auctoritate
3244 2850 3347 2887 non
3370 2847 3559 2903 spreta,
3584 2839 3649 2890 ab
3676 2840 3745 2889 Iri-

518 2924 671 2975 senzla
685 2923 993 2976 est.Authic
1014 2922 1207 2988 aliquid
1226 2920 1908 2987 excidit,autsupplendum
1921 2920 2096 2972 animo
2194 2917 2352 2968 storia
2385 2932 2491 2970 sese
2515 2918 2742 2972 attollere
2761 2920 2827 2971 ad
2852 2935 2911 2973 ea
2952 2923 3274 2990 requirenda,
3314 2935 3523 2993 propter
3553 2942 3668 2992 qua:
3692 2927 3746 2978 si-

517 3024 635 3080 post
661 3030 935 3084 congruere
980 3030 1079 3065 non
1128 3014 1344 3080 videtur,
1390 3012 1523 3064 hanc
1540 3010 2094 3065 sententiam:etcum
2195 3005 2491 3072 gniﬁcanda
2542 3004 2755 3060 historia
2780 3011 2891 3079 ipsa
2920 3012 3205 3081 conscripta
3239 3022 3332 3066 est.
3386 3014 3509 3069 Πίος
3549 3014 3745 3068 demum

513 3106 778 3159 llebraico
809 3105 991 3157 codice
1022 3113 1199 3155 tamen
1229 3102 1496 3155 consentit
1525 3117 1541 3165 ;
1576 3116 1696 3153 nam
1728 3115 1794 3155 ex
1825 3101 2093 3169 sequenti-
2197 3093 2411 3147 interea
2435 3095 2642 3163 quidem
2674 3100 2941 3155 recenseri
2991 3110 3207 3168 possunt
3233 3117 3349 3170 quae
3375 3118 3479 3156 non
3510 3113 3634 3157 sunt
3663 3118 3743 3155 na-

515 3193 616 3246 bus
639 3192 738 3245 huc
768 3193 904 3245 velle
927 3190 1275 3258 Augustinum
1300 3190 1627 3258 liqueI.Hzec
1653 3204 1781 3252 sane
1809 3191 1938 3243 mira
1965 3200 2088 3244 sunt

2194 3189 2308 3235 tttra
2348 3196 2444 3235 sua
2490 3190 2855 3256 repugnantia,
2886 3203 2947 3243 ac
2976 3190 3198 3257 proinde
3224 3190 3335 3245 ﬁeri
3370 3208 3474 3245 non
3508 3200 3744 3259 possunt;

515 3296 570 3338 et
602 3284 857 3348 inaudita,
891 3298 989 3336 nec
1018 3293 1217 3336 temere
1245 3295 1306 3335 ac
1332 3282 1447 3335 sine
1496 3281 1746 3349 gravibus
1794 3281 2087 3335 rationibus

516 3376 851 3429 allirmauda.
899 3375 1028 3437 Quis
1057 3372 1198 3426 enim
1233 3374 1398 3440 possit
1425 3372 1524 3426 sibi
1562 3372 1883 3441 persuadere
1913 3372 2084 3442 Spiri-

518 3479 628 3520 tum
678 3465 1046 3535 propheticum
1085 3472 1285 3515 certam
1336 3463 1653 3517 sententiam
1706 3462 1938 3515 dictasse
1988 3464 2088 3516 lle-

516 3562 675 3615 brmis
706 3560 831 3615 olim
862 3558 1093 3620 vatibus,
1124 3571 1152 3607 a
1178 3555 1369 3624 quibus
1396 3555 1622 3623 primum
1666 3554 1878 3607 oracula
1909 3553 2087 3607 divina

517 3654 708 3708 litteris
738 3652 985 3706 mandata
1010 3659 1169 3713 sunt;
1201 3647 1395 3701 deinde
1416 3647 1661 3702 eumdem
1707 3647 1961 3714 Spiritum
1996 3646 2086 3699 eo;

518 3758 634 3797 rum
665 3752 844 3797 vatum
890 3742 1089 3796 Graecis
1123 3738 1502 3806 interpretibus
1532 3737 1708 3799 aliam,
1741 3744 1832 3789 aut
1876 3747 2085 3789 contra-

519 3838 651 3889 riam
681 3835 892 3886 :tlﬂJSSC
919 3830 1271 3886 sententiam?
1302 3829 1467 3883 Nemo
1500 3828 1619 3881 talia
1648 3827 1800 3881 facile
1823 3828 1923 3881 sibi
1971 3843 2086 3894 per-

519 3926 759 3979 suadeat.
792 3922 887 3973 llic
919 3937 1042 3974 vero
1065 3922 1207 3974 nulla
1235 3918 1484 3974 credendi
1517 3918 1652 3971 ratio
1675 3917 1922 3979 occurrit,
1956 3931 2087 3983 prm-

522 4027 603 4067 ter
633 4013 824 4064 an'letn
857 4011 997 4062 illam
1032 4011 1251 4064 Aristem
1279 4008 1526 4073 fabulam,
1572 4008 1654 4060 cui
1699 4007 1879 4061 insunt
1907 4007 2088 4059 omnia

520 4101 784 4155 mendacii
819 4100 955 4154 male
986 4101 1196 4155 conficti
1244 4099 1457 4162 indicia,
1498 4111 1551 4152 et
1579 4098 1664 4152 cui
1694 4112 1779 4151 res
1822 4099 1929 4163 ipsa
1959 4111 2087 4149 con-

523 4192 751 4247 tradicit.
788 4192 915 4245 Nunt
946 4194 1127 4261 liquet,
1160 4190 1453 4245 conlerenti
1482 4190 1778 4243 versionem
1808 4201 1927 4239 cum
1960 4200 2089 4238 con-

523 4296 667 4339 textu
713 4285 989 4349 llehraico,
1024 4285 1281 4353 permulta
1309 4283 1502 4337 delicta
1531 4295 1649 4336 esse
1694 4294 1722 4332 a
1755 4278 1894 4332 LXX
1924 4277 2088 4332 inter-

520 4379 756 4447 pretibui
779 4386 867 4428 aut
894 4377 959 4429 ab
989 4391 1073 4438 eo,
1104 4376 1407 4442 quicunque
1435 4372 1626 4440 sit,qui
1650 4386 1765 4424 eam
1790 4361 2085 4433 versionem

523 4467 878 4527 concinnavit,
905 4465 1161 4525 admissa;
1204 4462 1344 4529 quod
1394 4462 1531 4515 male
1562 4463 1613 4513 in
1653 4460 1942 4528 exemplari
1990 4472 2087 4512 suo

2189 3274 2477 3341 cmteroqui
2509 3289 2573 3328 ne
2605 3277 2866 3331 levissima
2897 3278 3111 3347 quidem
3151 3281 3607 3336 verisimilitudine
3652 3284 3749 3335 tin-

2190 3366 2293 3412 cta.
2326 3359 2669 3430 Septuaginta
2701 3365 3039 3432 interpretes,
3084 3381 3150 3421 eo
3193 3369 3307 3435 ipso
3335 3369 3475 3437 quod
3505 3384 3561 3424 se
3599 3371 3748 3423 inter-

2189 3457 2367 3516 pretes
2393 3450 2728 3519 prolitentur,
2756 3453 3072 3521 pollicentur
3101 3470 3159 3508 se
3179 3455 3417 3511 dicturos
3446 3459 3622 3512 Graece
3637 3474 3747 3526 quae

2190 3542 2450 3599 llebraice
2478 3547 2672 3615 scripta
2700 3556 2851 3611 sunt;
2896 3547 3034 3616 quod
3063 3548 3162 3602 nisi
3192 3558 3466 3617 prmstcnt,
3506 3566 3603 3605 non
3633 3566 3747 3619 pos-

2189 3642 2313 3685 Snnt
2340 3636 2539 3688 crimen
2569 3644 2659 3689 aut
2683 3636 2980 3705 imperitiae,
3000 3645 3087 3690 aut
3116 3639 3469 3708 negligentia,
3493 3651 3580 3695 aut
3604 3641 3747 3695 make

2190 3722 2313 3778 fidei
2337 3723 2587 3792 effugere.
2637 3726 2745 3779 lloc
2781 3741 2901 3780 cum
2934 3742 3143 3796 semper
3185 3744 3366 3782 verum
3415 3730 3487 3784 sit
3514 3732 3563 3783 in
3594 3732 3747 3784 histo-

2189 3814 2386 3866 riarum
2413 3814 2867 3882 interpretatione,
2900 3817 2943 3869 si
2976 3820 3044 3870 ita
3078 3818 3220 3885 loqui
3244 3819 3385 3882 licet,
3409 3828 3493 3874 est
3512 3834 3633 3875 vero
3655 3834 3745 3873 ve-

2189 3910 2318 3975 rius,
2354 3910 2597 3979 quisquis
2626 3911 2765 3964 enim
2794 3910 2997 3965 inducit
3045 3912 3271 3981 aliquem
3313 3913 3365 3967 in
3397 3914 3637 3969 versione
3670 3914 3746 3966 di-

2188 4015 2395 4057 centem
2415 4001 2555 4070 quod
2586 4016 2693 4055 non
2721 4010 2802 4055 est
2832 4001 2882 4054 in
2906 4002 3194 4071 archetypo
3223 4003 3363 4071 quod
3403 4005 3581 4069 vertit,
3609 4018 3744 4057 nien-

2191 4096 2340 4146 titur.
2376 4094 2443 4147 At
2471 4093 2614 4160 licet,
2646 4093 2873 4161 inquies,
2915 4093 3078 4147 verba
3108 4093 3347 4147 nonnihil
3374 4095 3664 4159 immutare,
3697 4092 3742 4145 si

2190 4186 2259 4239 sit
2285 4185 2470 4239 eadem
2507 4184 2789 4238 sententia.
2826 4182 2940 4237 Non
2970 4198 3122 4252 nego,
3150 4182 3243 4237 sed
3282 4183 3383 4238 hoc
3412 4193 3521 4239 tum
3544 4186 3737 4239 demum

2192 4274 2303 4327 lieri
2323 4284 2514 4342 potest,
2532 4290 2650 4328 cum
2674 4274 2724 4328 id
2754 4274 2981 4343 postulat
3016 4274 3285 4343 ingenium
3319 4274 3508 4344 lingua-
3531 4290 3628 4343 qua
3650 4272 3740 4325 uti-

2191 4373 2275 4417 tur
2297 4364 2579 4433 interpres,
2610 4379 2713 4419 non
2745 4364 2830 4418 ubi
2862 4364 3221 4418 nihilnecesse
3242 4374 3341 4419 est.
3372 4366 3624 4419 Praeterea
3652 4362 3738 4416 fal-

2192 4469 2307 4507 sum
2335 4463 2416 4508 est
2437 4468 2558 4509 esse
2574 4454 2735 4519 idem,
2772 4454 2836 4508 ad
2869 4454 3185 4508 sententiam
3213 4454 3349 4523 quod
3370 4455 3738 4518 attinet,adhnc

521 4562 757 4630 legerent
784 4525 939 4610 voces
989 4525 1292 4617 llebraicas,
1341 4553 1480 4618 quod
1527 4552 1714 4604 afﬁnes
1759 4525 1964 4603 lit—teras
1994 4550 2092 4603 mi-
2121 4525 2171 4584 D
2195 4546 2531 4614 quadraginta
2569 4546 2696 4613 dies,
2730 4554 2783 4599 et
2824 4545 2990 4597 adhuc
3039 4554 3139 4599 tres
3181 4547 3305 4601 dies.
3352 4546 3456 4600 Sed
3487 4546 3738 4599 audiamus

522 4660 755 4715 scercnt,
786 4648 926 4715 quod
954 4657 1139 4697 vocum
1164 4642 1422 4694 rariorum
1445 4642 1774 4709 signiﬁcatus
1802 4640 2089 4697 nescirent.

522 4742 663 4809 quod
713 4743 824 4794 loca
856 4739 1077 4791 obscura
1126 4748 1230 4787 non
1270 4741 1703 4799 assequerentur,
1761 4741 1814 4783 et
1855 4729 1993 4799 quod
2027 4746 2093 4785 ne

525 4837 665 4884 clara
691 4833 901 4900 quidem
928 4828 1193 4882 interdum
1234 4823 1364 4879 satis
1406 4823 1797 4891 intelligerent;
1845 4838 1963 4889 quas
1996 4822 2093 4873 ltu-

527 4921 666 4971 niani
696 4930 749 4970 et
775 4918 1114 4972 allucinantis
1160 4915 1378 4984 spiritus
1423 4923 1563 4979 sunt,
1598 4927 1701 4965 non
1751 4912 1937 4965 divini.
1986 4911 2091 4966 Sed

526 5010 644 5062 hinc
670 5023 764 5074 per
793 5023 850 5060 se
877 5010 1014 5061 scire
1044 5008 1367 5072 Augustinus
1397 5020 1499 5059 non
1552 5004 1758 5072 potuit;
1801 5018 1984 5057 verum
2025 5002 2093 5056 de

526 5116 587 5154 re
616 5098 714 5164 ipsi
742 5098 899 5164 plane
931 5098 1255 5162 incomperta
1308 5107 1485 5151 tacere
1527 5111 1647 5150 eum
1681 5096 1855 5164 potius
1894 5094 2088 5155 decuit,

528 5204 685 5258 quant
712 5198 817 5239 tam
848 5186 1196 5238 multainania
1222 5186 1512 5240 eil‘undere.
1549 5188 1602 5241 Si
1623 5202 1806 5241 verum
1832 5198 2089 5245 amamus,

528 5278 801 5335 fatendum
848 5286 955 5328 tam
996 5273 1254 5327 absurdus
1282 5276 1564 5342 opiniones
1611 5292 1717 5329 non
1762 5274 2094 5344 displicuisse

528 5371 658 5423 viris
684 5380 1013 5435 nequaquam
1051 5363 1349 5426 hebetibus,
1377 5365 1518 5430 quod
1566 5378 1750 5416 eorum
1784 5365 2005 5433 pigritim
2032 5379 2094 5417 ac

532 5457 903 5513 existinntiom
935 5454 1295 5516 consulerent,
1323 5453 1495 5519 utjam
1519 5450 1641 5503 alibi
1659 5452 2089 5519 signiﬁcavimus.

552 5579 557 5585 ι
604 5550 733 5613 (lup.
764 5547 851 5601 44.
887 5546 1009 5606 Sed,
1035 5546 1105 5597 ait
1133 5544 1337 5611 aliquis,
1380 5542 1630 5608 quomodo
1673 5543 1831 5593 sciam
1854 5542 1973 5609 quid
2002 5542 2093 5594 Jo-

535 5651 623 5684 nas
650 5653 692 5697 p:
710 5636 886 5700 Opltcltt
909 5636 1090 5686 dixerit
1118 5633 1375 5695 A’ini‘ritis,
1400 5644 1567 5683 utrum
1586 5646 1602 5678 :
1627 5630 1901 5691 Triduum,
1935 5640 1986 5683 et
2007 5631 2095 5683 Ni-

536 5725 653 5785 nive
679 5730 970 5785 evertetur;
1000 5740 1062 5772 an
1088 5738 1103 5771 .’
1127 5724 1476 5789 Quadraginta
1510 5722 1658 5775 dies?
1696 5722 1820 5786 Quis
1848 5723 2093 5774 enimnon

2195 4635 2544 4705 Augustinum
2578 4635 2889 4704 allegoricas
2917 4634 3190 4689 machinas
3220 4635 3479 4690 violenter
3504 4634 3739 4688 adhiben-

2196 4737 2324 4791 tem,
2377 4735 2433 4778 ut
2462 4725 2711 4779 defendat
2753 4726 2967 4780 ercos
3004 4725 3357 4793 interpretes:
3394 4726 3455 4780 Si
3485 4740 3565 4793 per
3605 4722 3741 4776 illam

2196 4818 2446 4870 civitatem
2471 4826 2605 4869 recte
2632 4816 2881 4885 accipitur
2898 4815 3123 4869 Ecclesia
3144 4818 3369 4884 gentinn.
3390 4816 3667 4885 prapltetice
3688 4815 3741 4882 fi-

2198 4919 2378 4977 gurata
2397 4924 2413 4972 ;
2431 4923 2620 4975 eversa,
2650 4908 2836 4961 scilicet
2863 4922 2949 4975 per
2974 4906 3313 4966 paenitentiam
3342 4915 3396 4959 ut
3415 4908 3577 4974 qualis
3596 4910 3744 4975 fuerat

2188 5000 2305 5068 jam
2325 5015 2425 5052 non
2450 5009 2610 5062 esset;
2637 4999 2731 5051 hoc
2750 4999 2984 5065 quoniam
3016 5014 3102 5065 per
3124 4996 3379 5051 Christum
3398 5002 3587 5067 factum
3610 5005 3677 5050 est
3700 4996 3743 5047 in

2202 5089 2433 5143 Ecclesia
2461 5091 2706 5157 gentium,
2747 5089 2891 5157 cujus
2930 5088 3023 5140 illa
3069 5087 3255 5140 Ninive
3282 5089 3501 5156 ﬁguram
3528 5089 3742 5158 gerebat;

2199 5183 2300 5235 sive
2319 5198 2409 5248 per
2428 5179 2760 5248 quadraginta
2782 5180 2906 5239 dies,
2930 5180 3033 5230 sive
3053 5178 3295 5243 triduum,
3320 5180 3452 5231 idem
3473 5179 3580 5246 ipse
3605 5177 3745 5245 signi—

2201 5270 2383 5335 ﬁcatus
2414 5276 2484 5320 est
2517 5266 2777 5333 Christus;
2802 5283 2890 5335 per
2916 5267 3276 5336 quadraginta,
3304 5260 3517 5329 scilicet,
3543 5267 3657 5334 quia
3684 5273 3747 5316 tot

2201 5358 2308 5409 dies
2337 5356 2522 5424 peregit
2544 5370 2657 5407 cum
2679 5356 2941 5424 discipulis
2985 5356 3093 5407 suis
3118 5363 3231 5421 post
3256 5351 3685 5417 resurrectionem,
3709 5359 3750 5403 et

2200 5447 2424 5500 ascendit
2453 5448 2502 5498 in
2523 5441 2732 5510 caelum;
2758 5462 2845 5513 per
2866 5446 3089 5498 triduum
3108 5462 3240 5507 vero,
3269 5445 3389 5513 quia
3417 5446 3497 5499 die
3517 5444 3659 5497 tertio
3684 5458 3751 5494 re.

2201 5536 2438 5591 surrexit.
2460 5534 2587 5600 Quae
2608 5536 2782 5588 omnia
2811 5545 2936 5588 sunt
2963 5534 3347 5597 commentitia,
3373 5548 3492 5586 nam
3528 5535 3691 5603 primo
3712 5530 3750 5583 si

2204 5642 2463 5695 negavero
2479 5627 2722 5691 Niniven,
2747 5625 2883 5694 apud
2902 5625 3111 5689 Jonam,
3135 5638 3251 5678 esse
3272 5622 3491 5692 ﬁguram
3516 5623 3749 5677 Ecclesia:

2203 5719 2455 5787 gentium,
2514 5732 2672 5773 nemo
2693 5733 2755 5773 ex
2797 5717 3063 5784 Scriptura
3123 5715 3441 5769 contrarium
3498 5712 3742 5783 probabit.
