3900 6320
158 294 263 387 soi

861 280 1200 379 umorum
1240 320 1832 378 EXERCITATIONES
1873 320 1935 373 IN
1977 320 2034 376 s.
2075 318 2451 374 AUGUSTINI
2490 318 2739 374 orsus.

3338 322 3446 377 502

160 438 393 493 Deinde
420 436 596 492 dicam
643 434 933 489 absurdum
961 450 1079 490 esse
1107 435 1287 491 dicere
1309 435 1643 489 eversionem
1687 433 1764 486 in-
1794 436 1845 494 Α
1874 436 2127 495 ctionem,
2153 435 2263 500 jam
2299 430 2634 485 manifestam
2680 428 2835 498 hujus
2873 430 3239 501 discrepantia:
3285 436 3444 489 ratio-

156 538 386 583 tentam
409 526 601 581 Ninive
626 533 848 595 propter
865 535 1100 593 peccata,
1127 525 1226 577 nisi
1256 522 1619 591 pmnitentiam
1646 535 1767 589 age-

154 626 272 681 ret,
308 629 441 671 esse
471 615 693 684 ﬁguram
724 613 1032 666 mutationis
1062 627 1267 667 morum
1297 628 1416 681 qua:
1444 614 1502 665 ﬁt
1531 626 1628 680 per
1657 625 1768 679 poe-

154 707 494 761 nitentiam.
528 705 771 759 Profecto
798 705 843 758 si
867 712 1081 772 peccata
1110 711 1163 758 et
1185 702 1405 758 exitium
1428 711 1643 771 propter
1655 716 1769 770 pec-

154 808 286 849 cata
314 797 432 850 sint
451 796 615 864 ﬁgura
634 792 959 861 paenitentiae
971 792 1343 847 etmutatiouis
1366 802 1605 846 veterum
1627 791 1770 845 insti-

155 894 425 939 tutorum
447 899 540 951 per
551 882 943 952 pteniteutiam,
961 896 1070 949 iam
1083 881 1318 935 omnium
1335 882 1508 934 omnia
1524 887 1772 949 poterunt

153 990 292 1030 esse
327 975 671 1045 ﬁgttrte,ouec
694 972 799 1027 ulla
828 972 1057 1039 amplius
1083 970 1377 1025 similitudo
1412 971 1549 1025 inter
1575 972 1773 1039 ﬁguras

156 1076 216 1123 et
246 1084 353 1124 res
387 1069 642 1137 figuratas
663 1067 765 1121 erit
802 1066 1113 1133 qumrenda.
1147 1066 1405 1121 Poterunt
1428 1066 1648 1121 rotunda
1679 1066 1772 1119 Ita-

157 1158 288 1211 beri
349 1156 647 1226 archetypa
696 1155 1100 1223 quadratorum,
1149 1163 1201 1210 et
1238 1156 1494 1225 quadrata
1536 1157 1772 1224 antitypa

158 1249 563 1305 rotundorum.
593 1247 855 1301 Tenebrte
886 1254 1042 1300 erunt
1088 1247 1262 1314 imago
1293 1245 1452 1311 lucis,
1497 1246 1585 1299 lux
1627 1254 1770 1300 tene-

159 1339 438 1394 brarum.
474 1336 714 1405 Denique
741 1335 1086 1404 quadraginta
1108 1343 1200 1388 aut
1231 1344 1336 1389 tres
1369 1336 1484 1389 dies
1534 1334 1772 1390 concessi

162 1428 525 1498 ptenitentiaa
549 1441 654 1481 non
677 1433 897 1495 possunt
926 1440 1045 1479 esse
1076 1425 1255 1493 ﬁgurae
1276 1418 1487 1479 dierum
1512 1425 1698 1493 jejunii
1721 1434 1775 1479 et

164 1521 379 1573 mortis
402 1518 624 1584 Christi,
644 1516 734 1586 qui
757 1516 931 1571 simile
951 1515 1081 1569 nihil
1106 1515 1325 1579 habent,
1352 1524 1544 1583 praeter
1568 1517 1771 1570 numeri

166 1613 620 1669 similitudinem.
652 1610 765 1664 [mo
786 1624 914 1664 vero
944 1609 1186 1678 quamvis
1212 1617 1287 1661 tot
1325 1609 1571 1663 violenta:
1608 1610 1775 1662 inter-

169 1703 532 1774 pretationes
572 1701 1007 1764 admitterentur,
1052 1709 1333 1766 propterea
1365 1708 1543 1753 tamen
1576 1712 1680 1751 non
1712 1698 1774 1750 li-

1868 538 1992 591 nem
2018 522 2349 576 habebimus.
2385 522 2607 590 Nempe,
2651 522 2825 575 minor
2878 538 3129 579 numerus
3169 528 3366 582 excidit
3409 544 3442 583 e

1867 615 2139 680 codicibus
2181 614 2442 679 Hebraeis,
2499 615 2667 682 major
2714 629 2844 668 vero
2880 615 3029 669 abest
3068 617 3135 669 ab
3174 616 3445 672 bodiernis

1868 706 2260 775 exemplaribus
2282 707 2515 771 Graecis;
2549 706 2599 759 in
2630 707 2822 773 quibus
2850 707 2974 759 olim
3020 707 3200 771 fuisse,
3239 723 3343 761 non
3391 718 3446 761 ut

1868 798 2025 869 vulgo
2052 795 2125 851 ἔτι
2149 805 2290 871 τρεῖς
2317 799 2522 869 ἡμέραι,
2555 796 2647 849 sed
2677 810 2805 851 vero
2836 796 2916 851 ἔτι
2961 804 3103 873 τρεῖς
3130 802 3217 853 καὶ
3244 797 3293 867 μ’
3320 801 3448 867 ἠμέ-

1868 909 1956 960 ραι
1976 886 2120 941 clare
2146 901 2208 940 ex
2238 886 2445 941 Justin
2467 887 2752 955 colligitur.
2776 888 2942 940 Porro
2965 887 3052 940 hic
3077 902 3327 941 numerus
3341 889 3450 941 val-

1870 977 1937 1031 de
1958 986 2036 1032 est
2067 978 2256 1030 rationi
2292 986 2703 1032 consentaneus.
2734 978 2989 1032 Triduum
3030 979 3175 1032 enim
3226 980 3449 1033 omnino

1871 1068 2241 1136 requirebatur
2256 1067 2321 1120 ad
2346 1067 2739 1136 praedicandum
2765 1078 2818 1122 et
2838 1069 3225 1139 peragrandam
3242 1069 3447 1123 urbem.

1871 1157 2127 1213 Confecto
2159 1158 2317 1211 unius
2363 1158 2464 1211 diei
2513 1160 2721 1224 itinere,
2753 1159 2996 1228 praedixit
3041 1160 3227 1213 urbem
3253 1160 3446 1227 peritu-

1873 1262 2007 1315 ram,
2038 1257 2159 1317 post
2188 1249 2303 1302 dies
2319 1248 2667 1317 quadraginta
2692 1240 2819 1302 tres.
2845 1248 3091 1303 Secundo
3113 1250 3220 1313 die,
3241 1249 3449 1317 longius

1872 1351 2207 1408 progressus,
2226 1338 2572 1407 quadraginta
2603 1337 2737 1391 duos
2763 1338 2877 1392 dies
2900 1338 3235 1406 signiﬁcavit.
3270 1338 3452 1392 Tertio

1874 1426 2052 1494 itaque
2079 1427 2164 1481 die
2211 1428 2420 1494 elapso,
2468 1439 2520 1481 et
2566 1436 2843 1497 peragrata
2888 1428 2997 1494 jam
3059 1428 3210 1494 urbe,
3239 1428 3453 1481 nonnisi

1877 1516 2223 1587 quadraginta
2269 1526 2588 1582 supererant
2616 1519 2751 1572 dies.
2785 1537 2804 1569 s
2860 1518 2985 1573 llaec
3014 1517 3232 1572 Vossius
3262 1519 3354 1572 lib.
3388 1519 3456 1572 de

1875 1608 2250 1662 'l'ranslatione
2272 1606 2413 1660 LXX
2456 1609 2806 1677 interpretum
2848 1623 2966 1677 cap.
3006 1610 3096 1674 23,
3129 1624 3248 1677 quae
3302 1610 3455 1678 inge-

1878 1697 2028 1750 niosa
2057 1706 2210 1762 sunt;
2243 1698 2336 1753 sed
2368 1700 2556 1764 multo,
2591 1709 2649 1753 ut
2673 1701 2803 1754 mihi
2840 1700 3051 1768 quidem
3098 1702 3326 1765 videtur,
3362 1716 3456 1756 ve-

170 1792 296 1846 cuit
331 1790 479 1845 LXX
511 1789 890 1857 interpretibus
917 1796 1127 1841 mutare
1171 1802 1448 1841 numerum
1472 1787 1775 1856 prophetae;
1810 1774 1853 1834 Β
1883 1785 2177 1851 risimilius,
2213 1801 2334 1841 cum
2383 1788 2563 1841 cancri
2605 1789 2789 1855 Patres
2823 1798 2873 1842 et
2927 1789 3139 1842 codices
3171 1792 3222 1842 in
3253 1789 3457 1857 vulgari

173 1892 233 1936 et
260 1881 417 1950 quod
446 1879 513 1933 de
539 1894 723 1933 eorum
755 1877 1067 1947 prOphetico
1088 1877 1277 1945 spiritu
1304 1877 1387 1930 hic
1419 1876 1578 1931 habet
1600 1878 1777 1945 Augu-

173 1971 389 2033 stinus,
452 1968 605 2036 plane
655 1976 739 2021 est
782 1967 937 2020 inane
982 1975 1036 2020 et
1081 1976 1260 2033 aptum
1310 1965 1375 2019 ad
1405 1965 1778 2020 ot‘fendiculum

176 2050 889 2127 lectoribus'objiciendum.
928 2056 1059 2124 Quis
1080 2057 1223 2111 enim
1268 2072 1371 2110 non
1397 2056 1542 2112 illico
1564 2055 1778 2121 dixerit,

179 2154 225 2207 si
258 2150 415 2206 LXX
444 2152 760 2218 interpretes
788 2148 1099 2218 prOpbetico
1114 2148 1305 2217 spiritu
1329 2148 1511 2203 donati
1534 2147 1777 2211 fuissent,

183 2244 314 2311 ejus
356 2256 462 2310 ope
500 2241 679 2310 pctius
730 2252 895 2293 novas
945 2239 1253 2308 prOpbetias
1301 2237 1589 2302 effusuros,
1623 2252 1781 2306 quam

188 2340 415 2386 veteres
466 2330 675 2383 inscitia
722 2337 1067 2398 corrupturos
1109 2329 1315 2383 fuisse?
1360 2328 1542 2397 Itaque
1593 2330 1782 2383 merito

190 2424 363 2479 habet
394 2422 745 2491 Hieronymus
770 2404 822 2473 in
852 2420 1153 2475 Comment.
1175 2420 1323 2474 Jonas
1352 2438 1363 2471 :
1397 2420 1583 2473 Trinus
1612 2436 1784 2473 nume-

193 2530 315 2577 rus,
345 2512 434 2581 qui
463 2512 670 2581 ponitur
691 2527 724 2562 a
753 2510 1110 2580 Septuaginta,
1142 2527 1244 2563 non
1276 2512 1505 2563 convenit
1543 2512 1785 2580 perniten-

199 2605 318 2667 tite,
339 2611 389 2655 et
407 2604 528 2654 satis
552 2604 711 2654 miror
732 2616 821 2653 cur
843 2600 915 2651 ita
935 2599 1238 2652 translatum
1259 2599 1473 2662 sit,cum
1488 2600 1541 2651 in
1568 2598 1620 2650 11
1626 2598 1785 2651 ebrwo

201 2708 300 2746 nec
322 2693 625 2759 litterarum,
641 2707 730 2743 nec
755 2689 1085 2759 syllabarum,
1109 2704 1201 2742 nec
1216 2698 1531 2753 accentuum,
1556 2690 1787 2742 necverbi

199 2782 313 2837 ulla
348 2784 417 2835 sit
448 2783 815 2845 communitas;
848 2790 952 2834 tres
979 2779 1109 2835 enim
1131 2781 1370 2833 dicuntur
1394 2794 1573 2843 suos,
1596 2790 1643 2831 et
1662 2795 1789 2843 qua-

202 2873 447 2941 draginta
482 2886 697 2923 assum.
737 2870 979 2938 Alioquin
1023 2878 1071 2923 et
1109 2870 1171 2922 de
1210 2868 1397 2922 Iudaea
1438 2877 1576 2921 tanto
1614 2868 1790 2921 itinere

204 2962 389 3014 missus
412 2960 661 3028 prapheta
679 2961 731 3012 in
754 2961 1011 3029 Assyrios,
1042 2960 1249 3029 dignam
1280 2975 1388 3014 sua:
1416 2960 1789 3028 pradicationis

206 3050 553 3118 pmnitentiam
576 3049 858 3118 ﬂagitabat,
878 3050 1149 3118 utantiqua
1170 3057 1216 3103 et
1245 3048 1453 3120 putrida
1466 3048 1670 3102 vulnera
1698 3050 1788 3102 diu

208 3140 441 3209 apposito
473 3148 773 3192 curarentur
820 3138 1115 3207 emplastro.
1150 3138 1314 3192 Porro
1355 3139 1794 3208 quadragenariae

208 3244 450 3281 numerus
474 3228 703 3281 convenit
748 3227 1093 3296 peccatoribus
1118 3236 1166 3281 et
1182 3228 1388 3298 jejunio
1409 3236 1456 3280 et
1477 3228 1720 3296 orationi,
1750 3236 1795 3281 et

210 3334 353 3393 sacco
374 3329 420 3370 et
448 3317 688 3385 lacrgmis
710 3324 756 3369 et
782 3317 1164 3385 perseverantiae
1192 3317 1520 3385 deprecandi,
1558 3317 1620 3370 ob
1659 3318 1796 3386 quod

210 3419 255 3462 et
280 3409 485 3479 Moyses
502 3409 842 3479 quadraginta
868 3408 1042 3471 diebus
1059 3411 1316 3481 jejunavit
1349 3411 1400 3461 in
1426 3418 1595 3462 monte
1622 3409 1794 3475 Sinai,

208 3508 313 3553 etc.
350 3500 530 3568 itaque
559 3499 658 3553 viri
688 3497 828 3552 docti
862 3498 1206 3565 coniecerunt
1236 3500 1486 3553 mendum
1517 3514 1637 3554 esse
1658 3498 1796 3566 apud

210 3586 356 3642 LXX
386 3588 731 3658 interpretes,
762 3588 881 3643 sive
905 3588 1101 3642 vitioso
1129 3588 1315 3643 codice
1356 3588 1436 3642 usi
1483 3597 1683 3652 essent,
1706 3588 1795 3641 ubi

212 3692 308 3746 pro
333 3689 405 3743 τε,
427 3664 567 3747 quod
583 3688 660 3732 est
680 3678 1040 3747 quadraginta,
1062 3686 1207 3731 esset
1233 3686 1261 3738 λ
1284 3678 1385 3732 hoc
1408 3688 1489 3732 est
1518 3678 1646 3729 tria:
1673 3691 1795 3731 nam

212 3768 511 3837 frequentia
544 3768 734 3822 menda
774 3784 893 3837 qure
920 3777 1043 3822 sunt
1076 3769 1127 3822 in
1150 3769 1389 3822 numeris
1414 3767 1554 3836 apud
1586 3775 1797 3821 veteres

211 3858 538 3927 Scriptores,
572 3872 636 3912 eo
661 3857 1245 3912 adduxerunteximios
1276 3856 1490 3912 criticos
1522 3865 1579 3911 ut
1607 3856 1794 3910 crede-

211 3957 332 4002 rent
361 3949 490 4001 olim
530 3964 634 4002 non
660 3950 877 4018 integris
906 3950 1147 4015 vocibus,
1196 3950 1291 4004 sed
1332 3949 1525 4003 litteris
1562 3948 1797 4016 signatos

212 4052 468 4092 numeros
500 4038 685 4096 fuisse.
712 4039 899 4093 Posset
930 4040 1089 4094 etiam
1115 4040 1227 4094 ﬁeri
1262 4048 1319 4093 ut
1349 4040 1404 4093 in
1433 4039 1675 4092 Graecum
1705 4051 1797 4091 co-

212 4129 392 4183 dicem
414 4129 665 4184 mendum
685 4131 985 4198 irrepsisset
1009 4139 1063 4185 et
1079 4131 1383 4199 rscriptum
1402 4128 1588 4182 fuisset
1611 4142 1705 4197 pro
1727 4140 1792 4182 Μ.

212 4219 351 4273 Vide
383 4219 448 4272 ad
476 4218 665 4279 Jonam
684 4219 945 4275 Joannem
970 4221 1240 4286 Drusium,
1273 4228 1328 4275 et
1357 4220 1631 4289 liugoncm
1659 4218 1798 4273 Gro-

212 4313 369 4366 tium.
396 4312 503 4367 Sed
534 4313 664 4368 nihil
703 4323 847 4369 vetat
895 4329 991 4368 uos
1017 4314 1102 4368 ltic
1148 4329 1358 4384 quoque
1405 4315 1642 4368 lsaacum
1666 4315 1796 4369 Vos-

213 4403 379 4468 sium,
413 4404 503 4469 qui
553 4404 653 4458 hoc
700 4405 800 4458 sibi
849 4406 1046 4474 negotii
1094 4406 1273 4459 datum
1297 4420 1417 4459 esse
1446 4404 1693 4470 credidit,
1736 4413 1796 4457 ut

1880 1874 2111 1928 lectione
2138 1875 2498 1940 consentiant,
2522 1875 2731 1928 Justino
2761 1876 2928 1930 fuisse
2957 1877 3194 1930 codicem
3228 1878 3279 1930 in
3305 1878 3457 1945 cujus

1882 1971 2137 2016 contextu
2187 1963 2440 2032 scriptum
2468 1972 2583 2018 erat
2620 1973 2782 2038 τρεῖς,
2805 1965 2898 2019 sed
2922 1966 3073 2034 cujus
3104 1967 3330 2035 margini
3362 1967 3458 2019 ali-

1880 2053 1999 2122 quis
2049 2069 2115 2108 ex
2148 2054 2409 2109 Hebraico
2455 2055 2640 2109 codice
2687 2056 3007 2124 ascripserat
3057 2061 3457 2131 τεσσαράκοντα,

1883 2147 2026 2216 quod
2075 2148 2163 2203 ille
2212 2150 2625 2218 praetermissum
2657 2157 2866 2217 putans,
2918 2148 3050 2205 dixit
3077 2151 3460 2227 τεσσαράκοντα

1881 2246 2036 2312 τρεῖς.

1953 2329 2083 2398 Cap.
2114 2330 2204 2385 52.
2246 2329 2551 2384 Memoratis
2580 2330 2764 2385 decem
2791 2330 3254 2399 persecutionibus
3293 2350 3306 2385 :
3336 2331 3463 2384 Pla-

1884 2440 1974 2494 gas
2003 2424 2158 2487 enim,
2198 2422 2396 2491 inquit,
2433 2420 2824 2493 zEgyptiorum,
2868 2424 3111 2493 quoniam
3157 2424 3328 2476 decem
3353 2424 3463 2492 fue-

1884 2524 2025 2571 runt.
2048 2524 2316 2582 antequam
2344 2514 2461 2565 inde
2480 2514 2617 2565 exire
2637 2513 2877 2581 inciperet
2898 2515 3118 2581 papulus
3145 2510 3257 2576 Dei,
3286 2522 3464 2581 putant

1887 2604 1952 2655 ad
1997 2602 2129 2655 hunc
2173 2604 2479 2655 intellectum
2522 2618 2628 2655 esse
2666 2603 2955 2669 referendas
3102 2601 3205 2655 Sed
3235 2618 3324 2670 ego
3372 2602 3467 2654 illa

1888 2709 1943 2745 re
1970 2702 2109 2761 gesta
2135 2694 2187 2744 in
2218 2692 2479 2761 Egypto,
2519 2694 2644 2745 istas
2684 2694 3047 2758 persecutiones
3076 2692 3361 2760 praphetice
3393 2693 3466 2743 si-

1889 2782 2156 2850 gniﬁcatus
2178 2797 2281 2835 esse
2304 2798 2404 2833 non
2420 2780 2673 2843 arbitror;
2704 2782 2929 2847 quamvis
2958 2783 3020 2834 ab
3043 2782 3113 2833 eis
3139 2783 3225 2850 qui
3249 2782 3341 2833 hoc
3370 2799 3467 2849 pu-

1890 2881 2000 2924 tant
2024 2872 2270 2939 exquisite
2292 2880 2339 2923 el
2361 2870 2615 2940 ingeniose
2637 2871 2725 2922 illa
2756 2870 2959 2941 singula
2990 2871 3068 2922 Itis
3095 2870 3313 2939 sing’ulis
3334 2886 3469 2923 coni-

1893 2970 2075 3030 parala
2113 2962 2411 3023 uideantur;
2463 2977 2565 3013 non
2595 2960 2887 3030 prophetico
2917 2962 3129 3031 spiritu,
3176 2964 3264 3015 sed
3299 2966 3470 3033 conje.

1892 3061 2037 3106 ctura
2065 3053 2244 3105 mentis
2281 3052 2539 3115 humanm,
2571 3060 2682 3118 qua?
2707 3051 2981 3117 aliquando
3006 3051 3073 3103 ad
3102 3066 3270 3103 verum
3305 3067 3471 3116 perre-

1820 3124 1864 3185 (ἶ
1899 3144 1995 3209 nit,
2018 3143 2293 3211 aliquando
2317 3139 2701 3212 fallitur.]Quis
2730 3157 2834 3195 non
2865 3138 3125 3197 exclamei
3152 3142 3471 3202 Ιιίοεκαλῶςῑ

1902 3234 2102 3305 σοφῶςὶ
2152 3231 2283 3285 nihil
2312 3230 2538 3286 melius?
2573 3230 2676 3285 Sed
2722 3239 2775 3284 et
2814 3245 2912 3283 nos
2954 3245 3163 3300 quoque
3208 3231 3350 3284 idem
3389 3231 3473 3299 ju-

1904 3321 2098 3381 ‘licium
2148 3322 2366 3377 ferimus
2413 3322 2481 3375 de
2526 3330 2603 3374 tot
2654 3322 2894 3390 mysticis
2940 3320 3473 3387 interpretationibus

1897 3413 2205 3482 Augustini,
2240 3413 2431 3480 quibus
2464 3412 2628 3465 ferme
2660 3420 2827 3466 totum
2867 3411 3031 3465 Vetus
3070 3412 3471 3466 Testamentum

1899 3501 1953 3554 in
1982 3502 2187 3554 alienos
2216 3514 2406 3553 sensus
2448 3501 2728 3553 contorsit.
2754 3500 3017 3553 Cmterum
3048 3500 3114 3552 de
3143 3500 3325 3553 decem
3359 3516 3475 3566 per-

1897 3588 2265 3642 sccutionibus
2312 3588 2431 3640 vide
2458 3586 2745 3655 Sulpitium
2777 3587 3040 3640 Severum
3087 3587 3180 3642 lib.
3232 3601 3268 3642 ιι
3295 3588 3474 3642 Sacra:

1898 3676 1941 3730 11
1950 3677 2167 3730 istoriaz.

1966 3768 2130 3822 Ltsno
2160 3781 2281 3821 xix.
2310 3765 2440 3834 Cap.
2473 3766 2493 3819 1
2520 3806 2534 3830 ,
2582 3765 2689 3833 ἥδ.
2734 3763 2962 3833 Denique
2990 3766 3197 3833 fuerunt
3238 3767 3323 3835 qui
3359 3782 3474 3818 cum

1896 3859 2091 3912 diversa
2122 3866 2449 3927 sequerentur
2484 3857 2614 3909 bona
2646 3857 2843 3922 ﬁnalia,
2874 3855 2965 3907 alii
2985 3857 3241 3921 virtutem,
3275 3856 3365 3909 alii
3390 3873 3478 3909 vo-

1897 3948 2170 4017 luptatem,
2210 3945 2442 3999 eumdem
2493 3954 2658 3997 tamen
2706 3943 2933 3996 habitum
2973 3957 3020 3997 et
3062 3946 3476 3998 consuetudinem

1897 4037 2156 4100 tenebant,
2206 4052 2269 4089 ea:
2297 4052 2396 4105 qua
2433 4033 2611 4104 Cynici
2653 4028 3089 4103 appellabantur.]
3122 4033 3244 4089 Ideo
3273 4035 3478 4103 Apolli-

1898 4126 2046 4182 naris
2076 4126 2331 4180 Sidonius
2360 4139 2527 4178 carm.
2555 4124 2608 4183 2.
2632 4137 2770 4175 vers.
2806 4123 2901 4175 167
2926 4139 2939 4175 :

1987 4233 2230 4295 Quidquid
2255 4231 2535 4295 Erichthcis
2565 4231 2846 4295 Cynicorum
2870 4232 3010 4295 turba
3037 4232 3221 4295 volutat

1988 4291 2280 4356 Gymnasiis,
2305 4294 2486 4340 imitata
2513 4301 2638 4351 tuos,
2664 4292 2890 4352 Epicure,
2917 4291 3124 4340 sodales.

1902 4397 1983 4452 Ad
2014 4412 2172 4467 quem
2204 4396 2378 4453 locum
2418 4396 2789 4451 illustrandum
2832 4396 2974 4450 hunc
3012 4394 3185 4448 laudat
3213 4394 3329 4451 Jac.
3367 4394 3477 4448 Sir-

215 4468 532 4547 defenderet
560 4494 904 4564 Septuaginta
919 4468 1275 4563 interpretes.
1315 4514 1332 4545 ι
1357 4495 1465 4548 lloc
1486 4468 1700 4559 saeculo,
1719 4495 1800 4549 in-
1824 4468 1878 4527 Β
1904 4490 2151 4546 mondus.

216 4583 349 4650 quit,
384 4581 564 4635 Graeca
592 4584 765 4637 versio
808 4584 1131 4638 unanimiter
1167 4584 1267 4637 hoc
1309 4584 1359 4637 in
1392 4584 1508 4637 loco
1538 4583 1801 4651 rejicitur,

217 4684 320 4722 nec
345 4670 632 4724 immerito.
667 4674 989 4741 Augustinus
1015 4673 1108 4727 lib.
1142 4688 1296 4741 xvut,
1318 4689 1436 4742 cap.
1466 4675 1557 4738 Η,
1597 4673 1667 4727 de
1713 4674 1803 4727 Ci-

219 4762 387 4815 vitate
414 4761 529 4821 Dei.
563 4774 784 4817 conatur
806 4779 1131 4832 componere
1178 4765 1316 4819 banc
1362 4767 1796 4833 discrepantiam,

221 4852 319 4905 sed
348 4851 480 4905 nihil
529 4868 645 4906 meo
659 4853 861 4922 judicio
889 4855 1117 4923 proﬁcit.
1175 4855 1361 4909 Melius
1408 4856 1799 4925 'l‘beodoretus,

223 4940 316 5008 qui
337 4955 574 4994 errorem
607 4941 911 5001 Graecorum
951 4944 1334 5012 exemplarium
1363 4958 1465 4997 non
1502 4944 1808 5013 interpreti-

188 5036 193 5045 ‘
228 5028 352 5093 bus,
376 5030 471 5083 sed
504 5030 734 5083 librariis
758 5032 1000 5101 imputat.
1034 5033 1257 5087 Miratur
1285 5032 1637 5101 llierouymus
1671 5033 1806 5087 hanc

230 5117 619 5185 diversitatem,
651 5135 769 5174 cum
796 5122 937 5174 nulla
970 5132 1062 5176 aut
1086 5123 1392 5186 verborum,
1425 5131 1516 5176 aut
1559 5138 1809 5179 numero-

230 5226 351 5263 rum
378 5211 451 5264 sit
477 5210 728 5275 aliin‘tas,
770 5213 908 5267 inter
936 5222 1043 5267 tres
1068 5224 1122 5267 et
1152 5214 1517 5283 quadraginta.
1542 5213 1645 5269 Sed
1678 5229 1810 5269 vero

229 5300 582 5367 qumstionem
612 5301 747 5355 hanc
772 5302 933 5355 solvit
954 5302 1195 5357 Justinus
1227 5313 1449 5372 martyr,
1474 5304 1584 5371 qui,
1619 5304 1673 5357 in
1696 5303 1810 5359 dia-

231 5389 355 5456 lOgo
384 5404 505 5442 cum
544 5390 852 5460 Tryphone,
875 5392 986 5460 ipsa
1016 5392 1363 5460 interpretum
1402 5393 1561 5446 verba
1610 5392 1808 5461 produ-

230 5494 386 5545 ccns,
416 5481 531 5534 dies
558 5489 803 5536 numerat
825 5482 1168 5552 quadraginta
1200 5491 1327 5537 tres.
1380 5482 1466 5536 Bis
1493 5496 1621 5536 vero
1665 5496 1815 5536 eum-

234 5572 356 5628 dem
388 5572 580 5639 repetit
604 5588 903 5641 uumcrum,
933 5588 999 5628 ne
1026 5574 1143 5643 quis
1172 5573 1355 5628 vitium
1387 5573 1607 5627 subesse
1628 5571 1811 5627 existi-

236 5674 367 5719 met.
400 5663 459 5719 Si
486 5664 658 5731 itaque
690 5664 824 5718 lianc
850 5663 987 5720 LXX
1016 5665 1365 5730 interpretum
1401 5677 1687 5728 sequamur
1716 5660 1807 5718 le-

1977 4580 2108 4649 Cap.
2138 4582 2190 4633 7.
2236 4581 2408 4646 Upera
2438 4581 2557 4634 data
2587 4588 2656 4633 est
2689 4590 2745 4635 ut
2772 4579 3044 4646 imperiosa
3072 4577 3244 4628 civitas
3272 4590 3371 4627 non
3399 4590 3482 4626 sa-

1908 4672 2227 4741 lumjugum,
2244 4686 2415 4724 verum
2437 4671 2585 4724 etiam
2611 4671 2838 4739 linguam
2865 4682 3009 4720 suam
3031 4664 3233 4715 domitis
3254 4663 3481 4733 grntibus

1908 4778 1998 4832 per
2028 4777 2203 4832 pacem
2230 4762 2485 4814 societatis
2522 4760 2829 4829 imponeret;
2869 4772 2959 4820 per
2987 4769 3137 4821 quam
3172 4769 3268 4805 non
3295 4754 3483 4805 deesset

1908 4854 2012 4906 imo
2037 4861 2083 4906 et
2105 4853 2382 4906 abundaret
2414 4853 2563 4904 ets'am
2596 4851 2929 4912 interpretum
2957 4841 3149 4915 copia.]
3180 4845 3354 4901 Multis
3386 4845 3485 4897 hac

1913 4940 1979 4995 de
2009 4956 2067 4995 re
2097 4941 2206 5007 egit
2242 4942 2322 4995 vir
2348 4934 2688 4991 doctissimus
2720 4936 2853 4988 Just.
2890 4934 3097 5004 Lipius
3128 4935 3265 4990 libro
3293 4934 3358 4988 de
3383 4935 3486 4988 Re-

1909 5038 1995 5083 cta
2022 5028 2193 5081 Latini
2220 5027 2481 5081 sermonis
2516 5025 3110 5095 Pronuntiatione,cap.
3134 5028 3189 5093 4,
3221 5028 3307 5081 ubi
3343 5037 3487 5081 recte

1911 5118 2072 5173 etiam
2106 5124 2287 5170 monet
2317 5116 2405 5169 hic
2433 5114 2733 5183 legendum,
2765 5132 2867 5170 non
2892 5133 3064 5186 pacem
3084 5118 3361 5181 societatis,
3393 5117 3486 5168 sed

1910 5208 2129 5276 speciem
2160 5206 2415 5259 societatis
2433 5244 2449 5270 ,
2486 5215 2574 5259 aut
2602 5222 2690 5273 per
2718 5224 2887 5274 pacem
2915 5210 3141 5260 sociatis.
3167 5207 3364 5259 Vellem
3402 5205 3489 5256 hic

1914 5314 1945 5354 a
1971 5296 2330 5352 Benedictinis
2362 5298 2618 5364 prolatam
2654 5298 2935 5353 lectionem
2969 5314 3098 5352 mss.
3130 5297 3398 5351 codicum.

1984 5388 2115 5455 Cap.
2161 5387 2251 5440 24.
2295 5388 2579 5455 Postquam
2626 5389 2864 5443 ostendit
2905 5389 3023 5441 sine
3083 5400 3265 5438 amore
3306 5384 3399 5435 Dei
3437 5392 3490 5438 et

1916 5478 2150 5546 proximi
2182 5492 2287 5531 non
2317 5492 2436 5532 esse
2466 5478 2717 5545 populum
2747 5517 2765 5544 ,
2810 5479 2879 5535 ita
2913 5477 3012 5529 huc
3040 5484 3198 5542 caput
3230 5473 3485 5533 inchoat:

1919 5567 1979 5622 Si
2017 5576 2184 5621 autent
2227 5567 2445 5636 populus
2485 5582 2582 5619 non
2618 5568 2839 5620 isto-sed
2876 5567 2978 5617 alio
3016 5565 3288 5630 definiatur
3316 5565 3490 5628 modo,

1914 5660 2047 5714 velut
2074 5659 2117 5715 si
2143 5658 2342 5712 dicatur
2387 5672 2405 5711 :
2436 5656 2659 5725 populus
2690 5667 2760 5711 est
2788 5665 2943 5711 cattus
2971 5654 3309 5710 multitudinis
3335 5655 3489 5708 ratiu-
