3900 6320
472 242 577 299 505

1352 251 1898 309 SUPPLEMENTUM
1938 254 2029 310 AD
2067 255 2295 313 OPERA
2336 260 2394 316 S.
2438 261 2825 324 AUCUSTINI.

3620 282 3721 345 504

471 356 625 420 iratis,
666 370 830 407 rerum
860 372 983 424 quas
1031 358 1197 429 diligit
1226 364 1464 415 concordi
1495 365 1847 418 communione
1878 367 2044 420 socia-
2066 370 2117 428 Α
2145 377 2325 437 putant
2355 372 2451 424 hoc
2474 375 2536 427 de
2564 376 2774 445 imperio
2801 379 2991 432 dictum
3026 378 3181 448 fuisse
3208 382 3472 451 Romano,
3510 399 3563 443 et
3596 409 3717 461 pro-

470 453 587 509 tus;
624 450 849 515 profecto
887 456 942 499 ut
986 449 1216 501 videatur
1248 452 1414 519 qualis
1456 454 1664 521 quisque
1701 457 1918 523 populus
1947 456 2038 523 sit,

468 532 561 586 illa
590 543 705 586 sunt
734 535 975 587 intuenda
1003 552 1115 605 qua
1140 537 1327 607 diligit.
1363 538 1690 609 Quaecunque
1716 551 1879 595 tamen
1916 544 2042 596 dili-

468 633 574 693 gat,
591 624 635 675 si
664 636 816 677 cretus
840 633 915 677 est
946 628 1302 692 multitudinis,
1324 644 1425 681 non
1449 645 1684 695 pecorum
1706 632 1795 684 sed
1817 634 2043 686 rationa-

470 713 594 764 lium
628 724 975 765 creaturarum
996 755 1011 779 ,
1055 726 1103 768 et
1131 732 1307 769 eorum
1342 734 1459 787 qui:
1496 720 1661 789 diligit
1689 724 2043 777 communione

469 805 704 856 concordi
730 806 950 859 sociatus
970 817 1061 875 est,
1086 823 1189 860 non
1210 808 1426 863 absurde
1444 812 1663 881 populus
1682 823 2001 881 nuncupatur
2017 852 2031 866 .

470 902 610 945 tanto
631 896 803 964 utique
827 894 1003 949 melior
1027 906 1215 966 quanto
1251 899 1303 951 in
1328 900 1651 954 melioribus:
1686 912 1919 968 tantoque
1950 901 2038 955 de-

468 982 621 1035 terior
645 994 835 1053 quanto
863 995 933 1039 est
952 986 1003 1038 in
1028 985 1359 1042 deterioribus
1380 1005 1607 1044 concors.
1626 991 1757 1045 Tum
1786 992 2033 1061 subjicit:

468 1070 759 1125 Secundum
790 1075 936 1127 istam
963 1075 1303 1143 deﬁnitionem
1320 1088 1559 1132 'nostram
1584 1078 1839 1134 Romanus
1865 1097 2036 1149 popu-

468 1162 546 1215 lus
584 1166 807 1233 populus
841 1177 950 1232 est,
1000 1165 1147 1237 ete.]
1176 1169 1337 1225 Miror
1375 1170 1429 1224 in
1467 1179 1697 1225 mentem
1738 1172 2036 1242 Augustino

465 1268 571 1307 non
604 1256 813 1309 venisse
842 1256 944 1311 loci
996 1258 1212 1313 Deuter.
1261 1275 1433 1324 xxxii,
1459 1260 1522 1315 21
1560 1279 1572 1313 :
1602 1260 1715 1329 Ipsi
1748 1279 1825 1315 me
1856 1279 2037 1331 pravo-

463 1354 698 1397 caverunt
721 1346 772 1397 in
792 1362 851 1398 eo
879 1348 968 1415 qui
993 1364 1091 1400 non
1120 1357 1226 1402 erat
1255 1348 1419 1413 Deus,
1448 1360 1497 1403 et
1521 1352 1841 1405 irritavcrunt
1868 1353 1920 1405 in
1951 1370 2037 1406 va-

462 1433 703 1486 nitatibus
738 1436 843 1487 suis
861 1474 875 1496 ,
916 1446 965 1488 et
1004 1453 1095 1507 ego
1122 1440 1403 1506 provocabo
1429 1456 1514 1493 eos
1538 1442 1590 1493 in
1617 1456 1673 1493 eo
1698 1458 1782 1504 om
1811 1457 1910 1496 non
1939 1456 2034 1496 nsr

462 1538 712 1589 rorvtcs,
742 1535 787 1577 et
813 1527 865 1578 in
897 1538 1043 1595 gente
1080 1529 1232 1582 stulta
1258 1530 1469 1583 irritabo
1502 1531 1638 1584 illos.
1669 1530 1766 1585 Ubi
1801 1532 1939 1586 Deus
1967 1532 2033 1586 ad

460 1614 697 1680 gentium
729 1616 1062 1671 vocationem
1095 1620 1335 1687 respicit,
1383 1629 1439 1673 ut
1469 1620 1625 1674 docet
1654 1620 1845 1675 Paulus
1877 1623 2031 1675 liom.

2144 470 2316 526 pterea
2350 462 2574 518 Paulum
2619 468 2907 537 apostolum
2952 488 3051 524 non
3094 474 3146 526 id
3180 488 3353 543 aperte
3388 480 3618 535 scribere
3638 499 3721 536 oo-

2142 553 2327 618 luisse;
2340 572 2406 607 ne
2421 556 2729 612 calumniam
2758 562 2987 617 videlicet
3007 565 3299 632 incurreret,
3321 572 3461 638 quod
3484 571 3717 631 Romano

2140 644 2350 714 imperio
2380 650 2514 702 male
2538 653 2805 720 optaverit,
2850 672 2967 708 cum
3010 670 3296 724 speraretur
3336 673 3613 731 ceterum,
3666 681 3718 724 ut

2141 737 2238 786 hoc
2254 738 2389 805 quod
2418 737 2587 792 dixit:
2614 740 2718 808 iam
2744 744 2887 798 enim
2911 748 3217 816 mysterium
3259 751 3562 820 iniquitatis
3589 772 3717 827 ope-

2140 834 2306 891 ratur,
2339 826 2597 882 Neronem
2621 833 2835 886 voluerit
2862 836 3106 907 intelligi,
3144 840 3290 908 cujus
3309 843 3426 911 jam
3454 846 3604 912 facta
3632 826 3716 901 ve-

2137 911 2213 966 lut
2244 915 2536 969 Antichristi
2567 919 2910 995 eidebantur.[
2936 922 3060 977 Mihi
3093 925 3260 982 multo
3279 911 3637 989 verisimilius
3660 938 3717 992 iii

2137 1000 2358 1056 Paulum
2387 1006 2472 1060 hic
2500 1008 2674 1076 egisse
2702 1010 2768 1066 de
2793 1013 3081 1070 rebellione
3103 1014 3407 1074 Judaaorum
3432 1022 3491 1076 in
3515 1024 3717 1080 Roma-

2139 1107 2257 1158 nos,
2293 1094 2361 1148 de
2387 1112 2486 1165 qua
2518 1098 2798 1155 obscurius
2827 1102 3035 1159 locutus
3063 1114 3165 1171 est,
3192 1121 3259 1162 ne
3283 1120 3505 1167 noceret
3548 1129 3717 1185 popu-

2137 1180 2337 1237 laribus
2364 1185 2499 1238 suis.
2524 1186 2654 1240 Vide
2679 1190 2776 1242 hac
2802 1190 2869 1245 de
2895 1206 2954 1246 re
2978 1190 3319 1261 interpretem
3352 1197 3522 1253 Henr.
3551 1180 3714 1257 llam-

2137 1274 2339 1339 mondi,
2360 1275 2410 1329 in
2439 1275 2813 1333 additamentis
2840 1296 2960 1349 qua:
2983 1283 3414 1342 adnotationibus
3436 1289 3559 1357 ejus
3580 1294 3713 1347 seria

2136 1362 2306 1430 ptoris
2336 1362 2637 1418 admiscuit.
2675 1366 2780 1420 sed
2814 1373 2946 1422 lianc
2973 1369 3401 1429 observationem
3427 1375 3712 1446 Augustini

2140 1450 2397 1518 optimam
2429 1453 2802 1522 existimarim,
2848 1456 2913 1510 ad
2962 1460 3222 1514 rationem
3253 1462 3590 1521 reddendam
3616 1468 3713 1522 ob—

2135 1540 2405 1593 scuritatis
2434 1541 2850 1613 Apocalypseos,
2882 1545 2937 1598 in
2959 1562 3061 1615 qua
3088 1548 3307 1604 exitium
3329 1551 3516 1608 Romae
3540 1556 3711 1612 ethni-

2136 1644 2213 1683 cus
2239 1631 2627 1699 prtedicebatur
2653 1634 2865 1689 nomine
2897 1636 3205 1707 Babylonis.
3700 1644 3711 1652 ’

462 1716 528 1764 x,
568 1702 653 1757 19.
697 1704 838 1759 Sane
873 1706 957 1758 vix
996 1707 1141 1775 digni
1173 1718 1326 1762 erant
1355 1711 1570 1765 nomine
1600 1712 1808 1780 populi,
1838 1712 1926 1781 qui
1956 1713 2032 1767 sic
2063 1717 2108 1777 Β
2204 1718 2331 1787 Cap.
2374 1720 2464 1773 ‘29.
2506 1719 2610 1774 Per
2650 1721 2787 1776 hunc
2825 1702 3283 1797 Eliam'magnum
3324 1729 3714 1802 mirabilemque

460 1794 711 1862 descripti
742 1805 865 1849 sunt
893 1812 921 1849 a
954 1797 1189 1852 Lucilio:

521 1927 800 1999 ﬁunesero
820 1944 847 1979 a
871 1946 1015 1999 mane
1038 1933 1095 1981 ad
1120 1941 1331 1999 noctem,
1357 1934 1486 1999 festo
1508 1942 1653 1997 atque
1680 1936 1895 1999 profesto

521 1988 645 2060 '_I‘oto
670 1992 835 2060 itidem
862 1995 1147 2060 pariterque
1170 1997 1271 2054 die,
1299 1988 1598 2060 pupulusqué
1618 2033 1631 2055 ,
1658 1988 1921 2060 patresque

522 2050 713 2119 iactare
734 2053 846 2099 indo
866 2050 980 2119 loro
1001 2068 1056 2103 se
1081 2050 1269 2119 omnes,
1294 2050 1543 2106 decedere
1563 2050 1797 2119 nusquam
1830 2050 1844 2116 λ

524 2111 612 2179 lini
632 2126 662 2179 _s
684 2131 690 2139 ι
718 2120 866 2179 atque
890 2115 1053 2161 eidem
1078 2118 1237 2165 studio
1259 2111 1430 2165 Omnes
1451 2120 1637 2167 dedere
1663 2111 1714 2168 et
1734 2111 1862 2179 arti’,

528 2172 684 2241 Sorba
708 2173 824 2241 dare
851 2184 897 2221 ut
920 2183 1063 2241 caute
1089 2179 1288 2241 possint,
1314 2191 1535 2237 pugnare
1558 2180 1725 2229 dolose
1748 2218 1764 2241 ,

518 2232 991 2297 lilniiditiaceitare,
1019 2232 1192 2283 bonum
1213 2232 1444 2285 simulare
1470 2242 1624 2286 virum
1650 2253 1705 2288 se
1732 2276 1746 2297 ,

518 2293 571 2340 In
603 2295 720 2339 idias
745 2296 927 2355 facere,
952 2305 1004 2345 ut
1035 2298 1075 2342 si
1098 2296 1265 2345 hostes
1282 2297 1379 2345 sint
1401 2300 1629 2348 omnibus
1649 2293 1839 2349 omnes.

456 2438 595 2500 Quos
622 2437 1047 2503 elegantissimas
1075 2452 1261 2492 versus
1292 2438 1444 2494 nobis
1464 2440 1697 2495 servavit
1718 2440 2026 2497 Lactantius

453 2525 761 2579 InSt.divin.
784 2527 874 2580 lib.
903 2543 955 2594 v,
980 2543 1100 2597 cap.
1118 2528 1171 2582 9.

523 2615 685 2670 Lieno
725 2633 813 2671 xx.
842 2616 971 2687 Cap.
1007 2620 1059 2673 7.
1106 2621 1177 2675 De
1208 2620 1374 2688 Apoc.
1410 2636 1507 2686 xx,
1543 2622 1566 2675 l
1600 2630 1653 2675 et
1686 2636 1836 2691 seqq.
1882 2620 2028 2677 Mille

451 2717 614 2759 autem
645 2710 766 2761 anni
796 2710 993 2764 duobus
1027 2713 1189 2765 modis
1225 2723 1468 2781 possunt,
1501 2725 1747 2783 quantum
1788 2716 1911 2768 mihi
1942 2730 2027 2768 oc—

450 2798 620 2861 currit,
643 2799 899 2866 intelligi:
933 2810 1021 2853 aut
1046 2803 1166 2870 quia
1187 2802 1239 2854 in
1262 2802 1456 2855 ultimis
1484 2804 1635 2858 annis
1666 2803 1803 2858 mille
1822 2804 1919 2857 ista
1948 2820 2025 2857 res

449 2888 637 2956 agitur,
671 2890 724 2941 id
752 2902 852 2957 est,
885 2902 1027 2944 sexto
1051 2908 1303 2945 annorum
1330 2894 1591 2957 milliaria,
1621 2903 1861 2962 tanquam
1882 2904 2024 2949 sexto

448 2977 562 3041 die,
607 2980 753 3046 cujus
782 2996 914 3032 nunc
943 2982 1108 3049 spatia
1139 2984 1419 3048 posteriora
1447 2984 1750 3047 volvuntur;
1788 2994 2022 3038 secuturo

2138 1807 2456 1891 prophetam,
2481 1810 2708 1877 exposita
2731 1810 2828 1863 sibi
2853 1812 2980 1881 lege,
3006 1813 3185 1868 ultimo
3212 1824 3460 1883 tempore,
3486 1829 3615 1872 ante
3624 1824 3713 1891 ju~

2137 1898 2344 1960 dicium,
2370 1890 2582 1953 Judwos
2603 1901 2655 1952 in
2682 1897 2936 1955 Christum
2961 1918 3154 1968 verum,
3186 1904 3240 1957 id
3266 1915 3340 1959 est
3366 1908 3417 1961 in
3447 1890 3711 1964 Christum

2136 1997 2364 2040 nostrum
2393 2004 2500 2043 esse
2534 1989 2842 2061 credituros,
2876 1992 3255 2048 celeberrimum
3292 2010 3368 2051 est
3394 1998 3450 2051 in
3478 2015 3711 2056 sermone

2134 2076 2468 2147 cordibusque
2498 2077 2768 2150 ﬁdelium.]
2791 2080 2976 2136 Mirum
2999 2093 3078 2136 ρει
3106 2082 3212 2139 illis
3234 2087 3571 2155 temporibus
3596 2105 3711 2146 eam

2133 2165 2437 2234 opinionem
2487 2175 2591 2220 tam
2640 2169 2776 2223 altas
2825 2170 3036 2226 radices
3085 2170 3139 2226 in
3180 2174 3385 2229 animos
3423 2175 3710 2233 hominum

2132 2257 2322 2324 egisse,
2363 2265 2615 2323 tantoque
2642 2274 2910 2316 consensu
2935 2276 3053 2317 esse
3084 2274 3372 2332 receptam,
3402 2280 3526 2321 cum
3557 2269 3711 2324 Chri.

2130 2353 2247 2397 stus
2272 2345 2622 2400 disertissime
2667 2348 2912 2403 docuerit
2948 2350 3132 2404 Matth.
3166 2367 3304 2418 xvu,
3336 2352 3421 2419 12,
3464 2364 3519 2409 et
3569 2357 3709 2424 apud

2129 2433 2266 2487 alios
2290 2434 2667 2504 evangelistas,
2702 2438 2918 2494 nomine
2947 2439 3081 2493 Elite
3101 2440 3501 2511 intelligendum
3540 2445 3708 2503 fuisse

2128 2526 2384 2581 Joannem
2417 2529 2730 2597 Baptistam.
2775 2530 2958 2587 Facile
2984 2541 3098 2587 erat
3131 2534 3403 2589 intellectu
3432 2538 3571 2591 diem
3604 2537 3707 2591 Do-

2127 2616 2250 2669 mini
2279 2632 2519 2687 magnuin
2544 2628 2590 2671 et
2615 2620 2890 2673 terribilem
2911 2664 2926 2689 ,
2976 2635 3097 2676 esse
3132 2637 3253 2677 eum
3282 2624 3421 2679 diem
3452 2627 3537 2680 vel
3571 2636 3707 2683 tetu-

2126 2722 2225 2776 pus
2252 2723 2358 2778 quo
2395 2708 2532 2766 Deus
2566 2710 2957 2781 Jerosolymam
2985 2721 3041 2767 et
3066 2714 3303 2769 Judatam
3332 2730 3520 2785 passus
3560 2730 3651 2773 est
3678 2736 3706 2776 ι

2128 2794 2385 2852 Romanis
2409 2798 2601 2868 diripi,
2632 2799 2876 2869 ferroque
2902 2809 2957 2856 et
2986 2801 3108 2869 igne
3134 2804 3349 2858 vastari.
3382 2804 3489 2860 Sed
3520 2809 3708 2863 nullus

2126 2884 2390 2954 interpres
2419 2886 2595 2941 hocin
2621 2888 2823 2957 majore
2844 2887 2963 2944 luce
2983 2890 3258 2945 collocavit
3280 2891 3509 2949 Henrico
3531 2895 3706 2950 Ham-

2124 2974 2345 3041 mondo,
2392 2975 2456 3028 ad
2488 2975 2674 3030 Matth.
2712 2992 2838 3030 χχιιι
2884 2985 2939 3032 ct
2977 2978 3124 3033 alibi.
3157 2979 3273 3034 Non
3314 2996 3435 3036 raro
3463 2986 3699 3055 contigit

448 3065 626 3118 deinde
650 3067 855 3119 sabbato
879 3108 894 3131 ,
922 3070 1058 3137 quod
1086 3086 1188 3122 non
1216 3070 1359 3122 habet
1390 3087 1674 3137 vesperam,
1723 3073 1893 3140 requie
1918 3073 2015 3126 sci-

2128 3065 2319 3118 multos
2364 3064 2606 3119 homines
2639 3081 2745 3120 non
2777 3066 2998 3122 hebetes
3030 3070 3367 3126 consensisse
3394 3072 3447 3126 in
3486 3087 3699 3139 errore,

447 3152 558 3204 licet
593 3166 903 3217 sanctorum,
930 3173 1042 3224 qua:
1082 3173 1183 3209 non
1215 3158 1364 3211 habet
1403 3160 1555 3225 ﬁnem
1582 3200 1596 3223 ,
1641 3160 1768 3229 οἱα]
1812 3162 1873 3215 lli
1899 3172 2023 3217 sunt

447 3241 646 3296 fructus
680 3243 981 3312 allegorica:
1011 3247 1396 3312 arithmeticae,
1446 3264 1512 3302 ex
1541 3265 1644 3317 qua
1694 3250 2021 3319 eullegeruut

446 3340 647 3386 veteres
701 3335 849 3387 multi
898 3337 1076 3389 mundi
1127 3337 1349 3405 hujusce
1396 3339 1727 3393 durationem
1776 3341 1887 3395 fore
1925 3357 2017 3395 sex

447 3421 665 3475 millium
697 3438 955 3480 annorum
982 3472 997 3495 ,
1046 3429 1277 3497 septimo
1299 3443 1430 3485 vero
1457 3430 1755 3485 millenario
1780 3432 1827 3485 ei
1859 3431 2017 3486 linem

445 3514 749 3578 impositum
783 3514 879 3579 isi,
922 3527 975 3571 et
1008 3526 1119 3571 tum
1154 3519 1266 3572 lore
1296 3529 1554 3574 aeternum
1590 3522 1793 3589 piorum
1823 3522 2016 3576 sabba-

444 3604 681 3656 tismum.
714 3606 805 3658 Sic
836 3607 892 3660 S.
929 3607 1198 3663 Barnabas
1225 3609 1385 3676 epist.
1433 3625 1557 3678 cap.
1607 3610 1694 3675 15,
1744 3612 1810 3666 ad
1858 3627 2017 3681 quem

445 3693 562 3746 vide
593 3703 744 3748 notas
773 3694 1069 3750 doctissimi
1103 3700 1204 3753 viri
1232 3698 1390 3752 Joan.
1424 3699 1579 3767 Bapt.
1610 3700 1887 3765 Cotelerii,
1927 3703 2016 3770 qui

444 3784 667 3837 aliorqu
708 3787 755 3838 ei
800 3788 1209 3841 assentientium
1251 3798 1305 3841 ct
1346 3790 1558 3845 nomini
1591 3795 1647 3842 et
1683 3789 1798 3844 ιυω
1826 3805 2017 3861 suppe-

445 3872 651 3925 ditabit.
690 3882 704 3903 ‘

512 3960 642 4026 Cap.
680 3962 768 4014 15.
810 3963 887 4016 De
914 3963 1015 4017 hoc
1044 3966 1439 4037 Apocalypseos
1480 3968 1598 4022 loco
1627 3983 1746 4039 cap.
1781 3987 1871 4035 xx,
1908 3974 2011 4028 t3:

443 4050 508 4101 Et
548 4050 773 4103 exhibuit
800 4069 939 4107 mare
974 4066 1199 4111 mortuos
1238 4060 1327 4127 qui
1367 4058 1419 4111 in
1453 4075 1511 4112 eo
1538 4071 1703 4126 eraiu,
1739 4070 1783 4115 et
1808 4079 1939 4117 mors
1967 4074 2015 4116 et

441 4143 671 4203 infernus
699 4144 1029 4200 reddiderunt
1072 4158 1294 4205 mortuos
1330 4166 1457 4220 quos
1486 4151 1537 4204 in
1565 4168 1615 4205 se
1638 4153 1909 4215 habebant;
1937 4155 2015 4207 sic

442 4234 817 4292 ratiocinatur:
853 4236 958 4292 Sed
986 4241 1071 4307 qui
1096 4252 1214 4293 sunt
1236 4244 1419 4294 mortui
1442 4258 1570 4311 quos
1599 4244 1819 4296 exhibuit
1851 4259 2011 4309 mare,

441 4327 525 4391 qui
545 4326 596 4379 in
623 4343 680 4380 eo
705 4330 885 4382 erant?
908 4329 1084 4401 Neque
1100 4334 1233 4385 enim
1253 4334 1337 4400 qui
1367 4333 1419 4385 in
1449 4334 1579 4386 mari
1602 4336 1886 4387 moriuntur
1913 4351 2013 4388 nun

2124 3155 2247 3223 quia
2278 3154 2583 3211 maluerunt
2610 3158 2913 3226 superiores
2936 3160 3086 3228 sequi
3111 3175 3268 3229 quam
3296 3176 3477 3218 eorum
3501 3165 3701 3232 placita

2122 3246 2447 3315 expendere.
2474 3246 2606 3302 Vide
2634 3246 3023 3303 Tertullianum
3052 3249 3121 3305 de
3148 3251 3339 3306 Anima
3365 3267 3486 3324 cap.
3508 3255 3605 3313 '55.

2192 3333 2354 3390 Lieno
2382 3350 2493 3390 xxi.
2520 3334 2649 3405 Cap.
2682 3338 2736 3401 ‘5,
2767 3336 2794 3408 §
2831 3339 2882 3392 t.
2909 3336 3108 3393 Contra
3141 3333 3404 3409 supplicia.
3428 3343 3698 3398 malorum

2119 3432 2319 3477 aeterna
2348 3424 2488 3479 hanc
2525 3426 2627 3480 sibi
2654 3427 2906 3496 proponit
2927 3427 3281 3496 objectionem
3306 3448 3319 3483 :
3346 3429 3561 3483 Nullum
3589 3444 3698 3501 est,

2118 3514 2374 3583 inquiunt,
2405 3531 2591 3584 corpus
2624 3518 2760 3587 quod
2796 3519 2957 3588 possit
2983 3519 3173 3585 dolere,
3213 3536 3303 3573 nec
3331 3523 3485 3589 possit
3515 3522 3699 3594 mori.)

2122 3602 2252 3658 Eam
2297 3605 2651 3674 objectionem
2693 3607 2931 3663 conlutat
2959 3608 3369 3675 operosissime,
3421 3611 3700 3680 variisque

2118 3693 2361 3748 adductis
2408 3695 2805 3751 incredibilibus
2849 3704 2904 3751 et
2953 3694 3102 3749 falsis
3131 3694 3371 3751 historiis
3394 3711 3459 3751 ex
3490 3698 3691 3767 Plinio,

2119 3801 2217 3841 nec
2247 3796 2422 3842 tamen
2465 3787 2742 3843 satisfecit.
2771 3786 2908 3855 Quid
2949 3786 3154 3842 facilius
3197 3798 3313 3842 erat
3351 3788 3494 3842 dictu
3523 3804 3692 3857 quam

2118 3877 2252 3932 alias
2294 3878 2438 3948 leges
2484 3877 2600 3933 fore
2638 3885 2695 3933 et
2732 3892 3016 3946 corporum
3058 3885 3114 3932 et
3154 3877 3433 3947 spirituum
3458 3892 3527 3933 eo
3551 3888 3693 3934 tem-

2121 3983 2267 4037 pore,
2297 3985 2456 4039 quam
2485 3984 2655 4034 nunc;
2685 3968 2958 4039 Deumque
2984 3968 3294 4024 etl’ecturum
3320 3978 3378 4024 ut
3400 3979 3550 4026 certo
3570 3984 3693 4024 cor-

2119 4060 2262 4126 poris
2290 4070 2432 4112 motu
2450 4100 2464 4126 ,
2493 4074 2666 4124 eoque
2693 4072 2800 4112 non
2827 4059 2897 4111 ita
2926 4072 3119 4126 magno
3150 4066 3207 4112 ut
3234 4067 3423 4113 noceat
3449 4060 3687 4127 corpori,

2116 4151 2380 4203 excitetur
2429 4151 2613 4219 ingens
2642 4148 2796 4203 dolor
2824 4148 2876 4202 in
2906 4147 3525 4218 aniniisimproborum?
3552 4148 3687 4205 Vide

2116 4239 2351 4309 Dionysii
2387 4240 2584 4294 Petavii
2618 4240 2860 4307 Dogmat.
2894 4239 3125 4309 theolog.
3154 4249 3285 4295 tom.
3320 4238 3406 4293 lll.
3443 4239 3591 4309 Opus
3617 4240 3686 4296 de

2114 4328 2329 4394 Angelis
2359 4329 2450 4382 lib.
2482 4343 2562 4391 ιιι,
2594 4343 2713 4397 cap.
2746 4329 2802 4382 5.

436 4426 556 4470 sunt
584 4417 637 4470 in
667 4418 889 4486 inferno,
922 4429 1011 4471 aut
1040 4437 1256 4486 corpora
1283 4438 1456 4474 eorum
1478 4435 1741 4477 servantur
1766 4426 1816 4477 in
1848 4425 2010 4487 mari;
2041 4407 2091 4468 ι)
2187 4418 2313 4486 Cap.
2344 4419 2434 4472 2i.
2472 4420 2539 4474 Ut
2572 4419 2710 4474 Deus
2754 4421 3047 4474 sententiam
3085 4437 3231 4474 suam
3277 4422 3465 4492 mitiget
3501 4431 3550 4476 et
3604 4440 3684 4477 re-

439 4516 549 4572 aut,
581 4508 716 4576 quod
744 4519 815 4562 est
836 4508 1121 4571 absurdius,
1147 4524 1284 4561 mare
1309 4510 1520 4564 habebat
1543 4512 1696 4567 bonos
1723 4523 1941 4566 mortuos
1964 4524 2011 4567 et

437 4598 668 4664 infernus
692 4598 874 4652 malos.
910 4599 1035 4663 Quis
1067 4598 1163 4651 hoc
1188 4603 1477 4669 putaverit?
1505 4602 1609 4655 Sed
1637 4603 1861 4669 profecto
1886 4619 2010 4655 con-

440 4688 693 4743 venienter
717 4692 923 4758 quidam
944 4689 1039 4742 hoc
1062 4688 1176 4742 loco
1200 4705 1338 4742 mare
1358 4706 1451 4757 pro
1468 4691 1563 4743 isto
1582 4692 1768 4744 sceculo
1788 4692 2009 4761 positum

436 4782 739 4855 accipiunt.]
771 4783 883 4837 Non
913 4782 1081 4838 semel
1112 4781 1299 4836 fefellit
1325 4782 1676 4851 Augustinum
1700 4798 1799 4835 vox
1822 4783 2007 4839 Latina

436 4873 687 4937 infernus,
728 4874 869 4942 quod
901 4875 1186 4930 nesciverit
1216 4873 1360 4948 ᾅδην,
1407 4872 1668 4928 llebraice
1710 4856 1888 4941 Sixto,
1936 4876 2009 4928 si-

437 4957 691 5025 gniﬁcare
717 4962 1024 5029 sepulcrum.
1053 4963 1182 5018 Vide
1209 4977 1326 5031 quae
1354 4961 1654 5016 notavimus
1687 4962 1753 5015 ad
1784 4971 1914 5016 tom.
1942 4961 2007 5027 ΙΙ,

437 5046 595 5114 epist.
624 5043 713 5098 (ii.
756 5046 947 5100 Morini
990 5065 1124 5119 quos
1167 5052 1355 5107 reddet
1403 5066 1549 5108 mare
1600 5060 1725 5106 sunt
1750 5052 2007 5106 cadavera

437 5148 622 5188 eorum
653 5132 739 5201 qui
771 5133 823 5186 in
862 5148 928 5186 eo
961 5140 1262 5203 perierunt;
1301 5156 1435 5194 mors
1467 5156 1597 5196 vero
1639 5149 1694 5195 et
1719 5140 2009 5209 sepulcrum

436 5236 558 5281 sunt
586 5225 773 5294 reliqui
811 5228 1026 5292 mortui,
1057 5230 1143 5297 qui
1172 5231 1223 5283 in
1249 5238 1385 5286 terra
1416 5234 1747 5299 ceciderunt,
1778 5233 1889 5288 sive
1918 5233 2003 5287 in-

436 5320 646 5388 sepulti,
680 5319 792 5373 sive
814 5319 1027 5387 sepulti.
1047 5318 1174 5372 Nam
1199 5337 1332 5376 mors
1360 5332 1409 5376 ct
1428 5324 1550 5397 ᾅδης
1571 5340 1712 5393 smpe
1735 5334 2003 5393 ponuntur

438 5410 487 5461 iis
535 5410 885 5481 παραλλήλου,
925 5418 982 5462 ιιι
1013 5408 1031 5461 l
1062 5409 1186 5462 Cor.
1220 5426 1317 5476 xv,
1352 5412 1449 5477 54;
1494 5414 1655 5481 Apoc.
1692 5430 1781 5483 xx,
1818 5413 1913 5468 ii:
1938 5411 2004 5466 ad

440 5513 549 5564 qum
575 5500 688 5554 loca
717 5502 837 5556 vide
868 5504 1206 5570 interpretes.

504 5587 632 5654 Cap.
678 5591 762 5661 i9,
800 5592 873 5648 De
905 5593 947 5647 ll
976 5595 1165 5651 Thess.
1211 5611 1279 5662 ιι,
1328 5596 1347 5647 1
1395 5603 1446 5648 et
1487 5608 1601 5661 seq.
1636 5593 1663 5661 §
1697 5596 1747 5649 3.
1785 5594 2000 5659 Quidam

2116 4509 2286 4576 ﬂectat
2316 4510 2364 4561 in
2395 4509 2617 4579 molium]
2649 4510 2806 4563 Joan.
2836 4510 3052 4564 Freder.
3086 4511 3384 4567 Gronovius
3422 4522 3569 4569 recte
3608 4514 3682 4568 le-

2114 4598 2189 4665 git
2221 4599 2273 4650 in
2301 4598 2526 4661 mollius,
2549 4600 2831 4653 Observat.
2862 4600 2913 4653 in
2944 4601 3130 4668 script.
3152 4603 3449 4656 ecclesiast.
3473 4618 3593 4672 cap.
3625 4606 3677 4658 ti.

2114 4686 2204 4742 Sic
2229 4688 2554 4756 Hegesippus
2578 4688 2646 4742 de
2668 4688 2886 4743 Excidio
2932 4689 3193 4745 ilierosol.
3219 4691 3313 4746 lib.
3347 4707 3396 4757 ι,
3426 4706 3546 4762 cap.
3578 4694 3677 4748 ηε

2116 4778 2188 4830 Ab
2218 4778 2506 4831 Aristobulo
2550 4780 2879 4846 impetravere
2922 4791 2976 4833 ut
3017 4791 3227 4835 matrem
3266 4784 3328 4835 ab
3365 4786 3679 4841 exsecutione

2112 4868 2348 4936 praecepti
2388 4870 2649 4922 severioris
2684 4870 2751 4923 ad
2773 4861 3031 4923 'molliora
3074 4872 3369 4935 inﬂecteret.
3403 4873 3495 4928 Sic
3524 4890 3675 4943 mss.,

2112 4957 2200 5011 ubi
2241 4958 2369 5012 editi
2409 4958 2529 5014 libri
2558 4959 2755 5014 habent
2782 4959 3011 5012 meliora.
3044 4948 3197 5027 Quod
3224 4976 3287 5016 ex
3320 4962 3561 5019 melioris
3584 4968 3679 5020 aevi

2111 5049 2460 5119 scriptoribus
2482 5050 2749 5104 haustum.
2781 5050 2996 5105 Tacitus
3026 5052 3167 5105 Ann.
3194 5066 3241 5117 ι,
3275 5054 3399 5106 satis
3426 5071 3678 5125 superque

2109 5139 2345 5191 missione
2386 5147 2434 5192 et
2476 5139 2711 5207 pecunia,
2757 5147 2804 5191 et
2853 5139 3087 5193 mollibus
3117 5140 3362 5195 consultis
3391 5154 3674 5210 peccatum.

2106 5232 2432 5301 llegesippus
2464 5234 2653 5285 iterum
2672 5247 2789 5299 cap.
2820 5232 2882 5284 16
2906 5248 2920 5286 :
2954 5232 3229 5303 Verbisque
3255 5235 3305 5289 in
3330 5236 3539 5291 mollius
3558 5254 3675 5307 sup-

2112 5323 2304 5391 pliciter
2331 5323 2552 5391 inﬂea‘is,
2586 5323 2901 5391 mitigavere:
2931 5323 3325 5393 indignationem
3353 5328 3602 5379 consulis.

2179 5412 2306 5480 Cap.
2346 5410 2435 5465 ‘26.
2485 5411 2681 5465 Locum
2732 5413 2879 5466 Pauli
2919 5411 3088 5467 ICor.
3126 5428 3175 5465 ιιι
3200 5454 3213 5476 ,
3255 5416 3340 5479 ll,
3372 5414 3440 5470 de
3484 5413 3666 5469 funda-

2109 5512 2288 5557 mento
2317 5502 2402 5555 cui
2429 5503 2517 5555 alii
2544 5503 2755 5571 quidem
2788 5503 3210 5570 supersediticant
3239 5520 3456 5572 aurum,
3485 5522 3665 5575 argeue

2109 5602 2218 5648 tum
2245 5594 2449 5660 aliaque
2474 5594 2741 5663 pretiosa;
2783 5596 2866 5649 alii
2904 5610 3026 5649 vero
3054 5595 3189 5660 l'gua
3212 5638 3225 5662 ,
3258 5596 3435 5649 lcitum
3457 5640 3471 5663 ,
3502 5597 3657 5664 stipis
