3900 6328
38 284 232 352 β)οό

848 281 1200 338 VARIORUM
1239 284 1841 342 EXERCITA’I‘IOXES
1880 287 1944 343 IN
1984 286 2043 346 S.
2088 292 2453 350 AUUUSTINI
2491 297 2736 353 OPERA.

3285 311 3388 368 506

50 397 260 462 —ant;
299 392 402 448 sibi
434 392 750 460 objicientes
779 391 978 446 inducit
1014 395 1270 462 quosdam
1301 395 1390 464 qui
1419 396 1706 451 credebant
1736 404 1785 459 Α
1811 400 2000 455 Cicero
2021 417 2158 456 anno
2184 405 2396 459 demum
2429 421 2547 474 post
2574 412 2769 467 Urbem
2801 417 3067 473 conditam
3096 421 3197 477 648
3237 436 3391 480 natus

58 482 451 551 ‘aptismum
474 492 527 534 et
553 479 807 534 Ecclesia:
830 481 1105 536 catholicae
1135 483 1558 537 communionem
1581 486 1711 540 satis

89 587 257 627 4sse
285 571 348 624 ad
379 569 649 623 vitandam
681 569 1074 624 damnationem
1103 583 1379 626 mternam.
1410 573 1544 627 Tum
1572 573 1712 628 circa

83 678 258 716 ¢um
291 661 460 714 locum
493 661 719 713 multum
753 660 976 725 haesitat,
1007 664 1158 730 quasi
1186 663 1239 717 in
1265 678 1330 718 eo
1363 679 1540 718 sermo
1571 675 1714 720 esset

113 755 211 808 ‘lc
239 753 490 815 moribus,
519 766 640 804 cum
670 751 864 806 Paulus
896 753 1140 822 loquatur
1163 755 1229 810 de
1253 757 1516 810 doetrina.
1551 757 1638 813 Sic
1660 766 1715 812 et

119 843 260 896 alibi
291 841 338 894 in
369 855 436 894 eo
465 840 868 908 interpretando
892 844 1162 897 aastuavit.
1206 843 1337 899 Vide
1365 845 1612 901 adnotata
1643 847 1709 900 ad

143 941 270 984 10m.
302 930 364 982 Vl
389 973 403 995 ,
441 931 491 981 in
532 927 624 981 lib.
659 930 723 983 de
748 929 875 984 Fide
903 940 957 985 et
985 932 1247 1000 Operibus
1289 949 1407 1003 cap.
1444 935 1528 988 15.
1582 938 1712 991 llinc

149 1028 262 1073 nata
295 1019 395 1071 alia
429 1019 677 1072 mstuatio
708 1060 721 1084 ,
762 1035 879 1084 qua:
913 1021 966 1075 in
995 1023 1140 1076 hisce
1181 1025 1356 1079 Vt'l'bis
1393 1040 1451 1079 se
1493 1025 1664 1093 prodit
1694 1042 1707 1078 :

157 1108 264 1161 Post
285 1109 428 1161 istius
453 1126 576 1161 sane
597 1111 824 1179 corporis
845 1122 1073 1177 mortem,
1098 1113 1257 1168 donec
1282 1117 1349 1168 ad
1370 1116 1516 1170 illum
1543 1119 1712 1171 venia-

158 1209 226 1251 tur
249 1199 331 1266 qui
353 1208 465 1266 post
494 1202 906 1253 resurrectionem
933 1217 1202 1272 corporum
1225 1206 1429 1273 futurus
1456 1217 1548 1273 est,
1569 1210 1713 1260 dant-

157 1290 350 1341 nationis
386 1298 432 1340 et
471 1292 892 1343 remunerationis
942 1291 1153 1346 ultimus
1210 1296 1352 1361 dies,
1396 1297 1440 1349 si
1461 1297 1558 1350 hoc
1585 1310 1712 1350 tent-

151 1378 272 1446 poris
310 1378 575 1431 interuallo
618 1379 829 1447 spiritus
867 1383 1224 1450 defunctorum
1257 1388 1508 1454 ejusmodi
1547 1390 1711 1456 ignem

145 1471 367 1521 dicuntur
391 1471 586 1537 perpeti
614 1487 758 1539 queat
797 1489 897 1526 non
926 1477 1144 1529 sentiant
1168 1478 1246 1529 illi
1282 1480 1366 1547 qui
1397 1497 1496 1533 non
1521 1483 1709 1536 habue-

142 1571 254 1613 runt
285 1561 403 1614 tales
433 1575 596 1613 mores
626 1570 673 1613 et
707 1579 937 1627 amores,
968 1566 1022 1617 in
1058 1566 1214 1637 hujus
1248 1571 1476 1639 corporis
1506 1572 1624 1636 vita,
1654 1582 1708 1624 ut

146 1667 306 1704 eorum
329 1653 486 1720 ligna,
517 1651 712 1720 fenum,
738 1654 926 1723 stipula
948 1670 1306 1723 consumatur;
1336 1662 1425 1714 alii
1455 1678 1568 1715 vero
1597 1678 1709 1715 sen-

1814 504 1915 545 est.
1967 495 2074 549 Sed
2131 509 2274 551 recte
2320 499 2644 558 Benedictini
2686 507 2968 564 lectionem
2994 514 3202 568 allatam
3228 557 3240 579 ,
3275 533 3391 584 qme

1815 596 1890 636 εει
1921 587 2154 639 omnium
2183 603 2313 642 mss.
2344 591 2610 660 codicum,
2644 598 2999 663 retinuerunt,
3027 604 3144 671 quia
3178 606 3393 661 minime

1814 687 2037 727 necesse
2067 686 2149 728 est
2177 680 2529 743 Augustinum
2561 701 2626 737 ex
2667 691 2923 744 memoria
2952 693 3276 761 loquentem,
3308 711 3394 748 ac-

1813 767 2046 816 curatius
2071 767 2302 821 calculos
2329 773 2604 839 posuisse;
2639 793 2739 831 nec
2773 789 2856 834 est
2881 793 3159 849 peccatum
3192 794 3393 838 tantum

1814 862 1871 906 ut
1901 854 1950 906 iu
1989 854 2040 907 id
2073 857 2306 912 incidere
2337 875 2442 915 non
2476 867 2724 930 potuerit.

1885 941 2047 997 ιιι)κο
2079 961 2207 1010 xxu,
2240 963 2358 1016 cap.
2386 949 2489 1020 8,§
2521 954 2567 1006 1.
2603 953 2727 1020 Cur,
2759 958 3267 1027 inquiunt,nuncilla
3297 967 3388 1017 mi-

1812 1031 1989 1083 racula
2009 1049 2123 1101 qua:
2160 1038 2448 1102 prtedicatis
2477 1043 2613 1108 facta
2628 1060 2754 1111 esse,
2789 1063 2886 1100 non
2907 1050 3095 1121 fiur.t?]
3125 1053 3216 1105 Est
3240 1054 3388 1120 obje-

1812 1123 1918 1175 ctio
1939 1125 2294 1194 ethnicorum,
2315 1130 2379 1183 ad
2403 1146 2559 1200 quam
2579 1137 2909 1193 commodius
2936 1140 3242 1196 solvt'ndam
3267 1144 3388 1197 ficta

1811 1221 1956 1277 sunt,
1991 1227 2179 1282 quarto
2207 1223 2500 1286 praesertim
2531 1227 2746 1292 swenlo,
2783 1231 3188 1288 innumerabilia
3221 1236 3388 1289 mira-

1811 1303 1929 1357 cula
1961 1307 2305 1376 reliquiarum
2331 1351 2344 1374 ,
2376 1328 2496 1380 qua:
2524 1324 2678 1368 antea
2713 1319 2950 1373 inaudita
2989 1320 3218 1376 fuerant.
3251 1325 3383 1378 Cum
3417 1323 3426 1331 ’

1813 1394 2078 1448 incautius
2123 1412 2185 1450 ac
2227 1401 2448 1466 proinde
2477 1404 2655 1458 verius
2698 1405 3053 1475 loquebantur
3097 1410 3388 1465 Christiani

1812 1481 1968 1550 hujus
1998 1486 2117 1550 aevi,
2167 1485 2474 1543 fatebantur
2521 1492 2778 1548 miracula
2822 1511 2924 1550 non
2976 1501 3201 1567 amplius
3247 1503 3386 1569 fieri,

1809 1574 1950 1642 quod
1988 1577 2211 1646 contigit
2261 1577 2560 1648 Augustino
2594 1584 2642 1636 in
2688 1586 2781 1639 lib.
2827 1587 2892 1641 de
2929 1589 3063 1642 Vera
3108 1589 3383 1658 Religionc

1810 1678 1930 1732 cap.
1965 1665 2056 1730 25,
2083 1667 2172 1720 ubi
2205 1681 2360 1738 negat
2381 1673 2631 1727 miracula
2659 1675 2750 1728 illa
2781 1677 2975 1746 (qualia
3002 1682 3387 1751 aposmlomm)

149 1744 261 1794 tiant
282 1782 294 1805 ,
331 1744 414 1808 qui
445 1743 742 1814 hujusmodi
768 1760 935 1796 secum
960 1746 1178 1813 wdiﬁcia
1203 1758 1562 1817 portaverant;
1597 1753 1701 1806 sive
1729 1757 1778 1817 B
1804 1754 1856 1806 in
1903 1765 2078 1808 nostra
2127 1766 2356 1826 tempora
2384 1763 2572 1816 durare
2612 1743 2879 1834 permissa.
2911 1769 3016 1822 Sed
3064 1781 3246 1836 postea
3276 1774 3387 1827 haec

146 1833 205 1885 ibi
229 1843 412 1885 tantum
431 1872 447 1898 ,
475 1835 577 1886 sive
603 1843 647 1886 et
678 1833 760 1886 hic
786 1843 832 1887 et
859 1835 958 1898 ibi;
999 1837 1100 1888 sive
1130 1838 1242 1890 ideo
1274 1838 1376 1904 hic,
1411 1849 1462 1891 ut
1493 1858 1592 1893 non
1615 1842 1707 1908 ibi,

143 1923 392 1976 scrularia
414 1927 639 1991 quamvis
666 1941 697 1977 a
725 1926 1051 1979 damnatione
1070 1929 1286 1981 venialia
1310 1942 1707 1985 concrentantem

144 2013 296 2080 ignem
318 2014 624 2066 transitoria:
649 2014 986 2069 tribulationis
1007 2017 1283 2084 inveniant,
1308 2036 1407 2072 non
1431 2022 1705 2092 redarguo,

144 2103 250 2168 quia
279 2103 488 2169 forsitan
517 2119 683 2155 verum
712 2114 806 2157 est.
839 2104 927 2160 Sic
959 2107 1044 2161 hic
1068 2107 1212 2161 Pauli
1239 2109 1387 2163 locus
1419 2110 1518 2163 fuit
1542 2111 1706 2165 veluti

139 2196 403 2262 scirpulus,
438 2195 489 2247 in
520 2210 678 2262 quem
719 2211 823 2249 non
868 2199 1031 2252 semel
1075 2199 1291 2268 impegit
1337 2201 1703 2270 Augustinus;

137 2296 281 2348 quem
312 2293 485 2335 tamen
521 2283 719 2349 virum,
751 2287 900 2352 quasi
933 2304 1176 2356 ntagnum
1209 2289 1495 2360 Scripzuraa
1533 2295 1700 2350 inter-

138 2383 349 2438 pretem,
381 2375 533 2426 multi
563 2374 717 2427 nobis
739 2377 1047 2442 venditant;
1081 2381 1170 2432 sed
1202 2381 1393 2448 quibus
1426 2385 1456 2436 ii
1486 2384 1702 2442 demum

134 2465 338 2515 credent
372 2464 563 2530 quibus
603 2466 804 2518 nullum
846 2477 930 2519 est
971 2482 1243 2524 sacrorum
1291 2472 1545 2527 librorum
1591 2488 1705 2530 stu-

131 2547 300 2615 dium,
336 2563 421 2605 aut
449 2553 539 2622 qui
569 2554 852 2624 Augustini
892 2571 1051 2626 opera
1085 2577 1351 2630 nunquam
1383 2573 1586 2617 attente
1628 2566 1705 2620 le-

125 2652 334 2709 gerunt.

194 2731 355 2785 Lteao
382 2749 509 2792 χιιι.
545 2750 664 2804 cap.
698 2736 750 2790 7.
783 2736 910 2789 Cum
937 2738 1180 2790 sexcentis
1210 2739 1366 2807 ferme
1403 2741 1552 2792 (mnis
1585 2751 1702 2795 ante

126 2820 408 2875 Ciceronem
438 2826 690 2879 Romulus
713 2829 898 2894 fuerit,
933 2825 1062 2897 etc.]
1106 2829 1154 2882 J.
1187 2829 1319 2882 Lud.
1351 2829 1507 2883 Vives
1536 2831 1703 2886 edidit

125 2923 236 2962 ante
262 2913 590 2977 Scipionem;
621 2931 812 2985 nempe
843 2916 1186 2970 (Emilianum
1210 2959 1226 2984 ,
1254 2920 1340 2986 qui
1367 2920 1418 2972 in
1451 2920 1599 2973 libris
1630 2921 1697 2975 de

127 3004 403 3072 Republica
466 3007 690 3076 loquens
739 3024 767 3060 a
821 3007 1081 3064 Cicerone
1137 3010 1514 3074 inducebatur;
1573 3012 1695 3081 quia

1817 1844 1979 1898 verba
2007 1849 2334 1917 retractavit,
2369 1861 2586 1919 propter
2615 1870 2747 1907 nova
2781 1858 3058 1924 miracula,
3091 1861 3242 1926 cujus
3287 1864 3386 1914 uti-

1813 1933 2015 1986 litatem
2033 1935 2462 1994 animadvertere
2486 1944 2656 1997 serius
2677 1947 2858 2014 etrapit.
2877 1947 2972 2002 Hic
2989 1965 3197 2018 quoque
3220 1952 3386 2004 multa

1815 2035 1998 2078 narrat
2030 2042 2146 2095 qua:
2183 2029 2359 2083 omnia
2390 2032 2586 2087 claudit
2615 2037 2821 2104 egregia
2863 2038 2955 2090 illa
2984 2041 3292 2095 narratione
3318 2044 3385 2094 de

1812 2129 1914 2180 qua
1964 2115 2030 2168 ad
2077 2127 2206 2173 tom.
2236 2118 2278 2172 ν
2312 2123 2536 2189 egimus.
2587 2125 2689 2179 Sed
2731 2125 2795 2181 de
2840 2126 2988 2181 hisce
3033 2128 3301 2196 omnibus,
3334 2141 3386 2185 et

1813 2206 2108 2269 prmsertim
2158 2208 2225 2263 de
2265 2211 2438 2278 quarti
2491 2214 2674 2267 saeculi
2726 2215 2863 2270 ﬁctis
2917 2218 3218 2286 miraculis,
3270 2221 3386 2275 vide

1811 2291 1976 2347 Henr.
2011 2297 2346 2354 Dodwellnm
2380 2303 2429 2355 in
2457 2303 2672 2358 dissert.
2706 2306 2939 2361 lreuaica
2962 2310 3020 2364 '2.

1879 2384 2004 2456 Cap.
2035 2389 2124 2456 24,
2149 2390 2174 2460 §
2205 2393 2259 2446 3.
2278 2393 2404 2458 Qua:
2429 2395 2480 2446 in
2512 2395 2720 2449 theatris
2748 2399 3002 2451 mirabilia
3020 2400 3384 2468 spectantibus,

1810 2479 2131 2533 audientibus
2161 2483 2478 2538 incredibilia
2506 2498 2552 2539 et
2589 2489 2874 2542 exhibenda
2904 2492 3079 2544 molita
3101 2492 3200 2556 sit;
3230 2493 3385 2545 indu-

1811 2569 1939 2622 stria
1974 2585 2164 2639 nempe
2194 2573 2466 2643 humana.]
2496 2577 2764 2646 lntelligit,
2810 2589 2868 2634 ut
2909 2580 3060 2635 Justo
3095 2582 3270 2651 Lipsio
3304 2585 3385 2637 vi-

1809 2656 1986 2722 detur,
2021 2670 2280 2728 pegmata,
2317 2678 2412 2717 seu
2446 2667 2718 2719 machinas
2747 2667 3110 2734 theatrorum;
3151 2686 3376 2737 quorum

1809 2757 2109 2815 pegmatum
2139 2750 2320 2818 ﬁgura:
2348 2761 2399 2806 et
2431 2763 2603 2806 motus
2631 2757 2885 2810 mirabilia
2912 2761 3212 2826 spectacula
3242 2777 3382 2828 pra:-

1807 2835 2023 2901 bebant,
2055 2847 2111 2893 ut
2150 2841 2330 2894 multis
2359 2843 2596 2897 ostendit
2638 2845 2719 2898 vir
2760 2845 3100 2902 doctissimus
3145 2851 3196 2904 in
3246 2851 3382 2902 libro

1805 2924 1871 2978 de
1909 2926 2320 2995 Amphitheatro
2362 2947 2482 3001 cap.
2519 2933 2622 3002 2‘2,
2654 2936 2793 3004 quod
2837 2937 3028 3006 legisse
3070 2954 3172 2991 non
3211 2940 3380 3007 pceni-

1802 3015 1954 3069 leltit.

149 3183 3330 3222 ——__.______.__________________________k
3373 3220 3381 3229 ,

1133 3351 1239 3423 ΙΝ
1295 3346 1698 3422 TOMUM
1754 3353 2318 3427 OCTAVUM.

342 3628 744 3687 DESIDERIUS
783 3631 1104 3686 ERASMUS
1145 3629 1461 3685 LECTORI.

197 3717 640 3782 Quemadmodum
664 3721 714 3774 in
739 3722 939 3789 przeliis
961 3723 1091 3775 solet
1113 3722 1444 3790 potis'simum
1461 3720 1691 3775 emicare

137 3809 286 3862 virtus
317 3822 365 3864 et
391 3812 552 3866 ardor
582 3813 806 3867 militum
845 3813 1178 3882 ducumque,
1230 3814 1300 3867 ita
1330 3813 1484 3866 divus
1515 3812 1692 3881 Augu-

138 3899 308 3966 stinus,
332 3915 446 3953 cum
474 3917 732 3968 nusquam
755 3918 861 3956 non
892 3903 961 3956 sit
989 3905 1166 3958 multis
1193 3902 1563 3971 suspiciendas
1590 3916 1690 3954 no-

136 3987 369 4054 minibus,
403 3990 540 4062 hand
574 3991 698 4044 alibi
747 4001 922 4045 tamen
965 3992 1150 4059 eluxit,
1184 4001 1438 4060 quantum
1468 3992 1692 4045 valuerit

136 4083 360 4135 acumine
394 4083 620 4149 ingenii,
648 4084 941 4137 subtilitate
967 4083 1172 4152 judicii,
1206 4083 1570 4147 vehementia,
1599 4097 1688 4136 c0-

138 4167 309 4237 piaque
338 4171 657 4236 disserendi,
682 4187 838 4240 quam
870 4172 925 4225 in
957 4172 1037 4225 his
1069 4171 1250 4236 libris;
1285 4173 1334 4224 in
1363 4171 1558 4241 quibus
1590 4186 1690 4239 pro

137 4261 505 4325 tranquillitate
529 4260 721 4314 domus
757 4260 867 4326 Dei,
901 4277 1057 4330 quam
1091 4263 1248 4316 unice
1275 4261 1550 4330 diligebat,
1595 4276 1691 4328 pu-

135 4358 244 4412 gnat
276 4350 531 4402 adversus
571 4351 802 4404 haereses
831 4369 843 4402 :
868 4367 1000 4419 quas
1029 4368 1148 4405 cum
1183 4351 1282 4405 hoc
1327 4353 1448 4406 odio
1491 4352 1693 4420 majore

139 4450 558 4507 prosequeretur,
591 4458 695 4508 quo
724 4441 1016 4507 impensius
1059 4443 1273 4495 amabat
1299 4443 1496 4495 Christi
1531 4456 1694 4509 Spon-

139 4542 234 4579 sam
273 4529 584 4594 Ecclesiam,
633 4542 807 4586 tamen
840 4533 1034 4600 ubique
1075 4533 1331 4600 singulari
1362 4533 1581 4587 caritate
1615 4533 1692 4584 la-

139 4614 304 4682 borat,
336 4630 393 4673 ut
423 4620 666 4675 homines
711 4631 864 4676 sanet
908 4621 1083 4692 potius
1122 4637 1277 4691 quam
1310 4622 1521 4692 perdat.
1550 4621 1690 4690 Lege

141 4704 364 4778 feliciter,
398 4727 461 4766 ac
495 4713 632 4766 vale.

579 4804 1222 4859 ANIMADVEBSIONES

532 4908 587 4946 IN
625 4911 816 4948 LIBRUM
858 4912 923 4948 DE
963 4911 1283 4948 ILERESIBUS.

1720 3633 1767 3694 C
1796 3631 2064 3686 Credibile
2085 3642 2167 3684 est
2197 3632 2550 3699 Augustinum
2581 3644 2831 3701 excerpta
2858 3644 3060 3690 tantum
3092 3653 3157 3692 ex
3179 3656 3266 3706 eo,
3308 3643 3378 3697 ab

1799 3721 1984 3790 aliquo
2010 3722 2194 3776 Greece
2224 3722 2428 3776 sciente
2455 3721 2615 3788 facta,
2652 3724 2918 3779 habuisse.

1867 3813 2070 3866 "teres.
2108 3813 2156 3866 Ι.
2184 3812 2311 3876 Qum
2335 3822 2420 3866 est
2445 3813 2874 3868 Simonianorum
2904 3832 2915 3867 :
2945 3815 3121 3870 Jovem
3150 3835 3202 3872 se
3230 3821 3370 3875 credi

1794 3902 2019 3968 volebat,
2073 3900 2352 3954 Minervam
2403 3919 2518 3956 vero
2567 3905 2875 3957 meretricem
2914 3908 3173 3974 quandam
3221 3909 3374 3965 flete-

1794 4008 1918 4058 nen,
1946 4009 2097 4063 quant
2131 3993 2227 4046 sibi
2254 3995 2443 4045 sociam
2488 3995 2731 4047 scelerum
2759 3995 2982 4063 fecerat;
3027 4000 3371 4072 imaginesque

1794 4091 1840 4136 et
1867 4098 2012 4136 suam
2049 4093 2094 4135 et
2129 4082 2356 4152 ejusdem
2398 4084 2672 4136 meretricis
2699 4085 2963 4152 discipulis
2992 4089 3097 4140 suis
3129 4092 3379 4156 prtebebat

1793 4174 2122 4237 adorandus;
2143 4188 2270 4240 quas
2291 4181 2336 4225 et
2360 4172 2555 4238 Ramaz,
2580 4182 2821 4242 tanquam
2841 4172 3052 4230 deorum
3077 4180 3375 4249 simulacra,

1794 4266 2096 4318 auctoritate
2123 4263 2332 4332 publica
2357 4261 2733 4333 constituerat.]
2779 4265 2867 4320 Sic
2895 4267 3145 4335 paulatim
3177 4284 3379 4337 augen-

1795 4365 1880 4410 tur
1909 4356 2122 4419 fabulae,
2146 4363 2303 4423 prout
2327 4369 2357 4408 a
2390 4356 2623 4422 pluribus
2654 4367 2937 4411 narrantur
2961 4375 2973 4410 :
3001 4359 3169 4411 instar
3195 4361 3377 4422 rivuii,

1793 4450 1902 4518 qui,
1936 4447 2057 4500 aliis
2098 4454 2258 4514 atque
2308 4445 2428 4499 aliis
2454 4446 2830 4502 accedentibus
2862 4448 3034 4517 aquis,
3069 4447 3280 4502 tandem
3315 4449 3374 4502 fit

1793 4538 1986 4592 amnis.
2019 4534 2469 4591 Clementinarum
2492 4535 2937 4605 Recognitionum
2971 4547 3154 4592 auctor
3181 4537 3275 4591 lib.
3309 4554 3375 4599 tt.

1795 4626 1825 4699 ἕ
1851 4627 1904 4690 9,
1931 4635 1984 4680 et
2031 4626 2269 4681 Justinus
2304 4626 2501 4696 Martyr
2527 4627 2669 4694 apol.
2700 4628 2750 4692 i,
2778 4630 3129 4682 meminerunt
3160 4629 3376 4695 quidem

1794 4728 1984 4772 Statua:
2013 4718 2269 4784 Simonis,
2301 4717 2482 4772 Romae
2512 4720 2817 4782 collocatae;
2851 4719 2940 4772 sed
2973 4719 3039 4770 de
3068 4726 3242 4769 statua
3275 4717 3371 4772 Se-

1795 4807 1922 4859 lente
1943 4807 2025 4860 vel
2049 4806 2278 4873 flelena’,
2302 4810 2416 4877 ejus
2437 4809 2767 4870 concub'nae,
2792 4807 2917 4859 nihil
2943 4806 3158 4858 habent.
3189 4807 3370 4873 Itaque

1795 4897 1897 4950 hoc
1929 4899 2034 4952 erit
2072 4899 2490 4952 additamentum
2533 4897 2834 4964 Augustini,
2873 4911 2938 4950 ex
2974 4897 3228 4951 memoria
3264 4899 3377 4954 haec

199 4980 405 5037 Praefat.
442 4985 636 5041 Noster
676 4993 792 5039 vero
826 4987 1154 5055 Epiphanius
1185 4985 1401 5055 Cyprius
1429 4985 1691 5054 episcOpus
1721 4989 1771 5048 D
1795 4987 2098 5042 scribentis.
2149 4989 2336 5041 Mirum
2376 4995 2460 5041 est
2484 4987 2713 5040 fabulam
2745 4985 2812 5039 de
2843 4986 3014 5054 posita
3052 5002 3080 5040 a
3112 4987 3370 5043 Romanis

142 5071 298 5128 abhinc
318 5093 418 5130 non
442 5077 592 5148 longe
613 5077 759 5131 rebus
780 5077 1018 5129 humanis
1039 5085 1315 5146 exemptus,
1339 5076 1402 5128 de
1429 5074 1682 5143 octoginta

143 5160 384 5219 haresibus
413 5167 645 5233 loquens,
678 5183 766 5219 sea:
796 5166 956 5219 libros
986 5167 1138 5218 etiam
1171 5165 1504 5231 conscripsit,
1537 5165 1694 5216 histo-

145 5252 230 5306 rica
245 5259 531 5311 narratione
553 5273 952 5311 commemorans
968 5259 1156 5320 omnia,
1181 5258 1323 5310 nulla
1347 5256 1692 5324 disputatione

143 5345 352 5400 adversus
387 5348 659 5417 falsitatem
701 5365 792 5417 pro
829 5349 1034 5400 veritate
1075 5348 1389 5416 decertans.]
1421 5348 1691 5400 Adnotant

146 5431 446 5492 Benedictini
475 5438 538 5490 ad
569 5440 682 5492 hanc
709 5440 870 5492 verba
892 5481 905 5502 ,
941 5439 1290 5504 Augustinum
1322 5438 1517 5491 vidi~se
1544 5438 1682 5490 dun-

145 5531 261 5575 taxat
286 5527 733 5594 Anacepltala'osin
766 5526 1075 5594 Epipltanii;
1109 5527 1200 5580 sed
1233 5542 1298 5580 ne
1345 5528 1442 5579 huc
1468 5527 1682 5594 quidem

142 5627 252 5676 Opus
289 5615 555 5680 integrum
585 5617 733 5679 vidit,
780 5617 931 5684 cujus
974 5617 1142 5677 initio,
1188 5626 1241 5669 ct
1292 5617 1526 5683 pluribus
1553 5617 1684 5671 locis

140 5701 565 5774 indicatscripmr
589 5721 642 5762 se
682 5707 898 5776 majoris
930 5707 1106 5775 operis
1127 5707 1230 5776 cpit
1274 5723 1391 5762 mcn
1430 5707 1683 5762 scribere.

1794 5085 1968 5131 statua
1995 5085 2103 5128 tam
2134 5086 2339 5144 turpem
2376 5085 2432 5130 et
2466 5085 2570 5128 tam
2603 5074 2970 5143 manifestam,
2999 5093 3117 5146 qua:
3149 5081 3374 5146 proinde

1796 5167 1987 5221 merito
2025 5165 2095 5219 ab
2133 5165 2360 5220 ethnicis
2406 5165 2697 5230 ridebatur,
2736 5182 2901 5237 usque
2942 5169 3075 5222 adeo
3106 5171 3375 5224 veteribus

1796 5256 2079 5321 placuisse,
2109 5265 2162 5307 ut
2194 5270 2298 5307 uno
2323 5270 2417 5310 ore
2443 5255 2584 5308 illam
2616 5255 3024 5313 afﬁrmaverint.
3060 5259 3191 5311 Vide
3215 5259 3370 5311 Joau.

1796 5344 1946 5410 Bapt.
1971 5343 2288 5397 Cntelerium
2313 5345 2378 5398 ad
2401 5346 2819 5400 Constitutinnes
2841 5347 3162 5414 apostolicas
3185 5346 3278 5397 lib.
3297 5361 3370 5406 vt,

1792 5450 1910 5502 cap.
1941 5434 1995 5497 9,
2040 5435 2272 5503 itemque
2319 5437 2384 5488 ad
2429 5437 2871 5505 llecoguitinnum
2928 5439 3020 5490 lib.
3056 5452 3112 5498 ll,
3164 5450 3281 5496 cap.
3316 5437 3369 5489 9.

1796 5525 1897 5579 St'tl
1927 5527 2127 5580 fallitur
2157 5529 2237 5580 vir
2267 5527 2606 5581 doctissimus
2635 5543 2750 5579 cum
2787 5527 2956 5580 innuit
2982 5528 3046 5580 ab
3075 5527 3370 5592 Attgttsﬁne

1799 5617 1974 5681 negati
2012 5621 2150 5684 quod
2178 5620 2486 5671 narrabatur
2506 5618 2571 5670 de
2599 5617 2816 5669 interitu
2835 5617 3091 5677 Simoms,
3119 5614 3273 5680 epist.
3302 5615 3368 5668 56

1800 5707 1858 5758 ad
1892 5707 2240 5770 Casulauum,
2274 5724 2392 5762 cum
2433 5709 2575 5763 dic..t
2624 5714 2822 5759 tantum
2857 5705 3121 5760 liomanos
3152 5719 3370 5765 negasse
