3900 6308
503 312 606 367 ευτ
650 276 657 281 ’
1397 290 1947 354 SUPPLEMENTUM
1988 288 2077 343 AD
2117 285 2346 342 OPERA
2385 285 2442 342 s.
2493 286 2878 365 AUGUSTINI.

506 421 725 475 Petrum
756 416 845 473 die
875 413 1078 471 sabbati
1108 411 1400 482 jejunasse,
1448 424 1570 463 cum
1612 415 1755 462 esset
1785 405 1872 457 die
1915 402 2089 457 domi-
2120 399 2163 455 A
2193 396 2448 452 auxilium
2497 398 2637 452 aliud
2679 398 2913 481 divinum
2964 397 3318 452 necessarium
3348 397 3438 463 sit,
3490 400 3633 467 quod
3664 418 3761 456 nor.

509 514 632 568 nico
673 519 929 580 sequente
977 478 1121 562 cum-
1146 478 1367 560 Simone
1403 504 1553 571 Mago
1600 509 1916 555 certaturus.
1970 496 2086 551 iam
2195 486 2416 555 negabat
2448 486 2715 557 Pelagius,
2761 478 2962 564 nélnini
3003 502 3187 542 eorum
3224 488 3415 556 quibus
3443 489 3647 558 aliquid
3674 493 3738 544 im

508 604 701 659 eruditi
732 574 901 656 ferme
930 600 1275 654 consentiunt
1301 596 1567 650 Justinum
1596 600 1687 647 aut
1712 590 1874 644 alium
1906 574 2125 642 aucto-i
2194 586 2366 647 perat.
2416 577 2468 632 id
2499 577 2763 633 subtrahit
2816 579 2976 633 Deus.
3027 576 3133 633 Sed
3174 579 3353 632 omnia
3396 580 3484 634 hic
3525 590 3677 647 sunt,
3713 592 3759 636 ut

508 710 623 749 rem
658 694 815 760 hujus
843 689 1034 743 fabula:
1065 688 1346 753 deceptum
1374 682 1536 736 fuisse
1566 689 1737 734 statua
1764 676 1974 731 llerculi
2002 688 2096 744 po.
2195 668 2320 760 alibi
2349 668 2487 760 apud
2518 670 2896 760 Augustinum,
2918 668 2983 722 ad
3016 667 3271 721 invidiam
3298 666 3598 723 faciendam
3628 686 3765 725 com-

510 786 613 844 sita
653 784 705 836 in
733 757 908 836 insula
939 776 1223 839 Tiberina,
1254 774 1405 842 cujus
1436 774 1727 827 etiamnum
1760 767 1918 821 hodie
1941 765 2094 820 basis
2199 759 2391 828 posita.
2430 757 2801 814 Consulendus
2828 758 2925 813 bac
2955 758 3022 812 de
3053 774 3112 812 re
3138 758 3273 811 liber
3302 757 3539 828 Dionysii
3571 759 3763 815 Petavii

511 878 797 941 superest,
851 884 970 924 cum
1021 867 1118 919 bac
1182 862 1533 930 inscriptione
1586 856 1834 915 SEMONI
1875 853 2096 911 SANCO
2199 851 2266 905 de
2312 851 2509 905 llzcresi
2550 851 2831 920 Pelagiana
2872 859 2925 905 et
2966 850 3424 919 Semipelagiana,
3467 854 3555 920 qui
3598 863 3681 907 est
3719 855 3763 907 in

512 962 663 1017 DEO.
726 961 859 1015 Vide
903 959 1027 1013 Des.
1062 955 1348 1010 lleraldum
1397 952 1465 1006 ad
1500 951 1817 1006 Tertullian.
1867 946 2093 1015 Apolog.
2200 953 2348 998 torno
2391 942 2455 997 ill
2499 943 2742 1013 Dogmat.
2791 943 2908 1013 ejus
2954 942 3393 1010 theologicorum.
3431 941 3639 998 Cetera
3670 960 3765 998 non

513 1068 631 1121 cap.
658 1052 755 1113 i3;
786 1050 951 1104 Henr.
982 1045 1257 1101 Valesium
1292 1042 1357 1097 ad
1387 1040 1598 1096 Eusebii
1623 1040 1761 1095 Hist.
1784 1039 1975 1093 eccles.
2002 1038 2099 1091 lib.
2202 1034 2554 1120 attingemus,
2603 1032 2669 1087 de
2718 1033 2910 1103 quibus
2950 1032 3014 1085 ad
3065 1032 3318 1101 epistolas
3361 1035 3639 1102 Augustini
3694 1047 3765 1088 sat

514 1158 574 1205 tt,
597 1156 716 1209 cap.
745 1140 831 1205 l3,
860 1138 1099 1207 aliosque
1125 1134 1345 1204 passim.
1370 1132 1703 1187 Hinc'autem
1727 1130 1894 1199 liquet
1914 1129 2099 1199 quanti
2126 1206 2131 1209 ι
2203 1125 2385 1179 multis
2425 1124 2684 1189 diximus;
2715 1124 2809 1178 sed
2852 1124 2973 1177 hinc
2994 1124 3431 1195 Iohservabimus.
3465 1126 3552 1179 ubi
3605 1128 3763 1196 agitur

516 1206 792 1286 faciendus
827 1232 901 1285 sit
935 1206 1233 1283 consensus
1274 1225 1599 1288 multorum,
1658 1224 1779 1278 sine
1822 1206 2131 1286 examine,
2204 1216 2272 1271 de
2302 1215 2729 1270 adversariorum
2759 1216 3044 1279 sententia,
3099 1230 3207 1268 non
3245 1228 3366 1269 esse
3404 1215 3560 1270 facile
3589 1232 3763 1270 eorum

519 1322 747 1376 aliorum
771 1329 887 1389 post
916 1319 1055 1372 alios
1083 1317 1223 1371 idem
1248 1324 1449 1369 temere
1471 1312 1880 1367 alﬁrmantium.
1911 1310 2103 1365 Simile
2205 1306 2527 1361 adversariis
2556 1305 2906 1360 credendum.

519 1411 821 1479 exemplum
851 1407 1284 1462 animadvertere
1308 1414 1393 1460 est
1413 1402 1575 1460 Civit.
1608 1403 1702 1457 Dei
1733 1404 1829 1457 lib.
1860 1417 1949 1467 xx,
1980 1415 2102 1469 cap.
2672 1415 3317 1472 AMMADVERSIONES

519 1501 612 1565 9.9,
635 1500 701 1554 de
727 1499 955 1552 adventu
979 1498 1109 1551 Elia:
1135 1504 1259 1550 ante
1290 1496 1534 1549 ultimum
1560 1494 1842 1563 judicium.
1876 1491 1933 1546 Si
1957 1505 2108 1545 crro-
2518 1547 2569 1565 η.
2606 1546 2921 1565 "Amm,"
2968 1547 3058 1565 um

522 1544 612 1565 ””
637 1544 701 1554 “”
727 1544 955 1552 ““””’“
980 1544 1107 1551 “”’”
1135 1544 1256 1550 “””
1294 1544 1533 1549 “’““”““”
1560 1544 1819 1563 ⁴”””“⁷”“
1892 1544 1903 1546 ‘
2518 1547 2569 1586 IN
2606 1546 2921 1587 'rnac'ruuu
2959 1544 3224 1585 aovsnsus
3257 1545 3487 1585 supinos.

521 1602 638 1642 rem
670 1588 840 1640 vitare
870 1586 1101 1640 velimus
1133 1585 1185 1638 iu
1217 1583 1480 1652 ejusmodi
1513 1583 1696 1647 rebus,
1727 1596 1843 1650 qua:
1873 1580 2116 1649 plurium

526 1680 832 1733 testimonio
863 1678 1081 1747 probari
1111 1676 1329 1739 solent,
1360 1684 1484 1729 ante
1522 1675 1701 1727 omnia
1743 1672 2109 1741 expendamus
2281 1667 2410 1738 Cap.
2439 1671 2491 1729 '5,
2525 1668 2550 1737 §
2576 1669 2631 1721 4.
2667 1668 2806 1732 Quid
2836 1669 2932 1722 sibi
2966 1676 3132 1721 autem
3161 1668 3280 1720 velit
3318 1669 3456 1735 quod
3478 1670 3554 1722 sic
3593 1687 3769 1736 prauo-

524 1778 736 1838 oportet
763 1769 954 1839 quibus
980 1782 1166 1821 eorum
1197 1767 1286 1835 qui
1317 1765 1681 1829 consentiunt,
1717 1778 1802 1817 res
1831 1771 2106 1831 perSpecta
2142 1752 2184 1810 Β
2215 1768 2386 1811 tantur
2424 1760 2630 1829 quidam
2672 1757 2880 1827 psalmi,
2909 1774 3035 1826 quos
3072 1767 3121 1811 et
3160 1758 3259 1825 ipsi
3298 1758 3467 1825 legunt
3508 1770 3555 1811 et
3586 1760 3768 1822 habent,

525 1874 646 1913 esse
675 1860 926 1927 potuerit,
960 1872 1160 1926 eosque
1185 1856 1253 1909 ab
1284 1857 1405 1910 aliis
1446 1857 1821 1922 sejttngamus;
1864 1868 1983 1904 nam
2012 1850 2103 1918 qui
2216 1851 2269 1903 in
2302 1851 2583 1902 litterarum
2610 1849 2909 1901 auctoritate
2928 1859 3240 1910 sanctarum,
3268 1858 3323 1900 ut
3350 1849 3403 1900 iu
3431 1864 3609 1901 eorum
3630 1850 3770 1901 titulis

530 1956 778 2016 repetunt
808 1957 1011 2001 tantum
1040 1948 1107 1999 ab
1138 1946 1259 2000 aliis
1288 1954 1537 2013 accepta,
1569 1960 1627 1999 ea
1661 1945 1714 1997 in
1745 1957 1861 2011 quae
1892 1941 2114 1994 minime
2215 1942 2460 2009 scriptum
2487 1941 2550 1993 sit
2574 1955 2590 1991 :
2617 1939 2718 1992 Pro
2751 1940 2813 1991 iis
2841 1955 2960 2007 qua:
3000 1936 3453 2001 immutabuntur;
3488 1948 3650 1991 textus
3670 1955 3768 1991 vero

533 2039 947 2107 iuquisiverunt,
982 2038 1185 2106 indigni
1217 2045 1343 2089 sunt
1370 2036 1459 2104 qui
1501 2035 1715 2089 testium
1754 2046 1976 2087 numero
2020 2030 2116 2083 ha-
2217 2032 2508 2086 eorumdem
2550 2030 2864 2097 psalmorum
2906 2029 3148 2097 prtedicat
3194 2028 3477 2090 Christum,
3528 2028 3626 2080 nisi
3666 2029 3771 2097 quia

532 2128 776 2182 beantur.
809 2127 959 2194 Quod
1003 2129 1048 2181 si
1082 2129 1243 2181 etiam
1274 2126 1431 2193 primi
1470 2125 1547 2180 rei
1581 2133 1877 2179 assertores
1912 2122 1965 2175 id
1995 2136 2117 2190 pro—
2218 2138 2394 2175 eorum
2420 2122 2634 2173 mutatio
2664 2137 2752 2189 per
2774 2120 2918 2172 illum
2955 2119 3130 2189 futura
3160 2118 3400 2188 pradicta
3433 2128 3509 2171 est
3532 2135 3622 2186 per
3647 2135 3771 2185 quem

535 2218 759 2271 tulerint
802 2217 941 2284 quod
974 2217 1138 2284 probe
1169 2230 1274 2268 non
1308 2224 1521 2281 norant,
1556 2213 1721 2267 nubes
1752 2213 1840 2266 illa
1870 2213 2115 2282 speciosa
2218 2221 2428 2281 apparet
2454 2208 2725 2279 impleta?]
2750 2209 2979 2277 Respicit
3000 2210 3321 2277 Augustinus
3348 2208 3414 2261 ad
3446 2208 3625 2261 titulos
3645 2207 3771 2277 psal-

535 2309 752 2361 te..tium
791 2307 1043 2361 lacillime
1071 2306 1378 2373 dissipatur.
1439 2306 1569 2369 Qum
1600 2306 1653 2359 in
1686 2304 1909 2357 historia
1937 2306 2003 2357 de
2033 2304 2118 2357 Si-
2220 2316 2451 2366 morum,
2495 2316 2562 2355 ex
2610 2300 2871 2354 divisione
2927 2299 3108 2353 Graeca
3154 2315 3298 2363 xuv,
3321 2315 3482 2351 uvut
3506 2306 3560 2352 et
3609 2314 3768 2353 usti.

536 2396 712 2448 monis
733 2395 867 2463 Magi
899 2404 1071 2449 statua
1104 2396 1391 2449 observare
1416 2402 1517 2456 est,
1548 2408 1647 2447 nec
1676 2394 1791 2447 scio
1818 2408 1885 2446 an
1916 2408 2020 2446 non
2049 2392 2117 2447 de
2221 2391 2517 2446 Fatendum
2542 2432 2557 2456 ,
2589 2392 2689 2444 nisi
2720 2405 2908 2445 verum
2939 2389 3277 2443 dissimulare
3306 2389 3552 2451 ve?imus,
3586 2388 3774 2456 aptissi-

538 2495 647 2540 tota
673 2488 1106 2540 Simonianorum
1145 2495 1288 2538 secta
1318 2484 1426 2537 diei
1458 2492 1683 2550 queant;
1717 2499 1837 2536 nam
1868 2484 2118 2552 quamvis
2221 2498 2363 2535 mum
2390 2480 2554 2536 fuisse
2579 2480 2932 2551 Augustinum
2954 2480 3020 2534 ad
3046 2478 3428 2534 retundendam
3454 2479 3776 2547 pertinaciam

535 2584 747 2630 constet
768 2592 829 2630 ex
853 2576 1001 2631 Actis
1023 2575 1338 2644 apostolicis
1355 2575 1629 2629 Simonem
1654 2573 1819 2628 fuisse
1846 2574 2117 2628 hominem
2222 2571 2618 2625 Donatistarum
2648 2581 2736 2624 aut
2764 2572 2979 2625 stultam
3004 2569 3326 2639 impietatem
3352 2571 3775 2633 Manichazorum;

538 2683 785 2736 nequam,
804 2668 964 2720 multa
989 2666 1055 2720 de
1076 2681 1140 2721 eo
1163 2667 1286 2719 ﬁcta
1312 2675 1456 2733 sunt,
1480 2674 1537 2718 ut
1559 2665 1722 2733 liquet
1744 2679 1809 2717 ex
1826 2656 2133 2719 Clementis

540 2756 1036 2827 Ilecognitionibus.

612 2849 813 2902 Haeres.
848 2848 934 2901 50.
973 2846 1253 2910 Vadianos,
1286 2861 1412 2914 quos
1442 2845 1664 2911 apprllat
1696 2842 2039 2910 Epiphanius,
2072 2850 2122 2894 et

2224 2751 2422 2821 quippe
2459 2751 2745 2805 destitutus
2790 2752 2953 2805 armis
2990 2751 3042 2805 in
3085 2752 3174 2806 illa
3218 2768 3390 2821 pugna
3424 2752 3579 2821 plane
3614 2766 3776 2806 neces-

2225 2842 2399 2908 sariis,
2453 2842 2553 2896 hoc
2597 2852 2703 2906 est,
2754 2843 3055 2912 cognitiooe
3097 2843 3288 2912 linguae
3327 2840 3600 2897 llebraicai:
3627 2851 3678 2895 ct
3707 2842 3776 2895 Iit-

540 2939 913 3001 scltismaticos,
948 2952 1047 2988 non
1076 2934 1340 2987 hwreticos
1363 2935 1466 2985 vult
1489 2934 1666 2996 videri,
1695 2933 1786 2984 alii
1815 2940 1993 2984 vocant
2018 2932 2123 2981 An-
2226 2932 2373 2985 terali
2408 2932 2616 2986 Veteris
2639 2931 2965 2986 Testamenti
3015 2931 3381 3001 intelligentia.
3428 2930 3534 2985 Res
3583 2947 3642 2985 ex
3675 2940 3771 2983 toto

542 3025 1066 3096 thropomorphitas.]
1111 3024 1244 3078 Cum
1303 3023 1389 3076 hic
1444 3022 1798 3090 Epiphaniam
1848 3030 2119 3074 auctorem
2227 3022 2404 3077 libello
2459 3024 2654 3093 liquet,
2710 3023 2803 3078 sed
2856 3025 3151 3093 prmsertitn
3208 3040 3275 3077 ex
3317 3023 3418 3078 hoc
3461 3034 3772 3092 argumento,

545 3119 725 3172 laudet
773 3117 1120 3184 Augustinus,
1168 3114 1387 3174 omnino
1432 3113 1782 3168 existimarint
1837 3112 2117 3181 legendum
2147 3100 2195 3165 C
2225 3113 2365 3182 quod
2389 3122 2567 3169 tamen
2588 3114 2828 3183 pluribus
2848 3113 3204 3182 petisequitur.
3225 3113 3491 3182 [legerere
3520 3121 3775 3181 potuerunt

544 3206 837 3267 Audianos,
866 3206 942 3257 sic
969 3204 1111 3256 enim
1134 3218 1228 3257 eos
1259 3203 1537 3256 haereticos
1562 3202 1629 3255 ab
1651 3202 1821 3255 Audio
1846 3203 2122 3255 conditore
2225 3212 2279 3255 ct
2308 3203 2523 3271 quidem
2552 3205 2765 3267 merito,
2794 3204 2961 3258 Judaei
2996 3202 3135 3257 LXX
3167 3205 3490 3273 interpretes
3520 3204 3651 3256 male
3676 3208 3776 3255 ve‘r-

544 3303 703 3348 vocat
756 3292 1181 3347 Constantiensis
1234 3291 1539 3360 episcopus.
1593 3290 1709 3344 Non
1757 3306 2000 3345 morarer
2038 3291 2124 3346 hic
2226 3291 2356 3345 tisse
2385 3292 2550 3349 verba
2600 3294 2857 3348 llebraica
2890 3309 3007 3363 qum
3040 3293 3125 3347 hic
3164 3302 3287 3346 sunt
3318 3312 3331 3346 :
3358 3302 3579 3351 cum:
3603 3278 3666 3355 ἣν
3701 3291 3774 3343 Iml

545 3383 767 3439 mendas
788 3384 1147 3450 librariorum,
1174 3383 1246 3437 uti
1270 3396 1368 3436 nec
1389 3370 1707 3436 Sirmondus
1733 3381 1855 3435 fecit
1877 3381 1928 3434 in
1949 3382 2124 3450 Opere

2227 3383 2631 3451 schoschanuim,
2655 3387 2786 3457 ὑπὲρ
2816 3392 2916 3438 τῶν
2942 3383 3425 3452 ἀλλοιωθηάομῖἐνων,
3449 3383 3595 3451 quasi
3622 3382 3776 3449 legen-

547 3477 938 3543 Prtcdestinati,
972 3476 1213 3545 quamvis
1256 3475 1308 3529 in
1354 3474 1539 3530 codice
1574 3489 1676 3528 ms.
1708 3474 1973 3543 legeretur
2003 3473 2125 3527 Val-
2225 3476 2349 3531 dum
2374 3486 2519 3531 esset
2546 3476 2652 3544 hic,
2682 3484 2901 3535 auium:
2929 3474 3302 3539 scheschouim,
3329 3472 3428 3527 hoc
3451 3482 3551 3537 est,
3577 3472 3656 3541 qui
3676 3487 3777 3522 mu-

547 3566 715 3621 diani.
749 3566 972 3620 Nomina
1004 3565 1177 3618 minus
1216 3573 1340 3617 nota
1371 3578 1584 3632 semper
1626 3563 1877 3617 fatillime
1907 3578 1937 3616 a
1966 3563 2128 3617 libra-
2183 3602 2187 3607 υ
2227 3577 2356 3632 tant,
2390 3568 2472 3622 vel
2501 3568 2687 3621 diversi
2731 3575 2884 3631 sunt;
2924 3580 3045 3620 esse
3082 3565 3398 3619 vertendum
3437 3579 3557 3618 cum
3587 3562 3775 3631 Aquila,

547 3656 640 3709 riis
684 3656 969 3723 depravata
1012 3663 1157 3706 sunt.
1197 3653 1330 3706 llinc
1360 3652 1501 3719 apud
1533 3652 1840 3707 Facundum
1886 3652 2135 3735 Hermia-5
2225 3674 2374 3727 super
2403 3658 2556 3721 (iliis;
2588 3672 2707 3710 nam
2736 3666 2885 3742 τωπω
2912 3671 3031 3710 es“;
3059 3655 3258 3720 ιίιξυηι,
3304 3671 3408 3724 qua
3439 3671 3569 3710 voce
3597 3653 3776 3723 signiﬁ.

545 3758 765 3800 nensem
824 3745 916 3799 lib.
966 3760 1059 3797 rut
1104 3742 1192 3797 ed.
1238 3742 1504 3796 Sirmondi
1537 3742 1659 3796 anni
1703 3743 1792 3797 cla
1842 3742 1894 3797 lo
1934 3732 2135 3808 cxcvt,
2226 3756 2375 3801 catur
2416 3745 2500 3799 hic
2540 3755 2631 3798 aut
2679 3732 3087 3800 instrumentum
3130 3747 3418 3813 musicum,
3458 3748 3550 3799 aut
3592 3746 3775 3798 initium

544 3839 648 3890 col.
680 3836 804 3889 671.
838 3835 979 3888 Idem
1024 3835 1260 3891 haeretici
1290 3845 1550 3889 vocantur
1588 3832 1833 3902 Basiani,
1875 3850 1992 3904 qua:
2024 3849 2124 3890 vox

547 3928 683 3979 facta
714 3940 742 3975 a
782 3925 1027 3978 Vadiaui.

621 4014 821 4068 Hteresi
849 4014 939 4081 88,
963 4029 1081 4084 qua:
1109 4025 1192 4069 est
1223 4015 1627 4085 Pelagianorum
1654 4032 1666 4067 :
1702 4014 1772 4067 Hi
1805 4015 1896 4067 Dei
1922 4015 2122 4085 gratia,

549 4127 651 4180 qua
700 4109 1047 4179 prwdestiuati
1093 4126 1264 4164 sumus
1302 4111 1354 4163 in
1406 4111 1733 4180 adaplionem
1772 4110 1998 4177 ﬁliorum
2038 4124 2127 4176 per

546 4202 725 4256 letum
753 4200 1007 4254 Christum
1036 4202 1087 4255 in
1118 4208 1303 4273 ipsum,
1333 4210 1381 4263 et
1410 4218 1509 4270 qua
1537 4201 1765 4255 eruimur
1793 4199 1856 4252 de
1882 4208 2128 4269 potestate

546 4295 889 4361 tenebrarum,
923 4305 1051 4359 etc.,
1089 4298 1138 4349 in
1174 4304 1373 4350 tantum
1412 4295 1605 4349 inimici
1642 4303 1781 4361 sunt,
1813 4303 1867 4346 ut
1895 4294 2004 4347 sine
2029 4291 2127 4344 hac
2229 4296 2485 4341 mutatum
2519 4287 2613 4351 iri;
2641 4286 2838 4341 frustra
2866 4286 3112 4341 sudasset
3134 4286 3461 4354 Augustinus
3484 4294 3540 4338 ut
3566 4284 3625 4337 iis
3652 4283 3772 4335 hisce

547 4406 695 4459 posse
724 4388 981 4440 hominem
1010 4387 1221 4441 credunt
1256 4389 1423 4454 facere
1455 4386 1625 4439 omnia
1656 4385 1829 4438 divina
1856 4384 2119 4447 mandata,
2149 4450 2194 4459 _
2229 4389 2322 4434 aut
2348 4379 2610 4433 similibus
2638 4378 2965 4448 argumentis
2995 4377 3267 4431 utentibus
3294 4392 3355 4430 os
3376 4377 3693 4430 occluderet.
3715 4375 3773 4425 Ac

545 4450 674 4552 λεια]
704 4479 1000 4535 Anathema
1034 4492 1162 4531 vero
1188 4450 1434 4532 omnibus
1463 4478 1550 4548 qui
1582 4477 1773 4532 divina:
1795 4476 1981 4545 gratia:
2002 4480 2126 4527 sunt
2149 4450 2203 4510 D
2228 4486 2359 4526 Sane
2387 4471 2593 4525 duobus
2621 4479 2822 4523 tantum
2857 4468 3060 4533 modis,
3090 4481 3211 4519 cum
3243 4466 3421 4533 aliquo
3448 4466 3649 4528 fructu,
3687 4463 3773 4515 dis-

546 4573 778 4628 inimici!
812 4571 919 4624 Nec
959 4578 1085 4636 puto
1116 4568 1492 4636 Pelagium,si
1522 4568 1889 4628 revivisceret,
1923 4563 2129 4618 delibe-
2230 4571 2444 4631 ceptare
2491 4575 2611 4613 cum
2659 4559 2860 4613 Judacis
2922 4572 3228 4628 possumus.
3257 4555 3432 4624 [Alter
3480 4566 3563 4611 est
3603 4555 3644 4608 si
3691 4566 3773 4605 non

547 4674 785 4717 raturum
829 4676 896 4715 an
930 4669 1110 4730 posset
1158 4661 1484 4727 respondere
1527 4662 1717 4723 Amen;
1761 4673 1949 4727 magna
1995 4673 2127 4713 voce
2231 4660 2431 4705 tantum
2481 4649 2775 4718 Scripturis
2823 4648 2946 4703 Vet.
2995 4648 3354 4713 Testamenti,
3406 4662 3539 4715 quas
3586 4644 3773 4699 eludere

548 4756 693 4811 illico
721 4756 793 4810 ita
818 4753 1184 4823 responderet.
1214 4751 1410 4806 Verum
1441 4750 1773 4804 accusatorie
1802 4750 1931 4804 dicit
1953 4752 2128 4818 Augn-
2232 4754 2450 4807 norunt,
2478 4744 2570 4797 sed
2605 4744 2816 4797 illorum
2847 4741 3189 4809 opinionibus
3219 4750 3274 4794 et
3300 4740 3645 4807 scriptoribus
3673 4750 3774 4788 (on-

546 4847 718 4900 stiuus
748 4846 996 4901 inimicos
1023 4846 1211 4916 gratiae
1235 4842 1326 4898 Dei
1352 4856 1446 4897 eos
1479 4842 1567 4913 qui
1598 4841 1866 4897 internum
1887 4842 2124 4895 afﬂatum
2231 4848 2309 4892 tra
2339 4839 2481 4909 ipsos
2509 4851 2749 4901 utamur;
2775 4836 2913 4905 quod
2940 4834 3119 4888 facere
3143 4849 3245 4887 non
3271 4832 3441 4901 potuit
3461 4829 3774 4895 Augustinus.

518 4935 615 4987 .ad
656 4936 891 5003 singulos
922 4915 1288 4992 necessarium
1319 4943 1512 5004 jactus,
1543 4948 1771 5002 eumque
1814 4930 2131 4986 ineluctabi-
2231 4933 2319 4989 cui
2371 4934 2553 5003 ignota
2602 4931 2690 4985 illa
2742 4937 2896 4985 erant
2944 4924 3374 4981 armamentaria.
3424 4924 3572 4978 Αιιθι·
3598 4935 3713 4975 vero
3741 4915 3772 4966 si

547 5023 652 5078 lem
695 5033 748 5076 et
773 5025 839 5076 ad
858 5026 1016 5079 tinem
1042 5042 1206 5095 usque
1226 5026 1348 5079 vita:
1372 5025 1503 5080 solis
1524 5023 1711 5079 electis
1733 5021 1996 5087 dandum;
2029 5021 2130 5075 hoc
2232 5024 2511 5077 historiam
2540 5030 2595 5075 et
2621 5020 2872 5074 miracula
2904 5016 3030 5072 Jesu
3070 5014 3329 5070 Nazareni
3363 5028 3490 5068 vero
3521 5010 3775 5078 contigisse

549 5121 652 5177 Cal,
682 5114 898 5182 gratiam
926 5116 1226 5181 Augustini,
1275 5131 1379 5169 non
1412 5114 1528 5180 Dei,
1578 5112 1958 5183 repudiabant;
2002 5125 2127 5166 nam
2230 5113 2605 5175 ostendamus;
2655 5109 2796 5178 quod
2845 5109 3020 5163 facere
3066 5106 3326 5176 potuisset
3360 5104 3695 5166 Augustinus.
3739 5095 3773 5147 Si

549 5206 771 5278 gratiam
820 5205 958 5257 hunc
994 5202 1256 5268 afﬂatum,
1303 5214 1395 5258 aut
1432 5208 1653 5275 gratiam
1702 5205 1800 5259 Dei
1846 5204 2024 5258 vocari
2073 5203 2127 5256 in
2231 5203 2445 5258 omissis
2472 5200 2779 5270 allegoriis,
2822 5199 3132 5268 frigidisque
3159 5197 3402 5266 argutiis,
3432 5197 3498 5250 ad
3527 5200 3772 5272 accuratas

548 5277 828 5366 Scriptura
886 5306 1158 5360 nunquam
1221 5293 1631 5349 demonstravit.
1684 5291 1948 5348 Cancrum
2004 5306 2125 5347 cum
2234 5293 2675 5348 ratiocinationes
2720 5307 2780 5346 se
2828 5291 3203 5356 convertisset,
3245 5288 3431 5357 quales
3478 5296 3598 5339 sunt
3637 5284 3681 5337 in
3723 5277 3773 5330 li-

548 5388 691 5443 Deus
721 5387 971 5442 mandata
1017 5384 1244 5453 cuipiam
1286 5385 1398 5450 dat,
1441 5384 1558 5439 sine
1603 5384 1766 5439 dubio
1795 5400 1859 5440 ea
1904 5384 1991 5438 ille
2034 5398 2127 5453 po-
2233 5383 2346 5438 bris
2376 5398 2410 5437 ll
2435 5391 2488 5436 et
2516 5394 2577 5434 nt
2603 5381 2780 5449 operis
2811 5380 2877 5435 de
2918 5380 3153 5434 Veritate
3184 5378 3459 5446 religionis
3489 5370 3772 5429 (.hrisuanw

548 5486 655 5532 test
676 5478 1001 5542 observare;
1029 5491 1149 5530 Lam
1183 5475 1344 5543 Deus,
1374 5473 1466 5544 qui
1490 5475 1666 5542 justus
1692 5484 1795 5537 est.
1827 5473 2127 5543 impossibi-
2230 5476 2298 5527 ab
2329 5474 2463 5543 Hug.
2497 5473 2685 5528 Grotio
2710 5472 3021 5539 conscripti,
3053 5485 3171 5539 qua:
3210 5480 3262 5523 et
3296 5469 3349 5522 in
3377 5468 3497 5521 aliis
3541 5457 3771 5519 recentio-

550 5564 620 5618 lia
650 5582 755 5621 non
783 5569 982 5638 impera
1056 5567 1286 5623 sumitve
1314 5579 1500 5634 pmnas
1530 5564 1599 5619 de
1628 5566 1691 5619 iis
1721 5566 1811 5634 qui
1843 5578 1949 5617 non
1983 5562 2125 5618 fece-
2230 5581 2347 5619 rum
2384 5564 2743 5618 monumentis
2784 5560 3056 5629 copiosius
3090 5559 3346 5627 exposita:
3392 5558 3645 5624 leguntur.
3687 5545 3766 5596 νεα

553 5664 676 5709 runt
704 5656 1065 5723 impossibilia.
1104 5659 1255 5726 Quod
1280 5658 1323 5712 si
1355 5668 1546 5727 prteter
1576 5658 1777 5713 nudum
1810 5658 2121 5725 imperium,
2231 5672 2346 5711 runt
2377 5656 2441 5710 iis
2462 5654 2693 5723 sacculis,
2726 5653 3060 5723 quantumvis
3080 5652 3146 5708 ab
3169 5649 3424 5721 imperitis
3447 5659 3534 5703 aut
3563 5636 3765 5700 lat-lion!

2229 4018 2468 4072 tulerunt
2508 4016 2650 4070 LXX
2690 4016 3029 4084 interpretes,
3082 4024 3370 4085 negassent
3414 4016 3539 4083 inde
3582 4014 3715 4082 sequi
3749 4027 3774 4064 a

2230 4108 2422 4163 Messia
2459 4109 2629 4177 legem
2658 4107 2853 4161 mutari
2877 4106 3151 4174 debuisse,
3180 4107 3272 4161 sed
3306 4115 3535 4168 tantum,
3567 4104 3775 4175 quando-

2229 4213 2333 4267 que
2350 4198 2576 4261 venerit,
2596 4197 2844 4251 miseram
2872 4210 2983 4249 suae
3004 4196 3178 4264 gentis
3201 4204 3398 4249 sortem
3429 4195 3481 4248 in
3512 4195 3771 4248 beatiorem

3665 290 3763 345 Μ
3791 260 3800 268 .

2222 2661 2314 2715 sed
2343 2670 2530 2715 contra
2561 2660 2775 2715 Judteos
2802 2662 2851 2715 in
2874 2676 3091 2716 arenam
3116 2661 3440 2716 descendere
3465 2676 3571 2716 non
3593 2660 3773 2726 debuit,
3866 2670 3867 2727 ξ

2226 3835 2440 3889 cantici.
2469 3833 2746 3901 Quomodo
2774 3836 3102 3888 contrarium
3134 3835 3411 3903 probasset
3439 3832 3777 3904 Augustinus?
3866 3884 3867 3895 χ

2228 3925 2433 3980 Deinde
2455 3926 2499 3979 si
2525 3925 2918 3979 concessissent
2945 3925 3023 3980 sic
3053 3940 3172 3981 esse
3203 3926 3516 3980 vertendum
3548 3936 3601 3978 ut
3627 3934 3775 3977 trans-
3866 3908 3867 3973 Ϊ
