3900 6324
103 325 235 411 sua

837 356 1186 414 VARIORUM
1225 357 1819 414 EXERCITATIONES
1859 357 1926 413 IN
1961 343 2021 414 S.
2059 361 2426 420 AUGUSTINI
2466 342 2715 422 Oi’ERA.

3291 377 3393 436 5l0

105 465 426 535 jactentur,
455 457 638 535 parum
681 478 804 523 nota
847 481 964 525 erat
995 473 1348 529 ratiocinandi
1373 482 1426 529 et
1453 471 1714 544 probandi
1741 474 1795 532 Α
1820 485 2212 531 monstraturos
2241 493 2299 532 se
2322 479 2716 546 pollicerentur.
2749 479 2861 545 Qua
2877 449 2934 533 in
2965 496 3041 549 re,
3075 453 3389 541 intolerandi

109 569 386 612 accurata
417 555 720 615 met'hOdus.

608 651 1164 709 ANIMADVERSION
1174 655 1251 710 ES

422 756 474 795 IN
514 758 704 797 LIBRUM
743 761 809 797 DE
851 760 1131 800 UTILI'I‘ATE
1171 762 1452 801 CREDENDI.

193 827 340 898 Cap.
376 830 438 895 5,
474 830 499 899 §
539 834 591 886 5.
629 832 805 886 Omnis
856 834 1128 906 Scriptura
1175 853 1288 905 quae
1339 837 1716 893 Testamentum

115 915 300 971 Vetus
323 928 547 984 vocatur,
575 920 844 992 diligenter
865 940 975 977 eam
999 942 1149 979 nosse
1171 928 1487 996 cupientibus
1505 930 1716 998 quadri-

111 1009 267 1076 faria
298 1011 556 1073 traditur;
582 1013 855 1066 secundum
888 1016 1175 1081 historiam,
1211 1019 1489 1071 secundum
1519 1021 1716 1072 aetiolo-

109 1099 292 1165 giam,
342 1100 622 1152 secundum
673 1103 983 1172 analogiam,
1032 1107 1311 1159 secundum
1359 1107 1715 1178 allegoriam]

114 1187 259 1241 llaec
292 1189 472 1240 omnia
501 1189 566 1242 ad
597 1206 757 1243 unum
788 1191 1099 1258 referenda,
1131 1193 1572 1262 quid,,nimirum
1593 1237 1609 1263 ,
1641 1197 1730 1250 si-'

117 1281 425 1348 gniﬁcetur
454 1283 632 1336 verbis
663 1283 986 1352 Scripturae,
1026 1301 1146 1354 quae
1176 1302 1239 1341 ex
1270 1290 1515 1343 omnibus
1541 1305 1717 1358 gram-

119 1373 465 1426 maticorum
516 1382 571 1427 et
618 1374 924 1429 criticorum
971 1376 1176 1445 legibus
1220 1387 1347 1431 sunt
1384 1379 1712 1446 explicanda.

117 1462 458 1530 Etiolngia,
491 1463 733 1533 analogia
771 1473 826 1519 et
873 1465 1146 1535 allegoria,
1180 1481 1298 1536 qua:
1333 1482 1439 1520 non
1477 1470 1717 1522 nituntur

115 1551 388 1605 litteralis
417 1552 866 1619 interpretationis
894 1554 1242 1609 fundamento
1261 1595 1275 1620 ,
1309 1571 1470 1609 mera:
1497 1565 1620 1610 sunt
1649 1556 1715 1610 ad

113 1644 393 1713 populum
437 1644 691 1712 phalerae,
737 1654 795 1697 ut
823 1646 1023 1699 dudum
1049 1647 1147 1700 viri
1176 1646 1314 1700 docti
1345 1646 1711 1701 ostenderunt.

113 1735 228 1790 Sed
261 1735 548 1788 videamus
582 1735 848 1802 quomodo
891 1735 1006 1788 btec
1043 1736 1303 1803 intelligat
1344 1737 1668 1804 Augustinus
1697 1755 1712 1788 :

1821 566 2060 633 proiecto
2087 577 2261 632 erant,
2300 584 2419 621 cum
2466 569 2600 622 nihil
2644 569 2744 623 nisi
2787 583 3022 626 monstra
3069 574 3388 641 proferrent,

1818 667 1871 711 et
1900 673 2017 725 qua:
2041 659 2190 712 nulla
2220 660 2684 716 verisimilitudine
2706 671 2856 715 erant
2889 665 3078 726 tincta;
3112 667 3307 718 nedum
3334 678 3393 719 ut

1816 749 2026 802 ratione
2059 749 2380 817 niterentur,
2417 760 2473 803 ut
2504 751 2684 805 multis
2724 752 2778 805 in
2826 753 2956 806 locis
2994 763 3136 808 recte
3163 757 3394 808 ostendit

1819 839 2172 906 Augustinus.
2204 838 2401 893 Verum
2441 841 2528 895 hic
2572 842 2728 896 aliter
2766 843 3053 912 respondet
3092 845 3195 898 illis
3233 860 3390 913 quam

1817 929 2009 983 vellem
2042 941 2097 984 et
2117 945 2273 999 quam
2310 947 2395 985 res
2417 934 2739 999 postulabat.
2771 936 2886 1000 Quo
2906 936 3046 990 enim
3075 945 3391 1003 argumento

1817 1019 2049 1087 probare
2104 1029 2312 1088 poterat
2359 1022 2508 1090 prius
2558 1036 2677 1077 esse
2730 1024 2972 1091 quaedam
3025 1025 3140 1077 sine
3189 1024 3392 1077 ratione

1821 1111 1967 1179 (nam
2009 1109 2109 1162 hoc
2136 1109 2293 1164 debet
2319 1111 2469 1164 intetl
2493 1110 2567 1181 gi)
2599 1113 2888 1177 credenda,
2920 1127 3038 1180 quae
3065 1122 3246 1180 postea
3275 1127 3394 1179 per-

1819 1199 2160 1266 cipereutur?
2186 1199 2316 1263 Quis
2342 1201 2738 1254 mendaciorum
2765 1210 2817 1254 et
2840 1201 3137 1253 fabularum
3173 1201 3391 1269 prepola

1819 1300 1924 1340 non
1954 1287 2123 1355 potuit
2158 1287 2350 1341 similia
2391 1289 2626 1357 exigere,
2665 1299 2717 1342 et
2758 1299 2942 1358 postea
2972 1289 3170 1352 dicere,
3201 1290 3245 1342 si
3275 1290 3392 1356 quis

1819 1386 2118 1430 commenta
2144 1378 2259 1445 ejus
2291 1378 2585 1446 rejeeisset,
2629 1394 2751 1432 eum
2795 1379 2958 1432 fuisse
2998 1379 3268 1446 indignum
3302 1378 3391 1444 qui

1821 1485 1883 1525 ea
1926 1469 2340 1538 assequeretur?
2370 1473 2449 1522 An
2490 1484 2594 1522 non
2624 1468 2792 1522 Judtei
2820 1477 2874 1522 et
2898 1468 3097 1522 ethnici
3133 1468 3394 1520 Christia-

1820 1555 1912 1614 nis
1933 1570 2118 1614 contra
2145 1574 2204 1613 se
2233 1559 2672 1612 ratiocinantibus
2695 1559 2816 1611 talia
2848 1573 3104 1626 reponere
3129 1565 3391 1624 poterant,

1820 1664 1940 1705 esse
1987 1649 2336 1713 credendum,
2384 1663 2489 1701 non
2533 1647 2991 1701 ratiocinandum?
3042 1647 3202 1714 Igitur
3241 1645 3393 1697 Chri-

1820 1740 1998 1806 stiani,
2033 1749 2089 1794 ut
2118 1739 2231 1806 pari
2251 1739 2372 1807 iure
2393 1748 2632 1808 agerent,
2670 1740 2773 1806 pati
2803 1739 3100 1792 debuerunt
3129 1737 3179 1789 id
3211 1746 3392 1789 contra

117 1824 439 1878 Secundum
484 1825 781 1890 historiam,
834 1825 1022 1891 inquit,
1069 1827 1311 1891 traditur,
1345 1843 1460 1879 cum
1509 1827 1720 1879 docetur
1748 1819 1796 1878 Β
1823 1831 2160 1902 εθ-δάιιίὴθιιί
2205 1846 2312 1899 quo
2343 1831 2422 1884 usi
2466 1831 2676 1883 fuerant
2719 1839 2904 1883 contra
2948 1828 3191 1882 ethnicos
3220 1835 3271 1877 et
3303 1825 3394 1878 Ju-

117 1915 248 1982 quid
294 1916 548 1980 scriptum
580 1923 672 1967 aut
701 1915 825 1983 quid
855 1925 1048 1984 gestum
1079 1917 1176 1980 sit;
1203 1916 1326 1984 quid
1374 1932 1475 1968 non
1519 1924 1716 1984 gestant

120 2006 211 2061 sed
242 2007 606 2059 tantummodo
635 2008 879 2074 scriptum
910 2010 1058 2077 quasi
1082 2017 1276 2077 gestum
1303 2009 1387 2062 sit.
1421 2007 1510 2062 Sic
1539 2008 1716 2062 omnia

120 2107 322 2153 essent
375 2098 650 2161 historica,
698 2099 817 2163 quia
868 2106 960 2151 aut
1003 2100 1218 2168 scripta,
1271 2109 1359 2152 aut
1387 2109 1532 2167 gesta
1561 2108 1715 2163 sunt;

122 2205 228 2244 nec
258 2188 554 2256 quidquam
583 2187 743 2242 etiam
768 2197 853 2241 est
880 2190 1134 2256 scriptum
1159 2189 1313 2258 quasi
1335 2199 1567 2256 gestum,
1595 2204 1715 2242 cum

122 2288 347 2347 gestum
377 2293 486 2331 non
515 2277 603 2340 sit,
636 2286 829 2344 praeter
859 2279 1159 2346 parabolas.
1183 2278 1510 2346 Augustinus
1535 2293 1718 2333 exem-

122 2371 282 2438 plum
317 2378 501 2423 tamen
529 2367 734 2436 profert
760 2384 901 2424 verte
935 2369 1169 2422 historia:
1199 2383 1228 2421 a
1254 2368 1465 2423 Christo
1490 2369 1717 2423 laudata:

124 2460 328 2514 Matth.
364 2475 462 2527 xu,
495 2459 546 2524 '5,
578 2459 631 2511 4.
673 2459 965 2514 Secundum
993 2459 1323 2530 aztiologiam,
1368 2461 1555 2527 inquit,
1595 2460 1718 2528 quid

125 2567 231 2620 qua
280 2551 348 2602 de
389 2565 543 2602 causa
587 2550 664 2602 vel
713 2552 927 2618 factum,
970 2550 1047 2602 vel
1087 2551 1275 2601 dictum
1323 2550 1410 2602 sit.
1452 2549 1611 2617 Cujus
1641 2551 1717 2603 rei

125 2642 450 2709 exemplum
489 2649 571 2695 est
615 2640 815 2694 dictum
853 2640 1075 2704 Christi,
1119 2640 1185 2693 de
1229 2654 1387 2693 causa
1416 2640 1662 2707 permissi
1687 2654 1718 2691 a

125 2730 289 2784 Mosa
319 2729 533 2783 divortii
580 2727 764 2781 Matth.
796 2743 907 2796 XIX,
940 2730 991 2782 8.
1025 2728 1090 2780 At
1124 2729 1175 2780 in
1208 2727 1535 2794 inquirendis
1578 2727 1722 2794 ejus—

127 2821 283 2875 modi
335 2820 533 2886 causis,
583 2827 790 2887 oportet
817 2827 907 2872 aut
933 2818 1183 2886 praevium
1212 2817 1406 2870 habere
1437 2817 1722 2869 auctorita-

129 2921 242 2967 tem
267 2911 478 2965 Christi
515 2919 568 2964 et
611 2909 1009 2978 apostolorum,
1042 2917 1133 2962 aut
1163 2908 1518 2963 certissimam
1549 2908 1718 2960 histo-

133 3005 275 3057 riam
310 3002 659 3071 rationesque
712 3015 816 3054 non
861 2999 1071 3054 dubias.
1107 2999 1314 3068 Alioqui
1336 2999 1604 3067 Lquaelibet
1634 3011 1721 3049 ra-

134 3096 319 3148 tiones
341 3092 708 3162 quorumlibet
731 3091 1044 3158 reddentur,
1073 3106 1193 3160 qua:
1219 3101 1496 3158 utramque
1523 3089 1725 3142 faciunt

133 3185 394 3254 paginam
436 3183 574 3252 apud
617 3191 848 3237 veteres.
873 3183 1058 3238 Tertio
1091 3183 1367 3236 secundum
1397 3181 1721 3249 analogiam,
1749 3165 1796 3227 C

133 3275 337 3344 inquit,
372 3289 487 3325 cum
515 3272 890 3325 demonstratur
927 3289 1026 3325 non
1066 3272 1162 3324 sibi
1190 3271 1454 3325 adversari
1493 3271 1594 3322 duo
1630 3269 1723 3322 Te-

133 3371 422 3425 stamenta,
459 3360 613 3415 Vetus
635 3369 680 3415 et
714 3360 934 3414 Novum.
963 3360 1114 3426 Quod
1157 3361 1515 3427 verissimum,
1545 3359 1591 3412 si
1614 3361 1729 3413 ani—

133 3467 256 3506 mus
286 3451 384 3504 Dei
421 3459 472 3504 et
500 3451 814 3504 (ecouomize
845 3449 1124 3503 diversitas
1146 3449 1312 3518 probe
1343 3449 1691 3502 observentur
1710 3486 1725 3510 ,

134 3545 217 3598 lex
253 3543 410 3597 enim
443 3542 893 3612 comp‘ectcbatur
923 3549 1200 3612 στοιχεῖα,
1236 3552 1292 3594 ut
1327 3541 1563 3608 loquitur
1594 3540 1730 3593 Pau-

135 3632 240 3696 lus,
284 3647 386 3685 seu
426 3633 667 3684 elementa
697 3631 1002 3699 religionis,
1040 3631 1231 3698 quibus
1263 3630 1327 3683 ad
1357 3630 1525 3683 instar
1551 3628 1729 3694 paeda-

135 3724 289 3793 gOgi,
347 3722 598 3790 paulatim
649 3721 816 3775 Judaei
840 3721 907 3773 ad
955 3719 1331 3788 perlectionem
1375 3718 1730 3771 Christianam

142 3813 576 3867 deducerentur.
610 3811 792 3879 Itaque
812 3810 977 3863 multa
998 3809 1303 3864 ferebantur
1329 3810 1429 3863 sub
1454 3810 1588 3877 lege,
1615 3823 1735 3874 qua:

143 3919 255 3957 non
296 3901 527 3968 amplius
557 3900 797 3953 feruntur
829 3901 928 3953 sub
961 3900 1279 3967 Evangelio;
1314 3898 1558 3965 quamvis
1587 3904 1737 3949 utro-

142 3992 320 4063 bique
352 3989 512 4043 fuerit
538 3989 676 4042 idem
705 3988 795 4042 Dei
823 3991 1052 4052 animus,
1083 3987 1174 4041 sed
1205 3987 1294 4055 qui
1322 4000 1426 4039 non
1453 3999 1555 4038 una
1594 3999 1738 4038 meo-

149 4082 370 4146 uomia,
406 4096 501 4149 pro
532 4089 688 4148 captu
711 4079 1024 4147 populorum
1047 4087 1100 4130 et
1130 4088 1448 4144 temporum,
1477 4088 1605 4128 usus
1634 4084 1733 4127 est.

143 4172 309 4238 Quod
330 4171 372 4224 si
390 4171 502 4222 haec
526 4170 844 4222 misceantur
867 4176 918 4220 et
937 4166 1183 4221 violentis
1197 4162 1467 4232 allegoriis
1493 4171 1741 4229 torquea-

144 4274 226 4320 tur
259 4263 443 4318 Vetus
458 4263 884 4326 Testamentum,
917 4272 972 4315 ut
999 4275 1091 4329 per
1116 4261 1293 4314 omnia
1318 4260 1458 4313 idem
1499 4257 1740 4310 videatur

144 4356 378 4410 tradere
428 4371 489 4409 ac
539 4355 917 4422 Evangelium,
975 4363 1083 4406 tum
1129 4366 1261 4406 vero
1313 4349 1555 4419 analogia
1597 4348 1741 4401 nulla

146 4443 482 4501 servabitur.
514 4444 771 4512 Denique,
822 4445 1101 4496 secundum
1143 4443 1463 4511 allegoriam,
1505 4454 1616 4490 cum
1647 4439 1741 4490 do-

1822 1922 1998 1985 dzeos;
2046 1937 2145 1975 nec
2186 1933 2301 1975 erat
2326 1937 2420 1974 cur
2450 1928 2731 1988 protiiterea
2763 1919 2862 1972 sibi
2892 1920 3160 1979 timerent,
3188 1917 3394 1969 ratione

1822 2013 1964 2066 enim
2016 2012 2170 2079 longe
2217 2013 2460 2080 superior
2500 2011 2678 2064 futura
2725 2019 2839 2064 erat
2869 2008 3051 2077 religio
3075 2008 3392 2070 Christiana,

1821 2113 1878 2156 ut
1921 2104 2052 2156 satis
2088 2103 2438 2156 ostenderunt
2484 2102 2633 2169 llugo
2663 2101 2901 2167 Grotius,
2930 2101 3122 2167 aliique
3161 2098 3247 2166 qui
3278 2111 3394 2149 eam

1821 2196 2028 2249 ratione
2045 2195 2330 2249 defendere
2351 2193 2714 2248 laudatissimo
2737 2192 2980 2245 instituto
3009 2199 3062 2244 et
3093 2187 3396 2243 felicissimo

1819 2297 2072 2337 successu
2101 2293 2396 2346 coeperunt.
2431 2283 2537 2336 Sed
2563 2284 2662 2334 tria
2693 2289 2846 2334 erant
2869 2295 2986 2348 qua:
3020 2288 3260 2346 tempore
3284 2280 3393 2329 Au-

1820 2374 2016 2441 gustini
2057 2372 2349 2427 effecerunt
2391 2383 2448 2424 ut
2490 2371 2622 2425 fides
2669 2370 2784 2424 sine
2827 2369 3035 2422 ratione
3068 2366 3394 2433 exigeretur.

1821 2462 2076 2527 Primum,
2121 2472 2204 2517 est
2255 2462 2397 2531 quod
2447 2476 2549 2515 non
2596 2462 2726 2515 satis
2761 2469 2913 2514 erant
2956 2460 3007 2513 in
3039 2456 3397 2528 philosophia,

1822 2553 2111 2618 criticaque
2157 2550 2456 2613 exercitati,
2487 2560 2543 2604 ut
2572 2550 2897 2619 Scripturam
2928 2557 3111 2601 contra
3142 2545 3398 2613 objectio-

1824 2659 1918 2697 nes
1950 2643 2396 2706 Manichaeorum,
2429 2643 2760 2709 aliorumque
2802 2639 3087 2694 defendere
3118 2635 3398 2690 commode

1826 2745 2074 2803 possent;
2125 2745 2180 2786 ut
2226 2736 2393 2802 liquet
2433 2735 2515 2787 vel
2565 2749 2630 2787 ex
2677 2733 2899 2785 historia
2937 2729 3242 2793 creationis,
3281 2742 3401 2794 quae

1826 2833 2104 2890 tantOpere
2133 2824 2288 2877 torsit
2314 2822 2690 2890 Augustinum,
2733 2830 2789 2874 ut
2817 2833 2987 2888 neque
3014 2818 3068 2870 in
3099 2815 3401 2869 Confessio-

1828 2920 2003 2986 ttib'us,
2039 2935 2209 2988 neque
2241 2920 2293 2972 in
2326 2919 2471 2972 libris
2492 2917 2558 2970 de
2589 2916 2780 2971 Genesi
2806 2913 2870 2967 ad
2902 2916 3158 2975 litteram,
3188 2909 3288 2963 sibi
3311 2917 3402 2960 aut

1830 3010 1923 3063 ulli
1970 3009 2306 3063 satisfecerit.
2357 3009 2570 3062 Creatio
2622 3013 2827 3074 septem
2882 3003 3069 3057 diebus
3125 2998 3399 3061 distincta.

1832 3101 2086 3169 quiesque
2124 3099 2214 3152 Dei
2261 3099 2489 3166 septimo
2520 3097 2606 3151 die
2645 3095 2851 3164 scopuli
2889 3093 3121 3155 fuerunt,
3166 3089 3232 3142 ad
3270 3100 3403 3155 quos

1829 3192 2044 3259 impegit
2075 3189 2495 3259 quotiescunque
2525 3187 2625 3240 hac
2655 3187 2707 3240 in
2740 3193 2887 3253 parte
2917 3183 3051 3237 sacri
3083 3179 3281 3235 Oc'eani
3310 3191 3405 3230 na-

1830 3284 2011 3352 vigare
2040 3297 2203 3335 ausus
2233 3290 2332 3334 est.
2369 3282 2596 3335 Sensum
2623 3276 2905 3332 litteralem
2936 3273 3086 3342 quasi
3120 3271 3403 3325 adversum

1829 3373 2022 3429 rationi
2067 3371 2270 3439 rejicit,
2320 3370 2666 3438 allegoricum
2715 3381 2844 3420 vero
2897 3379 2927 3417 a
2980 3362 3202 3417 vocibus
3251 3359 3408 3427 plane

1831 3464 2207 3517 abhorrentem
2235 3460 2594 3527 amplectitur.
2623 3458 2888 3517 Alterum,
2924 3454 3063 3521 quod
3092 3465 3277 3505 revera
3307 3448 3407 3501 sibi

1832 3552 2032 3609 conscii
2063 3557 2244 3604 essent
2279 3564 2384 3602 non
2435 3561 2600 3614 pauca
2627 3559 2657 3596 a
2687 3560 2746 3598 se
2792 3543 2899 3596 diei
2942 3543 3099 3608 plane
3137 3538 3408 3592 contraria

1834 3653 1995 3698 rectae
2023 3638 2249 3701 rationi;
2278 3635 2455 3705 qualia
2486 3642 2638 3687 erant
2670 3642 2775 3685 tam
2807 3630 2971 3684 multa
3002 3643 3119 3696 quae
3146 3627 3212 3680 de
3243 3625 3409 3693 gratia

1834 3747 1889 3793 et
1911 3730 2399 3803 praedestinatione,
2446 3727 2669 3792 aliisque
2710 3720 3045 3792 dogmatibus
3075 3720 3140 3772 iis
3166 3716 3409 3778 adnexis,

1836 3823 1984 3894 quasi
2035 3821 2208 3888 capita
2256 3817 2377 3872 tidei
2426 3813 2691 3870 credenda
2722 3813 2788 3866 ab
2814 3809 3110 3878 Augustino
3141 3817 3411 3894 propone-

1837 3893 2051 3967 bantur.
2085 3909 2322 3976 Denique
2378 3907 2424 3960 is
2478 3918 2656 3958 sermo
2710 3901 2806 3955 fuit
2845 3898 3074 3967 partium
3112 3897 3219 3965 jam
3268 3893 3411 3946 vires

1840 4004 1964 4059 Suas
1989 3999 2355 4062 sentientium,
2381 4005 2434 4050 et
2461 3993 2798 4048 multitudine
2824 4004 2916 4043 sua
2938 3987 3228 4049 fretarum;
3254 3996 3413 4053 quam

1840 4107 1983 4162 saape
2004 4093 2167 4161 jactat
2197 4088 2283 4141 hic
2314 4086 2661 4154 Augustinus,
2688 4086 2991 4148 contempta
3023 4075 3289 4146 paucitate
3319 4071 3413 4124 ali-

1842 4193 1925 4238 ter
1946 4180 2310 4235 sentientium.
2339 4174 2612 4244 Ejusmodi
2636 4180 2833 4241 partes,
2862 4185 2924 4223 ac
2944 4168 3152 4236 ingenia
3177 4165 3281 4233 pati
3309 4176 3414 4218 non

1843 4277 2066 4340 possunt
2095 4267 2195 4321 sibi
2223 4265 2436 4332 obloqui
2467 4261 2765 4330 pauciores,
2796 4258 2891 4312 sed
2923 4256 3112 4310 volunt
3148 4254 3303 4306 ﬁdem
3336 4251 3415 4304 lo-

1844 4359 2126 4430 quentibus
2155 4355 2408 4410 continuo
2436 4353 2639 4406 haberi.

1917 4448 2044 4517 Cap.
2079 4447 2164 4501 10.
2189 4447 2474 4513 Postquam
2507 4443 2688 4496 multis
2715 4441 2943 4510 probare
2972 4443 3192 4491 conatus
3221 4439 3303 4486 est
3328 4444 3416 4484 sa-

149 4550 304 4591 cetur
349 4551 451 4588 non
491 4536 555 4587 ad
601 4535 819 4586 litteram
866 4549 972 4585 esse
1014 4533 1312 4600 accipienda
1352 4530 1585 4599 quaedam
1631 4517 2121 4596 qtttBDcel-dolem
2166 4535 2216 4590 ei
2266 4537 2354 4604 qui
2397 4533 2706 4602 religionem
2747 4526 3102 4584 Christianam
3143 4519 3246 4574 sibi
3290 4532 3416 4586 ρι-ο-

150 4629 352 4697 scripta
389 4633 524 4688 sunt,
556 4624 642 4676 sed
683 4624 895 4692 ﬁgurate
922 4622 1270 4691 intelligenda.
1301 4620 1424 4675 Scio
1451 4620 1575 4688 quid
1606 4619 1740 4671 alle-

150 4717 434 4784 goriarum
489 4714 700 4781 patroni
747 4713 954 4765 soleant
999 4711 1209 4775 dicere,
1269 4711 1361 4764 sed
1411 4725 1474 4764 ea
1528 4703 1742 4763 demum

152 4807 454 4876 allegorice
498 4816 622 4860 sunt
676 4805 1018 4873 intelligenda
1048 4820 1166 4874 quae
1208 4804 1504 4858 manifestae
1544 4805 1747 4872 allego-

154 4903 250 4953 ria:
301 4899 533 4966 speciem
576 4913 686 4966 pra:
715 4912 774 4951 se
802 4897 1000 4962 ferunt,
1034 4905 1090 4949 ut
1119 4897 1296 4950 Eccle.
1321 4911 1416 4958 xu,
1447 4895 1481 4947 4
1511 4904 1565 4949 et
1593 4910 1740 4963 seqq.

157 4988 374 5043 Cretera
416 4988 594 5043 omnia
635 4987 849 5056 pr0prie
893 4985 1252 5055 intelligenda.
1305 4984 1408 5038 Sed
1451 4983 1548 5038 hac
1583 4985 1650 5038 de
1687 4999 1746 5037 re

159 5079 329 5132 alias.
843 5065 848 5070 ’

230 5174 374 5241 Cap.
405 5172 459 5226 9.
497 5172 634 5226 Vera
659 5171 858 5241 religio,
886 5172 982 5225 nisi
1013 5171 1282 5224 credantur
1311 5184 1369 5222 ea
1396 5181 1511 5237 qua:
1535 5168 1747 5236 quisque

161 5273 372 5332 postea,
403 5263 448 5315 si
474 5279 525 5315 se
555 5262 674 5315 bene
701 5263 931 5330 gesserit,
968 5263 1248 5330 dignusque
1275 5261 1426 5329 fuerit
1449 5267 1750 5326 assequatur

167 5364 327 5422 atque
355 5353 623 5422 percipiat,
665 5362 710 5405 et
741 5353 946 5405 omnino
977 5353 1085 5404 sine
1113 5352 1330 5418 quodam
1356 5353 1496 5419 gravi
1521 5350 1747 5402 auctori-

173 5447 300 5496 tatis
329 5445 568 5511 imperio,
597 5444 716 5495 iniri
743 5444 838 5495 rite
872 5440 1016 5494 nullo
1044 5453 1191 5511 pacto
1225 5440 1430 5510 potest.]
1465 5441 1589 5494 Haec
1618 5455 1748 5492 con-

170 5545 256 5588 tra
289 5535 630 5597 Manieltaeos,
681 5535 769 5602 qui
818 5533 1137 5586 catholicam
1183 5532 1472 5586 Ecclesiam
1522 5526 1766 5585 maxime’

177 5626 624 5689 criminabantur,
660 5623 797 5693 quod
824 5624 928 5676 illis
955 5624 1040 5691 qui
1070 5623 1133 5674 ad
1165 5637 1279 5676 eam
1305 5623 1589 5676 veniebant
1620 5637 1752 5690 pra--

181 5717 389 5786 ciperct
441 5726 494 5771 ut
539 5715 839 5781 crederent,
889 5729 1005 5768 cum
1050 5713 1150 5783 ipsi
1199 5713 1376 5768 omnia
1422 5714 1628 5769 ratione
1657 5714 1750 5770 de~

1847 4632 1962 4686 hari
2019 4627 2186 4696 cupit,
2229 4625 2452 4681 credere
2493 4633 2771 4691 oportere,
2818 4634 2937 4673 eum
2969 4615 3148 4669 animo
3176 4607 3416 4663 veritatis

1844 4723 2036 4791 cupido
2084 4722 2154 4772 ita
2199 4732 2258 4772 se
2295 4729 2512 4786 gerere;
2568 4714 2691 4768 hinc
2725 4708 2925 4778 colligit
2956 4705 3112 4758 talem
3145 4697 3413 4791 hominem

1846 4787 2078 4868 vicissim
2138 4808 2403 4865 sacerdoti
2460 4807 2525 4861 de
2568 4805 2828 4872 religione
2880 4794 3078 4877 aliquid
3131 4787 3418 4844 afﬁrmanti

1848 4903 2072 4959 credere
2102 4909 2372 4969 oportere.
2405 4896 2472 4948 In
2501 4895 2743 4962 religione
2766 4903 2902 4950 vero,
2934 4883 3124 4953 inquit,
3172 4880 3294 4949 quid
3320 4879 3419 4931 ini-

1849 4996 1999 5065 quius
2017 4993 2126 5059 ﬁeri
2140 4999 2299 5058 potest
2322 5003 2470 5054 quam
2493 4994 2550 5037 ut
2588 4983 2685 5036 Dei
2705 4980 2953 5033 antistites
2975 4978 3116 5030 nobis
3129 4991 3226 5028 non
3246 4973 3419 5033 ﬁctum

1851 5087 2075 5139 animum
2109 5079 2463 5151 pollicentibus
2493 5075 2723 5139 credant,
2765 5080 2856 5126 nds
2900 5072 2970 5124 eis
3012 5065 3419 5139 prwcipientibus

1852 5177 2068 5230 nolimus
2095 5171 2328 5224 credere?
2353 5167 2511 5222 Miror
2534 5175 2638 5220 tam
2667 5167 2835 5220 levem
2861 5163 3118 5217 rationem
3144 5171 3247 5212 tam
3276 5154 3419 5206 mul-

1856 5269 1922 5321 tis
1972 5262 2218 5332 persequi
2276 5258 2592 5312 sustinuisse
2654 5257 2922 5310 rhetorem
2975 5259 3236 5305 nostrum.
3285 5243 3416 5296 Nam

1857 5357 2081 5425 primum
2131 5351 2321 5414 similia
2353 5349 2570 5404 Jutlteus
2598 5363 2659 5402 ac
2690 5347 2933 5402 ethnicus
2963 5340 3212 5397 sacerdos
3243 5335 3424 5387 dicere

1851 5454 2142 5517 {Otuerunt
2168 5443 2482 5497 Christianis
2501 5484 2515 5507 ,
2546 5455 2665 5494 cum
2695 5446 2959 5508 potestate
2987 5447 3049 5485 ac
3079 5439 3301 5482 numero
3330 5438 3421 5477 su~

1859 5537 2096 5604 perieres
2126 5545 2278 5589 erant
2307 5534 2472 5588 Judtei
2502 5549 2563 5587 ac
2593 5531 2791 5586 ethnici
2821 5529 2873 5581 in
2905 5527 3146 5579 Romano
3176 5515 3416 5583 imperio.

1863 5627 2037 5692 Quare
2068 5623 2424 5678 Christianum
2449 5637 2476 5674 a
2506 5623 2596 5673 tali
2621 5619 2968 5686 responsione
2998 5609 3163 5663 satius
3203 5605 3298 5657 fuit
3329 5604 3421 5654 ah-

1863 5721 2080 5774 stiuerc.
2118 5716 2391 5781 Secundo,
2431 5715 2548 5784 quis
2575 5711 2751 5767 docuit
2784 5706 3163 5778 Augusunutn,
3210 5694 3419 5751 “Olmi‘i
