3900 6334
525 325 612 381 ωι
1397 315 1943 406 ξυΡΡΙιΕΜΕΝΤυΜ
1984 318 2072 373 AD
2110 317 2338 373 OPERA
2380 317 2439 375 S.
2483 315 2869 375 AUCUSTINI.
3669 326 3756 383 ΒΕ

539 437 583 487 is
598 434 684 500 qui
705 432 923 486 studfosi
948 431 1055 485 veri
1082 445 1199 487 esse
1214 428 1908 500 creduntur,explicandam
1927 428 2089 484 fuisse
2119 432 2164 490 Α
2193 431 2265 484 ita
2308 432 2469 486 hebes
2502 441 2605 497 est,
2647 441 2705 485 ut
2731 433 2799 486 ab
2824 430 3025 486 insanis
3060 445 3163 485 non
3195 431 3419 489 multum
3453 434 3643 492 distet.
3670 441 3755 504 Qui

518 524 823 591 religionem
847 521 1235 575 Christianam?
1256 522 1337 574 An
1359 536 1466 573 non
1499 519 1729 590 indignis
1757 521 1933 573 omnia
1962 533 2089 585 pan-

516 611 649 663 dunt
689 611 823 665 sacri
858 610 1187 680 Scriptores,
1216 613 1303 679 qui
1336 610 1516 675 libris,
1548 611 1602 663 in
1631 610 1941 679 quarumvis
1972 624 2087 663 ma-

517 716 618 754 nus
646 702 1012 765 ‘deventuris,
1070 700 1380 769 religionem
1427 700 1785 753 Christianam
1830 713 1981 768 teque
2028 713 2091 753 ac

515 795 814 861 Judaicam,
843 796 1106 866 complexi
1132 794 1291 849 sunt?
1330 794 1523 848 Fateor
1552 792 1841 857 interdum,
1890 791 2091 846 vitandi

516 885 736 953 periculi
761 900 941 951 causa,
975 884 1301 953 fugiendatve
1323 884 1524 937 inutilis
1544 882 1980 949 concertationis,
2004 897 2092 937 sa-

518 976 621 1028 tius
651 989 770 1029 esse
819 983 996 1028 tacere
1048 990 1208 1042 quam
1266 974 1405 1040 apud
1445 972 1717 1042 improbos
1759 971 1809 1025 id
1845 971 2089 1041 proloqui

514 1064 653 1132 quod
683 1072 958 1132 spernant,
989 1073 1079 1116 aut
1111 1077 1231 1116 cum
1267 1061 1629 1129 indignatione
1663 1061 1948 1129 excipiant.
1981 1060 2089 1116 Sed

514 1155 751 1223 exceptis
778 1155 1038 1222 ejusmodi
1065 1154 1503 1220 circumstantiis,
1546 1152 1707 1207 debet
1732 1152 1922 1221 religio
1949 1153 2091 1220 apud

515 1261 701 1301 omnes
739 1248 1135 1300 accuratissime
1182 1246 1418 1313 probari,
1447 1255 1502 1300 et
1539 1245 1839 1314 praesertim
1870 1246 2089 1316 quidem

516 1335 684 1389 libris.
716 1336 964 1400 Quinimo
1016 1336 1095 1387 sic
1147 1350 1205 1388 se
1250 1335 1414 1402 gessit
1463 1335 1576 1401 ipse
1605 1334 1964 1403 Augustinus,
2010 1334 2091 1390 sic

514 1438 702 1476 omnes
730 1424 1011 1476 Christiani
1038 1424 1308 1477 doctores.
1336 1423 1539 1490 Tertio,
1575 1438 1732 1477 nemo
1764 1424 1933 1478 nescit
1975 1440 2090 1480 om-

515 1528 611 1566 nes
636 1512 805 1566 bonos
829 1527 949 1567 esse
980 1513 1253 1567 habendos
1272 1554 1286 1577 ,
1320 1513 1446 1567 dum
1478 1515 1650 1567 malos
1679 1528 1800 1569 esse
1827 1530 1930 1568 non
1963 1529 2089 1569 corr-

514 1609 639 1653 stat.
669 1602 797 1667 Quis
846 1610 1022 1655 autem
1077 1601 1312 1654 animum
1360 1584 1503 1655 novit
1545 1602 1663 1670 ejus
1696 1602 1785 1672 qui
1818 1604 1949 1671 petit
1989 1603 2091 1658 sibi

514 1691 765 1759 explicari
794 1690 1122 1758 religionem,
1158 1692 1261 1745 nisi
1302 1692 1533 1744 hominis
1564 1707 1742 1745 mores
1778 1707 1901 1747 eum
1934 1702 2089 1745 antea

2194 520 2349 573 ﬁdem
2389 522 2570 575 habuit
2600 522 2694 574 tibi
2731 524 2848 576 sine
2885 524 3126 589 ratione,
3168 523 3304 577 idem
3330 526 3501 580 etiam
3533 527 3651 582 sine
3684 546 3757 585 ra-

2193 612 2335 668 tione
2355 628 2474 666 cum
2498 612 2789 677 videbitur,
2815 614 2905 667 tibi
2931 614 3086 669 fidem
3108 614 3380 682 detrahet;
3409 623 3757 677 assentietur-

2190 718 2291 772 que
2310 717 2459 769 teque
2487 703 2640 757 facile
2659 704 2892 765 Arianis,
2913 704 2955 757 si
2980 719 3156 757 rerum
3174 706 3461 773 potiantur,
3476 720 3569 761 aut
3591 713 3757 779 etiam,
3856 703 3857 775 ἕ

2190 792 2329 863 quod
2358 792 2598 846 deterius
2625 804 2726 859 est,
2758 793 3254 860 Muhammedanis;
3292 797 3432 863 quod
3474 814 3667 854 revera
3696 803 3761 858 le-

2190 892 2377 939 cerunt
2405 884 2539 949 Afri,
2568 892 2689 953 post
2716 886 2995 954 Augustini
3026 894 3289 953 tempora.
3319 885 3581 957 Quisquis
3607 893 3761 946 credit

2190 990 2311 1031 esse
2346 974 2580 1047 aliquam
2618 976 2931 1045 religionem
2960 991 3140 1031 veram
3164 1015 3180 1043 ,
3206 977 3511 1046 quaeritque
3538 980 3631 1035 ubi
3654 997 3759 1037 eam

2193 1068 2430 1123 invenire
2461 1068 2650 1136 possit,
2681 1082 2788 1123 non
2816 1076 2897 1121 est
2928 1076 3034 1122 tam
3065 1067 3265 1135 fatuus,
3291 1076 3349 1122 ut
3374 1069 3588 1124 nullam
3614 1074 3762 1127 ratio-

2195 1173 2315 1215 nem
2345 1159 2445 1214 sibi
2478 1158 2594 1213 dari
2622 1159 2873 1228 postu'ct.
3214 1148 3219 1154 ’

2264 1247 2392 1302 Ibid.
2437 1247 2465 1317 ᾗ
2502 1245 2591 1303 21.
2623 1247 2758 1313 Quid
2795 1248 2932 1317 quod
2975 1264 3145 1301 omnes
3179 1247 3644 1304 hareticiChristo
3676 1267 3765 1305 nos

2192 1338 2396 1392 credere
2425 1338 2693 1390 hortantur
2711 1337 2736 1389 ?
2755 1334 2885 1407 etc.]
2917 1336 3112 1391 Verum
3141 1346 3244 1400 est,
3276 1338 3373 1391 sed
3404 1337 3571 1392 fuitne
3601 1340 3761 1394 hare-

2195 1429 2327 1483 ticus
2360 1439 2463 1480 tam
2493 1428 2773 1496 impudens
2795 1436 2885 1480 aut
2913 1435 3018 1480 tam
3044 1426 3266 1493 bardus,
3283 1429 3374 1495 qui
3398 1429 3579 1483 nullas
3594 1430 3764 1485 firmas

2194 1518 2427 1571 rationes
2454 1530 2576 1571 esse
2612 1516 2829 1570 Christo
2860 1516 3109 1570 credendi
3148 1516 3388 1570 diceret?
3418 1517 3539 1570 Non
3567 1520 3757 1585 opinor.

2194 1609 2384 1663 Fuitne
2404 1610 2561 1663 etiam
2583 1608 2835 1663 sacerdos
2856 1617 2960 1661 tam
2982 1607 3201 1676 ignarus
3223 1618 3314 1662 aut
3338 1617 3450 1662 tam
3478 1610 3664 1673 hebes,
3683 1612 3761 1680 qui

2194 1700 2399 1768 aliquas
2427 1714 2613 1751 earum
2654 1698 2918 1752 rationum
2950 1697 3195 1766 proferre
3219 1712 3326 1753 non
3348 1701 3624 1768 potuerit?
3649 1701 3764 1755 Pra-

516 1783 855 1849 aperueriut?
906 1782 1011 1838 Sed
1064 1782 1217 1851 plane
1262 1781 1363 1834 alia
1394 1792 1477 1835 est
1513 1785 1649 1836 ratio
1678 1782 1968 1845 doctrinm.
1998 1782 2083 1836 cui
2120 1783 2162 1841 Β
2190 1786 2329 1842 recto
2355 1788 2400 1840 si
2432 1787 2550 1854 luit,
2578 1774 2826 1856 indignus
2853 1787 2952 1840 luit
2984 1787 3305 1842 sacerdotali
3330 1789 3553 1854 ordine,
3585 1800 3638 1845 et
3665 1806 3764 1858 per-

514 1869 760 1923 assentiri
793 1884 949 1924 nemo
977 1870 1137 1924 debet
1156 1880 1442 1937 antequam
1473 1885 1589 1923 eam
1614 1884 1795 1923 veram
1818 1885 1940 1925 es.~e
1964 1885 2093 1925 con-

514 1968 637 2014 stet.
678 1961 941 2016 Damnare
973 1976 1089 2015 eam
1134 1977 1238 2015 non
1269 1962 1463 2025 debet,
1514 1961 1808 2016 rationibus
1856 1961 2089 2015 nondtun

513 2049 728 2112 auditis,
757 2050 851 2104 sed
882 2051 1130 2119 amplecti
1164 2051 1308 2105 nulla
1340 2053 1459 2119 lege
1489 2050 1731 2117 jubetur.
1764 2051 1966 2116 Quarto
1994 2050 2090 2103 dc-

514 2141 695 2209 nique,
738 2142 946 2209 jubenti
988 2159 1075 2198 me
1123 2159 1220 2213 pro
1272 2143 1495 2212 imperio
1545 2145 1770 2199 credere
1820 2126 2090 2212 quidpiam

514 2231 654 2298 quod
680 2232 728 2284 ci
758 2245 947 2286 natura
984 2248 1076 2288 sua
1111 2235 1288 2288 notius
1319 2249 1425 2287 non
1462 2241 1545 2286 est
1574 2250 1731 2303 quam
1761 2235 1913 2299 mihi,
1946 2234 2091 2287 nulla

515 2325 724 2376 ratione
746 2324 910 2391 edita,
938 2325 1150 2378 nonnisi
1177 2326 1340 2379 stulte
1368 2326 1589 2379 credere
1617 2341 1865 2395 possum;
1898 2336 1951 2381 at
1976 2310 2109 2381 ani;

513 2423 635 2461 mus
656 2411 1070 2481 uniuscujusque
1095 2421 1180 2466 est
1202 2414 1299 2480 ipsi
1332 2414 1663 2469 notissimus.
1682 2415 1786 2469 Sed
1809 2415 1936 2483 quid
1958 2429 2092 2483 opus

513 2506 600 2551 est
646 2497 860 2550 verbis?
897 2500 953 2552 Si
998 2500 1325 2568 Augustinus
1368 2501 1590 2556 vixisset
1634 2502 1776 2570 apud
1816 2502 2087 2572 ethnicos,

521 2588 709 2655 quales
734 2597 889 2643 erant
917 2588 1207 2644 etiamnum
1241 2591 1417 2646 Persa:
1445 2591 1640 2661 aliique
1665 2592 1965 2647 Orientales
1992 2607 2089 2661 po-

514 2677 623 2747 pu'i
640 2680 756 2747 ejus
779 2686 1039 2748 tempore,
1054 2679 1378 2751 adiissetque
1400 2682 1733 2737 sacerdotem
1751 2692 1843 2736 aut
1857 2698 2067 2751 magum

516 2779 570 2823 et
601 2770 668 2822 ab
699 2770 791 2825 illo
825 2772 1124 2838 quzesiisset
1168 2773 1407 2827 rationes
1436 2773 1506 2827 ob
1534 2788 1669 2842 quas
1708 2776 1882 2843 ignem
1914 2774 2094 2831 Persa:

516 2863 787 2929 Colebant,
814 2864 878 2918 iis
906 2864 1120 2919 demum
1148 2866 1451 2920 crediturus
1480 2876 1760 2934 postquam
1796 2866 1974 2920 ﬁrmas
2002 2866 2095 2922 de-

515 2954 923 3021 prehendisset;
972 2954 1227 3008 sacerdos
1264 2970 1395 3008 vero
1433 2953 1523 3008 ille
1552 2955 1743 3009 similia
1776 2956 2002 3010 dixisset
2027 2956 2095 3013 de

514 3044 746 3099 utilitate
775 3045 1026 3098 credendi
1055 3061 1174 3113 qua:
1215 3044 1303 3098 hic
1336 3054 1516 3098 narrat
1549 3046 1877 3110 Manichaeo;
1908 3048 2092 3119 Augu-

513 3134 692 3187 stinus
717 3135 835 3189 sine
866 3134 1027 3188 dubio
1057 3136 1446 3189 intolerandam
1469 3150 1589 3191 esse
1616 3139 1953 3207 tyrannidem
1976 3155 2093 3197 sen-

511 3223 694 3284 sisset,
727 3230 783 3276 et
809 3223 1033 3277 dixisset
1076 3222 1121 3278 si
1151 3239 1316 3279 ausus
1365 3236 1525 3280 esset.
1558 3225 1634 3280 Ne
1661 3242 1790 3296 ergo
1823 3228 1960 3282 bona
2002 3245 2091 3284 ra-

513 3313 790 3368 tiocinatio
818 3315 1083 3370 habeatur
1108 3317 1163 3371 in
1194 3316 1375 3371 Africa
1401 3316 1706 3372 Christiana
1724 3358 1739 3384 ,
1788 3334 1907 3389 qua:
1933 3335 2093 3390 para-

512 3403 769 3473 logismus
802 3405 994 3461 luisset
1017 3406 1084 3462 ad
1113 3417 1291 3461 ortum
1324 3408 1631 3478 Euphratis.

581 3498 713 3567 Cap.
756 3497 839 3552 12.
882 3497 1069 3563 Quaero
1096 3499 1269 3569 igitur,
1302 3500 1347 3553 si
1366 3501 1505 3569 quod
1536 3507 1754 3554 nescitur
1781 3501 2089 3556 credendum

514 3604 617 3642 non
647 3598 745 3653 est,
766 3587 1019 3660 quomodo
1044 3590 1264 3643 serviant
1285 3590 1575 3660 parentibus
1594 3591 1759 3656 liberi,
1782 3608 1962 3663 eosque
1982 3609 2091 3647 tnu-

513 3688 602 3731 tua
624 3679 809 3748 pietate
829 3679 1063 3749 diligant,
1080 3695 1207 3749 quos
1234 3689 1467 3747 parentes
1486 3696 1603 3734 suos
1619 3697 1723 3734 esse
1742 3696 1843 3733 non
1863 3684 2095 3738 credant.

518 3768 639 3822 Non
670 3769 802 3821 enim
828 3769 1026 3822 ratione
1048 3769 1153 3821 ullo
1176 3779 1325 3837 pacto
1346 3769 1464 3821 sciri
1485 3778 1667 3839 potest,
1685 3770 1774 3821 sed
1798 3772 2096 3840 interposita

518 3857 701 3909 matris
720 3857 1023 3909 auctoritate
1042 3856 1106 3909 de
1127 3865 1272 3926 patre
1297 3856 1543 3921 creditur,
1566 3856 1629 3909 de
1657 3856 1769 3925 ipsa
1788 3874 1905 3911 vero
1935 3868 2096 3913 matre

515 3947 816 4015 plerumque
841 3963 934 3999 nec
962 3949 1136 4010 matri,
1167 3949 1255 4002 sed
1283 3947 1651 4012 obstetricibus,
1688 3949 1986 4016 nutricibus,
2015 3954 2097 4021 fa-

518 4034 689 4097 mulis,
722 4034 850 4104 etc.]
880 4034 1077 4090 Verum
1120 4037 1234 4092 have
1278 4046 1402 4092 sunt
1438 4037 1597 4105 plane
1630 4038 1931 4106 dissimilia,
1972 4056 2096 4097 nam

517 4134 767 4194 parentes
789 4136 842 4180 et
858 4126 947 4181 alii
968 4127 1106 4181 scire
1134 4138 1447 4197 possunt,et
1476 4143 1660 4184 revera
1688 4131 1863 4185 sciunt
1882 4116 2096 4200 quinam

518 4217 624 4272 sint
651 4218 731 4270 Sui
764 4227 818 4272 et
843 4228 1110 4273 certorum
1154 4219 1429 4274 hominum
1462 4220 1655 4287 liberi;
1688 4235 1788 4276 nec
1819 4221 1924 4276 ulla
1955 4222 2099 4277 utili.

518 4316 627 4361 tate
665 4307 959 4377 ducuntur,
1003 4309 1194 4371 saltem
1226 4311 1562 4381 plerumque,
1605 4311 1671 4365 ad
1714 4312 2099 4380 supponendos

516 4399 617 4454 sibi
646 4399 861 4456 alienos
896 4399 1116 4455 liberos.
1149 4400 1258 4455 Sed
1303 4401 1612 4457 sacerdotes
1652 4403 1742 4472 qui
1770 4403 1956 4457 volunt
1995 4403 2099 4458 sibi

516 4489 663 4544 credi
692 4490 760 4545 de
781 4490 1059 4558 religione,
1090 4491 1207 4558 ejus
1235 4491 1475 4546 veritatis
1504 4508 1610 4546 non
1634 4503 1759 4548 sunt
1785 4495 1953 4563 magis
1972 4508 2098 4548 con-

517 4581 613 4636 scii
640 4595 799 4650 quam
828 4580 919 4636 alii
944 4580 1209 4647 homines,
1232 4582 1275 4633 si
1298 4582 1596 4637 rationibus
1617 4585 1720 4637 sint
1743 4583 2013 4649 destituti;
2038 4593 2094 4640 et

517 4672 854 4742 plerumque,
895 4685 1003 4728 non
1032 4672 1148 4727 sine
1172 4685 1364 4741 magna
1389 4672 1759 4747 utilitate‘sua,
1792 4687 1947 4728 suum
1973 4688 2095 4744 gre~

518 4778 638 4831 gem
666 4764 947 4834 augebant.

524 4898 527 4899 ν
589 4853 724 4921 Cap.
754 4854 846 4909 M.
876 4854 941 4909 Si
960 4854 1089 4908 nihil
1110 4869 1191 4908 me
1213 4852 1416 4907 credere
1425 4850 1572 4924 jubet
1595 4850 2091 4923 (htereticus),hanc

519 4942 682 5011 ipsam
709 4959 879 4998 veram
906 4948 1210 5019 religionem
1237 4945 1398 5001 ullam
1439 4944 1495 4998 in
1531 4945 1678 4999 rebus
1713 4942 1947 4999 humanis
1982 4962 2088 5001 esse

520 5046 623 5086 non
652 5030 836 5096 credo;
865 5050 1018 5101 quam
1046 5054 1165 5090 cum
1190 5052 1296 5091 esse
1328 5052 1431 5091 non
1458 5036 1631 5100 credo,
1667 5051 1770 5089 non
1798 5052 1991 5103 quaero.
2023 5035 2091 5090 At

519 5121 627 5185 ille,
669 5128 725 5173 ut
764 5122 973 5189 opinor,
1013 5127 1260 5193 quwrenti
1306 5136 1672 5181 monstraturus
1706 5134 1981 5181 est
2008 5126 2090 5179 Ad

517 5231 634 5279 eum
662 5213 822 5284 igitur
847 5213 935 5284 qui
962 5231 1043 5269 me
1067 5224 1198 5269 vetat
1225 5220 1424 5274 credere
1453 5236 1556 5273 non
1587 5219 1832 5287 venirem,
1863 5218 1962 5273 nisi
1987 5218 2089 5272 ali-

516 5306 643 5376 quid
665 5303 941 5361 crederem.
970 5304 1134 5359 Estne
1154 5307 1262 5360 ulla
1283 5313 1454 5381 major
1489 5307 1761 5376 dementia,
1788 5325 1941 5378 quam
1964 5318 2018 5362 ut
2046 5308 2092 5362 ei

518 5398 652 5465 sola,
696 5414 813 5468 qua:
856 5396 1004 5452 nulla
1033 5398 1242 5453 scientia
1280 5400 1501 5454 subnixa
1528 5408 1623 5464 est,
1648 5400 1752 5469 ﬁde
1779 5390 2096 5469 displiceam,

520 5502 635 5553 qua:
661 5489 727 5543 ad
749 5492 915 5561 ipsum
944 5506 1023 5545 me
1042 5488 1154 5544 sola
1175 5490 1410 5559 perth
1422 5488 1465 5560 1']
1492 5489 1596 5546 Sed
1617 5491 1709 5558 qui
1729 5490 1902 5545 credit
1922 5502 2098 5543 veram

523 5574 752 5640 autluam
783 5594 905 5637 esse
934 5581 1271 5653 religionem,
1296 5595 1394 5639 seu
1426 5581 1592 5635 Deum
1623 5581 1728 5635 coli
1758 5580 1895 5634 velle
1919 5581 1986 5636 ab
2008 5580 2102 5633 lto-

524 5662 772 5735 ntinibus,
815 5673 930 5730 sine
970 5675 1079 5730 ulla
1106 5678 1323 5732 omnino
1362 5672 1608 5739 ratione;
1640 5683 1732 5728 aut
1763 5673 1979 5737 insanit,
2014 5680 2103 5728 aut

2127 4449 2179 4509 D

2194 1894 2377 1948 peram
2420 1879 2474 1932 in
2512 1893 2635 1933 eum
2670 1888 2787 1933 erat
2828 1887 3133 1947 cooptatus.
3170 1878 3341 1933 Nemo
3379 1890 3473 1935 est
3516 1881 3607 1949 qui
3648 1882 3764 1936 nolit

2192 1968 2415 2023 credere
2449 1968 2501 2022 id
2530 1968 2675 2038 quod
2706 1983 2810 2023 non
2836 1968 2986 2034 vidit,
3016 1969 3062 2021 si
3084 1968 3242 2023 modo
3261 1969 3310 2024 ei
3334 1981 3555 2025 constet
3574 1985 3663 2025 eos
3686 1974 3764 2039 qui

2193 2061 2335 2129 quod
2364 2076 2472 2115 non
2502 2060 2633 2114 vidit
2657 2058 2851 2113 docent
2878 2059 3117 2129 potuisse
3144 2075 3255 2114 rem
3286 2061 3519 2125 rescire,
3547 2076 3645 2115 nec
3681 2062 3765 2115 fal-

2194 2151 2305 2205 lere
2338 2150 2570 2204 voluisse
2590 2191 2605 2217 ,
2639 2158 2731 2203 aut
2757 2148 2903 2218 ipsos
2931 2148 3185 2217 deceptos
3213 2148 3407 2217 fuisse;
3445 2152 3595 2219 quod
3631 2152 3764 2221 liqui-

2193 2240 2317 2295 dum
2347 2239 2501 2294 nobis
2544 2241 2602 2291 lit
2629 2239 2696 2293 de
2722 2237 2938 2293 Christo
2968 2246 3022 2292 et
3052 2238 3332 2306 apostolis,
3365 2248 3419 2294 et
3451 2250 3641 2295 natura
3665 2242 3764 2309 ipsa

2193 2346 2372 2386 rerum
2403 2346 2536 2400 quas
2560 2330 2884 2395 docuerunt,
2914 2340 2969 2385 et
3001 2330 3276 2385 miraculis
3307 2332 3635 2401 prazsertirn.
3669 2333 3761 2387 Sed

2192 2421 2282 2490 qui
2323 2421 2427 2473 scis
2453 2460 2469 2486 ,
2511 2420 2741 2488 inquies,
2786 2419 2921 2473 facta
2948 2420 3108 2473 fuisse
3140 2420 3260 2472 talia
3292 2421 3584 2487 miracula,
3614 2436 3765 2489 eaque

2192 2511 2480 2579 contigisse
2521 2525 2640 2578 quae
2684 2520 2967 2564 narrantur
3009 2510 3064 2563 in
3107 2509 3483 2578 apostolorum
3536 2510 3761 2579 scriptis?

2195 2601 2306 2655 lloc
2326 2600 2459 2668 scio,
2475 2609 2631 2669 prout
2654 2599 2777 2653 novi
2806 2599 3043 2668 reliquos
3063 2612 3252 2652 omnes
3273 2599 3533 2653 Historia:
3553 2601 3763 2666 antiqua:

2195 2698 2418 2744 eventus
2463 2688 2811 2753 indubitatus,
2858 2688 2968 2741 imo
3009 2697 3066 2741 et
3107 2687 3433 2743 ﬁrmioribus
3488 2689 3767 2753 rationibus

2197 2779 2389 2842 nixus;
2433 2794 2537 2834 non
2567 2780 2690 2847 quia
2719 2777 2884 2832 credo
2917 2778 3219 2833 auctoritati
3252 2778 3585 2849 cujuSpiam,
3614 2795 3642 2833 a
3677 2794 3769 2849 quo

2196 2882 2263 2921 an
2296 2867 2447 2921 fallar
2476 2882 2644 2921 necne
2675 2867 2877 2921 nescio.
3764 2928 3765 2931 η

2267 2958 2401 3012 lbid.
2432 2957 2459 3027 §
2485 2956 2574 3011 52.
2615 2957 2678 3009 At
2707 2958 2876 3026 ipsum
2905 2956 3225 3029 (Christum)
3248 2960 3511 3029 videmus,
3535 2972 3761 3032 quantum

2200 3045 2317 3114 illa,
2340 3046 2423 3099 cui
2447 3055 2495 3099 et
2520 3046 2621 3114 ipsi
2645 3046 2937 3118 (ilaeretici)
2968 3048 3203 3115 credunt,
3228 3050 3369 3102 docet
3396 3049 3637 3115 historia,
3652 3050 3763 3103 nihil

2197 3138 2362 3207 prius,
2388 3152 2545 3205 neque
2573 3138 2783 3208 fortius,
2812 3154 2969 3206 quam
2993 3137 3132 3191 credi
3152 3138 3247 3191 sibi
3274 3124 3537 3205 voluisse;
3569 3156 3676 3193 cum
3695 3139 3764 3191 illi

2193 3226 2423 3280 nondum
2449 3235 2612 3280 essent
2648 3226 2844 3291 idonei,
2875 3242 2991 3280 cum
3025 3227 3207 3296 quibus
3236 3227 3283 3281 ei
3314 3243 3393 3280 res
3417 3238 3581 3296 esset,
3608 3227 3671 3279 ad
3694 3228 3763 3279 di-

2193 3316 2310 3369 vina
2340 3315 2664 3386 percipienda
2694 3313 2935 3386 secreta.]
2952 3313 3199 3372 Christus
3214 3316 3350 3384 apud
3371 3316 3598 3372 Judms
3618 3317 3763 3371 Evan-

2191 3405 2387 3475 gelium
2434 3405 2717 3474 nuntiavit,
2764 3419 2923 3460 nemo
2960 3413 3141 3460 autem
3179 3404 3494 3460 Judacorum
3543 3416 3655 3462 erat
3690 3404 3764 3475 qui

2182 3511 2300 3561 non
2332 3496 2484 3552 facile
2507 3497 2964 3552 animadverteret
2990 3497 3059 3551 ab
3079 3511 3145 3551 eo
3170 3497 3389 3551 minime
3415 3497 3763 3552 idololatriarn

2194 3589 2407 3645 suaderi
2442 3597 2497 3645 et
2525 3589 2739 3660 egregia
2768 3588 2834 3642 ad
2861 3601 3041 3644 mores
3065 3585 3329 3658 praecepta
3350 3587 3468 3642 dari
3494 3606 3511 3654 ;
3544 3588 3766 3660 quamvis

2196 3692 2302 3732 non
2344 3679 2707 3746 intelligerent
2750 3692 3082 3747 quacunque
3129 3677 3362 3732 dicebat.
3404 3677 3585 3733 Nemo
3624 3679 3764 3732 etiam

2194 3768 2407 3823 illorum
2446 3767 2544 3821 fuit
2586 3768 2677 3836 qui
2714 3783 2821 3822 non
2864 3768 3021 3822 facile
3064 3767 3271 3822 videret
3312 3768 3576 3822 miracula
3614 3768 3678 3821 ab
3712 3782 3764 3821 eo

2196 3857 2336 3922 lieri,
2380 3864 2509 3922 quot
2538 3865 2592 3909 et
2619 3856 2796 3923 qualia
2832 3856 2904 3911 ah
2932 3857 3166 3925 antiquis
3200 3854 3475 3924 prephetis
3510 3856 3647 3909 facta
3676 3870 3763 3907 non

2197 3944 2431 3998 fuerant.
2475 3944 2603 3999 Dote
2632 3944 2714 3998 ba:
2741 3946 2872 3999 satis
2912 3959 3104 4014 graves
3143 3943 3360 3998 luerunt
3397 3945 3660 4000 credendi
3697 3960 3764 3997 ης

2197 4034 2392 4101 tiones,
2449 4049 2554 4089 nec
2600 4042 2779 4103 potest
2825 4034 3092 4101 Christus,
3138 4049 3259 4088 cum
3305 4034 3443 4087 bona
3496 4034 3762 4105 Augustini

2198 4126 2375 4188 venia,
2417 4140 2538 4181 cum
2582 4125 2649 4180 iis
2685 4124 2916 4180 conferri
2956 4125 3050 4193 qui
3088 4125 3205 4179 sine
3242 4125 3452 4179 ratione
3489 4126 3599 4181 sibi
3638 4123 3762 4179 credi

2198 4216 2403 4270 volunt.
2456 4214 2612 4284 Apud
2657 4214 2914 4270 Joannem
2967 4215 3166 4283 passim
3212 4214 3443 4268 inculcat
3479 4214 3761 4270 dominam

2198 4320 2351 4361 suam
2383 4320 2503 4361 esse
2538 4320 2568 4360 a
2606 4306 2763 4360 Patre
2789 4320 2889 4359 suo
2933 4316 3238 4373 acceptam;
3276 4306 3370 4359 sed
3398 4306 3504 4359 sibi
3536 4322 3641 4361 non
3668 4304 3763 4359 vult

2202 4398 2368 4462 credi,
2398 4398 2498 4452 nisi
2527 4397 2800 4452 miraculis
2822 4397 2977 4451 dictis
2995 4397 3106 4451 suis
3130 4397 3288 4450 ﬁdem
3319 4396 3499 4451 faciat.
3517 4398 3628 4454 lmo
3652 4408 3760 4451 vero

2202 4492 2282 4547 sic
2317 4490 2456 4560 apud
2494 4490 2784 4560 discipulos
2818 4488 3051 4559 loquitur
3090 4502 3211 4558 cap.
3257 4504 3346 4551 xv,
3386 4489 3499 4543 εις
3537 4490 3602 4544 Si
3626 4502 3760 4556 opera

2198 4598 2300 4638 non
2327 4582 2557 4651 fecissent
2579 4582 2632 4633 in
2656 4583 2747 4646 eis,
2770 4596 2882 4649 qua:
2909 4594 3054 4633 nemo
3074 4577 3205 4632 alius
3231 4578 3370 4646 fecit,
3394 4588 3651 4646 peccatum
3673 4590 3759 4627 non

2199 4674 2462 4727 haberent.
2508 4671 2674 4740 igitur
2698 4670 2941 4726 Christus
2971 4671 3189 4725 minime
3218 4670 3502 4738 postulavit
3529 4670 3628 4724 sibi
3657 4668 3759 4721 sine

2196 4763 2405 4819 ratione
2432 4760 2606 4825 credi;
2632 4774 2731 4815 nec
2762 4760 2828 4813 ab
2854 4761 2917 4814 iis
2960 4774 3095 4829 quos
3118 4759 3345 4825 curavit,
3373 4767 3430 4811 ut
3457 4765 3759 4811 sanarentur

2196 4854 2262 4909 ad
2293 4869 2351 4909 se
2377 4853 2606 4919 delatos,
2633 4853 2789 4908 tidem
2814 4853 3013 4920 exegit,
3042 4850 3145 4905 nisi
3171 4862 3451 4921 postquam
3478 4849 3589 4917 jam
3610 4846 3755 4901 multa

2195 4946 2439 5003 ediderat
2466 4946 2742 4999 miracula.
2773 4942 2988 5006 Verum,
3026 4956 3094 4995 ne
3120 4939 3247 5009 quid
3288 4939 3641 5003 dissimulem,
3670 4936 3756 4987 hoc

2196 5040 2369 5092 sensit
2408 5037 2767 5104 Augustinus,
2819 5041 2875 5085 ut
2919 5031 3207 5085 ostendunt
3252 5029 3528 5099 sequentia
3570 5025 3751 5080 verba:

2204 5129 2342 5196 Quid
2361 5128 2495 5182 enim
2522 5125 2668 5178 aliud
2707 5130 2889 5192 agunt,
2918 5121 3109 5192 inquit,
3132 5129 3275 5175 tanta
3303 5131 3347 5172 et
3371 5131 3473 5173 tam
3499 5118 3652 5171 multa
3671 5112 3752 5165 trti-

2200 5220 2402 5284 racula,
2432 5219 2541 5286 ipso
2572 5216 2723 5267 etiam
2751 5215 2947 5268 dicente
2971 5231 3028 5267 ea
3051 5230 3150 5267 non
3180 5213 3291 5281 ﬁeri
3317 5212 3378 5266 ob
3413 5211 3574 5277 aliud,
3600 5207 3753 5262 nisiut

2205 5312 2301 5368 sibi
2324 5308 2622 5363 crederent?
2650 5306 2792 5360 Nihil
2821 5307 3021 5369 verius,
3068 5304 3161 5359 sed
3190 5314 3344 5357 erant
3376 5302 3491 5371 ipsa
3518 5295 3752 5355 miracula

2201 5398 2521 5469 gravissima
2552 5397 2711 5460 ratio,
2736 5411 2829 5451 cur
2856 5405 2970 5449 tuto
3000 5395 3048 5449 ci
3078 5394 3380 5456 crederent,
3404 5402 3456 5445 et
3474 5389 3683 5447 credere
3702 5397 3752 5437 se

2180 5512 2183 5513 ν
2204 5487 2758 5558 posse'intelligerent.
2775 5485 3013 5540 Sciebant
3034 5484 3175 5539 enim
3194 5484 3313 5552 quia
3331 5490 3609 5552 peccatores
3630 5475 3749 5528 Deus

2209 5595 2310 5633 non
2361 5578 2505 5631 audit
2558 5576 2644 5648 (ad
2697 5575 2900 5631 edenda
2954 5576 3203 5629 miracula
3252 5572 3444 5643 quibus
3501 5565 3749 5623 fraudibus

2219 5671 2329 5729 suis
2374 5667 2531 5727 [idem
2572 5666 2817 5734 faciant);
2852 5668 2939 5720 scd
2961 5667 3003 5720 si
3031 5668 3142 5735 quis
3176 5666 3267 5721 Dei
3298 5664 3462 5719 mittor
3482 5669 3574 5727 est,
3604 5664 3644 5713 et
3674 5668 3750 5707 vo-
