3900 6328
129 292 263 345 515

826 291 1172 349 VARIORUM
1213 295 1806 352 EXERCITATIONES
1845 299 1908 353 ΙΝ
1947 301 2003 355 S.
2045 301 2414 360 AUGUSTINI
2455 307 2708 370 OPERA.

3296 315 3406 375 5H

127 401 400 455 luntatem
419 403 534 502 ejus
564 404 707 502 facit,
733 405 867 460 hunc
890 410 1118 462 exaudit.
1151 411 1307 464 Joan.
1329 427 1400 472 rx,
1426 412 1513 463 3|.
1540 411 1725 479 Itaque
1753 413 1801 474 A
1830 431 2004 470 carum
2032 416 2396 474 Ecclesiarum.
2420 421 2585 477 Paulo
2610 406 2756 491 post:
2793 423 2927 477 Hinc
2953 427 3106 495 igitur
3134 432 3403 502 dirigimus

131 509 260 548 non
285 494 454 562 potuit
480 495 802 561 Augustinus
824 501 1070 567 exemplo
1095 500 1294 554 Christi
1323 503 1421 565 uti,
1455 511 1510 555 ut
1541 502 1736 570 proha-

129 595 232 640 ret
270 586 566 640 Ecclesiam
597 589 915 641 catholicam
939 589 1058 657 jure
1085 593 1186 644 sibi
1216 592 1334 644 sine
1357 593 1560 646 ratione
1582 593 1731 647 credi

127 675 442 742 postulare.
471 674 611 743 Ergo
626 676 712 730 ille
733 676 949 741 offerens
969 679 1294 744 medicinam,
1319 696 1431 748 qua:
1451 683 1733 750 corruptis-

127 765 307 815 simos
333 780 496 816 mores
519 773 763 817 sanatura
788 775 938 830 esset,
969 767 1232 820 miraculis
1259 768 1544 822 conciliarit
1584 769 1734 841 (sibi)

129 854 522 915 auctoritatem,
546 855 850 906 auctoritate
872 857 1057 908 meruit
1080 857 1258 922 ﬁdem.
1276 857 1405 922 Quae
1427 858 1587 912 verba
1611 867 1736 912 sunt

129 943 465 1009 Augustini,
498 941 693 1009 quibus
724 943 880 1010 plane
906 944 1264 1008 assentimur;
1292 954 1346 999 at
1373 960 1475 999 non
1505 960 1738 1014 sequen-

129 1033 288 1086 tibus
313 1047 326 1084 :
354 1031 458 1097 fide
486 1033 737 1084 contraxit
755 1033 1159 1095 multitudinem,
1178 1034 1501 1086 multitudine
1521 1034 1735 1087 obtinuit

127 1131 473 1186 uetustatem,
512 1129 763 1175 .vetustate
815 1122 1070 1176 roborarit
1119 1123 1432 1192 religionem.
1485 1124 1738 1189 Quamvis

128 1215 287 1267 enim
328 1213 436 1266 lide
479 1212 582 1266 sibi
631 1212 954 1281 facta-apud
997 1213 1410 1277 multitudinem,
1443 1214 1734 1269 Ecclesiam

127 1319 296 1359 suam
340 1303 665 1366 condiderit,
695 1313 855 1372 atque
885 1304 1159 1358 conditam
1208 1305 1453 1368 auxerit;
1497 1314 1734 1358 attamen

127 1410 200 1450 co
253 1411 371 1448 non
421 1396 687 1463 spectavit
717 1403 773 1447 ut
813 1394 1096 1463 aliquando
1127 1394 1445 1464 religionem
1470 1402 1735 1449 vetustate

128 1487 461 1550 roboraret,
487 1486 637 1554 quasi
665 1493 902 1539 vetustas
930 1494 1299 1554 argumentum
1323 1486 1642 1555 quandoque
1664 1487 1737 1540 l'u-

85 1633 88 1636 ,
130 1589 327 1631 turum
359 1589 507 1631 esset
528 1577 786 1628 veritatis.
825 1574 939 1629 Non
979 1576 1388 1629 assentimuriis
1417 1575 1508 1644 qui
1537 1575 1732 1629 Christi

128 1667 407 1734 dogmata
437 1674 754 1733 sequuntur,
802 1665 924 1732 quia
954 1665 1170 1734 antiqua
1209 1675 1294 1719 cst
1324 1665 1531 1719 illorum
1564 1665 1730 1730 ﬁdes;

1835 510 2264 574 prtescriptionem
2282 527 2302 574 ;
2333 513 2378 562 si
2423 512 2668 566 Dominus
2711 513 2862 568 Jesus
2895 515 3124 570 Christus
3147 527 3404 588 apostolos

1835 600 1970 650 misit
1993 601 2060 650 ad
2090 602 2496 669 prwdicandum,
2524 606 2654 658 alios
2679 623 2779 658 non
2802 623 2908 661 esse
2932 611 3247 678 recipiendos
3274 632 3408 682 prte-

1833 689 2105 753 dicatores,
2134 707 2289 758 quam
2316 692 2547 746 Christus
2588 696 2840 759 instituit;
2881 700 2999 764 quia
3038 717 3127 754 nec
3147 704 3279 757 alius
3303 704 3409 758 1⁵η-

1834 784 1958 829 trem
1986 780 2143 842 novit,
2185 782 2283 833 nisi
2311 780 2481 835 Filius
2508 795 2555 836 et
2586 788 2664 837 cui
2695 785 2868 841 Filius
2893 791 3146 858 revelat-it,
3179 811 3266 847 nec
3290 798 3408 849 aliis

1832 867 2030 918 videtur
2053 870 2301 922 reuelasse
2323 870 2494 926 Filius
2527 891 2676 942 quam
2699 878 2948 946 apostolis
2995 897 3119 948 quos
3164 886 3297 936 misit
3339 887 3408 937 ad

1831 957 2215 1023 prtedicandum
2262 960 2446 1030 ubique
2485 965 2623 1030 quod
2651 965 2752 1018 illis
2779 969 3031 1021 reuelauit.
3068 973 3203 1033 Quid
3239 985 3407 1027 autent

1832 1048 2181 1114 revelaverint,
2221 1050 2274 1103 id
2319 1061 2412 1120 est,
2452 1055 2576 1121 quid
2606 1056 2712 1108 illis
2762 1056 2991 1112 Christus
3022 1063 3329 1127 revelaverit,
3359 1075 3407 1117 et

1833 1135 1917 1188 hic
1947 1140 2270 1206 praescribunt
2295 1157 2396 1194 non
2424 1144 2573 1196 aliter
2600 1147 2805 1213 probari
2831 1148 3027 1210 debere,
3055 1152 3152 1203 nisi
3182 1171 3267 1219 per
3293 1173 3407 1207 eas-

1836 1226 1952 1277 dem
1974 1225 2230 1281 Ecclesias
2255 1246 2380 1298 quas
2418 1231 2518 1300 ipsi
2553 1235 2786 1301 Apostoli
2825 1238 3179 1305 condiderunt,
3213 1243 3310 1311 ipsi
3335 1247 3407 1296 eis

1835 1317 2181 1384 praedicando,
2209 1327 2310 1372 tam
2334 1321 2462 1385 viva,
2490 1325 2626 1390 quod
2652 1324 2816 1389 aiunt,
2848 1342 2982 1391 voce,
3014 1345 3166 1393 quam
3190 1348 3277 1398 per
3295 1335 3405 1402 rpi-

1834 1403 1992 1457 stolas
2025 1415 2220 1472 postea.
2255 1408 2315 1462 Si
2343 1412 2448 1462 haec
2477 1411 2546 1462 ita
2569 1423 2706 1476 sunt,
2741 1424 2938 1467 constat
2964 1417 3177 1483 proinde
3211 1436 3408 1474 omnem

1835 1494 2115 1548 doctrinam
2136 1515 2252 1567 qua:
2280 1515 2395 1552 cum
2421 1501 2523 1553 illis
2547 1501 2782 1556 Ecclesiis
2797 1507 3089 1574 apostolicis
3112 1511 3406 1565 matricibus

1835 1596 1880 1638 et
1903 1587 2235 1656 originalibus
2247 1589 2368 1657 ﬁdei
2391 1592 2665 1659 conspiret,
2685 1595 2879 1645 veritati
2900 1595 3244 1663 deputandant
3260 1640 3273 1663 ,
3295 1602 3405 1653 sine

1847 1674 2000 1727 dub'o
2032 1684 2282 1730 tenentem
2312 1679 2446 1745 quod
2479 1678 2721 1732 Ecclesia:
2745 1683 2806 1732 ab
2845 1685 3110 1750 apostolis,
3146 1689 3399 1755 apostolia

127 1761 233 1813 sed
284 1761 416 1828 quia
449 1766 808 1813 consentanea
838 1767 923 1812 est
956 1757 1165 1812 veritati
1195 1757 1422 1822 ccelesti,
1453 1758 1537 1812 cui
1571 1757 1730 1812 ﬁdem
1760 1757 1806 1816 Β
1834 1763 2057 1833 Christo,
2081 1765 2310 1820 Christus
2331 1785 2360 1819 a
2385 1768 2491 1822 Dro
2512 1772 2722 1837 accepit.
2755 1773 2879 1827 llaec
2898 1775 3184 1829 ostendunt
3205 1789 3406 1846 Opllmo

127 1850 398 1903 Christus
445 1848 717 1901 miraculis
764 1847 878 1901 suis
918 1846 1062 1902 fecit.
1112 1847 1216 1903 Sed
1247 1848 1546 1917 Augustino
1582 1862 1732 1900 com-

129 1941 374 1993 modum
412 1947 527 1991 crat
574 1938 767 1991 talibus
796 1938 1124 2007 argumentis
1162 1939 1236 1992 uti
1277 1939 1329 1991 in
1362 1939 1644 1992 haereticos
1669 1951 1733 1991 ac

128 2028 552 2093 schismaticos,
603 2029 796 2096 quibus
843 2029 1042 2096 passim
1084 2029 1374 2082 novitatem
1415 2038 1466 2081 et
1497 2029 1735 2096 paucita-

133 2129 248 2173 tem
280 2117 613 2187 exprobrat;
639 2133 768 2186 quas
791 2119 915 2172 olim
938 2117 1257 2174 Christianis
1277 2119 1734 2188 exprobraverant

129 2211 376 2264 ethnici.

134 2394 469 2461 profectum,
505 2390 820 2460 fructumque
843 2391 1124 2457 videamus,
1144 2394 1487 2446 dubitabimus
1510 2409 1600 2446 nos
1620 2395 1732 2462 ejus

142 2480 416 2533 Ecclesia:
438 2481 650 2532 condere
682 2481 896 2549 gremio,
935 2496 1048 2547 qua:
1082 2497 1240 2551 usque
1270 2483 1338 2534 ad
1367 2483 1732 2551 confessionem

132 2572 352 2642 generis
381 2569 622 2634 humani,
645 2569 706 2621 ab
727 2570 1011 2636 apostolica
1040 2570 1176 2637 sede,
1196 2587 1286 2640 per
1304 2587 1614 2624 successores
1634 2573 1734 2640 epi-

133 2678 448 2733 scoporum,
475 2665 669 2730 frustra
705 2662 956 2714 htcreticis
981 2661 1173 2714 circum
1205 2662 1508 2715 latrantibus
1535 2674 1582 2714 et
1614 2679 1733 2729 par-

132 2757 232 2807 tim
257 2754 430 2824 plebis
459 2755 617 2823 ipsius
639 2755 862 2823 judicio,
889 2756 1076 2821 partim
1097 2753 1433 2807 conciliorum
1466 2756 1730 2826 gravitate,

132 2848 336 2912 partim
362 2845 520 2897 etiam
536 2843 900 2897 miraculorum
926 2844 1215 2909 majestate,
1244 2844 1518 2912 damnatis,
1538 2845 1733 2898 culmen

132 2933 475 2988 auctoritatis
513 2934 723 2987 obtinuit
744 2933 790 3004 ξ’]
827 2931 1015 2988 Nescio
1049 2948 1116 2988 an
1147 2934 1266 2987 haec
1294 2933 1456 2988 verba
1478 2949 1636 3003 usque
1664 2934 1732 2986 ad

133 3026 523 3095 confessionem
547 3025 758 3078 humani
790 3026 988 3095 generis
1011 3026 1142 3080 satis
1168 3039 1296 3079 sana
1327 3026 1468 3090 sint;
1510 3026 1554 3079 si
1583 3033 1728 3090 sunt,

1837 1866 1999 1906 sensu
2031 1868 2190 1921 posse
2227 1858 2364 1924 apud
2399 1859 2745 1925 Augustinum
2787 1862 2887 1931 logi
2918 1867 3197 1930 apostolica
3221 1868 3340 1934 ﬁde,
3375 1884 3406 1924 a

1834 1955 1936 2009 qua
1977 1942 2131 1997 sedes
2160 1947 2465 2014 apostolica:
2505 1948 2631 2015 ipsa:
2659 1964 2869 2004 omnem
2907 1954 3269 2011 auctoritatem
3303 1971 3407 2013 tra-

1836 2030 2064 2099 hebant;
2109 2035 2229 2090 ideo
2257 2038 2397 2091 enim
2430 2039 2493 2093 iis
2519 2041 2778 2095 creditum
2810 2053 2917 2107 est,
2950 2047 3090 2114 quod
3120 2063 3238 2102 cum
3277 2066 3406 2118 apo-

1834 2121 2033 2176 stolicis
2054 2126 2263 2194 scriptis
2289 2128 2490 2183 sentire
2512 2143 2572 2183 se
2591 2132 2989 2198 proﬁterentur,
3009 2152 3126 2205 quac
3155 2141 3347 2209 scripta
3372 2156 3403 2196 a

1792 2226 1796 2230 '
1834 2213 2596 2286 plerisqueantiquissimorum
2612 2220 2978 2277 luereticorum
3001 2227 3398 2294 rejiciebantur.

202 2302 352 2366 Cap.
391 2299 476 2354 18.
518 2297 644 2354 Cum
675 2300 828 2369 igitur
867 2309 1064 2353 tantum
1091 2302 1343 2355 auxilium
1381 2302 1497 2366 Dei,
1537 2311 1734 2358 tantum
1791 2313 1840 2331 -‘

1903 2305 2054 2371 Quod
2093 2309 2138 2362 si
2173 2309 2495 2379 Augustinus
2523 2317 2741 2368 omnino
2772 2317 3042 2383 scripserit
3069 2323 3404 2386 apostolicam

1832 2397 2022 2463 sedem,
2063 2397 2231 2451 voluit
2272 2399 2591 2456 Manichmos
2627 2403 2784 2458 Afros
2822 2406 3087 2461 adducere
3123 2409 3188 2462 ad
3220 2410 3407 2464 Eccle-

1833 2487 1967 2540 siam
2005 2487 2319 2542 catholicam
2362 2489 2665 2545 Africanam
2691 2531 2708 2559 ,
2738 2509 2855 2562 quas
2886 2499 3253 2551 consentiebat
3287 2515 3408 2556 cum

1833 2575 1958 2629 sede
1982 2575 2236 2630 Romana.
2277 2578 2384 2632 Sed
2415 2580 2464 2633 id
2499 2593 2870 2650 argumentum
2913 2587 3099 2649 levius,
3140 2603 3257 2640 nam
3291 2591 3411 2657 quis

1835 2665 2158 2731 promiserat
2183 2667 2432 2722 Ecclesiis
2454 2672 2762 2737 apostolicis
2782 2689 3046 2740 nunquam
3066 2691 3154 2728 eas
3171 2692 3197 2727 a
3214 2677 3410 2733 Christi

1833 2754 2075 2810 doctrina
2097 2757 2471 2812 aberraturas?
2499 2759 2687 2815 Nemo.
2714 2763 2862 2815 Talia
2883 2776 3007 2817 sunt
3032 2781 3148 2833 qu:c
3169 2767 3313 2820 ducit
3342 2786 3407 2823 es

1792 2861 1796 2867 ’
1832 2858 2095 2898 consensu
2120 2847 2288 2913 plebis
2313 2857 2365 2900 et
2394 2849 2764 2913 conciliorum,
2787 2865 2906 2918 quae
2931 2860 3034 2905 tam
3057 2851 3205 2906 falsis
3229 2853 3410 2909 lavere

1793 2953 1798 2958 -
1836 2944 2056 3003 possunt
2097 2952 2253 3006 quam
2300 2939 2469 3003 veris;
2507 2949 2600 2994 aut
2636 2955 2700 2995 ex
2746 2940 3011 2996 haereticis
3049 2945 3411 2997 miraculorum

1834 3029 2094 3088 maiestate
2122 3027 2407 3093 damnatis,
2436 3044 2554 3096 quae
2583 3029 2673 3084 illo
2709 3044 2826 3084 aevo
2855 3040 3230 3101 stratagemita
3259 3044 3411 3090 erant

134 3131 344 3170 sensus
389 3115 517 3180 erit,
562 3115 850 3170 confitente
885 3115 1120 3169 humano
1155 3130 1370 3184 genere.
1415 3116 1519 3171 Sed
1561 3116 1730 3170 multo
1754 3105 1801 3167 C
1833 3116 2193 3170 ecclesiastica
2223 3118 2414 3185 quibus
2442 3119 2732 3186 plebecula;
2761 3120 2910 3175 lucus
2940 3123 3121 3178 ﬁebat.
3155 3123 3285 3178 Vide
3314 3124 3411 3179 lib.

134 3209 274 3262 mihi
305 3207 640 3275 suspectiora
682 3216 807 3261 sunt
841 3208 1004 3262 verba
1032 3209 1095 3260 ab
1119 3208 1399 3276 apostolica
1427 3209 1543 3263 sede
1562 3249 1577 3274 ,
1607 3225 1728 3264 nam

134 3299 216 3352 sic
244 3297 471 3351 solebat
498 3296 551 3350 in
581 3295 869 3355 Occidente
899 3297 1058 3352 sedes
1081 3297 1316 3352 Romana
1337 3299 1517 3352 vocari
1542 3315 1556 3363 ;
1580 3300 1730 3366 cujus

133 3387 529 3442 auctoritatem
552 3387 799 3441 omnibus
822 3387 1026 3443 artibus
1052 3388 1376 3457 ampliﬁcare
1402 3389 1580 3443 conati
1605 3398 1730 3444 sunt

131 3477 518 3545 exscriptores
545 3476 800 3530 librorum
841 3478 1324 3533 ecclesiasticorum
1354 3480 1620 3533 monachi.
1663 3480 1720 3534 Si

133 3568 290 3623 enim
324 3569 652 3635 Augustinus
677 3568 744 3622 de
768 3568 1002 3623 Ecclesia
1025 3583 1121 3637 per
1140 3584 1327 3623 omnes
1353 3579 1520 3624 terras
1546 3584 1729 3639 sparsa

133 3660 257 3714 haec
290 3659 581 3724 intellexit,
611 3658 800 3712 falsum
825 3668 907 3714 est
934 3674 1052 3714 eam
1075 3662 1138 3712 ab
1168 3660 1450 3728 apostolica
1480 3663 1598 3714 sede
1616 3661 1731 3713 cul-

132 3768 255 3803 men
284 3751 621 3803 auctoritatis
643 3752 916 3805 obtinuisse
930 3769 950 3817 ;
972 3766 1159 3806 omnes
1178 3753 1321 3806 enim
1344 3754 1734 3807 noruntOrien-

133 3842 276 3895 tales
319 3839 590 3894 Ecclesias
619 3841 828 3910 priores
856 3851 1098 3910 tempore
1125 3841 1308 3906 luisse,
1329 3856 1427 3897 nec
1455 3842 1616 3895 ullam
1639 3858 1732 3895 au-
1800 3869 1805 3874 -

133 3935 460 3986 ctoritatcm
511 3933 578 3985 ab
622 3933 724 3986 ulla
762 3933 1088 3988 Occidentali
1129 3933 1341 3987 trahere
1382 3933 1631 3988 voluisse.
1677 3933 1735 3987 Si

132 4023 268 4091 quid
320 4023 615 4090 aposmlica
653 4025 808 4078 sedes
835 4025 1018 4078 habuit
1051 4025 1398 4085 auctoritatis.
1434 4025 1484 4078 id
1516 4039 1726 4092 proma-

134 4115 293 4166 navit
325 4127 395 4165 ex
425 4115 796 4167 communione
823 4129 940 4181 qua:
965 4115 1014 4167 ei
1039 4114 1132 4166 fuit
1154 4128 1273 4167 cum
1304 4113 1514 4166 caeteris
1541 4113 1734 4169 Eccle-

134 4203 234 4256 siis
263 4201 616 4268 Christianis,
643 4217 760 4271 qua:
786 4217 970 4256 omnes
1000 4203 1156 4272 simul
1179 4218 1388 4256 omnem
1416 4218 1565 4256 suam
1589 4213 1738 4272 pote-

133 4302 351 4347 statem
370 4288 586 4345 Christo
613 4291 771 4359 capiti
793 4291 1009 4345 debent.
1029 4290 1105 4344 Ne
1127 4291 1387 4346 Africana:
1406 4293 1616 4361 quidem
1637 4294 1738 4348 Ec-

133 4382 368 4441 clesiae.
399 4386 638 4447 tempore
672 4381 918 4450 Cypriani
949 4391 1000 4435 et
1030 4383 1194 4450 ipsius
1215 4382 1528 4451 Augustini,
1561 4392 1618 4436 ut
1654 4391 1737 4437 sat

1832 3217 2017 3260 contra
2044 3206 2321 3274 epistolam
2348 3207 2695 3264 Fundamenti
2724 3224 2842 3278 cap.
2872 3212 2925 3265 4.

1903 3294 2031 3362 Cap.
2078 3294 2162 3348 18.
2196 3296 2316 3349 Νοη
2346 3301 2484 3366 fama
2509 3298 2571 3352 de
2597 3301 2736 3368 fumo
2768 3310 2878 3366 est,
2913 3310 2960 3353 et
2987 3303 3156 3355 nescio
3184 3319 3282 3370 qua
3326 3305 3411 3372 fu-

1793 3420 1800 3423 -
1833 3384 1964 3438 bella
1991 3385 2221 3451 Persica,
2251 3389 2330 3440 cui
2357 3391 2479 3441 satis
2515 3401 2583 3442 est
2607 3407 2782 3443 aurem
2805 3396 3189 3445 accommodare
3217 3402 3263 3446 et
3291 3397 3410 3446 ani-

1832 3494 1966 3530 mum
1994 3495 2095 3531 non
2117 3478 2368 3543 subtilem,
2393 3480 2482 3531 sed
2506 3482 2654 3546 plane
2678 3481 2965 3551 puerilem]
2989 3484 3254 3536 Fabellam
3281 3485 3410 3538 Per-

1832 3567 1997 3620 sicam
2033 3576 2186 3620 vocat
2226 3567 2467 3633 dogmata
2506 3568 2736 3622 absurda
2777 3569 3070 3633 Manichzci,
3115 3571 3204 3638 qui
3247 3571 3408 3625 Persa

1834 3666 1950 3712 erat
1977 3673 2072 3710 seu
2105 3657 2447 3728 Babylonius.
2471 3657 2604 3712 Vide
2630 3666 2681 3712 et
2711 3658 3058 3726 Epiphaniam
3099 3659 3292 3714 htcres.
3319 3663 3410 3728 Illi,

1834 3757 1885 3804 et
1919 3756 2103 3817 postea
2132 3749 2323 3802 librum
2349 3758 2533 3802 contra
2567 3748 2738 3817 Epist.
2768 3749 3068 3804 Manicluei.

2295 3837 2942 3893 ANIMADVELSIONES

2032 3944 2081 3983 ΙΝ
2120 3945 2309 3983 LIBRUM
2349 3945 2552 3983 CONTRA
2598 3944 2890 3983 EPISTOLAI
2929 3946 3215 3985 MANICHEI.

1906 4019 2038 4089 Cap.
2066 4021 2115 4072 1.
2139 4020 2387 4072 Nostrum
2408 4021 2562 4090 igitur
2584 4020 2682 4088 fuit
2703 4019 2888 4088 eligere
2910 4029 2956 4072 et
2980 4029 3156 4090 aptare
3180 4023 3408 4088 meliora,

1837 4119 1892 4163 ut
1919 4111 1987 4162 ad
2009 4119 2226 4165 vestram
2256 4111 2615 4163 correctionem
2641 4113 2838 4162 aditum
2867 4113 3202 4176 haberemus;
3231 4131 3332 4168 non
3362 4118 3415 4168 in

1836 4203 2152 4255 contentione
2175 4211 2220 4253 et
2244 4202 2571 4254 temulatione
2600 4209 2648 4253 et
2677 4204 3129 4270 persecutionibus,
3161 4207 3250 4256 sed
3273 4223 3418 4258 man-

1838 4300 1975 4343 suete
2019 4289 2360 4353 consolando,
2392 4288 2622 4342 benerole
2648 4291 2997 4353 cohortando,
3031 4292 3209 4344 leniter
3237 4295 3417 4360 dispu-

1840 4380 2034 4443 tando;
2055 4380 2186 4431 sicut
2208 4381 2448 4447 scriptum
2472 4389 2545 4433 est
2564 4394 2584 4432 :
2605 4379 2829 4434 Servum
2849 4381 3057 4434 Domini
3082 4397 3185 4434 non
3208 4393 3417 4449 oportet

135 4472 330 4540 liquet
348 4484 417 4523 ex
444 4472 785 4524 contentione
813 4486 932 4525 cum
959 4470 1252 4539 Stephano,
1278 4480 1332 4526 et
1353 4472 1454 4526 alia
1475 4473 1541 4526 de
1563 4480 1736 4526 trans-
1767 4454 1820 4513 Ι)
1844 4468 2070 4537 litigare,
2094 4467 2184 4520 sed
2215 4468 2395 4521 mitem
2424 4483 2544 4523 esse
2565 4472 2628 4521 ad
2650 4483 2857 4532 omnes,
2882 4469 3183 4535 docibilem,
3214 4470 3419 4536 patien-

138 4560 386 4616 marinis
409 4559 875 4628 appellationibus,
905 4561 1274 4615 auctoritatem
1303 4577 1453 4616 suam
1484 4561 1736 4617 Romana:

138 4652 362 4706 debere
392 4651 700 4717 voluerunt,
731 4654 974 4720 quamvis
1005 4668 1122 4707 eam
1154 4653 1289 4708 forte
1318 4663 1541 4710 matrem
1574 4671 1738 4723 agno-

139 4749 396 4796 scerent.
433 4739 596 4809 Igitur
619 4750 675 4794 ut
699 4742 836 4810 quod
867 4743 1107 4811 suspicor
1135 4745 1391 4812 aperiam,
1416 4745 1734 4799 crediderim

141 4829 447 4900 legendum
471 4831 535 4882 ab
559 4832 840 4898 apostolica
867 4833 990 4900 fide.
1033 4834 1263 4887 Primam
1300 4836 1440 4888 enim
1486 4835 1736 4888 Ecclesia:

138 4923 481 4978 Christianae
505 4924 872 4977 auctoritatem
900 4924 1182 4980 trahebant
1208 4925 1270 4978 ab
1297 4925 1576 4993 apostolica
1598 4925 1738 4992 fide;

141 5015 302 5084 quod
331 5029 457 5069 cum
502 5014 755 5082 apostolis
775 5057 788 5080 ,
834 5028 1025 5081 nempe
1045 5055 1058 5079 ,
1090 5016 1366 5070 sentirent.
1411 5015 1496 5071 Sic
1523 5013 1738 5068 Tertul-

145 5107 338 5159 lianus
366 5105 714 5159 ratiocinatur
734 5106 785 5159 in
814 5105 906 5159 lib.
939 5105 1005 5159 de
1032 5105 1335 5175 Praascript.
1362 5105 1737 5161 haereticorum

141 5211 273 5266 cap.
311 5196 386 5251 20
417 5204 473 5249 et
500 5194 590 5259 21,
621 5195 902 5262 pluresque
929 5195 1248 5262 apostolicus
1270 5204 1527 5249 memorat
1555 5193 1735 5263 sedes,

143 5302 261 5340 non
300 5300 490 5339 unam.
526 5284 800 5348 Ecclesias,
835 5286 1023 5354 inquit,
1053 5286 1194 5352 apud
1224 5303 1624 5357 unamquamque
1661 5288 1738 5340 ci-

144 5376 370 5428 vitatem
400 5373 738 5427 condiderunt
770 5374 1042 5443 (apostoli)
1077 5391 1107 5427 a
1137 5375 1315 5444 quibus
1337 5379 1593 5429 traducem
1615 5375 1737 5442 ﬁdei

144 5477 194 5520 et
216 5467 428 5520 semina
469 5466 714 5520 doctrina:
752 5475 944 5520 cazterte
991 5467 1172 5520 exinde
1211 5466 1452 5521 Ecclesia:
1497 5475 1739 5523 mutuatte

143 5569 306 5618 sunt,
339 5568 384 5611 et
409 5558 634 5627 quotidie
658 5566 973 5624 mutuantur,
1014 5570 1070 5611 ut
1095 5559 1338 5612 Ecclesia:
1372 5560 1516 5627 fiant.
1552 5561 1614 5612 At
1649 5576 1737 5628 per

147 5650 252 5702 hoc
284 5658 336 5702 et
364 5650 488 5711 ipsa:
515 5651 806 5718 apostolica:
829 5651 1157 5718 deputantur,
1186 5659 1240 5704 ut
1269 5651 1459 5706 soboles
1486 5653 1734 5718 apostoli-

1842 4568 1970 4624 tem,
2016 4559 2070 4612 in
2109 4558 2366 4613 modestia
2412 4559 2792 4629 corripientem
2841 4559 3054 4614 diversa
3100 4561 3416 4616 sentientes.

1841 4651 2090 4705 Nostrum
2127 4667 2245 4721 ergo
2274 4653 2371 4722 fuit
2409 4651 2534 4706 velle
2562 4652 2653 4705 has
2692 4661 2860 4723 partes
2898 4657 3166 4720 expetere;
3203 4651 3301 4703 Dei
3341 4659 3417 4705 est

1838 4743 2121 4797 uolentibus
2156 4754 2202 4798 et
2233 4744 2512 4811 petentibus
2543 4744 2734 4797 donare
2757 4743 2894 4809 quod
2925 4743 3107 4793 bonum
3136 4741 3251 4812 est.]
3283 4742 3414 4808 Quis

1838 4849 1946 4888 non
1973 4834 2154 4889 laudet
2174 4835 2656 4895 mansuetudinem,
2671 4833 2769 4884 hac
2793 4831 2843 4882 in
2866 4845 2946 4894 re,
2965 4830 3241 4898 Augustini
3260 4832 3283 4884 ?
3299 4833 3420 4902 quis

1841 4939 1948 4980 non
1967 4925 2184 4992 plaudat
2200 4926 2452 4994 episcopo
2473 4922 2620 4975 Pauli
2641 4920 2965 4974 monitorum
2988 4929 3092 4973 tam
3117 4934 3417 4992 opportuno

1840 5014 2098 5069 memori?
2133 5013 2293 5068 Certe
2331 5028 2432 5082 ego
2469 5013 2581 5065 haec
2610 5010 2773 5066 verba
2808 5011 2936 5065 satis
2971 5015 3269 5070 exosculari
3309 5031 3417 5071 non

1841 5118 2079 5173 possum.
2110 5101 2214 5156 Sed
2241 5111 2293 5156 et
2327 5100 2624 5170 sequentia,
2657 5099 2818 5155 cedro
2847 5101 3022 5172 d‘gna,
3061 5103 3288 5159 libenter
3318 5120 3416 5158 cx-

1840 5193 2068 5250 scribam
2095 5208 2111 5246 :
2140 5190 2230 5244 Illi
2257 5193 2310 5245 in
2334 5206 2419 5245 vos
2460 5191 2670 5244 swviant
2701 5193 2789 5262 qui
2819 5195 3045 5246 nesciunt
3066 5210 3178 5247 cum
3208 5211 3308 5262 quo
3339 5195 3418 5247 la-

1841 5288 1962 5340 bore
2004 5301 2178 5339 verum
2230 5285 2540 5346 inveniatur,
2594 5292 2641 5337 et
2683 5300 2838 5353 quam
2884 5285 3098 5354 difﬁcile
3148 5292 3418 5337 caveantur

1835 5393 2046 5432 errores.
2079 5375 2168 5429 Illi
2191 5377 2244 5429 in
2269 5390 2353 5428 vos
2373 5375 2580 5429 sazviant
2619 5377 2705 5444 qui
2736 5378 2969 5429 nesciunt
2992 5392 3143 5442 quam
3165 5389 3340 5427 rarum
3360 5383 3410 5426 et

1834 5467 2054 5520 arduum
2076 5468 2140 5519 sit
2161 5465 2390 5518 carnalia
2419 5465 2776 5534 phantasmata
2803 5467 2904 5534 pia:
2931 5467 3114 5516 mentis
3140 5461 3416 5515 serenitate

1833 5571 2091 5626 superare.
2123 5554 2213 5609 Illi
2244 5557 2294 5608 in
2320 5571 2408 5607 vos
2437 5555 2651 5607 saeviant
2681 5555 2769 5622 qui
2809 5552 3037 5605 nesciunt
3068 5567 3182 5605 cum
3223 5559 3415 5614 quanta

1833 5646 2122 5715 difficultate
2146 5652 2352 5700 sanetur
2382 5644 2558 5697 oculus
2599 5643 2862 5696 interioris
2888 5640 2918 5692 lt
2935 5641 3138 5711 ominis,
3172 5649 3228 5694 ut
3254 5641 3421 5708 possit
