3900 6314
530 308 635 363 515

1409 292 1958 350 SUPPLEMENTUM
2000 293 2088 346 AD
2125 291 2351 347 OPERA
2393 291 2452 346 S.
2495 289 2880 346 AUGUSTINI.

3680 279 3782 334 516

533 413 719 467 intueri
742 409 900 464 solent
929 424 1099 474 suum,
1123 415 1226 460 etc.
1257 402 1284 456 l
1291 405 1344 456 lli
1374 405 1424 455 in
1450 419 1535 454 vos
1551 401 1759 454 steviant
1778 399 1865 467 qui
1882 399 2110 451 nesciunt
2134 401 2189 459 Α
2214 413 2328 452 sum
2351 401 2481 464 vita,
2507 409 2553 452 et
2583 415 2693 451 eum
2717 379 3010 466 pependisse
3033 401 3222 447 constet
3249 399 3370 444 ante
3395 390 3569 443 oculos
3601 390 3654 442 ei
3687 405 3784 442 non

532 503 714 571 quibus
743 500 972 568 suspiriis
996 508 1042 550 et
1073 494 1335 566 gemitibus
1358 494 1468 559 ﬁat,
1496 502 1548 542 ut
1575 507 1638 542 ex
1659 491 2110 556 quantulacunque

538 602 681 658 parte
714 591 872 657 possit
899 587 1117 654 intelligi
1149 585 1305 636 Deus.
1339 581 1476 633 Nihil
1509 580 1688 632 verius
1719 588 1801 631 est
1831 591 1987 645 quam
2017 590 2109 629 eos

539 683 756 735 demum
786 679 977 732 saevire
1018 678 1067 728 in
1109 676 1262 738 alios,
1297 681 1351 726 ut
1372 686 1465 725 eos
1490 671 1556 723 ad
1587 678 1787 723 rectam
1821 668 2004 726 fidem,
2036 665 2112 718 uti

539 781 744 839 putant,
775 768 1060 830 adducant,
1091 765 1179 833 qui
1203 763 1614 829 nesciuntquam
1640 759 1794 812 facile
1815 759 1885 811 sit
1907 769 2110 818 errare,

537 873 592 915 et
621 875 778 928 quam
802 857 1088 911 difficulter
1109 863 1476 924 praeconcepta
1498 849 1664 904 semel
1690 847 1888 916 judicia
1917 860 2113 898 sanen-

542 961 648 1002 tur.
698 949 861 1002 Doleo
892 945 1279 1014 Augustinum,
1297 941 1364 995 ad
1407 950 1635 994 mortem
1674 951 1866 1003 usque,
1911 935 1962 988 in
2008 943 2115 987 tam

543 1043 625 1108 pia
658 1039 922 1094 sententia
953 1051 1058 1088 non
1091 1033 1418 1102 perstitisse;
1452 1047 1572 1083 nam
1604 1029 1748 1082 hunc
1776 1027 1967 1079 librum
1986 1023 2119 1077 scri-

542 1131 644 1197 psit
669 1131 806 1181 circa
832 1141 1028 1179 annum
1048 1124 1148 1177 ’597
1177 1121 1302 1188 ;sed
1331 1135 1471 1172 anno
1497 1119 1622 1183 412,
1650 1117 1804 1185 plane
1826 1121 2120 1168 mutaverat

543 1225 800 1279 mentem,
845 1226 900 1267 ut
941 1215 1106 1281 liquet
1133 1226 1197 1264 ex
1227 1207 1454 1276 epistola
1493 1206 1558 1258 ad
1587 1203 1945 1258 Vincentium.
1985 1200 2119 1253 Tum

547 1305 756 1359 demum
784 1302 1046 1355 intellexit
1066 1299 1374 1352 facillimum
1397 1310 1517 1350 esse
1534 1304 1587 1347 et
1613 1292 1972 1361 tequissimum
1996 1289 2122 1342 mul-

545 1397 667 1457 ctis,
693 1405 894 1448 terrore
919 1401 971 1444 et
991 1391 1038 1443 vi
1073 1389 1288 1442 militari
1319 1387 1561 1440 homines
1583 1384 1648 1437 ad
1679 1383 1995 1437 catholicam
2027 1380 2123 1432 Ec-

546 1487 760 1539 clesiam
794 1483 1086 1542 adducere;
1121 1491 1192 1542 et,
1226 1477 1363 1547 quod
1405 1476 1636 1538 mireris,
1668 1474 1856 1527 eodem
1886 1481 2125 1538 tempore

549 1592 654 1643 quo
697 1574 881 1642 gratim
935 1569 1288 1624 ineluctabilis
1341 1565 1671 1633 inspirationi
1723 1575 1911 1615 omnes
1959 1560 2125 1611 bonas

551 1663 822 1716 hominum
863 1663 1102 1713 actiones
1141 1658 1376 1711 tribuere
1413 1655 1594 1722 cmpit.
1638 1652 1804 1705 Doleo
1835 1650 2025 1710 etiam,
2071 1646 2125 1698 in

2213 490 2518 542 credentium
2553 489 2880 551 Judteorum,
2913 501 3013 536 non
3041 484 3184 536 uideo
3207 499 3298 534 cur
3343 481 3574 533 dubitare
3601 481 3786 533 debea-

2212 597 2322 633 mus
2348 581 2399 631 id
2421 581 2572 632 etiam
2593 579 2656 630 de
2678 576 2878 630 Christo
2904 575 3164 642 scripsisse
3182 573 3330 625 illum
3355 573 3416 624 de
3432 587 3532 640 quo
3554 569 3786 622 Christus

2212 671 2323 722 ait:
2351 669 2440 722 Ille
2466 668 2606 722 enim
2633 666 2699 720 de
2723 680 2808 719 me
2832 662 3089 732 scripsit.'|
3112 662 3218 716 Nos
3249 661 3456 727 quidem
3488 675 3597 714 non
3630 675 3784 713 secus

2215 776 2276 814 ac
2310 759 2638 827 Augustinus
2667 757 3012 825 agnoscimus
3052 755 3320 808 Christum
3362 767 3477 806 esse
3507 753 3786 806 hom'num

2215 853 2390 917 vitam,
2423 863 2652 915 eumque
2680 847 2983 915 pependisse
3005 859 3192 898 coram
3233 842 3522 896 incredulis
3562 842 3786 906 Judaeis,

2216 951 2271 997 et
2298 957 2326 994 a
2357 940 2690 1008 dogmatibus
2719 936 3130 998 Manichaeorum
3159 934 3382 987 fortasse
3399 933 3688 987 alieniores
3707 947 3790 985 su-

2219 1047 2339 1086 mus
2367 1045 2524 1100 quam
2550 1029 2665 1095 ipse
2695 1026 2822 1090 fuit;
2854 1025 2946 1079 sed
2974 1034 3150 1078 tamen
3180 1037 3527 1092 pernegamus
3565 1023 3618 1075 in
3671 1023 3788 1076 loco

2221 1119 2616 1176 Deuteronomii
2638 1118 2716 1185 agi
2735 1117 2798 1170 de
2811 1114 3042 1168 Christo.
3062 1105 3155 1167 Es't
3172 1114 3216 1168 is
3236 1115 3389 1168 Deut.
3407 1112 3688 1176 xxvm,66,
3706 1113 3790 1166 ubi

2201 1215 2397 1269 Moses
2421 1214 2500 1267 sic
2521 1209 2774 1265 describit
2797 1207 3119 1260 anxietatem
3150 1204 3452 1259 Judteorum
3483 1204 3533 1256 in
3555 1204 3792 1272 captivi-

2223 1316 2384 1360 tatem
2426 1303 2774 1358 abductorum
2803 1317 2815 1351 :
2845 1298 2911 1352 In
2939 1297 3172 1368 gentibus
3207 1311 3405 1362 quoque
3442 1296 3553 1360 illis,
3585 1296 3791 1363 inquit,

2222 1413 2324 1449 non
2354 1396 2598 1462 quiesces,
2624 1407 2780 1459 neque
2809 1391 2901 1442 erit
2925 1388 3117 1456 requies
3148 1387 3358 1454 vestigio
3387 1385 3521 1453 pedis
3546 1386 3638 1437 tui.
3675 1383 3791 1436 Da-

2226 1488 2293 1539 bit
2323 1487 2458 1538 enim
2498 1484 2585 1536 tibi
2622 1481 2867 1534 Dominus
2904 1478 2973 1530 ibi
3012 1492 3100 1528 cor
3143 1476 3403 1546 pavidum,
3432 1483 3476 1526 et
3505 1473 3790 1539 deﬁcientes

2225 1577 2396 1627 oculos
2423 1582 2467 1626 et
2500 1573 2726 1624 animam
2757 1575 3106 1632 consumptam
3130 1580 3364 1628 mturare,
3394 1573 3439 1615 et
3457 1564 3550 1616 erit
3577 1564 3680 1614 rita
3708 1572 3787 1613 tua

2181 1677 2183 1679 '
2224 1665 2369 1733 quasi
2399 1661 2624 1730 pendens
2653 1670 2769 1711 ante
2798 1667 2864 1710 te.
2898 1655 3119 1708 Timebis
3141 1663 3286 1707 nocte
3309 1661 3355 1705 et
3375 1653 3474 1715 die,
3497 1663 3668 1704 etnon
3690 1667 3790 1702 cre-

551 1765 654 1806 tam
687 1755 783 1822 piis
813 1751 1090 1819 Augustini
1124 1749 1300 1803 verbis
1323 1789 1336 1810 ,
1372 1747 1475 1816 legi
1515 1745 1912 1798 damnationem
1955 1740 2121 1806 impe-

2229 1755 2312 1806 des
2339 1754 2452 1804 vita:
2475 1762 2592 1804 tute.
2623 1748 2777 1802 Mane
2805 1747 2942 1800 dices
2968 1762 2984 1798 :
3015 1745 3138 1810 Quis
3164 1744 3288 1795 mihi
3317 1743 3401 1794 det
3425 1741 3724 1810 vesperum!
3747 1748 3790 1791 et

549 1857 784 1898 ratorum
807 1844 895 1912 qui
923 1853 1104 1896 contra
1128 1839 1445 1893 Manichacus
1478 1847 1553 1890 tot
1582 1843 1830 1889 cruentas
1863 1833 2005 1899 leges
2037 1838 2122 1883 tu-

551 1934 746 1997 lerunt,
774 1941 827 1985 et
856 1948 972 2000 qua:
1002 1933 1289 1985 etiamnum
1319 1930 1562 1994 leguntur
1594 1928 1644 1976 in
1667 1923 1850 1977 codice
1882 1920 2126 1974 Theodo-

550 2023 720 2074 siano.
738 2022 860 2076 Scio
882 2037 1065 2075 eorum
1088 2021 1271 2073 electos
1292 2027 1566 2070 accusatos
1591 2015 1755 2067 fuisse
1778 2010 2122 2066 nefandorum

551 2119 878 2178 stuprorum,
917 2110 1056 2176 quod
1103 2124 1198 2161 nos
1243 2108 1399 2160 docet
1437 2105 1762 2173 Augustinus
1803 2103 1856 2155 in
1896 2101 2032 2154 libro
2061 2099 2127 2152 de

554 2201 856 2254 llaeresibus
882 2218 894 2263 ;
918 2201 1012 2253 sed
1046 2199 1182 2252 idem
1215 2197 1371 2250 docet
1396 2195 1664 2248 auditores
1696 2191 1974 2259 impiorum
2006 2188 2126 2240 illo-

554 2305 670 2341 rum
710 2290 1084 2357 mysteriorum
1125 2287 1337 2354 ignaros
1381 2283 1562 2335 fuisse.
1607 2281 1663 2335 Si
1701 2293 1828 2348 ergo
1864 2274 2128 2346 plectendi

554 2387 706 2430 erant
737 2377 1030 2439 blaniclitei,
1079 2390 1182 2429 non
1227 2375 1342 2428 sine
1369 2373 1711 2427 distinctione
1753 2371 1819 2423 de
1848 2369 1914 2422 iis
1957 2379 2129 2433 patum

557 2467 829 2520 sumenda:
861 2467 1037 2528 fuere,
1069 2465 1208 2532 quod
1240 2474 1414 2518 tamen
1448 2477 1550 2516 non
1585 2463 1660 2514 lit.
1699 2461 1840 2526 Lege
1868 2459 1897 2510 7
1917 2499 1930 2521 ,
1959 2458 2044 2510 tit.
2070 2456 2126 2519 5,

556 2558 650 2612 lib.
677 2571 762 2610 xvt
790 2557 989 2610 codicis
1011 2556 1366 2610 Theodosiani
1393 2555 1480 2623 jus
1501 2551 1767 2606 condendi
1799 2548 2125 2614 testamenti,

558 2660 650 2702 aut
685 2657 1003 2702 testamento
1033 2649 1086 2700 in
1112 2647 1388 2700 facultates
1421 2646 1585 2713 patris
1614 2645 1696 2697 vel
1721 2642 1954 2710 cujusvis
1991 2639 2129 2694 alios

559 2738 880 2792 succedendi
911 2777 927 2800 ,
960 2737 1182 2805 eripitur
1213 2735 1518 2790 blanicbaeis
1547 2733 1855 2802 quibusvis;
1884 2745 1984 2784 nec
2011 2744 2132 2784 eam

558 2833 998 2886 constitutionem
1028 2840 1233 2884 tantum
1263 2831 1315 2884 in
1347 2831 1584 2883 laturum
1612 2827 1789 2881 valere
1817 2825 1930 2878 vult
1954 2822 2133 2877 Theo-

559 2924 764 2992 dosius,
791 2924 906 2988 sed,
941 2930 1134 2990 prater
1169 2936 1384 2974 omnem
1413 2918 1876 2979 consuetudinem,
1906 2915 1962 2969 in
1989 2929 2132 2983 prte-

562 3018 802 3070 teritum.
826 3014 958 3068 Vide
985 3025 1038 3069 et
1068 3015 1122 3066 iu
1151 3013 1339 3066 eodem
1369 3013 1520 3065 titulo
1550 3012 1652 3078 leg.
1685 3009 1772 3076 19,
1799 3018 1853 3062 et
1877 3008 1991 3062 Jac.
2025 3005 2132 3061 Go-

564 3105 790 3159 tltolredi
814 3103 1278 3157 commentarium.

1017 3189 1665 3244 ANIMADVERSIONES

761 3295 813 3334 ΙΝ
853 3292 1034 3333 LIBROS
1071 3293 1276 3332 CONTRA
1313 3293 1552 3331 FAUS'I‘UI
1592 3291 1928 3331 IANICUEUM.

633 3371 793 3425 Libro
843 3384 932 3423 xiv
978 3378 1163 3423 contra
1211 3369 1408 3422 Mosem
1457 3369 1533 3422 sic
1577 3376 1974 3436 argumentatus
2017 3371 2136 3419 erat

564 3461 793 3514 Faustus
826 3477 838 3512 :
873 3460 956 3511 Ait
979 3459 1158 3528 (Deut.
1193 3474 1308 3522 xxt,
1335 3457 1427 3526 25)
1460 3459 1785 3511 maledictum
1806 3472 1913 3510 esse
1933 3471 2134 3509 omnem

561 3553 647 3619 qui
679 3552 856 3619 pendet
875 3552 925 3603 in
947 3551 1108 3620 ligno.
1144 3549 1294 3602 Hune
1319 3565 1441 3619 ergo
1465 3557 1516 3600 tu
1543 3550 1614 3601 vis
1644 3557 1697 3600 ut
1719 3548 1988 3615 accipiam,
2015 3547 2134 3598 huic

563 3654 618 3697 ut
646 3644 882 3707 credam;
913 3659 1046 3706 cum,
1069 3642 1110 3694 si
1132 3642 1330 3693 divinus
1361 3641 1478 3710 fuit,
1513 3649 1702 3692 constet
1750 3655 1864 3692 eum
1891 3639 2133 3690 scientem

562 3736 903 3804 volentemque
963 3733 1284 3785 maledixisse
1329 3733 1562 3795 Christo;
1605 3733 1645 3784 si
1688 3747 1800 3782 vero
1835 3731 2009 3782 nolens
2047 3744 2137 3781 ne-

565 3827 827 3886 sciensque
851 3823 1189 3888 nia/edixerit,
1215 3831 1406 3875 constet
1439 3838 1553 3874 eum
1581 3838 1678 3872 non
1711 3822 1866 3889 fuisse
1886 3821 2130 3872 divinum.
2199 3866 2204 3870 .

565 3914 701 3966 Tam
733 3912 946 3964 facilem
976 3911 1332 3977 objectionem
1373 3911 1578 3964 diluere
1609 3926 1710 3962 non
1755 3910 1991 3977 potuisse
2019 3908 2132 3961 Au-

564 4002 836 4070 gustinum
861 4000 1052 4053 mirum
1078 4011 1190 4066 est;
1225 4011 1448 4056 mortem
1476 4001 1616 4054 enim
1641 4010 1694 4054 et
1710 4001 2132 4054 maledictionem

567 4106 734 4144 unum
765 4091 1012 4160 idemque
1065 4106 1184 4146 esse
1215 4093 1346 4155 vult,
1376 4105 1472 4144 nec
1505 4091 1610 4142 ullo
1639 4088 1796 4142 modo
1823 4103 1943 4141 sese
1974 4103 2136 4155 expe-

565 4180 665 4234 dit.
700 4180 898 4234 Deinde
929 4179 1068 4245 quod
1109 4181 1321 4234 additur
1360 4179 1666 4232 Maledictus
1694 4177 1822 4242 Deo,
1857 4177 1935 4229 sic
1961 4177 2134 4230 inter-

566 4279 805 4341 pretatur
830 4288 844 4324 :
876 4269 994 4323 Nisi
1019 4272 1148 4324 enim
1185 4271 1317 4323 Deus
1339 4271 1527 4323 odisset
1566 4277 1825 4336 peceatum
1849 4277 1896 4319 et
1923 4274 2134 4320 mortem

562 4373 811 4427 nostram,
838 4377 939 4413 non
961 4363 1028 4412 nd
1051 4377 1162 4413 eam
1192 4361 1562 4428 suscipiendam
1583 4369 1734 4425 atque
1751 4357 2018 4411 delendam
2040 4354 2135 4409 Fi-

2225 1857 2426 1911 ttespere
2449 1857 2468 1893 :
2493 1840 2602 1908 quis
2631 1839 2756 1890 mihi
2785 1837 2866 1888 det
2895 1835 3074 1887 mane?
3093 1842 3299 1904 propter
3319 1831 3485 1884 cordis
3512 1831 3588 1882 tui
3617 1831 3791 1897 formi-

2229 1934 2422 1995 dinem,
2455 1939 2562 1983 etc.
2594 1927 2760 1981 Nemo
2787 1941 2891 1979 non
2933 1925 3080 1978 videt
3105 1925 3188 1992 agi
3218 1922 3286 1977 de
3313 1922 3417 1974 vita
3444 1921 3597 1973 dubia
3630 1935 3694 1972 ac
3721 1921 3792 1971 iu-

2227 2033 2372 2078 certa
2419 2035 2558 2088 qum,
2610 2028 2731 2071 nota
2771 2017 2930 2070 etiam
2983 2015 3184 2068 Latinis
3228 2014 3559 2081 metaphora,
3602 2011 3792 2065 dicitur

2231 2111 2467 2182 pendere.
2499 2108 2883 2163 Antecedentia
2905 2115 2958 2160 et
2978 2104 3354 2174 consequentia
3380 2103 3512 2156 hanc
3536 2116 3657 2155 esse
3678 2115 3792 2156 scn-

2232 2203 2446 2256 tentiam
2479 2200 2676 2268 liquido
2706 2199 3011 2253 ostendunt.
3043 2197 3161 2249 Non
3197 2195 3401 2249 credere
3425 2196 3538 2247 vita:
3561 2205 3688 2258 sua,
3721 2202 3792 2247 est

2234 2289 2416 2358 procul
2451 2289 2596 2342 omni
2635 2287 2800 2341 dubio
2837 2300 3082 2340 securum
3123 2299 3229 2338 non
3268 2298 3388 2338 esse
3421 2283 3486 2336 de
3526 2282 3630 2336 vita
3682 2297 3789 2334 sua.

2232 2379 2383 2446 Quod
2413 2377 2458 2432 si
2481 2379 2604 2432 licet
2629 2377 2937 2432 conculcata
2962 2377 3173 2444 propria
3201 2373 3584 2442 significatione
3607 2387 3794 2424 vocum

2231 2478 2286 2525 et
2307 2468 2555 2537 loquendi
2576 2483 2853 2536 generum,
2877 2482 2941 2521 ex
2964 2481 3064 2535 qua
3093 2464 3336 2533 egregius
3366 2464 3551 2530 oritur,
3573 2464 3793 2516 circum-

2233 2560 2544 2627 stantiisque
2576 2558 2675 2611 loci
2719 2554 3255 2624 convenientissimus
3297 2567 3505 2618 sensus,
3534 2551 3597 2604 ad
3627 2561 3792 2605 trans-

2236 2649 2456 2704 latitiam
2493 2645 2801 2716 confugere,
2839 2660 2938 2700 nec
2965 2644 3227 2698 rationem
3256 2642 3420 2695 ullam
3452 2641 3644 2694 habere
3676 2656 3792 2695 con-

2237 2738 2572 2808 sequentium
2619 2751 2682 2789 ac
2727 2734 3187 2796 antecedentium;
3238 2731 3469 2801 primum
3514 2732 3692 2784 omnia
3737 2744 3791 2783 ex

2237 2829 2490 2885 omnibus
2531 2826 2822 2894 Scriptura:
2865 2824 2998 2880 locis
3039 2823 3306 2878 deducere
3348 2821 3528 2876 licebit
3549 2861 3565 2884 ,
3610 2819 3795 2874 deinde

2238 2921 2370 2976 nihil
2410 2921 2463 2974 in
2511 2918 2800 2986 Scriptura:
2844 2914 3287 2982 interpretatione
3328 2922 3534 2968 certum
3581 2911 3706 2972 erit,
3752 2918 3796 2962 es

2238 3011 2438 3079 quaevis
2463 3013 2766 3062 commenta
2786 3019 2850 3060 ex
2874 3018 2936 3058 ea
2963 3002 3180 3072 probari
3201 3009 3472 3070 poterunt.
3491 2999 3611 3055 Scio
3636 2998 3796 3054 Asbao

2159 3093 2206 3154 C
2236 3102 2441 3156 nasium
2471 3107 2524 3154 et
2566 3099 2701 3153 alios
2738 3096 2924 3151 Patres
2963 3094 3182 3149 Grmcos
3210 3108 3272 3147 ac
3312 3092 3526 3146 Latinos
3563 3091 3795 3146 similiter

2234 3193 2376 3247 hunc
2407 3192 2582 3245 locum
2611 3189 2965 3259 explicuisse;
2997 3187 3090 3242 sed
3127 3187 3170 3239 si
3203 3185 3369 3239 multo
3404 3185 3578 3252 plures
3603 3182 3794 3250 profer-

2232 3290 2438 3347 rentur,
2463 3295 2568 3334 non
2590 3280 2827 3334 efﬁceret
2846 3291 3030 3331 eorum
3053 3274 3340 3329 anetoritas
3363 3275 3420 3328 ut
3439 3288 3622 3327 omnes
3644 3284 3794 3326 recisi

2233 3369 2688 3439 interpretationis
2710 3368 2852 3436 leges
2869 3366 3277 3434 abrogarentur;
3294 3378 3414 3417 cum
3432 3372 3640 3417 constet
3661 3362 3795 3430 (quid

2231 3462 2374 3516 enim
2400 3475 2498 3515 nos
2522 3461 2607 3514 hic
2634 3456 2847 3514 mentiri
2877 3466 2966 3510 aut
2991 3455 3334 3510 dissimulare
3363 3455 3591 3524 cogat?),
3616 3468 3796 3521 prope-

2234 3550 2448 3604 modum
2481 3562 2668 3603 omnes
2700 3547 2976 3615 imperitos
3014 3545 3214 3599 eriticze
3254 3559 3423 3599 sacrte
3461 3554 3513 3598 et
3564 3543 3794 3597 infelices

2232 3641 2524 3709 Scriptura:
2565 3641 2884 3709 interpretes
2923 3639 3114 3704 fuisse,
3145 3639 3400 3707 quidquid
3437 3637 3678 3691 dictiteut
3714 3637 3794 3704 qui

2234 3747 2333 3786 nec
2361 3744 2478 3795 eos,
2508 3745 2604 3785 nec
2630 3731 2960 3800 Scripturam
2987 3739 3069 3783 sat
3093 3730 3331 3784 studiose
3361 3728 3625 3797 legerunt.

2306 3823 2470 3878 Ltuno
2497 3837 2623 3876 xvtt.
2652 3823 2782 3891 Cap.
2823 3824 2872 3876 1.
2903 3823 3134 3876 Faustus
3171 3823 3224 3874 in
3267 3822 3380 3875 haec
3409 3822 3567 3874 verba
3605 3819 3784 3871 Matth.

2233 3930 2288 3978 v,
2316 3913 2381 3966 12
2398 3932 2409 3965 :
2429 3913 2549 3966 Non
2567 3915 2675 3965 veni
2690 3913 2878 3966 solvere
2901 3914 3081 3981 legem,
3104 3913 3190 3966 sed
3228 3912 3524 3980 adimplere,
3547 3911 3622 3962 sic
3642 3909 3794 3961 stulte

2235 4005 2578 4059 ratiocinatur
2607 4020 2619 4055 :
2651 4003 2779 4067 Quis
2826 4004 2919 4055 hoc
2952 4013 3162 4056 testatur
3200 4003 3390 4054 dixisse
3428 3999 3638 4054 Iesum?
3665 3998 3793 4051 llat-

2236 4097 2418 4150 thteus.
2444 4095 2540 4150 Ubi
2554 4096 2756 4148 'dixisse
2777 4097 2801 4146 Ρ
2822 4093 2886 4147 In
2905 4104 3088 4147 monte.
3107 4094 3300 4158 Quibus
3318 4093 3640 4158 pra'sentibus
3658 4095 3682 4144 ἰ)
3702 4091 3792 4143 Pco

2197 4225 2204 4233 .
2237 4195 2336 4251 tro,
2358 4186 2584 4252 Andrea,
2607 4184 2799 4237 Iacobo
2824 4193 2871 4238 et
2886 4183 3436 4252 Joanne;quatuorhis
3460 4191 3672 4242 tantum,
3701 4197 3792 4233 ctr-

2239 4283 2374 4328 teros
2388 4276 2519 4327 enim
2543 4276 2756 4329 necdum
2777 4273 3014 4345 elegerat,
3041 4290 3132 4326 nec
3149 4275 3315 4341 ipsum
3335 4272 3387 4325 ,11
3394 4272 3654 4337 atthtrum,
3672 4267 3789 4338 etc.]

2237 4363 2325 4417 Sic
2377 4365 2790 4418 ratiocinabatur
2841 4362 3102 4427 Faustus,
3170 4363 3291 4431 quia
3347 4363 3604 4417 credebat
3663 4361 3788 4414 Mat-

562 4454 693 4507 lium
715 4469 864 4507 suum
895 4453 1128 4503 mitteret.
1159 4451 1294 4515 Quid
1333 4465 1454 4519 ergo
1500 4450 1686 4502 mirum
1724 4447 1769 4500 si
1808 4447 2132 4499 maledictum
2163 4445 2214 4504 D
2240 4453 2432 4507 ulmum
2467 4455 2707 4508 ordinem
2740 4456 2991 4521 temporis
3031 4454 3086 4507 in
3132 4468 3230 4507 sua
3273 4454 3582 4508 narratione
3616 4453 3788 4506 obs".

524 4616 530 4620 _
563 4543 676 4598 Deo
702 4543 837 4611 quod
875 4543 981 4595 odit
1017 4539 1186 4592 Deus?
1229 4540 1331 4595 Sed
1371 4541 1510 4608 apud
1541 4540 1736 4594 Mosem
1763 4539 1906 4590 nulla
1933 4539 2135 4606 peccati

563 4637 786 4701 mentio,
819 4647 992 4702 neque
1015 4629 1249 4698 cujusvis
1271 4630 1478 4693 mortis,
1503 4630 1598 4683 sed
1626 4638 1828 4682 tantum
1858 4629 2134 4683 cadaveris

562 4743 594 4781 e
615 4728 756 4795 ligno
787 4723 1099 4794 pendentis;
1133 4719 1274 4788 quod
1304 4732 1422 4772 esse
1447 4733 1558 4772 rem
1596 4731 1936 4785 summopere
1965 4717 2135 4784 pollu-

566 4829 674 4872 tam
698 4818 855 4872 docet
884 4816 1077 4870 Moses.
1111 4810 1245 4866 Vide
1274 4810 1338 4864 ad
1367 4824 1488 4865 eum
1518 4809 1691 4863 locum
1723 4808 1980 4863 Joannem
2014 4810 2135 4866 Cle-

564 4908 754 4960 ricum.

637 4995 798 5047 Ltano
826 5009 935 5047 xVI.
988 4994 1118 5062 Cap.
1149 4993 1240 5046 22.
1270 4991 1407 5046 Hine
1438 5000 1516 5044 est
1546 5001 1592 5044 et
1627 4991 1754 5044 illud
1793 4995 1939 5063 cujus
1973 4991 2134 5046 ambi-

567 5084 756 5154 gui-tate
783 5081 1006 5134 Faustus
1027 5085 1227 5149 fallitur
1244 5099 1263 5136 :
1285 5083 1500 5138 Videbis
1527 5083 1686 5136 vitam
1729 5091 1872 5136 tuam
1901 5084 2135 5150 penden-

565 5187 692 5239 tem,
733 5183 784 5226 et
823 5186 930 5224 non
966 5173 1153 5225 credes
1193 5175 1314 5226 vita:
1359 5185 1481 5228 tum.
1529 5176 1655 5240 Qua:
1699 5176 1852 5228 verba
1896 5183 1942 5227 et
1987 5177 2132 5227 aliter

528 5313 532 5318 .
564 5280 706 5334 posse
736 5261 949 5328 intelligi
994 5270 1153 5326 potest
1189 5261 1368 5327 aliquis
1405 5265 1588 5328 dicere,
1636 5266 1698 5316 de
1729 5263 1930 5317 Christo
1965 5275 2131 5317 autem

563 5375 662 5410 non
697 5371 839 5425 posse
874 5351 1110 5419 intelligi,
1150 5368 1239 5405 nec
1269 5350 1496 5406 Faustus
1518 5371 1674 5407 ausus
1709 5344 1782 5408 est
1813 5356 2001 5418 dicrre,
2042 5372 2130 5408 nec

563 5451 827 5516 quisquam
857 5460 1066 5516 prorsus
1097 5445 1323 5510 audebit,
1349 5445 1442 5496 nisi
1467 5445 1552 5512 qui
1591 5447 1840 5512 negaurit
1863 5455 1949 5498 aut
1980 5446 2133 5499 Chri-

564 5547 696 5590 stum
725 5559 825 5593 esse
853 5542 1031 5604 vitam,
1070 5548 1155 5589 aut
1186 5556 1215 5590 (ι
1243 5537 1439 5589 Judtris
1470 5537 1629 5588 visum
1669 5554 1775 5590 esse
1815 5539 2131 5604 pendentem,

566 5637 650 5675 aut
676 5647 754 5682 eos
785 5634 861 5684 illi
885 5650 983 5684 non
1015 5633 1304 5685 credidisse.
1329 5631 1454 5684 Cum
1489 5645 1599 5682 vero
1623 5638 1668 5680 et
1692 5630 1796 5698 ipse
1821 5631 1958 5682 dicat
1988 5647 1999 5680 :
2028 5633 2134 5697 Ego

2238 4559 2430 4612 vasse,
2480 4545 2619 4613 quod
2671 4544 2738 4597 ab
2789 4559 2855 4598 eo
2903 4559 3010 4597 non
3054 4543 3250 4597 factum
3297 4557 3418 4597 esse
3474 4543 3699 4598 ostendit
3737 4541 3784 4591 in

2238 4651 2329 4689 sua
2362 4636 2672 4702 Evangelica
2705 4637 2989 4689 Harmonia
3030 4635 3266 4689 Joannes
3287 4635 3558 4689 Clericus:
3591 4652 3653 4690 ex
3691 4647 3786 4701 qua

2240 4724 2426 4792 liquet,
2470 4739 2574 4778 non
2620 4725 2928 4778 Mattlizeum
2961 4735 3182 4789 tantum,
3212 4725 3303 4779 sed
3335 4735 3385 4778 et
3426 4726 3661 4795 reliquos
3686 4737 3781 4776 om-

2241 4832 2337 4870 nes
2375 4817 2645 4882 apostolos
2674 4831 2738 4870 eo
2769 4829 3008 4885 tempore
3048 4818 3158 4884 jam
3199 4815 3362 4869 fuisse
3390 4815 3614 4880 electos,
3647 4825 3783 4883 atque

2242 4921 2548 4960 sermonem
2581 4922 2610 4959 e
2642 4917 2822 4960 monte
2869 4906 3104 4958 habitum
3145 4905 3437 4959 audivisse.
3469 4905 3597 4959 Eam
3635 4904 3777 4963 adito,

2205 5039 2217 5042 ..
2241 4996 2284 5050 si
2317 4997 2446 5049 tanti
2476 5005 2578 5050 est.
2609 4995 2772 5049 Miror
2802 4995 3155 5063 Augustinum
3202 4995 3304 5046 hoc
3332 5009 3435 5046 non
3480 4994 3774 5062 reposuisse.

2211 5139 2214 5144 .
2240 5102 2360 5142 cum
2391 5089 2676 5154 cteteroqui
2703 5086 2876 5140 futiles
2907 5085 3082 5138 Fausti
3114 5084 3350 5152 argutias
3371 5099 3482 5136 non
3515 5084 3647 5139 male
3668 5094 3779 5133 ron-

2211 5233 2216 5240 ,
2241 5177 2391 5230 lutet.
2415 5176 2528 5229 Non
2558 5175 2730 5228 solum
2754 5185 2929 5228 tamen
2952 5175 3229 5238 Faustum,
3256 5174 3346 5228 sed
3373 5184 3428 5227 et
3446 5175 3581 5227 alios
3609 5171 3776 5226 multos

2241 5267 2369 5334 fugit
2390 5264 2500 5317 hare
2523 5265 2845 5331 observatio,
2871 5274 2924 5318 et
2942 5266 2992 5317 in
3013 5264 3296 5318 nonnullos
3318 5279 3532 5319 errores
3552 5259 3774 5329 conjecit.

2309 5358 2468 5410 Ltnuo
2497 5370 2626 5408 xxtt.
2658 5357 2788 5423 Cap.
2818 5357 2907 5410 55.
2946 5353 3072 5409 Cum
3119 5356 3274 5426 igitur
3302 5355 3558 5408 Abraham
3584 5370 3635 5406 eo
3666 5361 3778 5402 tem-

2237 5465 2358 5517 pore
2373 5449 2576 5512 viveret,
2594 5449 2645 5500 in
2660 5447 2803 5500 rebus
2825 5448 3081 5510 humanis,
3099 5462 3193 5514 quo
3206 5446 3412 5514 quidem
3424 5449 3532 5515 jam
3543 5447 3708 5513 fratres
3720 5453 3776 5489 ex

2234 5551 2468 5607 utroque,
2489 5548 2650 5592 autem
2670 5541 2849 5602 altera,
2869 5537 2946 5592 vel
2969 5541 3128 5591 altera
3151 5548 3358 5605 parente
3375 5545 3515 5589 natos
3531 5533 3646 5587 necti
3657 5545 3772 5580 con-

2219 5633 2374 5700 .jugio
2404 5649 2502 5686 non
2525 5632 2709 5686 licebat
2735 5651 2753 5699 ,-
2779 5632 2914 5700 ﬁlios
2952 5648 3066 5686 vero
3094 5635 3306 5701 {ratium
3340 5631 3560 5699 aliosque
3592 5624 3778 5690 longin-
