3900 6316
154 307 267 364 517

836 300 1190 358 VARIORUM
1230 298 1820 357 EXERCITATIONES
1894 298 1957 353 IN
1998 300 2054 355 S.
2096 301 2467 359 AUGUSTINI
2492 305 2762 377 _U{’ERA.

3295 314 3403 374 518

158 423 338 492 quiore
355 420 522 492 gradu
538 418 730 487 generis
746 417 1169 488 consanguineos,
1184 414 1467 482 nullalege,
1482 413 1625 465 nulla
1635 428 1726 482 po.
1752 413 1806 473 Α
1831 412 1973 466 nium
1998 412 2427 469 Christianorum
2448 418 2750 486 suspectius
2774 432 2895 474 esse
2916 436 3020 476 non
3045 433 3221 492 potest
3239 443 3400 498 quam

157 518 339 565 testate
358 508 608 579 prohibita
620 507 929 560 consuetudo
939 505 1211 575 jungebat,
1229 504 1354 573 quid
1374 502 1563 554 mirum
1583 502 1629 554 si
1648 517 1734 553 so-

157 616 328 653 rorem
343 615 508 663 suam,
527 599 581 650 id
602 606 695 662 est,
715 613 777 650 ea:
797 598 957 667 patris
966 596 1212 665 sanguine
1238 604 1552 664 procreatam
1579 593 1736 647 habe—

156 690 241 741 bat
267 689 512 741 uxorem?
539 686 677 739 Nam
699 685 795 739 hoc
824 687 932 756 ipse
955 686 1183 738 reddenti
1212 685 1308 737 sibi
1334 700 1446 738 eam
1475 686 1581 753 regi
1602 683 1733 739 dixit

156 780 222 831 de
251 787 398 845 patre
423 792 528 830 esse
547 791 791 841 sororem,
818 791 918 828 non
945 777 1007 828 de
1034 774 1238 846 matre.]
1262 774 1365 829 Sed
1392 789 1497 829 non
1530 784 1734 829 tantum

155 882 386 919 sororem
415 876 593 930 vocat,
641 864 782 933 quod
825 863 1128 932 ambiguum
1168 878 1287 918 esse
1320 865 1508 932 potuit,
1554 864 1646 918 sed
1672 865 1736 931 li-

157 956 288 1008 liam
315 958 499 1024 patris,
543 970 643 1009 non
683 972 798 1007 uero
840 957 1039 1019 matris,
1066 954 1200 1009 Gen.
1231 971 1320 1021 xx,
1346 953 1414 1009 ιε
1443 971 1508 1011 ex
1540 970 1644 1025 quo
1673 955 1737 1008 Ii-

158 1054 295 1113 quet
324 1048 539 1114 praprie
570 1045 671 1098 hoc
697 1044 835 1099 esse‘
864 1045 1286 1114 intelligendum.
1309 1045 1387 1099 Ac
1415 1059 1547 1099 sane
1592 1045 1735 1099 nulla

158 1146 247 1191 cst
280 1137 505 1191 historia
529 1152 647 1205 quae
680 1152 777 1190 nos
806 1135 995 1190 doceat
1022 1149 1088 1190 eo
1117 1143 1381 1205 tempore,
1412 1135 1550 1205 apud
1576 1133 1738 1189 Chal-

154 1224 334 1290 daeos,
372 1226 555 1278 illicita
607 1225 772 1278 fuisse
815 1223 1036 1277 fratrum
1076 1234 1130 1278 et
1173 1238 1419 1278 sororum
1458 1224 1733 1293 conjugis;

154 1313 413 1379 quamvis
474 1312 576 1365 hoc
627 1311 861 1365 affirmet
899 1311 1248 1380 Augustinus.
1307 1311 1508 1366 Eadem
1558 1322 1738 1365 tamen

152 1416 381 1471 quoque
418 1400 518 1454 fuit
562 1400 824 1454 sententia
857 1399 1159 1468 Epiphanii,
1190 1400 1331 1469 quod
1366 1410 1591 1454 testatur
1614 1400 1738 1453 Ha:-

157 1490 274 1544 resi
300 1491 397 1554 59,
436 1505 584 1543 num.
613 1491 667 1551 7,
695 1500 749 1543 et
769 1489 1077 1559 Hieronymi
1104 1491 1155 1543 in
1183 1489 1321 1545 Ilbro
1343 1496 1537 1545 contra
1558 1490 1739 1545 Helvi-

156 1580 331 1632 dium.
379 1580 447 1632 At
488 1586 681 1632 neuter
720 1578 829 1632 ulla
868 1587 1014 1633 certa
1064 1578 1262 1645 profert
1290 1578 1406 1646 ejus
1455 1579 1530 1632 rei
1576 1593 1738 1648 argu-

154 1676 366 1731 menta,
401 1682 518 1736 quae
548 1668 729 1720 notior
758 1666 836 1720 eis
864 1681 984 1721 esse
1023 1682 1180 1735 quam
1222 1667 1376 1721 nobis
1406 1682 1511 1719 non
1544 1667 1735 1735 potuit.

1811 504 2155 570 scriptorum
2176 504 2534 573 ethnicorum,
2563 509 2651 577 qui
2680 523 2889 563 summo
2915 526 3179 569 consensu
3205 526 3406 573 testan-

1834 600 1922 645 tur
1954 592 2230 648 lEneidem
2259 609 2378 649 esse
2409 595 2574 651 fetum
2606 608 2780 667 poetae
2812 599 3052 669 Augusto
3080 606 3318 673 aequalis,
3350 617 3406 662 et

1833 695 2059 750 quorum
2084 684 2391 739 testimonio
2414 686 2584 757 stylus
2603 698 2656 742 et
2682 690 2985 757 praestantia
3013 694 3271 759 poematis
3292 710 3402 747 ma-

1834 771 2037 825 ximum
2095 774 2301 838 pondus
2346 774 2568 830 addunt.
2617 777 2783 848 Igitur
2829 780 3077 835 audiendi
3128 799 3233 837 nou
3279 794 3407 838 sunt

1811 860 1943 936 qui,
1978 862 2095 915 sine
2130 862 2252 916 ullis
2285 866 2610 933 argumentis
2654 867 2873 933 criticis,
2919 869 3009 922 diu
3040 878 3158 937 post
3186 883 3406 939 aposto-

1835 950 2011 1003 lorum
2054 959 2314 1019 tcmpora,
2359 953 2519 1008 libros
2560 970 2742 1009 eorum
2798 958 2848 1010 in
2895 957 3111 1011 dubium
3150 975 3406 1015 revocare

1836 1044 2070 1108 aggressi
2100 1048 2245 1105 sunt,
2279 1051 2334 1095 ut
2359 1045 2675 1097 commentis
2705 1046 2816 1099 suis
2834 1047 3154 1103 contrarios.

1907 1129 2042 1184 Ibid.
2077 1131 2236 1194 Quasi
2265 1146 2380 1184 vero
2409 1140 2454 1185 et
2493 1133 2546 1184 in
2575 1133 2757 1186 litteris
2789 1134 3121 1188 secularibus
3162 1151 3261 1187 non
3288 1135 3404 1203 fue-

1834 1219 1941 1273 rint
1971 1218 2074 1289 (sic
2112 1219 2391 1288 legendum
2432 1220 2604 1288 potius
2649 1237 2808 1290 quam
2858 1222 3088 1290 fuerunt)
3142 1225 3408 1276 certissimi

1836 1317 2094 1373 auctores,
2134 1307 2228 1360 sub
2256 1324 2473 1378 quorum
2508 1310 2796 1363 nominibus
2825 1311 2985 1363 multa
3012 1320 3182 1379 postea
3207 1311 3408 1380 prolata

1838 1407 1956 1451 sunt
1981 1408 2030 1451 et
2065 1399 2179 1452 ideo
2208 1400 2513 1470 repudiata;
2541 1401 2663 1462 quia
2690 1400 2767 1453 vel
2809 1400 2888 1453 liis
2913 1416 3024 1466 qua:
3052 1401 3275 1469 ipsorum
3301 1416 3409 1454 esse

1837 1496 2108 1551 constaret,
2142 1488 2347 1541 minime
2373 1498 2735 1559 congruerunt,
2761 1489 2838 1541 vel
2866 1504 2924 1543 eo
2950 1498 3174 1556 tempore
3202 1505 3301 1556 quo
3328 1489 3407 1541 illi

1814 1577 2153 1644 scripserint,
2186 1592 2504 1645 nequaquam
2541 1579 2856 1631 innotesccre
2873 1588 2920 1630 et
2941 1594 3031 1646 per
3059 1579 3197 1647 ipsos
3232 1580 3309 1632 vel
3329 1580 3410 1648 fa-

1838 1663 2212 1739 miliarissimos
2240 1680 2415 1741 eorum
2442 1666 2493 1716 in
2532 1675 2759 1733 posteros
2786 1666 2933 1734 prodi
2967 1670 3411 1736 commcndarique

154 1758 548 1826 Hieronymum
570 1756 991 1810 videturtemere
1017 1765 1350 1811 secutusesse
1372 1758 1724 1825 Augustinus.
1765 1758 1813 1817 B
1837 1751 2175 1824 meruerunt.]
2193 1754 2347 1808 Hisce
2359 1754 2488 1807 nihil
2508 1764 2815 1823 potestesse
2828 1758 3199 1830 κριτικὼτερον.
3218 1757 3409 1809 Exom-

223 1845 401 1898 Lmno
438 1859 625 1897 χχχιιι.
670 1844 799 1913 Cap.
833 1844 885 1897 6.
920 1843 1026 1898 Sed
1054 1845 1176 1912 quid
1212 1845 1351 1898 vobis
1394 1846 1581 1913 faciant
1621 1845 1639 1914 (
1659 1845 1737 1899 al-

152 1934 394 2003 loquitur
441 1933 794 2000 Manicbaeos,
837 1934 926 2002 qui
971 1934 1174 1989 Veteris
1221 1935 1549 1989 Testamenti
1592 1934 1739 1989 Scri-

153 2034 348 2096 pturas
390 2039 610 2093 prorsus
652 2025 983 2093 rejiciebant,
1026 2023 1157 2078 Novi
1207 2024 1422 2078 falsatas
1450 2039 1572 2080 esse
1602 2040 1735 2079 con-

152 2112 514 2183 tendebant),
549 2130 672 2182 quos
701 2123 876 2168 contra
916 2115 1205 2169 testimonia
1246 2114 1636 2185 Scripturarum
1664 2116 1738 2169 ita

152 2206 501 2275 obsurdefecit
538 2206 799 2273 iniquitas,
842 2212 898 2257 ut
927 2204 1173 2273 quidquid
1205 2205 1470 2258 adversum
1507 2220 1593 2257 eos
1617 2204 1738 2257 inde

157 2296 431 2365 prolatum
469 2298 620 2365 fuerit
667 2313 768 2350 non
801 2312 907 2350 esse
935 2296 1128 2350 dictum
1171 2296 1235 2349 ab
1276 2297 1542 2366 Apostolo,
1573 2297 1663 2350 sed
1705 2314 1738 2350 a

157 2388 449 2454 nescioquo
467 2385 700 2454 falsario,
716 2385 809 2439 sub
829 2386 942 2456 ejus
959 2386 1157 2439 nomine
1182 2390 1423 2455 scriptum
1444 2401 1549 2439 esse
1569 2385 1738 2438 dicere

151 2477 397 2528 audeatis
413 2474 623 2545 ?]Nibil
672 2474 904 2544 iniquius
945 2489 1008 2529 ac
1036 2474 1322 2529 absurdius
1353 2475 1478 2543 fingi
1525 2481 1734 2543 poterat

152 2578 318 2636 quam
362 2565 503 2635 quod
547 2564 813 2620 faciebant
858 2565 1166 2630 Manichtei;
1197 2565 1310 2634 qui,
1353 2566 1501 2620 nullo
1541 2566 1736 2621 critico

152 2666 475 2727 argumento
512 2655 649 2722 nixi,
683 2656 775 2711 sed
817 2664 1023 2711 tantum
1052 2654 1376 2725 pmjudiciis
1416 2655 1586 2723 iisque
1613 2668 1737 2723 per-

151 2746 412 2800 absurdis
436 2746 712 2810 obcaecati,
744 2744 933 2800 falsata
964 2758 1084 2799 esse
1123 2742 1374 2798 dicebant
1406 2757 1738 2813 quaicunque

152 2848 312 2895 erant
344 2840 399 2893 in
427 2839 802 2907 Apostolorum
840 2836 1054 2905 scriptis
1083 2835 1323 2905 ipsorum
1353 2835 1561 2903 placitis
1603 2849 1737 2890 cou-

151 2930 345 2985 traria.
375 2928 563 2982 Merito
592 2927 920 2997 Augustinus
942 2926 1079 2980 hanc
1102 2926 1209 2979 illis
1237 2925 1421 2994 objicit
1450 2926 1737 2979 ratiocina-

150 3020 360 3074 tionem
399 3018 492 3072 lib.
525 3033 652 3072 xxrv
679 3034 692 3071 :
716 3015 783 3071 In
823 3017 1177 3084 apostolorum
1208 3017 1390 3070 litteris
1416 3017 1553 3085 quod
1590 3016 1734 3069 volu-

1839 1844 1984 1911 plum
2031 1843 2293 1898 habemus
2336 1845 2509 1913 ipsum
2550 1845 2927 1912 Augustinum,
2976 1847 3127 1914 cujus
3166 1848 3410 1927 genuinis

1836 1933 2088 2002 operibus
2116 1933 2345 1988 admista
2375 1943 2525 1989 erant
2565 1935 2775 1988 saeculis
2816 1935 3061 1989 barbaris
3098 1935 3261 1989 multa
3284 1950 3412 2005 sup-

1837 2022 2074 2090 posititia
2102 2038 2118 2086 ;
2152 2037 2270 2092 quas
2295 2022 2504 2078 Erasini
2541 2023 2813 2093 diligentia
2841 2025 3054 2093 quidem
3079 2026 3290 2095 partim,
3314 2026 3410 2081 sed

1816 2111 2204 2183 _Lovanieuses
2244 2113 2542 2187 praesertim
2574 2130 2636 2168 ac
2678 2116 3003 2170 Benedictini
3047 2116 3186 2171 tribu
3215 2119 3411 2174 merito

1837 2213 2146 2270 moverunt,
2199 2202 2365 2269 adjuti
2395 2203 2630 2258 indiculo
2657 2219 2878 2274 operum
2914 2207 3272 2276 Hipponensis
3296 2210 3411 2278 epi—

1836 2293 1981 2361 SCOpi
2011 2307 2043 2345 a
2074 2292 2312 2347 Possidio
2347 2292 2667 2358 Calamensi.
2699 2298 2870 2351 amico
2901 2297 3016 2364 ejus
3044 2312 3108 2352 ac
3147 2299 3411 2366 discipulo

1836 2384 2165 2450 conscripto,
2193 2392 2247 2436 et
2268 2397 2422 2451 quem
2443 2383 2677 2438 Joannes
2702 2383 3039 2439 Vlimmerius
3068 2386 3270 2454 primus
3297 2389 3412 2441 edi-

1836 2471 1934 2527 dit.
1960 2473 2094 2527 Hinc
2116 2473 2279 2526 multa
2301 2473 2451 2540 quasi
2477 2473 2755 2543 Augustini
2784 2473 3016 2540 laudata,
3040 2477 3410 2545 superioribus

1838 2561 2069 2625 saeculis,
2122 2563 2317 2615 merito
2361 2573 2546 2629 postea
2587 2563 2785 2630 rejecta
2836 2572 2980 2629 sunt,
3020 2574 3074 2618 et
3103 2566 3410 2620 auctoribus

1812 2649 2197 2725 'Benedictinis
2230 2649 2348 2718 jure
2376 2650 2595 2718 posthac
2624 2652 2949 2719 rejicientur.
2993 2654 3142 2715 Quod
3184 2670 3304 2707 cum
3336 2657 3408 2709 ita

1837 2738 1927 2802 sit,
1970 2736 2158 2791 obelus
2199 2736 2417 2791 criticus
2445 2738 2546 2791 erit
2587 2740 2932 2807 apponendus
2962 2740 3144 2794 multis
3182 2742 3313 2795 locis
3342 2758 3408 2797 ex

1838 2830 1905 2884 iis
1942 2827 2215 2895 opusculis
2262 2828 2503 2896 prolatis,
2551 2828 2619 2883 ab
2666 2829 2730 2882 lis
2772 2829 2863 2899 qui
2910 2830 2977 2885 de
3024 2828 3410 2889 controversiis

1840 2917 2152 2986 theologicis
2192 2919 2559 2986 superioribus
2589 2920 2801 2973 saeculis
2826 2922 3176 2990 scripserunt.
3212 2924 3411 2989 Quam-

1839 3008 2026 3062 ohrem
2056 3008 2169 3062 veri
2197 3019 2440 3063 amantes
2468 3011 2669 3079 gratias
2707 3012 3069 3068 Benedictinis
3095 3014 3291 3072 habere
3317 3017 3410 3074 dc-

150 3125 270 3162 mus
298 3124 475 3162 verum
518 3117 613 3173 est,
643 3107 778 3177 quod
804 3107 1042 3160 nolumus
1074 3107 1265 3175 falsum
1295 3115 1400 3170 est;
1430 3121 1533 3174 qua
1562 3106 1737 3174 impu-
1763 3102 1809 3165 C
1839 3096 1990 3162 bent,
2018 3111 2150 3164 quas
2172 3113 2267 3151 nos
2294 3098 2383 3152 hic
2411 3099 2476 3153 iis
2502 3099 2731 3156 libenter
2756 3103 2983 3171 agimus.

150 3199 381 3254 dentius
408 3212 471 3251 ac
510 3198 723 3252 stultius
769 3195 901 3250 nihil
929 3196 1220 3265 excogitari
1254 3195 1445 3264 potuit.
1477 3194 1734 3263 Suspicor
1812 3248 1815 3273 ρ

1812 3275 1941 3353 “dici
1971 3275 2274 3329 nobilissimi
2317 3278 2542 3347 nomine,
2567 3280 2774 3349 quidam
2804 3281 2922 3335 libri
2942 3284 3129 3350 prolati
3154 3287 3206 3339 in
3233 3297 3411 3345 aucto.

150 3304 293 3344 sane
315 3288 581 3353 homines,
625 3286 670 3341 si
696 3285 811 3341 ausi
839 3285 1082 3351 fuissent,
1109 3286 1406 3353 rejecturos
1430 3284 1594 3340 fuisse
1619 3299 1736 3339 om-

148 3393 288 3434 nem
304 3376 656 3446 Scripturam,
683 3386 788 3430 tam
811 3374 942 3429 Novi
969 3390 1126 3444 quam
1153 3374 1361 3429 Veteris
1376 3362 1733 3437 Testamenti;

151 3470 256 3525 sed
291 3469 415 3537 quia
447 3481 666 3522 numero
694 3465 1120 3520 Christianorum
1148 3466 1354 3519 censeri
1381 3465 1651 3529 volebant,
1681 3464 1734 3518 in

149 3558 426 3615 absurdus
450 3556 783 3624 conjecturas
806 3569 925 3610 esse
954 3554 1221 3623 delapsos.

220 3646 371 3702 Ibid.
405 3645 484 3699 De
519 3660 617 3714 quo
654 3644 781 3697 libro
808 3654 995 3697 certum
1040 3645 1137 3697 erit
1165 3646 1315 3713 cujus
1345 3643 1432 3709 sit,
1476 3642 1521 3695 si
1556 3643 1735 3696 littera:

148 3753 290 3805 quas
313 3733 657 3803 apostolorum
685 3734 805 3786 dicit
842 3741 888 3786 et
934 3741 1066 3786 tenet
1096 3731 1326 3786 Ecclesia
1367 3731 1429 3784 ab
1450 3733 1574 3802 ipsis
1608 3748 1735 3798 apo-

147 3826 309 3881 stolis
337 3834 636 3893 propagata,
673 3832 718 3876 et
748 3838 836 3891 per
874 3839 1045 3876 omnes
1078 3833 1249 3893 gentes
1281 3830 1424 3875 tanta
1465 3822 1736 3876 eminentia

147 3916 450 3977 declarata,
478 3924 643 3967 utrum
669 3912 1016 3980 apostolorum
1048 3913 1148 3965 sint
1170 3913 1413 3965 incertum
1439 3921 1543 3975 est;
1573 3913 1735 3966 ethoc

147 4010 252 4061 erit
302 4013 495 4057 certum
537 4003 797 4071 scripsisse
838 4003 1118 4071 apostolos,
1166 4001 1305 4071 quod
1332 4000 1451 4053 huic
1494 4002 1735 4056 Ecclesia:

146 4095 410 4150 contrarii
417 4094 639 4147 hwretici
652 4093 917 4165 proferunt
929 4102 1195 4146 auctorum
1215 4108 1427 4146 suorum
1447 4092 1734 4146 nominibus

148 4184 434 4257 appellati,
471 4184 617 4252 longe
643 4191 753 4252 post
781 4182 1053 4250 apostolos,
1083 4180 1409 4234 existentium
1431 4178 1476 4249 ?]
1522 4180 1736 4249 Optime

145 4290 316 4331 sane.
352 4273 488 4328 Cum
524 4274 666 4327 enim
720 4272 997 4326 videamus
1033 4270 1317 4339 plerosque
1350 4284 1537 4325 omnes
1575 4270 1733 4324 Chri-

146 4372 391 4433 stianos,
436 4365 595 4420 abiis
644 4379 810 4434 usque
838 4364 925 4434 qui
969 4358 1214 4433 proxime
1251 4364 1563 4431 apostolicae
1590 4362 1733 4417 artati

1910 3186 2045 3241 Ibid.
2074 3186 2283 3251 Nonne,
2304 3197 2361 3241 ut
2387 3189 2517 3242 alios
2546 3191 2797 3260 omittam,
2818 3193 2912 3245 sub
2941 3193 3273 3264 Hippocratis
3302 3198 3412 3254 nie-

1826 3367 2040 3447 _ritatem
2078 3382 2109 3417 a
2157 3368 2366 3420 medicis
2395 3384 2497 3420 non
2531 3372 2725 3438 recepti
2755 3371 2909 3424 sunt?
2936 3371 3048 3426 Nec
3084 3390 3170 3428 eos
3212 3379 3411 3448 adjuvit

1836 3458 2085 3509 nonnulla
2104 3458 2387 3510 similitudo
2399 3474 2568 3511 rerum
2589 3471 2736 3527 atque
2750 3461 3032 3529 uerborum,
3047 3467 3251 3532 quando
3267 3484 3409 3522 com-

1836 3549 2005 3617 parati
2030 3549 2102 3601 eis
2126 3564 2251 3615 quos
2277 3564 2389 3602 vere
2410 3548 2740 3618 Hippocratis
2756 3566 2862 3603 esse
2885 3533 3154 3631 constaret,
3188 3557 3410 3625 impares

1827 3637 2056 3709 judicati
2097 3647 2251 3701 sunt;
2281 3646 2328 3690 et
2366 3638 2501 3705 quod
2544 3638 2609 3690 ab
2640 3655 2697 3692 eo
2744 3647 2968 3707 tempore
2994 3658 3094 3711 quo
3131 3652 3179 3697 et
3222 3655 3407 3700 cetera

1818 3725 2022 3803 scripta
2047 3725 2159 3791 eius
2188 3741 2289 3778 non
2317 3726 2646 3780 innotuerunt
2669 3728 2806 3798 quod
2823 3743 2935 3784 vere
2954 3736 3065 3802 ejus
3092 3734 3301 3806 essent.]
3330 3736 3407 3793 Dc

1812 3814 2035 3893 criticis
2063 3830 2281 3884 Operam
2308 3816 2644 3884 Hippocratis
2666 3817 2933 3888 variisque
2962 3835 3147 3876 eorum
3168 3825 3407 3892 judiciis,

1836 3906 2112 3961 adeundus
2156 3908 2397 3963 medicus
2439 3908 2680 3963 eruditus
2709 3910 2891 3965 Daniel
2932 3912 3194 3985 Clericus,
3226 3915 3280 3971 in
3308 3918 3407 3973 Hi-

1816 3984 1999 4063 istoria
2017 3996 2313 4062 Medicina,
2338 3996 2542 4053 Gallico
2562 4014 2812 4056 sermone
2838 4005 3160 4074 conscripta,
3191 4017 3243 4063 et
3264 4010 3407 4067 edita

1834 4087 2215 4142 Amstelodami
2239 4103 2381 4143 anno
2406 4089 2654 4156 clalaccr,
2693 4101 2844 4161 parte
2876 4094 2929 4157 l,
2959 4094 3054 4149 lib.
3080 4096 3134 4160 5,
3164 4113 3283 4169 cap.
3311 4102 3400 4158 50.

1838 4182 2233 4237 Dissimilitudo
2259 4185 2581 4251 scriptorum
2622 4184 2798 4241 ell'ecit
2824 4195 2885 4242 ut
2924 4203 2989 4243 ex
3021 4189 3185 4259 ipsius
3224 4197 3408 4264 Augu-

1836 4271 1963 4325 stini
1989 4271 2240 4340 operibus
2269 4272 2535 4326 innumeri
2565 4272 2726 4328 libelli
2768 4274 3109 4344 ejicerentur,
3148 4280 3235 4346 qui
3266 4297 3407 4338 nunc

1837 4360 1903 4414 ad
1954 4361 2152 4415 calcem
2208 4360 2545 4428 singulorum
2595 4362 2923 4420 voluminum
2983 4367 3405 4435 conspiciuntur.

146 4466 564 4521 successerunt,
595 4472 698 4510 una
732 4470 863 4511 voce
901 4454 1170 4509 affirmare
1198 4454 1335 4522 haec,
1370 4455 1553 4524 paucis
1574 4468 1735 4509 exce-
1759 4446 1812 4506 D
1840 4450 1981 4506 Idem
2003 4451 2134 4506 etin
2160 4450 2290 4521 ,aliis
2315 4450 2562 4508 Patribus
2594 4450 2796 4511 Grmcis
2821 4464 2878 4512 et
2904 4456 3108 4513 Latinis
3138 4458 3256 4513 ﬁeri
3294 4473 3406 4517 cce-

146 4556 294 4622 ptis,
322 4550 609 4618 apostolica
648 4563 770 4604 esse
810 4548 1004 4615 scripta
1029 4562 1043 4611 ;
1068 4561 1173 4600 nou
1196 4555 1280 4600 est
1319 4561 1416 4601 cur
1451 4546 1732 4615 quisquam

146 4643 216 4695 de
280 4639 494 4691 illorum
533 4636 837 4691 testimonio
864 4635 1092 4699 dubitet,
1141 4636 1186 4688 si
1215 4632 1374 4688 modo
1402 4633 1457 4687 in
1484 4634 1548 4689 iis
1585 4633 1733 4688 libris
1813 4696 1819 4703 ,

149 4730 301 4786 nihil
338 4729 410 4783 sit
445 4726 587 4796 quod
623 4734 768 4781 recta
799 4726 934 4780 ratio
982 4724 1256 4794 indignum
1285 4740 1406 4779 esse
1432 4724 1624 4793 spiritu
1646 4723 1730 4778 di-

147 4825 291 4875 vino
316 4817 662 4870 demonstret.
703 4813 818 4867 iam
844 4823 1023 4868 autem
1050 4828 1208 4867 nemo
1234 4828 1347 4878 eos,
1392 4815 1481 4882 qui
1512 4828 1617 4867 non
1650 4814 1730 4866 fa-

148 4919 286 4964 tuus
326 4909 399 4960 sit
431 4914 521 4958 aut
543 4918 705 4973 pravo
734 4903 1146 4971 ingenio,libros
1180 4904 1350 4970 leget,
1380 4902 1510 4971 quin
1532 4903 1734 4971 dignis-

148 5002 331 5053 simos
370 5010 489 5050 esse
528 5011 619 5051 eos
650 4993 952 5048 auctoribus
992 4993 1185 5061 quibus
1225 4992 1547 5056 tribuuntur,
1577 4992 1731 5045 viris-
1771 5029 1775 5032 μ

150 5105 261 5158 que
298 5103 327 5139 a
370 5086 479 5139 Dco
526 5085 723 5149 missis,
754 5098 855 5136 non
895 5084 1115 5149 judicet.
1150 5082 1205 5135 In
1265 5081 1328 5134 iis
1366 5081 1522 5135 etiam
1554 5080 1731 5134 divina

151 5178 411 5247 quaedam
442 5173 756 5242 simplicitas
781 5188 843 5225 ac
867 5173 1145 5227 sinceritas
1172 5172 1324 5236 nitet,
1357 5186 1476 5240 qua:
1508 5186 1624 5224 cum
1649 5184 1735 5224 sc—

152 5267 443 5335 qucntium
472 5264 785 5318 sceculorutn
820 5263 1084 5330 figmentis
1110 5262 1484 5330 ac‘pigmcntis
1516 5261 1735 5313 minime

154 5357 462 5421 consentit;
508 5363 566 5409 ut
595 5355 746 5408 facile
778 5355 1044 5421 intelligas
1088 5368 1148 5406 ea
1182 5368 1301 5407 esse
1344 5354 1644 5421 antiquiora
1679 5361 1733 5405 ct

156 5450 401 5516 profecta
448 5447 516 5500 ab
559 5460 744 5499 eorum
791 5443 1033 5497 manibus
1081 5443 1272 5513 quibus
1314 5442 1518 5497 similes
1560 5442 1731 5495 ιιιιιιμε

156 5552 345 5606 postea
394 5538 558 5590 fuisse
581 5536 843 5590 videmus.
875 5535 1039 5604 Igitur
1068 5550 1186 5588 cum
1232 5534 1433 5586 nullum
1464 5533 1555 5599 sit,
1591 5535 1641 5587 iu
1673 5549 1729 5613 rc

166 5645 294 5696 psa,
324 5628 407 5682 vel
446 5626 718 5681 minimum
746 5624 1123 5694 suppositionis
1152 5623 1400 5677 indicium
1426 5638 1440 5690 ;
1476 5624 1724 5677 tcstim0~

1837 4550 1984 4610 ptum
2009 4549 2113 4596 est.
2224 4583 2233 4590 .
2513 4600 2517 4606 τ

1908 4630 2040 4686 Ibid.
2088 4630 2200 4685 Hos
2250 4638 2417 4686 autem
2458 4631 2617 4687 libros
2662 4633 2842 4705 quibus
2872 4634 2953 4687 illi
3000 4635 3091 4702 qui
3131 4635 3195 4688 de
3239 4643 3408 4691 trans-

1833 4738 1978 4778 uerso
1998 4726 2350 4805 proferuntur,
2372 4725 2656 4795 comparati
2698 4734 3026 4794 respuuntur,
3053 4727 3187 4779 unde
3206 4737 3408 4793 constat

1836 4828 1943 4866 esse
1975 4813 2333 4883 Hippocratis;
2363 4818 2517 4882 unde,
2548 4817 2591 4869 si
2628 4817 2740 4883 quis
2778 4815 2872 4867 hoc
2898 4824 3061 4883 neget,
3103 4831 3193 4870 nec
3227 4818 3407 4873 saltent

1837 4902 2113 4971 refellitur,
2142 4906 2230 4957 sed
2249 4904 2462 4969 ridetur,
2487 4904 2586 4956 nisi
2605 4904 2723 4970 quia
2748 4904 2822 4956 sic
2848 4917 2955 4968 eos,
2977 4904 3041 4957 ab
3070 4908 3179 4977 ipso
3204 4905 3409 4978 Hippo-

1839 4992 1994 5045 cratis
2015 4999 2262 5059 tempore,
2280 5008 2437 5059 usque
2462 4994 2530 5043 ad
2560 4993 2654 5045 hoc
2675 5001 2867 5060 tempus
2888 5005 2935 5047 et
2951 4996 3184 5067 deinceps
3211 5015 3408 5055 succes-

1840 5082 1998 5136 sionis
2009 5082 2159 5134 series
2170 5082 2535 5135 commendavit
2543 5123 2557 5147 ,
2574 5091 2628 5135 ut
2643 5083 2758 5137 hinc
2770 5084 3000 5140 dubitare
3010 5088 3254 5143 dementis
3265 5093 3331 5145 sit
3347 5092 3406 5163 ?]

1818 5173 1966 5239 llaec
1995 5181 2049 5227 et
2075 5180 2273 5226 caztera
2305 5186 2424 5238 qua:
2462 5173 2529 5227 de
2568 5175 2707 5229 veris
2748 5180 3053 5233 auctoribus
3083 5180 3405 5249 diguoscen-

1840 5264 1942 5329 dis,
1976 5262 2156 5317 multis
2200 5262 2487 5337 illustravit
2514 5266 2777 5334 exemplis
2823 5278 2878 5322 et
2911 5271 3232 5323 testimoniis
3261 5280 3407 5329 vete-

1839 5371 1953 5408 rum
1980 5355 2214 5409 Joannes
2235 5352 2477 5409 Clericus
2517 5356 2666 5410 Artis
2695 5361 2895 5414 critica:
2933 5370 3083 5428 parte
3109 5362 3162 5423 5,
3189 5371 3319 5419 sect.
3345 5362 3403 5424 2,

1832 5447 1921 5500 ubi
1952 5447 2059 5514 agit
2095 5445 2164 5500 de
2202 5444 2417 5500 indiciis
2457 5450 2861 5517 suppositionis,
2906 5466 3004 5520 nec
3032 5465 3163 5507 sane
3190 5452 3405 5507 critico-

1828 5551 1945 5589 rum
1999 5536 2473 5604 przcstsntissimus
2515 5539 2732 5595 meliora
2782 5549 2964 5611 posset
3008 5540 3144 5596 hanc
3192 5542 3245 5597 in
3286 5558 3401 5599 rem

1832 5625 2095 5697 proferre.
