  <div class='ocr_page' id='page_1' title='image "/cluster/home/n/w/nwhite01/storage/ocr_20150623/47/uva.x000827107/267.png"; bbox 0 0 3900 6306; ppageno 0'>
   <div class='ocr_carea' id='block_1_1' title="bbox 528 330 631 383">
    <p class='ocr_par' dir='ltr' id='par_1_1' title="bbox 528 330 631 383">
     <span class='ocr_line' id='line_1_1' title="bbox 528 330 631 383; baseline 0.019 -3"><span class='ocrx_word' id='word_1_1' title='bbox 528 330 631 383; x_wconf 69' lang='grc' dir='ltr'><strong>ΜΞ)</strong></span> 
     </span>
    </p>
   </div>
   <div class='ocr_carea' id='block_1_2' title="bbox 1401 310 2878 374">
    <p class='ocr_par' dir='ltr' id='par_1_2' title="bbox 1401 310 2878 374">
     <span class='ocr_line' id='line_1_2' title="bbox 1401 310 2878 374; baseline -0.006 0"><span class='ocrx_word' id='word_1_2' title='bbox 1401 314 1553 374; x_wconf 71' lang='grc' dir='ltr'><strong>δῖΗῚ</strong></span> <span class='ocrx_word' id='word_1_3' title='bbox 1598 314 1946 371; x_wconf 67' lang='lat' dir='ltr'><strong>.CIIENTUM</strong></span> <span class='ocrx_word' id='word_1_4' title='bbox 1988 314 2079 370; x_wconf 86' lang='lat' dir='ltr'><strong>AD</strong></span> <span class='ocrx_word' id='word_1_5' title='bbox 2117 313 2343 370; x_wconf 73' lang='lat' dir='ltr'><strong>OPERA</strong></span> <span class='ocrx_word' id='word_1_6' title='bbox 2384 313 2442 370; x_wconf 90' lang='lat' dir='ltr'><strong>S.</strong></span> <span class='ocrx_word' id='word_1_7' title='bbox 2487 310 2878 368; x_wconf 76' lang='lat' dir='ltr'><strong>AUGUSTINI.</strong></span> 
     </span>
    </p>
   </div>
   <div class='ocr_carea' id='block_1_3' title="bbox 3664 306 3764 373">
    <p class='ocr_par' dir='ltr' id='par_1_3' title="bbox 3664 306 3764 373">
     <span class='ocr_line' id='line_1_3' title="bbox 3664 306 3764 373; baseline 0.01 -1"><span class='ocrx_word' id='word_1_8' title='bbox 3664 306 3764 373; x_wconf 70' lang='lat'><strong>520</strong></span> 
     </span>
    </p>
   </div>
   <div class='ocr_carea' id='block_1_4' title="bbox 596 425 3759 497">
    <p class='ocr_par' dir='ltr' id='par_1_4' title="bbox 596 425 3759 497">
     <span class='ocr_line' id='line_1_4' title="bbox 596 425 3759 497; baseline -0.001 -9"><span class='ocrx_word' id='word_1_9' title='bbox 596 436 725 489; x_wconf 86' lang='lat' dir='ltr'><strong>Ibid.</strong></span> <span class='ocrx_word' id='word_1_10' title='bbox 754 431 1000 495; x_wconf 80' lang='lat' dir='ltr'><strong>Platonis,</strong></span> <span class='ocrx_word' id='word_1_11' title='bbox 1033 429 1333 497; x_wconf 69' lang='lat' dir='ltr'><strong>Aristotelis,</strong></span> <span class='ocrx_word' id='word_1_12' title='bbox 1357 429 1633 493; x_wconf 74' lang='lat' dir='ltr'><strong>Ciceronis,</strong></span> <span class='ocrx_word' id='word_1_13' title='bbox 1657 428 1935 491; x_wconf 87' lang='lat' dir='ltr'><strong>Varronis,</strong></span> <span class='ocrx_word' id='word_1_14' title='bbox 1957 426 2093 480; x_wconf 87' lang='lat' dir='ltr'><strong>alio-</strong></span> <span class='ocrx_word' id='word_1_15' title='bbox 2116 430 2171 494; x_wconf 72' lang='grc' dir='ltr'>Α</span> <span class='ocrx_word' id='word_1_16' title='bbox 2196 442 2294 481; x_wconf 84' lang='lat' dir='ltr'><strong>nec</strong></span> <span class='ocrx_word' id='word_1_17' title='bbox 2322 428 2609 496; x_wconf 48' lang='lat' dir='ltr'><strong>quicquam</strong></span> <span class='ocrx_word' id='word_1_18' title='bbox 2654 428 2754 480; x_wconf 71' lang='lat' dir='ltr'><strong>nisi</strong></span> <span class='ocrx_word' id='word_1_19' title='bbox 2800 428 3016 479; x_wconf 73' lang='lat' dir='ltr'><strong>insontis</strong></span> <span class='ocrx_word' id='word_1_20' title='bbox 3055 425 3122 479; x_wconf 86' lang='lat' dir='ltr'><strong>de</strong></span> <span class='ocrx_word' id='word_1_21' title='bbox 3168 427 3231 480; x_wconf 88' lang='lat' dir='ltr'><strong>iis</strong></span> <span class='ocrx_word' id='word_1_22' title='bbox 3260 425 3513 481; x_wconf 85' lang='lat' dir='ltr'><strong>dubitare</strong></span> <span class='ocrx_word' id='word_1_23' title='bbox 3544 432 3759 497; x_wconf 84' lang='lat' dir='ltr'><strong>poterit;</strong></span> 
     </span>
    </p>
   </div>
   <div class='ocr_carea' id='block_1_5' title="bbox 525 517 2099 594">
    <p class='ocr_par' dir='ltr' id='par_1_5' title="bbox 525 517 2099 594">
     <span class='ocr_line' id='line_1_5' title="bbox 525 517 2099 594; baseline -0.008 -13"><span class='ocrx_word' id='word_1_24' title='bbox 525 543 733 594; x_wconf 84' lang='lat' dir='ltr'><strong>rumque</strong></span> <span class='ocrx_word' id='word_1_25' title='bbox 767 528 880 593; x_wconf 83' lang='lat' dir='ltr'><strong>ejus</strong></span> <span class='ocrx_word' id='word_1_26' title='bbox 902 522 1021 575; x_wconf 87' lang='lat' dir='ltr'><strong>nodi</strong></span> <span class='ocrx_word' id='word_1_27' title='bbox 1058 531 1317 573; x_wconf 86' lang='lat' dir='ltr'><strong>auctorum</strong></span> <span class='ocrx_word' id='word_1_28' title='bbox 1340 520 1516 584; x_wconf 84' lang='lat' dir='ltr'><strong>libros,</strong></span> <span class='ocrx_word' id='word_1_29' title='bbox 1548 517 1681 570; x_wconf 84' lang='lat' dir='ltr'><strong>unde</strong></span> <span class='ocrx_word' id='word_1_30' title='bbox 1714 526 1961 569; x_wconf 88' lang='lat' dir='ltr'><strong>noverunt</strong></span> <span class='ocrx_word' id='word_1_31' title='bbox 2010 517 2099 569; x_wconf 89' lang='lat' dir='ltr'><strong>Ito-</strong></span> 
     </span>
    </p>
   </div>
   <div class='ocr_carea' id='block_1_6' title="bbox 525 603 2101 680">
    <p class='ocr_par' dir='ltr' id='par_1_6' title="bbox 525 603 2101 680">
     <span class='ocr_line' id='line_1_6' title="bbox 525 603 2101 680; baseline -0.008 -12"><span class='ocrx_word' id='word_1_32' title='bbox 525 619 680 668; x_wconf 84' lang='lat' dir='ltr'><strong>mines</strong></span> <span class='ocrx_word' id='word_1_33' title='bbox 704 615 833 679; x_wconf 82' lang='lat' dir='ltr'><strong>quod</strong></span> <span class='ocrx_word' id='word_1_34' title='bbox 855 612 1083 680; x_wconf 87' lang='lat' dir='ltr'><strong>ipsorum</strong></span> <span class='ocrx_word' id='word_1_35' title='bbox 1116 610 1236 671; x_wconf 89' lang='lat' dir='ltr'><strong>sint,</strong></span> <span class='ocrx_word' id='word_1_36' title='bbox 1263 608 1361 661; x_wconf 88' lang='lat' dir='ltr'><strong>nisi</strong></span> <span class='ocrx_word' id='word_1_37' title='bbox 1386 608 1557 660; x_wconf 89' lang='lat' dir='ltr'><strong>eodem</strong></span> <span class='ocrx_word' id='word_1_38' title='bbox 1588 616 1872 673; x_wconf 78' lang='lat' dir='ltr'><strong>temporum</strong></span> <span class='ocrx_word' id='word_1_39' title='bbox 1900 603 2101 657; x_wconf 88' lang='lat' dir='ltr'><strong>sibimet</strong></span> 
     </span>
    </p>
   </div>
   <div class='ocr_carea' id='block_1_7' title="bbox 523 692 2098 764">
    <p class='ocr_par' dir='ltr' id='par_1_7' title="bbox 523 692 2098 764">
     <span class='ocr_line' id='line_1_7' title="bbox 523 692 2098 764; baseline -0.006 -9"><span class='ocrx_word' id='word_1_40' title='bbox 523 704 891 755; x_wconf 65' lang='lat' dir='ltr'><strong>succedentium</strong></span> <span class='ocrx_word' id='word_1_41' title='bbox 917 700 1276 751; x_wconf 65' lang='lat' dir='ltr'><strong>contestatione</strong></span> <span class='ocrx_word' id='word_1_42' title='bbox 1301 696 1543 749; x_wconf 86' lang='lat' dir='ltr'><strong>continua</strong></span> <span class='ocrx_word' id='word_1_43' title='bbox 1563 693 1618 764; x_wconf 64' lang='grc' dir='ltr'><strong>ἓν]</strong></span> <span class='ocrx_word' id='word_1_44' title='bbox 1650 693 1800 748; x_wconf 83' lang='lat' dir='ltr'><strong>Adde</strong></span> <span class='ocrx_word' id='word_1_45' title='bbox 1821 700 1877 747; x_wconf 83' lang='lat' dir='ltr'><strong>et</strong></span> <span class='ocrx_word' id='word_1_46' title='bbox 1898 692 2098 746; x_wconf 88' lang='lat' dir='ltr'><strong>nullam</strong></span> 
     </span>
    </p>
   </div>
   <div class='ocr_carea' id='block_1_8' title="bbox 528 783 2095 858">
    <p class='ocr_par' dir='ltr' id='par_1_8' title="bbox 528 783 2095 858">
     <span class='ocr_line' id='line_1_8' title="bbox 528 783 2095 858; baseline -0.006 -14"><span class='ocrx_word' id='word_1_47' title='bbox 528 794 693 846; x_wconf 86' lang='lat' dir='ltr'><strong>fuisse</strong></span> <span class='ocrx_word' id='word_1_48' title='bbox 734 791 800 844; x_wconf 87' lang='lat' dir='ltr'><strong>iis</strong></span> <span class='ocrx_word' id='word_1_49' title='bbox 836 791 924 858; x_wconf 85' lang='lat' dir='ltr'><strong>qui</strong></span> <span class='ocrx_word' id='word_1_50' title='bbox 967 789 1091 842; x_wconf 85' lang='lat' dir='ltr'><strong>talia</strong></span> <span class='ocrx_word' id='word_1_51' title='bbox 1131 787 1377 841; x_wconf 79' lang='lat' dir='ltr'><strong>dixerunt</strong></span> <span class='ocrx_word' id='word_1_52' title='bbox 1417 783 1709 838; x_wconf 82' lang='lat' dir='ltr'><strong>mentiendi</strong></span> <span class='ocrx_word' id='word_1_53' title='bbox 1766 783 2095 850; x_wconf 83' lang='lat' dir='ltr'><strong>prOpositam</strong></span> 
     </span>
    </p>
   </div>
   <div class='ocr_carea' id='block_1_9' title="bbox 528 869 2099 942">
    <p class='ocr_par' dir='ltr' id='par_1_9' title="bbox 528 869 2099 942">
     <span class='ocr_line' id='line_1_9' title="bbox 528 869 2099 942; baseline -0.008 -5"><span class='ocrx_word' id='word_1_54' title='bbox 528 882 829 936; x_wconf 51' lang='lat' dir='ltr'><strong>mercedem</strong></span> <span class='ocrx_word' id='word_1_55' title='bbox 856 889 948 933; x_wconf 91' lang='lat' dir='ltr'><strong>aut</strong></span> <span class='ocrx_word' id='word_1_56' title='bbox 986 878 1290 932; x_wconf 87' lang='lat' dir='ltr'><strong>utilitatem.</strong></span> <span class='ocrx_word' id='word_1_57' title='bbox 1322 880 1452 942; x_wconf 68' lang='lat' dir='ltr'><strong>Qua:</strong></span> <span class='ocrx_word' id='word_1_58' title='bbox 1481 875 1656 928; x_wconf 82' lang='lat' dir='ltr'><strong>omnia</strong></span> <span class='ocrx_word' id='word_1_59' title='bbox 1684 871 1967 926; x_wconf 80' lang='lat' dir='ltr'><strong>verissime</strong></span> <span class='ocrx_word' id='word_1_60' title='bbox 1991 869 2099 925; x_wconf 88' lang='lat' dir='ltr'><strong>dici</strong></span> 
     </span>
    </p>
   </div>
   <div class='ocr_carea' id='block_1_10' title="bbox 530 963 2103 1046">
    <p class='ocr_par' dir='ltr' id='par_1_10' title="bbox 530 963 2103 1046">
     <span class='ocr_line' id='line_1_10' title="bbox 530 963 2103 1046; baseline -0.01 -16"><span class='ocrx_word' id='word_1_61' title='bbox 530 986 751 1046; x_wconf 89' lang='lat' dir='ltr'><strong>possunt</strong></span> <span class='ocrx_word' id='word_1_62' title='bbox 774 974 841 1027; x_wconf 88' lang='lat' dir='ltr'><strong>de</strong></span> <span class='ocrx_word' id='word_1_63' title='bbox 868 974 933 1025; x_wconf 90' lang='lat' dir='ltr'><strong>iis</strong></span> <span class='ocrx_word' id='word_1_64' title='bbox 972 972 1124 1025; x_wconf 83' lang='lat' dir='ltr'><strong>libris</strong></span> <span class='ocrx_word' id='word_1_65' title='bbox 1171 970 1360 1034; x_wconf 85' lang='lat' dir='ltr'><strong>sacris,</strong></span> <span class='ocrx_word' id='word_1_66' title='bbox 1408 968 1497 1036; x_wconf 87' lang='lat' dir='ltr'><strong>qui</strong></span> <span class='ocrx_word' id='word_1_67' title='bbox 1525 963 1945 1035; x_wconf 79' lang='lat' dir='ltr'><strong>semperhahiti</strong></span> <span class='ocrx_word' id='word_1_68' title='bbox 1976 970 2103 1017; x_wconf 89' lang='lat' dir='ltr'><strong>sunt</strong></span> 
     </span>
    </p>
   </div>
   <div class='ocr_carea' id='block_1_11' title="bbox 530 1052 2105 1129">
    <p class='ocr_par' dir='ltr' id='par_1_11' title="bbox 530 1052 2105 1129">
     <span class='ocr_line' id='line_1_11' title="bbox 530 1052 2105 1129; baseline -0.008 -10"><span class='ocrx_word' id='word_1_69' title='bbox 530 1082 715 1119; x_wconf 89' lang='lat' dir='ltr'><strong>eorum</strong></span> <span class='ocrx_word' id='word_1_70' title='bbox 760 1064 1036 1116; x_wconf 83' lang='lat' dir='ltr'><strong>hominum</strong></span> <span class='ocrx_word' id='word_1_71' title='bbox 1069 1076 1291 1129; x_wconf 88' lang='lat' dir='ltr'><strong>quorum</strong></span> <span class='ocrx_word' id='word_1_72' title='bbox 1342 1058 1549 1111; x_wconf 87' lang='lat' dir='ltr'><strong>nomina</strong></span> <span class='ocrx_word' id='word_1_73' title='bbox 1586 1056 1896 1125; x_wconf 71' lang='lat' dir='ltr'><strong>prmfcrunt.</strong></span> <span class='ocrx_word' id='word_1_74' title='bbox 1946 1052 2002 1105; x_wconf 92' lang='lat' dir='ltr'><strong>In</strong></span> <span class='ocrx_word' id='word_1_75' title='bbox 2045 1066 2105 1107; x_wconf 91' lang='lat' dir='ltr'><strong>re</strong></span> 
     </span>
    </p>
   </div>
   <div class='ocr_carea' id='block_1_12' title="bbox 533 1140 2102 1223">
    <p class='ocr_par' dir='ltr' id='par_1_12' title="bbox 533 1140 2102 1223">
     <span class='ocr_line' id='line_1_12' title="bbox 533 1140 2102 1223; baseline -0.01 -14"><span class='ocrx_word' id='word_1_76' title='bbox 533 1157 645 1223; x_wconf 87' lang='lat' dir='ltr'><strong>ipsa</strong></span> <span class='ocrx_word' id='word_1_77' title='bbox 680 1152 809 1207; x_wconf 81' lang='lat' dir='ltr'><strong>nihil</strong></span> <span class='ocrx_word' id='word_1_78' title='bbox 834 1161 917 1206; x_wconf 85' lang='lat' dir='ltr'><strong>est</strong></span> <span class='ocrx_word' id='word_1_79' title='bbox 947 1152 1086 1220; x_wconf 90' lang='lat' dir='ltr'><strong>quod</strong></span> <span class='ocrx_word' id='word_1_80' title='bbox 1130 1164 1235 1204; x_wconf 91' lang='lat' dir='ltr'><strong>non</strong></span> <span class='ocrx_word' id='word_1_81' title='bbox 1274 1150 1344 1201; x_wconf 90' lang='lat' dir='ltr'><strong>sit</strong></span> <span class='ocrx_word' id='word_1_82' title='bbox 1381 1146 1752 1216; x_wconf 85' lang='lat' dir='ltr'><strong>dignissimum</strong></span> <span class='ocrx_word' id='word_1_83' title='bbox 1793 1140 2102 1195; x_wconf 80' lang='lat' dir='ltr'><strong>hominibus</strong></span> 
     </span>
    </p>
   </div>
   <div class='ocr_carea' id='block_1_13' title="bbox 532 1231 2101 1307">
    <p class='ocr_par' dir='ltr' id='par_1_13' title="bbox 532 1231 2101 1307">
     <span class='ocr_line' id='line_1_13' title="bbox 532 1231 2101 1307; baseline -0.01 -8"><span class='ocrx_word' id='word_1_84' title='bbox 532 1246 784 1299; x_wconf 86' lang='lat' dir='ltr'><strong>divinitus</strong></span> <span class='ocrx_word' id='word_1_85' title='bbox 820 1243 1045 1305; x_wconf 79' lang='lat' dir='ltr'><strong>afﬂatis;</strong></span> <span class='ocrx_word' id='word_1_86' title='bbox 1078 1254 1288 1307; x_wconf 88' lang='lat' dir='ltr'><strong>semper</strong></span> <span class='ocrx_word' id='word_1_87' title='bbox 1313 1238 1379 1290; x_wconf 87' lang='lat' dir='ltr'><strong>ab</strong></span> <span class='ocrx_word' id='word_1_88' title='bbox 1420 1235 1672 1289; x_wconf 84' lang='lat' dir='ltr'><strong>omnibus</strong></span> <span class='ocrx_word' id='word_1_89' title='bbox 1700 1231 1789 1299; x_wconf 87' lang='lat' dir='ltr'><strong>qui</strong></span> <span class='ocrx_word' id='word_1_90' title='bbox 1832 1246 1889 1285; x_wconf 91' lang='lat' dir='ltr'><strong>se</strong></span> <span class='ocrx_word' id='word_1_91' title='bbox 1919 1244 2101 1284; x_wconf 86' lang='lat' dir='ltr'><strong>eorum</strong></span> 
     </span>
    </p>
   </div>
   <div class='ocr_carea' id='block_1_14' title="bbox 531 1312 2105 1405">
    <p class='ocr_par' dir='ltr' id='par_1_14' title="bbox 531 1312 2105 1405">
     <span class='ocr_line' id='line_1_14' title="bbox 531 1312 2105 1405; baseline -0.01 -16"><span class='ocrx_word' id='word_1_92' title='bbox 531 1335 821 1405; x_wconf 78' lang='lat' dir='ltr'><strong>discipulos</strong></span> <span class='ocrx_word' id='word_1_93' title='bbox 854 1331 1078 1401; x_wconf 77' lang='lat' dir='ltr'><strong>professi</strong></span> <span class='ocrx_word' id='word_1_94' title='bbox 1120 1338 1263 1395; x_wconf 88' lang='lat' dir='ltr'><strong>sunt,</strong></span> <span class='ocrx_word' id='word_1_95' title='bbox 1303 1312 1486 1381; x_wconf 79' lang='lat' dir='ltr'><strong>eorum</strong></span> <span class='ocrx_word' id='word_1_96' title='bbox 1514 1322 1729 1393; x_wconf 78' lang='lat' dir='ltr'><strong>genuini</strong></span> <span class='ocrx_word' id='word_1_97' title='bbox 1766 1322 1906 1375; x_wconf 83' lang='lat' dir='ltr'><strong>fetus</strong></span> <span class='ocrx_word' id='word_1_98' title='bbox 1939 1317 2105 1373; x_wconf 79' lang='lat' dir='ltr'><strong>habiti</strong></span> 
     </span>
    </p>
   </div>
   <div class='ocr_carea' id='block_1_15' title="bbox 532 1408 2102 1489">
    <p class='ocr_par' dir='ltr' id='par_1_15' title="bbox 532 1408 2102 1489">
     <span class='ocr_line' id='line_1_15' title="bbox 532 1408 2102 1489; baseline -0.011 -11"><span class='ocrx_word' id='word_1_99' title='bbox 532 1437 687 1489; x_wconf 82' lang='lat' dir='ltr'><strong>sunt;</strong></span> <span class='ocrx_word' id='word_1_100' title='bbox 733 1438 831 1477; x_wconf 90' lang='lat' dir='ltr'><strong>nec</strong></span> <span class='ocrx_word' id='word_1_101' title='bbox 876 1421 1011 1474; x_wconf 80' lang='lat' dir='ltr'><strong>ratio</strong></span> <span class='ocrx_word' id='word_1_102' title='bbox 1053 1419 1202 1473; x_wconf 79' lang='lat' dir='ltr'><strong>hisce</strong></span> <span class='ocrx_word' id='word_1_103' title='bbox 1243 1418 1346 1469; x_wconf 91' lang='lat' dir='ltr'><strong>ulla</strong></span> <span class='ocrx_word' id='word_1_104' title='bbox 1384 1413 1479 1467; x_wconf 88' lang='lat' dir='ltr'><strong>fuit</strong></span> <span class='ocrx_word' id='word_1_105' title='bbox 1517 1410 1832 1466; x_wconf 76' lang='lat' dir='ltr'><strong>mentiendi.</strong></span> <span class='ocrx_word' id='word_1_106' title='bbox 1875 1408 2008 1463; x_wconf 87' lang='lat' dir='ltr'><strong>Nam</strong></span> <span class='ocrx_word' id='word_1_107' title='bbox 2039 1408 2102 1461; x_wconf 88' lang='lat' dir='ltr'><strong>iis</strong></span> 
     </span>
    </p>
   </div>
   <div class='ocr_carea' id='block_1_16' title="bbox 533 1497 2105 1582">
    <p class='ocr_par' dir='ltr' id='par_1_16' title="bbox 533 1497 2105 1582">
     <span class='ocr_line' id='line_1_16' title="bbox 533 1497 2105 1582; baseline -0.013 -12"><span class='ocrx_word' id='word_1_108' title='bbox 533 1516 702 1581; x_wconf 83' lang='lat' dir='ltr'><strong>libris,</strong></span> <span class='ocrx_word' id='word_1_109' title='bbox 728 1514 878 1582; x_wconf 90' lang='lat' dir='ltr'><strong>quasi</strong></span> <span class='ocrx_word' id='word_1_110' title='bbox 908 1511 1106 1565; x_wconf 79' lang='lat' dir='ltr'><strong>divinis</strong></span> <span class='ocrx_word' id='word_1_111' title='bbox 1146 1508 1395 1562; x_wconf 85' lang='lat' dir='ltr'><strong>admissis</strong></span> <span class='ocrx_word' id='word_1_112' title='bbox 1436 1514 1640 1558; x_wconf 87' lang='lat' dir='ltr'><strong>tantum</strong></span> <span class='ocrx_word' id='word_1_113' title='bbox 1682 1502 1835 1555; x_wconf 84' lang='lat' dir='ltr'><strong>abest</strong></span> <span class='ocrx_word' id='word_1_114' title='bbox 1863 1510 1921 1553; x_wconf 90' lang='lat' dir='ltr'><strong>ut</strong></span> <span class='ocrx_word' id='word_1_115' title='bbox 1948 1497 2105 1569; x_wconf 78' lang='lat' dir='ltr'><strong>quid-</strong></span> 
     </span>
    </p>
   </div>
   <div class='ocr_carea' id='block_1_17' title="bbox 534 1589 2106 1675">
    <p class='ocr_par' dir='ltr' id='par_1_17' title="bbox 534 1589 2106 1675">
     <span class='ocr_line' id='line_1_17' title="bbox 534 1589 2106 1675; baseline -0.011 -18"><span class='ocrx_word' id='word_1_116' title='bbox 534 1621 711 1675; x_wconf 86' lang='lat' dir='ltr'><strong>quam,</strong></span> <span class='ocrx_word' id='word_1_117' title='bbox 740 1604 805 1656; x_wconf 87' lang='lat' dir='ltr'><strong>ad</strong></span> <span class='ocrx_word' id='word_1_118' title='bbox 834 1604 971 1655; x_wconf 90' lang='lat' dir='ltr'><strong>hanc</strong></span> <span class='ocrx_word' id='word_1_119' title='bbox 997 1600 1155 1653; x_wconf 82' lang='lat' dir='ltr'><strong>vitam</strong></span> <span class='ocrx_word' id='word_1_120' title='bbox 1184 1598 1323 1664; x_wconf 88' lang='lat' dir='ltr'><strong>quod</strong></span> <span class='ocrx_word' id='word_1_121' title='bbox 1355 1596 1568 1658; x_wconf 87' lang='lat' dir='ltr'><strong>attinet,</strong></span> <span class='ocrx_word' id='word_1_122' title='bbox 1595 1592 1927 1645; x_wconf 71' lang='lat' dir='ltr'><strong>lucrarentur</strong></span> <span class='ocrx_word' id='word_1_123' title='bbox 1952 1589 2106 1642; x_wconf 83' lang='lat' dir='ltr'><strong>Chri-</strong></span> 
     </span>
    </p>
   </div>
   <div class='ocr_carea' id='block_1_18' title="bbox 534 1682 2103 1757">
    <p class='ocr_par' dir='ltr' id='par_1_18' title="bbox 534 1682 2103 1757">
     <span class='ocr_line' id='line_1_18' title="bbox 534 1682 2103 1757; baseline -0.013 -8"><span class='ocrx_word' id='word_1_124' title='bbox 534 1694 716 1756; x_wconf 88' lang='lat' dir='ltr'><strong>stiani,</strong></span> <span class='ocrx_word' id='word_1_125' title='bbox 749 1700 807 1746; x_wconf 91' lang='lat' dir='ltr'><strong>ut</strong></span> <span class='ocrx_word' id='word_1_126' title='bbox 832 1699 1038 1755; x_wconf 91' lang='lat' dir='ltr'><strong>contra,</strong></span> <span class='ocrx_word' id='word_1_127' title='bbox 1078 1689 1186 1757; x_wconf 86' lang='lat' dir='ltr'><strong>jam</strong></span> <span class='ocrx_word' id='word_1_128' title='bbox 1220 1687 1386 1740; x_wconf 90' lang='lat' dir='ltr'><strong>ferme</strong></span> <span class='ocrx_word' id='word_1_129' title='bbox 1416 1684 1481 1736; x_wconf 87' lang='lat' dir='ltr'><strong>ab</strong></span> <span class='ocrx_word' id='word_1_130' title='bbox 1512 1682 1687 1744; x_wconf 86' lang='lat' dir='ltr'><strong>initio,</strong></span> <span class='ocrx_word' id='word_1_131' title='bbox 1713 1693 1889 1732; x_wconf 91' lang='lat' dir='ltr'><strong>mores</strong></span> <span class='ocrx_word' id='word_1_132' title='bbox 1918 1692 2103 1733; x_wconf 90' lang='lat' dir='ltr'><strong>eorum</strong></span> 
     </span>
    </p>
   </div>
   <div class='ocr_carea' id='block_1_19' title="bbox 2206 515 3763 585">
    <p class='ocr_par' dir='ltr' id='par_1_19' title="bbox 2206 515 3763 585">
     <span class='ocr_line' id='line_1_19' title="bbox 2206 515 3763 585; baseline 0.003 -16"><span class='ocrx_word' id='word_1_133' title='bbox 2206 516 2305 569; x_wconf 91' lang='lat' dir='ltr'><strong>nisi</strong></span> <span class='ocrx_word' id='word_1_134' title='bbox 2322 517 2379 569; x_wconf 85' lang='lat' dir='ltr'><strong>-si</strong></span> <span class='ocrx_word' id='word_1_135' title='bbox 2411 516 2548 569; x_wconf 72' lang='lat' dir='ltr'><strong>forte</strong></span> <span class='ocrx_word' id='word_1_136' title='bbox 2586 515 2806 583; x_wconf 73' lang='lat' dir='ltr'><strong>epistola</strong></span> <span class='ocrx_word' id='word_1_137' title='bbox 2851 515 3024 583; x_wconf 89' lang='lat' dir='ltr'><strong>aliqua</strong></span> <span class='ocrx_word' id='word_1_138' title='bbox 3056 515 3245 568; x_wconf 79' lang='lat' dir='ltr'><strong>alicubi</strong></span> <span class='ocrx_word' id='word_1_139' title='bbox 3271 516 3601 571; x_wconf 76' lang='lat' dir='ltr'><strong>delitescens</strong></span> <span class='ocrx_word' id='word_1_140' title='bbox 3626 522 3763 585; x_wconf 87' lang='lat' dir='ltr'><strong>quasi</strong></span> 
     </span>
    </p>
   </div>
   <div class='ocr_carea' id='block_1_20' title="bbox 2205 605 3762 673">
    <p class='ocr_par' dir='ltr' id='par_1_20' title="bbox 2205 605 3762 673">
     <span class='ocr_line' id='line_1_20' title="bbox 2205 605 3762 673; baseline 0.001 -13"><span class='ocrx_word' id='word_1_141' title='bbox 2205 605 2519 660; x_wconf 87' lang='lat' dir='ltr'><strong>Erasmiana</strong></span> <span class='ocrx_word' id='word_1_142' title='bbox 2562 616 2748 673; x_wconf 89' lang='lat' dir='ltr'><strong>postea</strong></span> <span class='ocrx_word' id='word_1_143' title='bbox 2780 605 3105 673; x_wconf 86' lang='lat' dir='ltr'><strong>proferatur,</strong></span> <span class='ocrx_word' id='word_1_144' title='bbox 3138 614 3189 659; x_wconf 91' lang='lat' dir='ltr'><strong>et</strong></span> <span class='ocrx_word' id='word_1_145' title='bbox 3218 606 3269 659; x_wconf 89' lang='lat' dir='ltr'><strong>in</strong></span> <span class='ocrx_word' id='word_1_146' title='bbox 3311 607 3533 661; x_wconf 88' lang='lat' dir='ltr'><strong>dubium</strong></span> <span class='ocrx_word' id='word_1_147' title='bbox 3566 609 3634 663; x_wconf 91' lang='lat' dir='ltr'><strong>ab</strong></span> <span class='ocrx_word' id='word_1_148' title='bbox 3658 612 3762 667; x_wconf 79' lang='lat' dir='ltr'><strong>aliis</strong></span> 
     </span>
    </p>
   </div>
   <div class='ocr_carea' id='block_1_21' title="bbox 2206 692 3765 769">
    <p class='ocr_par' dir='ltr' id='par_1_21' title="bbox 2206 692 3765 769">
     <span class='ocr_line' id='line_1_21' title="bbox 2206 692 3765 769; baseline 0.003 -21"><span class='ocrx_word' id='word_1_149' title='bbox 2206 702 2509 748; x_wconf 82' lang='lat' dir='ltr'><strong>revocetur.</strong></span> <span class='ocrx_word' id='word_1_150' title='bbox 2546 696 2818 758; x_wconf 82' lang='lat' dir='ltr'><strong>Attamen,</strong></span> <span class='ocrx_word' id='word_1_151' title='bbox 2863 707 2933 748; x_wconf 90' lang='lat' dir='ltr'><strong>ne</strong></span> <span class='ocrx_word' id='word_1_152' title='bbox 2960 692 3085 762; x_wconf 88' lang='lat' dir='ltr'><strong>quid</strong></span> <span class='ocrx_word' id='word_1_153' title='bbox 3122 693 3543 761; x_wconf 86' lang='lat' dir='ltr'><strong>dissimulemus,</strong></span> <span class='ocrx_word' id='word_1_154' title='bbox 3585 712 3670 752; x_wconf 84' lang='lat' dir='ltr'><strong>ars</strong></span> <span class='ocrx_word' id='word_1_155' title='bbox 3691 708 3765 769; x_wconf 78' lang='lat' dir='ltr'><strong>ty-</strong></span> 
     </span>
    </p>
   </div>
   <div class='ocr_carea' id='block_1_22' title="bbox 2204 783 3765 851">
    <p class='ocr_par' dir='ltr' id='par_1_22' title="bbox 2204 783 3765 851">
     <span class='ocr_line' id='line_1_22' title="bbox 2204 783 3765 851; baseline 0.006 -16"><span class='ocrx_word' id='word_1_156' title='bbox 2204 783 2523 851; x_wconf 84' lang='lat' dir='ltr'><strong>pograpbica</strong></span> <span class='ocrx_word' id='word_1_157' title='bbox 2548 798 2657 837; x_wconf 91' lang='lat' dir='ltr'><strong>rem</strong></span> <span class='ocrx_word' id='word_1_158' title='bbox 2681 783 2847 837; x_wconf 90' lang='lat' dir='ltr'><strong>multo</strong></span> <span class='ocrx_word' id='word_1_159' title='bbox 2877 783 3162 838; x_wconf 87' lang='lat' dir='ltr'><strong>certiorem</strong></span> <span class='ocrx_word' id='word_1_160' title='bbox 3185 799 3248 838; x_wconf 81' lang='lat' dir='ltr'><strong>ac</strong></span> <span class='ocrx_word' id='word_1_161' title='bbox 3275 784 3565 841; x_wconf 82' lang='lat' dir='ltr'><strong>faciliorem</strong></span> <span class='ocrx_word' id='word_1_162' title='bbox 3598 790 3765 843; x_wconf 88' lang='lat' dir='ltr'><strong>reddi-</strong></span> 
     </span>
    </p>
   </div>
   <div class='ocr_carea' id='block_1_23' title="bbox 2204 873 3763 948">
    <p class='ocr_par' dir='ltr' id='par_1_23' title="bbox 2204 873 3763 948">
     <span class='ocr_line' id='line_1_23' title="bbox 2204 873 3763 948; baseline 0.005 -22"><span class='ocrx_word' id='word_1_163' title='bbox 2204 873 2310 934; x_wconf 85' lang='lat' dir='ltr'><strong>dit;</strong></span> <span class='ocrx_word' id='word_1_164' title='bbox 2356 883 2600 941; x_wconf 79' lang='lat' dir='ltr'><strong>poterant</strong></span> <span class='ocrx_word' id='word_1_165' title='bbox 2638 874 2781 926; x_wconf 89' lang='lat' dir='ltr'><strong>enim</strong></span> <span class='ocrx_word' id='word_1_166' title='bbox 2825 888 2891 928; x_wconf 81' lang='lat' dir='ltr'><strong>ex</strong></span> <span class='ocrx_word' id='word_1_167' title='bbox 2936 874 3214 929; x_wconf 82' lang='lat' dir='ltr'><strong>codicibus</strong></span> <span class='ocrx_word' id='word_1_168' title='bbox 3261 889 3391 930; x_wconf 87' lang='lat' dir='ltr'><strong>mss.</strong></span> <span class='ocrx_word' id='word_1_169' title='bbox 3433 879 3763 948; x_wconf 83' lang='lat' dir='ltr'><strong>supposititia</strong></span> 
     </span>
    </p>
   </div>
   <div class='ocr_carea' id='block_1_24' title="bbox 2204 961 3765 1034">
    <p class='ocr_par' dir='ltr' id='par_1_24' title="bbox 2204 961 3765 1034">
     <span class='ocr_line' id='line_1_24' title="bbox 2204 961 3765 1034; baseline 0.004 -17"><span class='ocrx_word' id='word_1_170' title='bbox 2204 963 2368 1017; x_wconf 87' lang='lat' dir='ltr'><strong>multa</strong></span> <span class='ocrx_word' id='word_1_171' title='bbox 2412 961 2660 1031; x_wconf 84' lang='lat' dir='ltr'><strong>proferri,</strong></span> <span class='ocrx_word' id='word_1_172' title='bbox 2708 977 2827 1032; x_wconf 61' lang='lat' dir='ltr'><strong>quas</strong></span> <span class='ocrx_word' id='word_1_173' title='bbox 2864 963 3067 1018; x_wconf 81' lang='lat' dir='ltr'><strong>revinci</strong></span> <span class='ocrx_word' id='word_1_174' title='bbox 3104 964 3280 1033; x_wconf 87' lang='lat' dir='ltr'><strong>facile,</strong></span> <span class='ocrx_word' id='word_1_175' title='bbox 3326 978 3548 1034; x_wconf 83' lang='lat' dir='ltr'><strong>prepter</strong></span> <span class='ocrx_word' id='word_1_176' title='bbox 3582 969 3765 1023; x_wconf 85' lang='lat' dir='ltr'><strong>rarita-</strong></span> 
     </span>
    </p>
   </div>
   <div class='ocr_carea' id='block_1_25' title="bbox 2205 1054 3765 1124">
    <p class='ocr_par' dir='ltr' id='par_1_25' title="bbox 2205 1054 3765 1124">
     <span class='ocr_line' id='line_1_25' title="bbox 2205 1054 3765 1124; baseline 0.005 -19"><span class='ocrx_word' id='word_1_177' title='bbox 2205 1060 2313 1106; x_wconf 88' lang='lat' dir='ltr'><strong>tem</strong></span> <span class='ocrx_word' id='word_1_178' title='bbox 2344 1054 2746 1119; x_wconf 81' lang='lat' dir='ltr'><strong>exemplarium,</strong></span> <span class='ocrx_word' id='word_1_179' title='bbox 2791 1067 2898 1106; x_wconf 88' lang='lat' dir='ltr'><strong>non</strong></span> <span class='ocrx_word' id='word_1_180' title='bbox 2940 1063 3207 1121; x_wconf 81' lang='lat' dir='ltr'><strong>poterant.</strong></span> <span class='ocrx_word' id='word_1_181' title='bbox 3248 1056 3325 1108; x_wconf 76' lang='lat' dir='ltr'><strong>Ac</strong></span> <span class='ocrx_word' id='word_1_182' title='bbox 3352 1068 3482 1110; x_wconf 84' lang='lat' dir='ltr'><strong>sane</strong></span> <span class='ocrx_word' id='word_1_183' title='bbox 3510 1071 3644 1124; x_wconf 90' lang='lat' dir='ltr'><strong>opus</strong></span> <span class='ocrx_word' id='word_1_184' title='bbox 3675 1058 3765 1114; x_wconf 87' lang='lat' dir='ltr'><strong>fuit</strong></span> 
     </span>
    </p>
   </div>
   <div class='ocr_carea' id='block_1_26' title="bbox 2205 1140 3764 1217">
    <p class='ocr_par' dir='ltr' id='par_1_26' title="bbox 2205 1140 3764 1217">
     <span class='ocr_line' id='line_1_26' title="bbox 2205 1140 3764 1217; baseline 0.006 -23"><span class='ocrx_word' id='word_1_185' title='bbox 2205 1141 2639 1211; x_wconf 84' lang='lat' dir='ltr'><strong>splendidissima</strong></span> <span class='ocrx_word' id='word_1_186' title='bbox 2679 1143 2880 1197; x_wconf 68' lang='lat' dir='ltr'><strong>criticas</strong></span> <span class='ocrx_word' id='word_1_187' title='bbox 2916 1140 3033 1197; x_wconf 89' lang='lat' dir='ltr'><strong>luce</strong></span> <span class='ocrx_word' id='word_1_188' title='bbox 3074 1152 3133 1198; x_wconf 91' lang='lat' dir='ltr'><strong>ut</strong></span> <span class='ocrx_word' id='word_1_189' title='bbox 3170 1154 3582 1201; x_wconf 87' lang='lat' dir='ltr'><strong>secernerentur</strong></span> <span class='ocrx_word' id='word_1_190' title='bbox 3608 1148 3764 1217; x_wconf 79' lang='lat' dir='ltr'><strong>ipsius</strong></span> 
     </span>
    </p>
   </div>
   <div class='ocr_carea' id='block_1_27' title="bbox 2204 1231 3390 1301">
    <p class='ocr_par' dir='ltr' id='par_1_27' title="bbox 2204 1231 3390 1301">
     <span class='ocr_line' id='line_1_27' title="bbox 2204 1231 3390 1301; baseline 0.004 -16"><span class='ocrx_word' id='word_1_191' title='bbox 2204 1231 2481 1298; x_wconf 76' lang='lat' dir='ltr'><strong>Augustini</strong></span> <span class='ocrx_word' id='word_1_192' title='bbox 2512 1245 2675 1300; x_wconf 80' lang='lat' dir='ltr'><strong>opera</strong></span> <span class='ocrx_word' id='word_1_193' title='bbox 2703 1231 2931 1301; x_wconf 90' lang='lat' dir='ltr'><strong>genuina</strong></span> <span class='ocrx_word' id='word_1_194' title='bbox 2958 1247 2986 1285; x_wconf 85' lang='lat' dir='ltr'><strong>a</strong></span> <span class='ocrx_word' id='word_1_195' title='bbox 3015 1233 3390 1300; x_wconf 88' lang='lat' dir='ltr'><strong>supposititiis.</strong></span> 
     </span>
    </p>
   </div>
   <div class='ocr_carea' id='block_1_28' title="bbox 2276 1319 3763 1391">
    <p class='ocr_par' dir='ltr' id='par_1_28' title="bbox 2276 1319 3763 1391">
     <span class='ocr_line' id='line_1_28' title="bbox 2276 1319 3763 1391; baseline 0.006 -18"><span class='ocrx_word' id='word_1_196' title='bbox 2276 1319 2515 1374; x_wconf 87' lang='lat' dir='ltr'><strong>Tandem</strong></span> <span class='ocrx_word' id='word_1_197' title='bbox 2545 1320 2622 1375; x_wconf 90' lang='lat' dir='ltr'><strong>sic</strong></span> <span class='ocrx_word' id='word_1_198' title='bbox 2650 1319 2917 1390; x_wconf 79' lang='lat' dir='ltr'><strong>egregiam</strong></span> <span class='ocrx_word' id='word_1_199' title='bbox 2946 1322 3147 1376; x_wconf 86' lang='lat' dir='ltr'><strong>hancce</strong></span> <span class='ocrx_word' id='word_1_200' title='bbox 3179 1323 3583 1391; x_wconf 84' lang='lat' dir='ltr'><strong>disputationem</strong></span> <span class='ocrx_word' id='word_1_201' title='bbox 3616 1328 3763 1383; x_wconf 75' lang='lat' dir='ltr'><strong>clau~</strong></span> 
     </span>
    </p>
   </div>
   <div class='ocr_carea' id='block_1_29' title="bbox 2205 1408 3765 1483">
    <p class='ocr_par' dir='ltr' id='par_1_29' title="bbox 2205 1408 3765 1483">
     <span class='ocr_line' id='line_1_29' title="bbox 2205 1408 3765 1483; baseline 0.006 -20"><span class='ocrx_word' id='word_1_202' title='bbox 2205 1408 2283 1463; x_wconf 92' lang='lat' dir='ltr'><strong>dit</strong></span> <span class='ocrx_word' id='word_1_203' title='bbox 2310 1426 2323 1461; x_wconf 90' lang='lat'><strong>:</strong></span> <span class='ocrx_word' id='word_1_204' title='bbox 2354 1410 2480 1476; x_wconf 79' lang='lat' dir='ltr'><strong>Qua:</strong></span> <span class='ocrx_word' id='word_1_205' title='bbox 2512 1425 2626 1462; x_wconf 88' lang='lat' dir='ltr'><strong>cum</strong></span> <span class='ocrx_word' id='word_1_206' title='bbox 2655 1411 2728 1463; x_wconf 90' lang='lat' dir='ltr'><strong>ita</strong></span> <span class='ocrx_word' id='word_1_207' title='bbox 2752 1412 2875 1474; x_wconf 89' lang='lat' dir='ltr'><strong>sint,</strong></span> <span class='ocrx_word' id='word_1_208' title='bbox 2920 1413 3034 1480; x_wconf 97' lang='lat' dir='ltr'><strong>quis</strong></span> <span class='ocrx_word' id='word_1_209' title='bbox 3071 1413 3275 1467; x_wconf 84' lang='lat' dir='ltr'><strong>tandem</strong></span> <span class='ocrx_word' id='word_1_210' title='bbox 3312 1421 3454 1467; x_wconf 86' lang='lat' dir='ltr'><strong>tanta</strong></span> <span class='ocrx_word' id='word_1_211' title='bbox 3479 1418 3646 1483; x_wconf 77' lang='lat' dir='ltr'><strong>furore</strong></span> <span class='ocrx_word' id='word_1_212' title='bbox 3673 1436 3765 1473; x_wconf 73' lang='lat' dir='ltr'><strong>cte-</strong></span> 
     </span>
    </p>
   </div>
   <div class='ocr_carea' id='block_1_30' title="bbox 2204 1498 3763 1572">
    <p class='ocr_par' dir='ltr' id='par_1_30' title="bbox 2204 1498 3763 1572">
     <span class='ocr_line' id='line_1_30' title="bbox 2204 1498 3763 1572; baseline 0.006 -19"><span class='ocrx_word' id='word_1_213' title='bbox 2204 1507 2366 1563; x_wconf 87' lang='lat' dir='ltr'><strong>cotur,</strong></span> <span class='ocrx_word' id='word_1_214' title='bbox 2399 1498 2497 1551; x_wconf 94' lang='lat' dir='ltr'><strong>nisi</strong></span> <span class='ocrx_word' id='word_1_215' title='bbox 2526 1500 2893 1554; x_wconf 66' lang='lat' dir='ltr'><strong>datmoniorum</strong></span> <span class='ocrx_word' id='word_1_216' title='bbox 2927 1502 3431 1572; x_wconf 84' lang='lat' dir='ltr'><strong>mendaciloquorum</strong></span> <span class='ocrx_word' id='word_1_217' title='bbox 3458 1507 3666 1560; x_wconf 73' lang='lat' dir='ltr'><strong>molitia&#39;</strong></span> <span class='ocrx_word' id='word_1_218' title='bbox 3688 1522 3763 1562; x_wconf 83' lang='lat' dir='ltr'><strong>at-</strong></span> 
     </span>
    </p>
   </div>
   <div class='ocr_carea' id='block_1_31' title="bbox 2204 1589 3765 1663">
    <p class='ocr_par' dir='ltr' id='par_1_31' title="bbox 2204 1589 3765 1663">
     <span class='ocr_line' id='line_1_31' title="bbox 2204 1589 3765 1663; baseline 0.007 -22"><span class='ocrx_word' id='word_1_219' title='bbox 2204 1604 2303 1656; x_wconf 85' lang='lat' dir='ltr'><strong>que</strong></span> <span class='ocrx_word' id='word_1_220' title='bbox 2330 1589 2556 1658; x_wconf 68' lang='lat' dir='ltr'><strong>fallaciis</strong></span> <span class='ocrx_word' id='word_1_221' title='bbox 2593 1590 2952 1644; x_wconf 87' lang='lat' dir='ltr'><strong>consentiendo</strong></span> <span class='ocrx_word' id='word_1_222' title='bbox 2985 1592 3252 1646; x_wconf 79' lang='lat' dir='ltr'><strong>subversas</strong></span> <span class='ocrx_word' id='word_1_223' title='bbox 3283 1594 3370 1657; x_wconf 89' lang='lat' dir='ltr'><strong>sit,</strong></span> <span class='ocrx_word' id='word_1_224' title='bbox 3400 1596 3487 1663; x_wconf 88' lang='lat' dir='ltr'><strong>qui</strong></span> <span class='ocrx_word' id='word_1_225' title='bbox 3522 1597 3655 1651; x_wconf 83' lang='lat' dir='ltr'><strong>dicat</strong></span> <span class='ocrx_word' id='word_1_226' title='bbox 3681 1599 3765 1652; x_wconf 87' lang='lat' dir='ltr'><strong>hoc</strong></span> 
     </span>
    </p>
   </div>
   <div class='ocr_carea' id='block_1_32' title="bbox 2205 1677 3765 1755">
    <p class='ocr_par' dir='ltr' id='par_1_32' title="bbox 2205 1677 3765 1755">
     <span class='ocr_line' id='line_1_32' title="bbox 2205 1677 3765 1755; baseline 0.008 -25"><span class='ocrx_word' id='word_1_227' title='bbox 2205 1680 2385 1731; x_wconf 82' lang='lat' dir='ltr'><strong>mereri</strong></span> <span class='ocrx_word' id='word_1_228' title='bbox 2429 1677 2551 1748; x_wconf 89' lang='lat' dir='ltr'><strong>(hoc</strong></span> <span class='ocrx_word' id='word_1_229' title='bbox 2601 1687 2686 1734; x_wconf 87' lang='lat' dir='ltr'><strong>est</strong></span> <span class='ocrx_word' id='word_1_230' title='bbox 2719 1680 2996 1749; x_wconf 87' lang='lat' dir='ltr'><strong>consequi,</strong></span> <span class='ocrx_word' id='word_1_231' title='bbox 3041 1689 3097 1735; x_wconf 88' lang='lat' dir='ltr'><strong>ut</strong></span> <span class='ocrx_word' id='word_1_232' title='bbox 3137 1683 3358 1754; x_wconf 85' lang='lat' dir='ltr'><strong>passim)</strong></span> <span class='ocrx_word' id='word_1_233' title='bbox 3408 1702 3511 1739; x_wconf 89' lang='lat' dir='ltr'><strong>non</strong></span> <span class='ocrx_word' id='word_1_234' title='bbox 3559 1690 3765 1755; x_wconf 85' lang='lat' dir='ltr'><strong>potuisse</strong></span> 
     </span>
    </p>
   </div>
   <div class='ocr_carea' id='block_1_33' title="bbox 535 1767 3764 1843">
    <p class='ocr_par' dir='ltr' id='par_1_33' title="bbox 535 1767 3764 1843">
     <span class='ocr_line' id='line_1_33' title="bbox 535 1767 3764 1843; baseline -0.002 -4"><span class='ocrx_word' id='word_1_235' title='bbox 535 1797 587 1839; x_wconf 91' lang='lat' dir='ltr'><strong>et</strong></span> <span class='ocrx_word' id='word_1_236' title='bbox 621 1780 1055 1843; x_wconf 82' lang='lat' dir='ltr'><strong>consuetudines,</strong></span> <span class='ocrx_word' id='word_1_237' title='bbox 1094 1780 1201 1831; x_wconf 91' lang='lat' dir='ltr'><strong>imo</strong></span> <span class='ocrx_word' id='word_1_238' title='bbox 1233 1776 1395 1829; x_wconf 88' lang='lat' dir='ltr'><strong>etiam</strong></span> <span class='ocrx_word' id='word_1_239' title='bbox 1437 1771 1715 1840; x_wconf 80' lang='lat' dir='ltr'><strong>Opiniones</strong></span> <span class='ocrx_word' id='word_1_240' title='bbox 1745 1771 1943 1828; x_wconf 65' lang='lat' dir='ltr'><strong>tuuftr,</strong></span> <span class='ocrx_word' id='word_1_241' title='bbox 1971 1782 2105 1837; x_wconf 71' lang='lat' dir='ltr'><strong>prte-</strong></span> <span class='ocrx_word' id='word_1_242' title='bbox 2134 1779 2182 1837; x_wconf 81' lang='grc' dir='ltr'><strong>Β</strong></span> <span class='ocrx_word' id='word_1_243' title='bbox 2206 1770 2555 1836; x_wconf 87' lang='lat' dir='ltr'><strong>apostolorum</strong></span> <span class='ocrx_word' id='word_1_244' title='bbox 2599 1767 2902 1835; x_wconf 89' lang='lat' dir='ltr'><strong>Ecclesiam,</strong></span> <span class='ocrx_word' id='word_1_245' title='bbox 2945 1780 3048 1825; x_wconf 90' lang='lat' dir='ltr'><strong>tam</strong></span> <span class='ocrx_word' id='word_1_246' title='bbox 3082 1773 3263 1841; x_wconf 77' lang='lat' dir='ltr'><strong>ﬁdam,</strong></span> <span class='ocrx_word' id='word_1_247' title='bbox 3310 1785 3414 1827; x_wconf 89' lang='lat' dir='ltr'><strong>tam</strong></span> <span class='ocrx_word' id='word_1_248' title='bbox 3451 1794 3764 1833; x_wconf 85' lang='lat' dir='ltr'><strong>numerosam</strong></span> 
     </span>
    </p>
   </div>
   <div class='ocr_carea' id='block_1_34' title="bbox 538 1862 2103 1945">
    <p class='ocr_par' dir='ltr' id='par_1_34' title="bbox 538 1862 2103 1945">
     <span class='ocr_line' id='line_1_34' title="bbox 538 1862 2103 1945; baseline -0.012 -15"><span class='ocrx_word' id='word_1_249' title='bbox 538 1878 725 1929; x_wconf 85' lang='lat' dir='ltr'><strong>sertim</strong></span> <span class='ocrx_word' id='word_1_250' title='bbox 773 1873 1117 1945; x_wconf 88' lang='lat' dir='ltr'><strong>sequentibus</strong></span> <span class='ocrx_word' id='word_1_251' title='bbox 1163 1870 1427 1936; x_wconf 67' lang='lat' dir='ltr'><strong>aetatibus,</strong></span> <span class='ocrx_word' id='word_1_252' title='bbox 1470 1882 1535 1921; x_wconf 79' lang='lat' dir='ltr'><strong>ex</strong></span> <span class='ocrx_word' id='word_1_253' title='bbox 1582 1864 1648 1917; x_wconf 92' lang='lat' dir='ltr'><strong>iis</strong></span> <span class='ocrx_word' id='word_1_254' title='bbox 1687 1862 1933 1931; x_wconf 82' lang='lat' dir='ltr'><strong>redargui</strong></span> <span class='ocrx_word' id='word_1_255' title='bbox 1974 1874 2103 1929; x_wconf 88' lang='lat' dir='ltr'><strong>pos-</strong></span> 
     </span>
    </p>
   </div>
   <div class='ocr_carea' id='block_1_35' title="bbox 540 1951 2110 2019">
    <p class='ocr_par' dir='ltr' id='par_1_35' title="bbox 540 1951 2110 2019">
     <span class='ocr_line' id='line_1_35' title="bbox 540 1951 2110 2019; baseline -0.008 -2"><span class='ocrx_word' id='word_1_256' title='bbox 540 1974 683 2017; x_wconf 78' lang='lat' dir='ltr'><strong>sent.</strong></span> <span class='ocrx_word' id='word_1_257' title='bbox 720 1963 961 2017; x_wconf 79' lang='lat' dir='ltr'><strong>Proiecto</strong></span> <span class='ocrx_word' id='word_1_258' title='bbox 994 1962 1038 2014; x_wconf 87' lang='lat' dir='ltr'><strong>si</strong></span> <span class='ocrx_word' id='word_1_259' title='bbox 1068 1960 1277 2016; x_wconf 85' lang='lat' dir='ltr'><strong>conficti</strong></span> <span class='ocrx_word' id='word_1_260' title='bbox 1309 1964 1511 2019; x_wconf 88' lang='lat' dir='ltr'><strong>essent,</strong></span> <span class='ocrx_word' id='word_1_261' title='bbox 1539 1954 1610 2007; x_wconf 88' lang='lat' dir='ltr'><strong>ita</strong></span> <span class='ocrx_word' id='word_1_262' title='bbox 1639 1960 1823 2007; x_wconf 88' lang='lat' dir='ltr'><strong>essent</strong></span> <span class='ocrx_word' id='word_1_263' title='bbox 1843 1951 2028 2018; x_wconf 87' lang='lat' dir='ltr'><strong>scripti</strong></span> <span class='ocrx_word' id='word_1_264' title='bbox 2052 1957 2110 2004; x_wconf 92' lang='lat' dir='ltr'><strong>ut</strong></span> 
     </span>
    </p>
   </div>
   <div class='ocr_carea' id='block_1_36' title="bbox 538 2043 2111 2114">
    <p class='ocr_par' dir='ltr' id='par_1_36' title="bbox 538 2043 2111 2114">
     <span class='ocr_line' id='line_1_36' title="bbox 538 2043 2111 2114; baseline -0.008 -8"><span class='ocrx_word' id='word_1_265' title='bbox 538 2055 603 2108; x_wconf 89' lang='lat' dir='ltr'><strong>ad</strong></span> <span class='ocrx_word' id='word_1_266' title='bbox 632 2055 1050 2109; x_wconf 88' lang='lat' dir='ltr'><strong>emolumentum</strong></span> <span class='ocrx_word' id='word_1_267' title='bbox 1082 2062 1267 2106; x_wconf 88' lang='lat' dir='ltr'><strong>eorum</strong></span> <span class='ocrx_word' id='word_1_268' title='bbox 1300 2049 1596 2114; x_wconf 87' lang='lat' dir='ltr'><strong>famamque</strong></span> <span class='ocrx_word' id='word_1_269' title='bbox 1624 2044 1714 2112; x_wconf 89' lang='lat' dir='ltr'><strong>qui</strong></span> <span class='ocrx_word' id='word_1_270' title='bbox 1742 2043 1808 2096; x_wconf 88' lang='lat' dir='ltr'><strong>iis</strong></span> <span class='ocrx_word' id='word_1_271' title='bbox 1835 2049 2111 2096; x_wconf 89' lang='lat' dir='ltr'><strong>uterentur</strong></span> 
     </span>
    </p>
   </div>
   <div class='ocr_carea' id='block_1_37' title="bbox 539 2131 2106 2215">
    <p class='ocr_par' dir='ltr' id='par_1_37' title="bbox 539 2131 2106 2215">
     <span class='ocr_line' id='line_1_37' title="bbox 539 2131 2106 2215; baseline -0.01 -16"><span class='ocrx_word' id='word_1_272' title='bbox 539 2153 871 2215; x_wconf 83' lang='lat' dir='ltr'><strong>spectarent;</strong></span> <span class='ocrx_word' id='word_1_273' title='bbox 906 2159 1007 2197; x_wconf 92' lang='lat' dir='ltr'><strong>non</strong></span> <span class='ocrx_word' id='word_1_274' title='bbox 1035 2157 1128 2197; x_wconf 88' lang='lat' dir='ltr'><strong>eos</strong></span> <span class='ocrx_word' id='word_1_275' title='bbox 1150 2152 1256 2195; x_wconf 91' lang='lat' dir='ltr'><strong>tam</strong></span> <span class='ocrx_word' id='word_1_276' title='bbox 1294 2147 1497 2209; x_wconf 87' lang='lat' dir='ltr'><strong>aperte,</strong></span> <span class='ocrx_word' id='word_1_277' title='bbox 1522 2136 1597 2189; x_wconf 91' lang='lat' dir='ltr'><strong>uti</strong></span> <span class='ocrx_word' id='word_1_278' title='bbox 1627 2134 1847 2196; x_wconf 86' lang='lat' dir='ltr'><strong>faciunt,</strong></span> <span class='ocrx_word' id='word_1_279' title='bbox 1880 2131 2106 2186; x_wconf 81' lang='lat' dir='ltr'><strong>damna-</strong></span> 
     </span>
    </p>
   </div>
   <div class='ocr_carea' id='block_1_38' title="bbox 537 2223 2109 2301">
    <p class='ocr_par' dir='ltr' id='par_1_38' title="bbox 537 2223 2109 2301">
     <span class='ocr_line' id='line_1_38' title="bbox 537 2223 2109 2301; baseline -0.009 -12"><span class='ocrx_word' id='word_1_280' title='bbox 537 2242 677 2296; x_wconf 88' lang='lat' dir='ltr'><strong>rent,</strong></span> <span class='ocrx_word' id='word_1_281' title='bbox 706 2244 837 2289; x_wconf 87' lang='lat' dir='ltr'><strong>etut</strong></span> <span class='ocrx_word' id='word_1_282' title='bbox 865 2234 1158 2301; x_wconf 88' lang='lat' dir='ltr'><strong>degeneres</strong></span> <span class='ocrx_word' id='word_1_283' title='bbox 1187 2230 1518 2285; x_wconf 84' lang='lat' dir='ltr'><strong>Christianos</strong></span> <span class='ocrx_word' id='word_1_284' title='bbox 1556 2223 1891 2288; x_wconf 87' lang='lat' dir='ltr'><strong>infamarent,</strong></span> <span class='ocrx_word' id='word_1_285' title='bbox 1924 2231 1981 2277; x_wconf 86' lang='lat' dir='ltr'><strong>et</strong></span> <span class='ocrx_word' id='word_1_286' title='bbox 2009 2236 2109 2276; x_wconf 85' lang='lat' dir='ltr'><strong>no—</strong></span> 
     </span>
    </p>
   </div>
   <div class='ocr_carea' id='block_1_39' title="bbox 538 2311 2108 2389">
    <p class='ocr_par' dir='ltr' id='par_1_39' title="bbox 538 2311 2108 2389">
     <span class='ocr_line' id='line_1_39' title="bbox 538 2311 2108 2389; baseline -0.005 -17"><span class='ocrx_word' id='word_1_287' title='bbox 538 2335 724 2373; x_wconf 85' lang='lat' dir='ltr'><strong>vorum</strong></span> <span class='ocrx_word' id='word_1_288' title='bbox 748 2321 1056 2389; x_wconf 83' lang='lat' dir='ltr'><strong>dogmalum</strong></span> <span class='ocrx_word' id='word_1_289' title='bbox 1086 2333 1150 2373; x_wconf 91' lang='lat' dir='ltr'><strong>ac</strong></span> <span class='ocrx_word' id='word_1_290' title='bbox 1178 2319 1372 2371; x_wconf 89' lang='lat' dir='ltr'><strong>rituum</strong></span> <span class='ocrx_word' id='word_1_291' title='bbox 1404 2312 1709 2369; x_wconf 83' lang='lat' dir='ltr'><strong>conditores</strong></span> <span class='ocrx_word' id='word_1_292' title='bbox 1741 2311 1902 2365; x_wconf 87' lang='lat' dir='ltr'><strong>fuisse</strong></span> <span class='ocrx_word' id='word_1_293' title='bbox 1924 2319 2108 2366; x_wconf 84' lang='lat' dir='ltr'><strong>osten-</strong></span> 
     </span>
    </p>
   </div>
   <div class='ocr_carea' id='block_1_40' title="bbox 538 2409 743 2462">
    <p class='ocr_par' dir='ltr' id='par_1_40' title="bbox 538 2409 743 2462">
     <span class='ocr_line' id='line_1_40' title="bbox 538 2409 743 2462; baseline -0.005 -1"><span class='ocrx_word' id='word_1_294' title='bbox 538 2409 743 2462; x_wconf 89' lang='lat' dir='ltr'><strong>derent.</strong></span> 
     </span>
    </p>
   </div>
   <div class='ocr_carea' id='block_1_41' title="bbox 609 2488 2109 2553">
    <p class='ocr_par' dir='ltr' id='par_1_41' title="bbox 609 2488 2109 2553">
     <span class='ocr_line' id='line_1_41' title="bbox 609 2488 2109 2553; baseline -0.006 -3"><span class='ocrx_word' id='word_1_295' title='bbox 609 2496 738 2553; x_wconf 91' lang='lat' dir='ltr'><strong>Ibid.</strong></span> <span class='ocrx_word' id='word_1_296' title='bbox 774 2495 930 2550; x_wconf 72' lang='lat' dir='ltr'><strong>Multi</strong></span> <span class='ocrx_word' id='word_1_297' title='bbox 972 2499 1131 2549; x_wconf 88' lang='lat' dir='ltr'><strong>multa</strong></span> <span class='ocrx_word' id='word_1_298' title='bbox 1174 2495 1237 2549; x_wconf 87' lang='lat' dir='ltr'><strong>de</strong></span> <span class='ocrx_word' id='word_1_299' title='bbox 1272 2493 1457 2548; x_wconf 79' lang='lat' dir='ltr'><strong>litteris</strong></span> <span class='ocrx_word' id='word_1_300' title='bbox 1492 2491 1842 2547; x_wconf 75' lang='lat' dir='ltr'><strong>ecclesiasticis</strong></span> <span class='ocrx_word' id='word_1_301' title='bbox 1884 2488 2109 2542; x_wconf 88' lang='lat' dir='ltr'><strong>conscri-</strong></span> 
     </span>
    </p>
   </div>
   <div class='ocr_carea' id='block_1_42' title="bbox 541 2583 2109 2657">
    <p class='ocr_par' dir='ltr' id='par_1_42' title="bbox 541 2583 2109 2657">
     <span class='ocr_line' id='line_1_42' title="bbox 541 2583 2109 2657; baseline -0.004 -14"><span class='ocrx_word' id='word_1_302' title='bbox 541 2598 772 2657; x_wconf 86' lang='lat' dir='ltr'><strong>pserunt,</strong></span> <span class='ocrx_word' id='word_1_303' title='bbox 802 2603 904 2641; x_wconf 89' lang='lat' dir='ltr'><strong>non</strong></span> <span class='ocrx_word' id='word_1_304' title='bbox 932 2587 1137 2657; x_wconf 86' lang='lat' dir='ltr'><strong>quidem</strong></span> <span class='ocrx_word' id='word_1_305' title='bbox 1172 2588 1476 2641; x_wconf 86' lang='lat' dir='ltr'><strong>auctoritate</strong></span> <span class='ocrx_word' id='word_1_306' title='bbox 1520 2586 1791 2653; x_wconf 89' lang='lat' dir='ltr'><strong>canonica,</strong></span> <span class='ocrx_word' id='word_1_307' title='bbox 1823 2585 1910 2638; x_wconf 85' lang='lat' dir='ltr'><strong>sed</strong></span> <span class='ocrx_word' id='word_1_308' title='bbox 1935 2583 2109 2653; x_wconf 85' lang='lat' dir='ltr'><strong>aliqua</strong></span> 
     </span>
    </p>
   </div>
   <div class='ocr_carea' id='block_1_43' title="bbox 539 2675 2113 2753">
    <p class='ocr_par' dir='ltr' id='par_1_43' title="bbox 539 2675 2113 2753">
     <span class='ocr_line' id='line_1_43' title="bbox 539 2675 2113 2753; baseline -0.005 -18"><span class='ocrx_word' id='word_1_309' title='bbox 539 2681 820 2753; x_wconf 75' lang='lat' dir='ltr'><strong>odjurandi</strong></span> <span class='ocrx_word' id='word_1_310' title='bbox 848 2680 1037 2745; x_wconf 88' lang='lat' dir='ltr'><strong>studio,</strong></span> <span class='ocrx_word' id='word_1_311' title='bbox 1064 2680 1168 2733; x_wconf 87' lang='lat' dir='ltr'><strong>sive</strong></span> <span class='ocrx_word' id='word_1_312' title='bbox 1195 2678 1445 2732; x_wconf 85' lang='lat' dir='ltr'><strong>discendi.</strong></span> <span class='ocrx_word' id='word_1_313' title='bbox 1478 2676 1622 2732; x_wconf 87' lang='lat' dir='ltr'><strong>Unde</strong></span> <span class='ocrx_word' id='word_1_314' title='bbox 1651 2685 1848 2730; x_wconf 84' lang='lat' dir='ltr'><strong>constat</strong></span> <span class='ocrx_word' id='word_1_315' title='bbox 1871 2675 1994 2743; x_wconf 87' lang='lat' dir='ltr'><strong>quid</strong></span> <span class='ocrx_word' id='word_1_316' title='bbox 2022 2690 2113 2727; x_wconf 88' lang='lat' dir='ltr'><strong>cu-</strong></span> 
     </span>
    </p>
   </div>
   <div class='ocr_carea' id='block_1_44' title="bbox 542 2764 2112 2839">
    <p class='ocr_par' dir='ltr' id='par_1_44' title="bbox 542 2764 2112 2839">
     <span class='ocr_line' id='line_1_44' title="bbox 542 2764 2112 2839; baseline -0.004 -16"><span class='ocrx_word' id='word_1_317' title='bbox 542 2773 624 2837; x_wconf 88' lang='lat' dir='ltr'><strong>ius</strong></span> <span class='ocrx_word' id='word_1_318' title='bbox 652 2770 740 2836; x_wconf 87' lang='lat' dir='ltr'><strong>sit,</strong></span> <span class='ocrx_word' id='word_1_319' title='bbox 770 2770 871 2823; x_wconf 83' lang='lat' dir='ltr'><strong>nisi</strong></span> <span class='ocrx_word' id='word_1_320' title='bbox 891 2770 1013 2839; x_wconf 82' lang='lat' dir='ltr'><strong>quia</strong></span> <span class='ocrx_word' id='word_1_321' title='bbox 1042 2769 1105 2821; x_wconf 89' lang='lat' dir='ltr'><strong>iis</strong></span> <span class='ocrx_word' id='word_1_322' title='bbox 1128 2768 1436 2839; x_wconf 83' lang='lat' dir='ltr'><strong>temporibus</strong></span> <span class='ocrx_word' id='word_1_323' title='bbox 1464 2768 1643 2831; x_wconf 81' lang='lat' dir='ltr'><strong>quibus</strong></span> <span class='ocrx_word' id='word_1_324' title='bbox 1672 2783 1731 2819; x_wconf 88' lang='lat' dir='ltr'><strong>ea</strong></span> <span class='ocrx_word' id='word_1_325' title='bbox 1750 2767 1959 2836; x_wconf 89' lang='lat' dir='ltr'><strong>quisque</strong></span> <span class='ocrx_word' id='word_1_326' title='bbox 1982 2764 2112 2817; x_wconf 82' lang='lat' dir='ltr'><strong>scri-</strong></span> 
     </span>
    </p>
   </div>
   <div class='ocr_carea' id='block_1_45' title="bbox 540 2855 2113 2930">
    <p class='ocr_par' dir='ltr' id='par_1_45' title="bbox 540 2855 2113 2930">
     <span class='ocr_line' id='line_1_45' title="bbox 540 2855 2113 2930; baseline -0.004 -16"><span class='ocrx_word' id='word_1_327' title='bbox 540 2862 659 2930; x_wconf 88' lang='lat' dir='ltr'><strong>psit,</strong></span> <span class='ocrx_word' id='word_1_328' title='bbox 690 2860 870 2929; x_wconf 84' lang='lat' dir='ltr'><strong>quibus</strong></span> <span class='ocrx_word' id='word_1_329' title='bbox 909 2859 1070 2928; x_wconf 89' lang='lat' dir='ltr'><strong>potuit</strong></span> <span class='ocrx_word' id='word_1_330' title='bbox 1111 2860 1383 2912; x_wconf 85' lang='lat' dir='ltr'><strong>insinuavit</strong></span> <span class='ocrx_word' id='word_1_331' title='bbox 1429 2868 1578 2926; x_wconf 89' lang='lat' dir='ltr'><strong>atque</strong></span> <span class='ocrx_word' id='word_1_332' title='bbox 1613 2856 1795 2923; x_wconf 83' lang='lat' dir='ltr'><strong>edidit,</strong></span> <span class='ocrx_word' id='word_1_333' title='bbox 1827 2866 1872 2909; x_wconf 87' lang='lat' dir='ltr'><strong>et</strong></span> <span class='ocrx_word' id='word_1_334' title='bbox 1916 2857 2032 2908; x_wconf 88' lang='lat' dir='ltr'><strong>inde</strong></span> <span class='ocrx_word' id='word_1_335' title='bbox 2059 2855 2113 2907; x_wconf 86' lang='lat' dir='ltr'><strong>in</strong></span> 
     </span>
    </p>
   </div>
   <div class='ocr_carea' id='block_1_46' title="bbox 540 2944 2112 3017">
    <p class='ocr_par' dir='ltr' id='par_1_46' title="bbox 540 2944 2112 3017">
     <span class='ocr_line' id='line_1_46' title="bbox 540 2944 2112 3017; baseline -0.005 -14"><span class='ocrx_word' id='word_1_336' title='bbox 540 2952 672 3003; x_wconf 73' lang='lat' dir='ltr'><strong>alios</strong></span> <span class='ocrx_word' id='word_1_337' title='bbox 698 2958 847 3017; x_wconf 79' lang='lat' dir='ltr'><strong>atque</strong></span> <span class='ocrx_word' id='word_1_338' title='bbox 875 2949 1026 3013; x_wconf 87' lang='lat' dir='ltr'><strong>alios,</strong></span> <span class='ocrx_word' id='word_1_339' title='bbox 1073 2950 1366 3001; x_wconf 88' lang='lat' dir='ltr'><strong>continuata</strong></span> <span class='ocrx_word' id='word_1_340' title='bbox 1392 2948 1594 3010; x_wconf 86' lang='lat' dir='ltr'><strong>notitia,</strong></span> <span class='ocrx_word' id='word_1_341' title='bbox 1630 2945 1879 3011; x_wconf 87' lang='lat' dir='ltr'><strong>latiusque</strong></span> <span class='ocrx_word' id='word_1_342' title='bbox 1909 2944 2112 3011; x_wconf 83' lang='lat' dir='ltr'><strong>ﬁrmata</strong></span> 
     </span>
    </p>
   </div>
   <div class='ocr_carea' id='block_1_47' title="bbox 543 3035 2107 3105">
    <p class='ocr_par' dir='ltr' id='par_1_47' title="bbox 543 3035 2107 3105">
     <span class='ocr_line' id='line_1_47' title="bbox 543 3035 2107 3105; baseline -0.005 -14"><span class='ocrx_word' id='word_1_343' title='bbox 543 3038 611 3091; x_wconf 83' lang='lat' dir='ltr'><strong>ad</strong></span> <span class='ocrx_word' id='word_1_344' title='bbox 641 3037 941 3105; x_wconf 85' lang='lat' dir='ltr'><strong>posteriores</strong></span> <span class='ocrx_word' id='word_1_345' title='bbox 963 3036 1109 3088; x_wconf 88' lang='lat' dir='ltr'><strong>etiam</strong></span> <span class='ocrx_word' id='word_1_346' title='bbox 1136 3050 1291 3104; x_wconf 86' lang='lat' dir='ltr'><strong>usque</strong></span> <span class='ocrx_word' id='word_1_347' title='bbox 1321 3035 1388 3085; x_wconf 88' lang='lat' dir='ltr'><strong>ad</strong></span> <span class='ocrx_word' id='word_1_348' title='bbox 1419 3044 1591 3085; x_wconf 90' lang='lat' dir='ltr'><strong>nostra</strong></span> <span class='ocrx_word' id='word_1_349' title='bbox 1618 3041 1845 3100; x_wconf 87' lang='lat' dir='ltr'><strong>tempora</strong></span> <span class='ocrx_word' id='word_1_350' title='bbox 1872 3045 2107 3100; x_wconf 79' lang='lat' dir='ltr'><strong>pervene-</strong></span> 
     </span>
    </p>
   </div>
   <div class='ocr_carea' id='block_1_48' title="bbox 2207 1856 3766 1936">
    <p class='ocr_par' dir='ltr' id='par_1_48' title="bbox 2207 1856 3766 1936">
     <span class='ocr_line' id='line_1_48' title="bbox 2207 1856 3766 1936; baseline 0.008 -28"><span class='ocrx_word' id='word_1_351' title='bbox 2207 1856 2425 1925; x_wconf 80' lang='lat' dir='ltr'><strong>frotrum</strong></span> <span class='ocrx_word' id='word_1_352' title='bbox 2448 1856 2790 1917; x_wconf 83' lang='lat' dir='ltr'><strong>concordiam.</strong></span> <span class='ocrx_word' id='word_1_353' title='bbox 2825 1866 2880 1911; x_wconf 79' lang='lat' dir='ltr'><strong>ut</strong></span> <span class='ocrx_word' id='word_1_354' title='bbox 2918 1874 3093 1913; x_wconf 87' lang='lat' dir='ltr'><strong>eorum</strong></span> <span class='ocrx_word' id='word_1_355' title='bbox 3120 1862 3311 1930; x_wconf 83' lang='lat' dir='ltr'><strong>scripta</strong></span> <span class='ocrx_word' id='word_1_356' title='bbox 3333 1863 3553 1930; x_wconf 72' lang='lat' dir='ltr'><strong>ﬁdeliter</strong></span> <span class='ocrx_word' id='word_1_357' title='bbox 3574 1869 3766 1936; x_wconf 81' lang='lat' dir='ltr'><strong>trajice-</strong></span> 
     </span>
    </p>
   </div>
   <div class='ocr_carea' id='block_1_49' title="bbox 2208 1949 3768 2026">
    <p class='ocr_par' dir='ltr' id='par_1_49' title="bbox 2208 1949 3768 2026">
     <span class='ocr_line' id='line_1_49' title="bbox 2208 1949 3768 2026; baseline 0.007 -26"><span class='ocrx_word' id='word_1_358' title='bbox 2208 1956 2350 2011; x_wconf 88' lang='lat' dir='ltr'><strong>rent;</strong></span> <span class='ocrx_word' id='word_1_359' title='bbox 2378 1963 2493 2001; x_wconf 86' lang='lat' dir='ltr'><strong>cum</strong></span> <span class='ocrx_word' id='word_1_360' title='bbox 2514 1962 2689 2001; x_wconf 79' lang='lat' dir='ltr'><strong>eorum</strong></span> <span class='ocrx_word' id='word_1_361' title='bbox 2714 1949 2981 2002; x_wconf 84' lang='lat' dir='ltr'><strong>cathedras</strong></span> <span class='ocrx_word' id='word_1_362' title='bbox 3012 1966 3167 2019; x_wconf 87' lang='lat' dir='ltr'><strong>usque</strong></span> <span class='ocrx_word' id='word_1_363' title='bbox 3194 1952 3263 2003; x_wconf 86' lang='lat' dir='ltr'><strong>ad</strong></span> <span class='ocrx_word' id='word_1_364' title='bbox 3292 1966 3562 2019; x_wconf 64' lang='lat' dir='ltr'><strong>pressantes</strong></span> <span class='ocrx_word' id='word_1_365' title='bbox 3582 1958 3768 2026; x_wconf 83' lang='lat' dir='ltr'><strong>episco-</strong></span> 
     </span>
    </p>
   </div>
   <div class='ocr_carea' id='block_1_50' title="bbox 2209 2038 3767 2118">
    <p class='ocr_par' dir='ltr' id='par_1_50' title="bbox 2209 2038 3767 2118">
     <span class='ocr_line' id='line_1_50' title="bbox 2209 2038 3767 2118; baseline 0.008 -27"><span class='ocrx_word' id='word_1_366' title='bbox 2209 2054 2301 2105; x_wconf 91' lang='lat' dir='ltr'><strong>pos</strong></span> <span class='ocrx_word' id='word_1_367' title='bbox 2330 2038 2615 2092; x_wconf 85' lang='lat' dir='ltr'><strong>certissima</strong></span> <span class='ocrx_word' id='word_1_368' title='bbox 2652 2040 2967 2093; x_wconf 86' lang='lat' dir='ltr'><strong>successione</strong></span> <span class='ocrx_word' id='word_1_369' title='bbox 2994 2043 3334 2106; x_wconf 82' lang='lat' dir='ltr'><strong>servaverint;</strong></span> <span class='ocrx_word' id='word_1_370' title='bbox 3378 2060 3494 2097; x_wconf 91' lang='lat' dir='ltr'><strong>cum</strong></span> <span class='ocrx_word' id='word_1_371' title='bbox 3525 2048 3619 2100; x_wconf 87' lang='lat' dir='ltr'><strong>hoc</strong></span> <span class='ocrx_word' id='word_1_372' title='bbox 3646 2062 3767 2118; x_wconf 82' lang='lat' dir='ltr'><strong>qua-</strong></span> 
     </span>
    </p>
   </div>
   <div class='ocr_carea' id='block_1_51' title="bbox 2208 2130 3767 2207">
    <p class='ocr_par' dir='ltr' id='par_1_51' title="bbox 2208 2130 3767 2207">
     <span class='ocr_line' id='line_1_51' title="bbox 2208 2130 3767 2207; baseline 0.007 -26"><span class='ocrx_word' id='word_1_373' title='bbox 2208 2130 2532 2198; x_wconf 84' lang='lat' dir='ltr'><strong>liumcsmque</strong></span> <span class='ocrx_word' id='word_1_374' title='bbox 2580 2130 2847 2183; x_wconf 76' lang='lat' dir='ltr'><strong>hominum</strong></span> <span class='ocrx_word' id='word_1_375' title='bbox 2888 2130 3110 2199; x_wconf 81' lang='lat' dir='ltr'><strong>scriptis,</strong></span> <span class='ocrx_word' id='word_1_376' title='bbox 3147 2132 3251 2185; x_wconf 87' lang='lat' dir='ltr'><strong>sive</strong></span> <span class='ocrx_word' id='word_1_377' title='bbox 3292 2145 3438 2188; x_wconf 69' lang='lat' dir='ltr'><strong>extra</strong></span> <span class='ocrx_word' id='word_1_378' title='bbox 3477 2136 3767 2207; x_wconf 82' lang='lat' dir='ltr'><strong>Ecclesiom,</strong></span> 
     </span>
    </p>
   </div>
   <div class='ocr_carea' id='block_1_52' title="bbox 2206 2217 3769 2296">
    <p class='ocr_par' dir='ltr' id='par_1_52' title="bbox 2206 2217 3769 2296">
     <span class='ocr_line' id='line_1_52' title="bbox 2206 2217 3769 2296; baseline 0.008 -25"><span class='ocrx_word' id='word_1_379' title='bbox 2206 2220 2309 2272; x_wconf 87' lang='lat' dir='ltr'><strong>sive</strong></span> <span class='ocrx_word' id='word_1_380' title='bbox 2330 2221 2384 2271; x_wconf 88' lang='lat' dir='ltr'><strong>in</strong></span> <span class='ocrx_word' id='word_1_381' title='bbox 2413 2220 2526 2288; x_wconf 89' lang='lat' dir='ltr'><strong>ipsa</strong></span> <span class='ocrx_word' id='word_1_382' title='bbox 2559 2217 2808 2285; x_wconf 85' lang='lat' dir='ltr'><strong>Ecclesia,</strong></span> <span class='ocrx_word' id='word_1_383' title='bbox 2847 2228 2984 2272; x_wconf 89' lang='lat' dir='ltr'><strong>tanta</strong></span> <span class='ocrx_word' id='word_1_384' title='bbox 3021 2219 3270 2289; x_wconf 74' lang='lat' dir='ltr'><strong>facilitate</strong></span> <span class='ocrx_word' id='word_1_385' title='bbox 3315 2227 3629 2296; x_wconf 58' lang='lat' dir='ltr'><strong>proveniatﬂ</strong></span> <span class='ocrx_word' id='word_1_386' title='bbox 3659 2227 3769 2284; x_wconf 64' lang='lat' dir='ltr'><strong>[ire</strong></span> 
     </span>
    </p>
   </div>
   <div class='ocr_carea' id='block_1_53' title="bbox 2210 2311 3770 2385">
    <p class='ocr_par' dir='ltr' id='par_1_53' title="bbox 2210 2311 3770 2385">
     <span class='ocr_line' id='line_1_53' title="bbox 2210 2311 3770 2385; baseline 0.007 -22"><span class='ocrx_word' id='word_1_387' title='bbox 2210 2311 2379 2379; x_wconf 87' lang='lat' dir='ltr'><strong>probe</strong></span> <span class='ocrx_word' id='word_1_388' title='bbox 2420 2319 2542 2365; x_wconf 86' lang='lat' dir='ltr'><strong>sunt</strong></span> <span class='ocrx_word' id='word_1_389' title='bbox 2571 2312 2884 2379; x_wconf 82' lang='lat' dir='ltr'><strong>pensitanda</strong></span> <span class='ocrx_word' id='word_1_390' title='bbox 2913 2312 2979 2366; x_wconf 89' lang='lat' dir='ltr'><strong>iis</strong></span> <span class='ocrx_word' id='word_1_391' title='bbox 3012 2314 3101 2382; x_wconf 91' lang='lat' dir='ltr'><strong>qui</strong></span> <span class='ocrx_word' id='word_1_392' title='bbox 3135 2317 3331 2383; x_wconf 88' lang='lat' dir='ltr'><strong>scripta</strong></span> <span class='ocrx_word' id='word_1_393' title='bbox 3358 2317 3675 2385; x_wconf 87' lang='lat' dir='ltr'><strong>apostolica,</strong></span> <span class='ocrx_word' id='word_1_394' title='bbox 3712 2320 3770 2375; x_wconf 87' lang='lat' dir='ltr'><strong>ab</strong></span> 
     </span>
    </p>
   </div>
   <div class='ocr_carea' id='block_1_54' title="bbox 2209 2400 3771 2476">
    <p class='ocr_par' dir='ltr' id='par_1_54' title="bbox 2209 2400 3771 2476">
     <span class='ocr_line' id='line_1_54' title="bbox 2209 2400 3771 2476; baseline 0.006 -23"><span class='ocrx_word' id='word_1_395' title='bbox 2209 2400 2447 2467; x_wconf 88' lang='lat' dir='ltr'><strong>ipsorum</strong></span> <span class='ocrx_word' id='word_1_396' title='bbox 2481 2409 2639 2456; x_wconf 62' lang='lat' dir='ltr'><strong>aetate</strong></span> <span class='ocrx_word' id='word_1_397' title='bbox 2677 2401 2925 2456; x_wconf 89' lang='lat' dir='ltr'><strong>omnibus</strong></span> <span class='ocrx_word' id='word_1_398' title='bbox 2970 2412 3095 2457; x_wconf 90' lang='lat' dir='ltr'><strong>nota</strong></span> <span class='ocrx_word' id='word_1_399' title='bbox 3141 2403 3321 2467; x_wconf 84' lang='lat' dir='ltr'><strong>fuisse,</strong></span> <span class='ocrx_word' id='word_1_400' title='bbox 3369 2420 3568 2476; x_wconf 86' lang='lat' dir='ltr'><strong>perque</strong></span> <span class='ocrx_word' id='word_1_401' title='bbox 3598 2401 3771 2463; x_wconf 85' lang='lat' dir='ltr'><strong>Eccle-</strong></span> 
     </span>
    </p>
   </div>
   <div class='ocr_carea' id='block_1_55' title="bbox 2208 2490 3771 2562">
    <p class='ocr_par' dir='ltr' id='par_1_55' title="bbox 2208 2490 3771 2562">
     <span class='ocr_line' id='line_1_55' title="bbox 2208 2490 3771 2562; baseline 0.004 -17"><span class='ocrx_word' id='word_1_402' title='bbox 2208 2490 2317 2545; x_wconf 89' lang='lat' dir='ltr'><strong>sias</strong></span> <span class='ocrx_word' id='word_1_403' title='bbox 2363 2504 2572 2559; x_wconf 85' lang='lat' dir='ltr'><strong>sparsa,</strong></span> <span class='ocrx_word' id='word_1_404' title='bbox 2602 2505 2665 2545; x_wconf 88' lang='lat' dir='ltr'><strong>ac</strong></span> <span class='ocrx_word' id='word_1_405' title='bbox 2693 2491 2900 2560; x_wconf 83' lang='lat' dir='ltr'><strong>publice</strong></span> <span class='ocrx_word' id='word_1_406' title='bbox 2939 2490 3074 2546; x_wconf 89' lang='lat' dir='ltr'><strong>lecta</strong></span> <span class='ocrx_word' id='word_1_407' title='bbox 3101 2504 3324 2562; x_wconf 87' lang='lat' dir='ltr'><strong>negant;</strong></span> <span class='ocrx_word' id='word_1_408' title='bbox 3353 2495 3448 2549; x_wconf 91' lang='lat' dir='ltr'><strong>sed</strong></span> <span class='ocrx_word' id='word_1_409' title='bbox 3488 2511 3519 2550; x_wconf 87' lang='lat' dir='ltr'><strong>a</strong></span> <span class='ocrx_word' id='word_1_410' title='bbox 3558 2498 3771 2553; x_wconf 85' lang='lat' dir='ltr'><strong>secundi</strong></span> 
     </span>
    </p>
   </div>
   <div class='ocr_carea' id='block_1_56' title="bbox 2209 2568 3769 2654">
    <p class='ocr_par' dir='ltr' id='par_1_56' title="bbox 2209 2568 3769 2654">
     <span class='ocr_line' id='line_1_56' title="bbox 2209 2568 3769 2654; baseline 0.004 -19"><span class='ocrx_word' id='word_1_411' title='bbox 2209 2580 2427 2636; x_wconf 91' lang='lat' dir='ltr'><strong>demum</strong></span> <span class='ocrx_word' id='word_1_412' title='bbox 2456 2581 2637 2636; x_wconf 64' lang='lat' dir='ltr'><strong>saeculi</strong></span> <span class='ocrx_word' id='word_1_413' title='bbox 2662 2580 2967 2636; x_wconf 89' lang='lat' dir='ltr'><strong>hominibus</strong></span> <span class='ocrx_word' id='word_1_414' title='bbox 2999 2582 3050 2637; x_wconf 92' lang='lat' dir='ltr'><strong>in</strong></span> <span class='ocrx_word' id='word_1_415' title='bbox 3075 2584 3247 2639; x_wconf 89' lang='lat' dir='ltr'><strong>lucem</strong></span> <span class='ocrx_word' id='word_1_416' title='bbox 3273 2595 3544 2654; x_wconf 88' lang='lat' dir='ltr'><strong>protracta</strong></span> <span class='ocrx_word' id='word_1_417' title='bbox 3578 2568 3769 2641; x_wconf 72' lang='lat' dir='ltr'><strong>volunt.</strong></span> 
     </span>
    </p>
   </div>
   <div class='ocr_carea' id='block_1_57' title="bbox 2216 2670 3771 2741">
    <p class='ocr_par' dir='ltr' id='par_1_57' title="bbox 2216 2670 3771 2741">
     <span class='ocr_line' id='line_1_57' title="bbox 2216 2670 3771 2741; baseline 0.005 -17"><span class='ocrx_word' id='word_1_418' title='bbox 2216 2670 2435 2726; x_wconf 83' lang='lat' dir='ltr'><strong>Videtur</strong></span> <span class='ocrx_word' id='word_1_419' title='bbox 2479 2670 2805 2741; x_wconf 83' lang='lat' dir='ltr'><strong>Augustinus</strong></span> <span class='ocrx_word' id='word_1_420' title='bbox 2848 2672 2904 2726; x_wconf 89' lang='lat' dir='ltr'><strong>in</strong></span> <span class='ocrx_word' id='word_1_421' title='bbox 2949 2672 3128 2729; x_wconf 90' lang='lat' dir='ltr'><strong>animo</strong></span> <span class='ocrx_word' id='word_1_422' title='bbox 3164 2674 3412 2731; x_wconf 81' lang='lat' dir='ltr'><strong>habuisse</strong></span> <span class='ocrx_word' id='word_1_423' title='bbox 3439 2677 3613 2731; x_wconf 87' lang='lat' dir='ltr'><strong>locum</strong></span> <span class='ocrx_word' id='word_1_424' title='bbox 3654 2678 3771 2733; x_wconf 82' lang='lat' dir='ltr'><strong>Ter-</strong></span> 
     </span>
    </p>
   </div>
   <div class='ocr_carea' id='block_1_58' title="bbox 2213 2761 3768 2835">
    <p class='ocr_par' dir='ltr' id='par_1_58' title="bbox 2213 2761 3768 2835">
     <span class='ocr_line' id='line_1_58' title="bbox 2213 2761 3768 2835; baseline 0 -17"><span class='ocrx_word' id='word_1_425' title='bbox 2213 2762 2419 2818; x_wconf 89' lang='lat' dir='ltr'><strong>tulliani</strong></span> <span class='ocrx_word' id='word_1_426' title='bbox 2447 2762 2516 2817; x_wconf 91' lang='lat' dir='ltr'><strong>de</strong></span> <span class='ocrx_word' id='word_1_427' title='bbox 2543 2761 2951 2831; x_wconf 67' lang='lat' dir='ltr'><strong>Prtescriptione</strong></span> <span class='ocrx_word' id='word_1_428' title='bbox 2976 2771 3160 2817; x_wconf 87' lang='lat' dir='ltr'><strong>contra</strong></span> <span class='ocrx_word' id='word_1_429' title='bbox 3187 2763 3487 2832; x_wconf 85' lang='lat' dir='ltr'><strong>haereticos,</strong></span> <span class='ocrx_word' id='word_1_430' title='bbox 3520 2780 3637 2835; x_wconf 85' lang='lat' dir='ltr'><strong>cap.</strong></span> <span class='ocrx_word' id='word_1_431' title='bbox 3668 2768 3734 2822; x_wconf 76' lang='lat'><strong>36</strong></span> <span class='ocrx_word' id='word_1_432' title='bbox 3759 2785 3768 2818; x_wconf 93' lang='lat'><strong>:</strong></span> 
     </span>
    </p>
   </div>
   <div class='ocr_carea' id='block_1_59' title="bbox 2211 2851 3773 2923">
    <p class='ocr_par' dir='ltr' id='par_1_59' title="bbox 2211 2851 3773 2923">
     <span class='ocr_line' id='line_1_59' title="bbox 2211 2851 3773 2923; baseline 0.003 -19"><span class='ocrx_word' id='word_1_433' title='bbox 2211 2852 2319 2921; x_wconf 80' lang='lat' dir='ltr'><strong>Age</strong></span> <span class='ocrx_word' id='word_1_434' title='bbox 2335 2854 2474 2923; x_wconf 89' lang='lat' dir='ltr'><strong>jam,</strong></span> <span class='ocrx_word' id='word_1_435' title='bbox 2495 2851 2582 2921; x_wconf 85' lang='lat' dir='ltr'><strong>qui</strong></span> <span class='ocrx_word' id='word_1_436' title='bbox 2611 2851 2747 2904; x_wconf 89' lang='lat' dir='ltr'><strong>voles</strong></span> <span class='ocrx_word' id='word_1_437' title='bbox 2772 2852 3114 2906; x_wconf 88' lang='lat' dir='ltr'><strong>curiositatem</strong></span> <span class='ocrx_word' id='word_1_438' title='bbox 3136 2854 3311 2907; x_wconf 88' lang='lat' dir='ltr'><strong>melius</strong></span> <span class='ocrx_word' id='word_1_439' title='bbox 3332 2869 3586 2921; x_wconf 71' lang='lat' dir='ltr'><strong>exercere,</strong></span> <span class='ocrx_word' id='word_1_440' title='bbox 3616 2857 3674 2908; x_wconf 85' lang='lat' dir='ltr'><strong>in</strong></span> <span class='ocrx_word' id='word_1_441' title='bbox 3702 2872 3773 2908; x_wconf 80' lang='lat' dir='ltr'><strong>ne-</strong></span> 
     </span>
    </p>
   </div>
   <div class='ocr_carea' id='block_1_60' title="bbox 2212 2943 3772 3016">
    <p class='ocr_par' dir='ltr' id='par_1_60' title="bbox 2212 2943 3772 3016">
     <span class='ocr_line' id='line_1_60' title="bbox 2212 2943 3772 3016; baseline -0.001 -18"><span class='ocrx_word' id='word_1_442' title='bbox 2212 2947 2348 3015; x_wconf 88' lang='lat' dir='ltr'><strong>gotio</strong></span> <span class='ocrx_word' id='word_1_443' title='bbox 2371 2944 2548 2997; x_wconf 88' lang='lat' dir='ltr'><strong>salutis</strong></span> <span class='ocrx_word' id='word_1_444' title='bbox 2577 2953 2696 3007; x_wconf 73' lang='lat' dir='ltr'><strong>tuaz,</strong></span> <span class='ocrx_word' id='word_1_445' title='bbox 2718 2958 2961 3013; x_wconf 89' lang='lat' dir='ltr'><strong>percurre</strong></span> <span class='ocrx_word' id='word_1_446' title='bbox 3008 2943 3258 2999; x_wconf 86' lang='lat' dir='ltr'><strong>Ecclesias</strong></span> <span class='ocrx_word' id='word_1_447' title='bbox 3284 2946 3612 3014; x_wconf 89' lang='lat' dir='ltr'><strong>apostolicos,</strong></span> <span class='ocrx_word' id='word_1_448' title='bbox 3642 2949 3772 3016; x_wconf 78' lang='lat' dir='ltr'><strong>apud</strong></span> 
     </span>
    </p>
   </div>
   <div class='ocr_carea' id='block_1_61' title="bbox 2213 3034 3773 3107">
    <p class='ocr_par' dir='ltr' id='par_1_61' title="bbox 2213 3034 3773 3107">
     <span class='ocr_line' id='line_1_61' title="bbox 2213 3034 3773 3107; baseline 0.001 -19"><span class='ocrx_word' id='word_1_449' title='bbox 2213 3052 2340 3104; x_wconf 86' lang='lat' dir='ltr'><strong>quos</strong></span> <span class='ocrx_word' id='word_1_450' title='bbox 2365 3037 2490 3105; x_wconf 75' lang='lat' dir='ltr'><strong>ipsa:</strong></span> <span class='ocrx_word' id='word_1_451' title='bbox 2512 3035 2681 3087; x_wconf 85' lang='lat' dir='ltr'><strong>adhuc</strong></span> <span class='ocrx_word' id='word_1_452' title='bbox 2712 3034 2965 3087; x_wconf 72' lang='lat' dir='ltr'><strong>cathedrae</strong></span> <span class='ocrx_word' id='word_1_453' title='bbox 2989 3037 3333 3103; x_wconf 89' lang='lat' dir='ltr'><strong>apostolorum</strong></span> <span class='ocrx_word' id='word_1_454' title='bbox 3362 3037 3467 3090; x_wconf 85' lang='lat' dir='ltr'><strong>suis</strong></span> <span class='ocrx_word' id='word_1_455' title='bbox 3494 3038 3620 3090; x_wconf 85' lang='lat' dir='ltr'><strong>locis</strong></span> <span class='ocrx_word' id='word_1_456' title='bbox 3650 3052 3773 3107; x_wconf 56' lang='lat' dir='ltr'><strong>prato</strong></span> 
     </span>
    </p>
   </div>
   <div class='ocr_carea' id='block_1_62' title="bbox 542 3114 3772 3195">
    <p class='ocr_par' dir='ltr' id='par_1_62' title="bbox 542 3114 3772 3195">
     <span class='ocr_line' id='line_1_62' title="bbox 542 3114 3772 3195; baseline 0 -16"><span class='ocrx_word' id='word_1_457' title='bbox 542 3138 683 3193; x_wconf 89' lang='lat' dir='ltr'><strong>runt,</strong></span> <span class='ocrx_word' id='word_1_458' title='bbox 711 3129 784 3178; x_wconf 90' lang='lat' dir='ltr'><strong>ita</strong></span> <span class='ocrx_word' id='word_1_459' title='bbox 810 3135 866 3177; x_wconf 90' lang='lat' dir='ltr'><strong>ut</strong></span> <span class='ocrx_word' id='word_1_460' title='bbox 896 3127 1195 3192; x_wconf 86' lang='lat' dir='ltr'><strong>interrogati</strong></span> <span class='ocrx_word' id='word_1_461' title='bbox 1217 3124 1365 3192; x_wconf 87' lang='lat' dir='ltr'><strong>cujus</strong></span> <span class='ocrx_word' id='word_1_462' title='bbox 1388 3123 1599 3191; x_wconf 85' lang='lat' dir='ltr'><strong>quisque</strong></span> <span class='ocrx_word' id='word_1_463' title='bbox 1621 3121 1745 3176; x_wconf 89' lang='lat' dir='ltr'><strong>liber</strong></span> <span class='ocrx_word' id='word_1_464' title='bbox 1770 3122 1855 3184; x_wconf 90' lang='lat' dir='ltr'><strong>sit,</strong></span> <span class='ocrx_word' id='word_1_465' title='bbox 1874 3136 1978 3174; x_wconf 87' lang='lat' dir='ltr'><strong>non</strong></span> <span class='ocrx_word' id='word_1_466' title='bbox 2009 3121 2109 3173; x_wconf 57' lang='lat' dir='ltr'><strong>ha.»</strong></span> <span class='ocrx_word' id='word_1_467' title='bbox 2132 3114 2181 3177; x_wconf 85' lang='lat' dir='ltr'><strong><em>C</em></strong></span> <span class='ocrx_word' id='word_1_468' title='bbox 2212 3126 2403 3189; x_wconf 86' lang='lat' dir='ltr'><strong>sident;</strong></span> <span class='ocrx_word' id='word_1_469' title='bbox 2434 3123 2574 3193; x_wconf 86' lang='lat' dir='ltr'><strong>apud</strong></span> <span class='ocrx_word' id='word_1_470' title='bbox 2599 3140 2724 3194; x_wconf 90' lang='lat' dir='ltr'><strong>quos</strong></span> <span class='ocrx_word' id='word_1_471' title='bbox 2748 3124 2871 3195; x_wconf 68' lang='lat' dir='ltr'><strong>ipsis</strong></span> <span class='ocrx_word' id='word_1_472' title='bbox 2899 3126 3204 3180; x_wconf 79' lang='lat' dir='ltr'><strong>outhenticw</strong></span> <span class='ocrx_word' id='word_1_473' title='bbox 3243 3126 3422 3180; x_wconf 80' lang='lat' dir='ltr'><strong>litterte</strong></span> <span class='ocrx_word' id='word_1_474' title='bbox 3449 3142 3624 3179; x_wconf 89' lang='lat' dir='ltr'><strong>eorum</strong></span> <span class='ocrx_word' id='word_1_475' title='bbox 3650 3128 3772 3180; x_wconf 82' lang='lat' dir='ltr'><strong>reci-</strong></span> 
     </span>
    </p>
   </div>
   <div class='ocr_carea' id='block_1_63' title="bbox 542 3211 2113 3283">
    <p class='ocr_par' dir='ltr' id='par_1_63' title="bbox 542 3211 2113 3283">
     <span class='ocr_line' id='line_1_63' title="bbox 542 3211 2113 3283; baseline -0.002 -13"><span class='ocrx_word' id='word_1_476' title='bbox 542 3216 745 3270; x_wconf 82' lang='lat' dir='ltr'><strong>sitemus</strong></span> <span class='ocrx_word' id='word_1_477' title='bbox 773 3214 896 3283; x_wconf 79' lang='lat' dir='ltr'><strong>quid</strong></span> <span class='ocrx_word' id='word_1_478' title='bbox 936 3214 1169 3281; x_wconf 82' lang='lat' dir='ltr'><strong>respond.</strong></span> <span class='ocrx_word' id='word_1_479' title='bbox 1185 3229 1238 3265; x_wconf 89' lang='lat' dir='ltr'><strong>re</strong></span> <span class='ocrx_word' id='word_1_480' title='bbox 1266 3211 1583 3282; x_wconf 84' lang='lat' dir='ltr'><strong>debeamus.]</strong></span> <span class='ocrx_word' id='word_1_481' title='bbox 1623 3212 1971 3267; x_wconf 74' lang='lat' dir='ltr'><strong>Verissimum</strong></span> <span class='ocrx_word' id='word_1_482' title='bbox 2011 3212 2113 3267; x_wconf 88' lang='lat' dir='ltr'><strong>hoc</strong></span> 
     </span>
    </p>
   </div>
   <div class='ocr_carea' id='block_1_64' title="bbox 544 3302 2112 3371">
    <p class='ocr_par' dir='ltr' id='par_1_64' title="bbox 544 3302 2112 3371">
     <span class='ocr_line' id='line_1_64' title="bbox 544 3302 2112 3371; baseline -0.001 -13"><span class='ocrx_word' id='word_1_483' title='bbox 544 3313 628 3358; x_wconf 88' lang='lat' dir='ltr'><strong>est</strong></span> <span class='ocrx_word' id='word_1_484' title='bbox 654 3306 721 3359; x_wconf 86' lang='lat' dir='ltr'><strong>de</strong></span> <span class='ocrx_word' id='word_1_485' title='bbox 750 3304 901 3357; x_wconf 89' lang='lat' dir='ltr'><strong>libris</strong></span> <span class='ocrx_word' id='word_1_486' title='bbox 942 3302 1341 3371; x_wconf 84' lang='lat' dir='ltr'><strong>insignioribus,</strong></span> <span class='ocrx_word' id='word_1_487' title='bbox 1370 3311 1423 3357; x_wconf 88' lang='lat' dir='ltr'><strong>et</strong></span> <span class='ocrx_word' id='word_1_488' title='bbox 1451 3303 1542 3371; x_wconf 91' lang='lat' dir='ltr'><strong>qui</strong></span> <span class='ocrx_word' id='word_1_489' title='bbox 1573 3304 1625 3357; x_wconf 90' lang='lat' dir='ltr'><strong>in</strong></span> <span class='ocrx_word' id='word_1_490' title='bbox 1670 3305 1908 3357; x_wconf 90' lang='lat' dir='ltr'><strong>omnium</strong></span> <span class='ocrx_word' id='word_1_491' title='bbox 1936 3303 2112 3357; x_wconf 89' lang='lat' dir='ltr'><strong>mani-</strong></span> 
     </span>
    </p>
   </div>
   <div class='ocr_carea' id='block_1_65' title="bbox 546 3393 2114 3463">
    <p class='ocr_par' dir='ltr' id='par_1_65' title="bbox 546 3393 2114 3463">
     <span class='ocr_line' id='line_1_65' title="bbox 546 3393 2114 3463; baseline -0.001 -14"><span class='ocrx_word' id='word_1_492' title='bbox 546 3395 647 3449; x_wconf 87' lang='lat' dir='ltr'><strong>bus</strong></span> <span class='ocrx_word' id='word_1_493' title='bbox 676 3394 874 3448; x_wconf 80' lang='lat' dir='ltr'><strong>versati</strong></span> <span class='ocrx_word' id='word_1_494' title='bbox 918 3393 1153 3456; x_wconf 88' lang='lat' dir='ltr'><strong>fuerant,</strong></span> <span class='ocrx_word' id='word_1_495' title='bbox 1198 3393 1266 3445; x_wconf 90' lang='lat' dir='ltr'><strong>ab</strong></span> <span class='ocrx_word' id='word_1_496' title='bbox 1296 3395 1406 3461; x_wconf 84' lang='lat' dir='ltr'><strong>ipsa</strong></span> <span class='ocrx_word' id='word_1_497' title='bbox 1448 3394 1766 3463; x_wconf 89' lang='lat' dir='ltr'><strong>scriptorum</strong></span> <span class='ocrx_word' id='word_1_498' title='bbox 1793 3394 1987 3463; x_wconf 87' lang='lat' dir='ltr'><strong>quibus</strong></span> <span class='ocrx_word' id='word_1_499' title='bbox 2014 3394 2114 3448; x_wconf 89' lang='lat' dir='ltr'><strong>tri-</strong></span> 
     </span>
    </p>
   </div>
   <div class='ocr_carea' id='block_1_66' title="bbox 546 3482 2117 3552">
    <p class='ocr_par' dir='ltr' id='par_1_66' title="bbox 546 3482 2117 3552">
     <span class='ocr_line' id='line_1_66' title="bbox 546 3482 2117 3552; baseline 0 -14"><span class='ocrx_word' id='word_1_500' title='bbox 546 3482 779 3539; x_wconf 90' lang='lat' dir='ltr'><strong>buuntur</strong></span> <span class='ocrx_word' id='word_1_501' title='bbox 814 3490 994 3537; x_wconf 62' lang='lat' dir='ltr'><strong>aetate.</strong></span> <span class='ocrx_word' id='word_1_502' title='bbox 1041 3482 1253 3552; x_wconf 89' lang='lat' dir='ltr'><strong>Alioqui</strong></span> <span class='ocrx_word' id='word_1_503' title='bbox 1280 3483 1389 3551; x_wconf 86' lang='lat' dir='ltr'><strong>jam</strong></span> <span class='ocrx_word' id='word_1_504' title='bbox 1430 3483 1522 3536; x_wconf 87' lang='lat' dir='ltr'><strong>illo</strong></span> <span class='ocrx_word' id='word_1_505' title='bbox 1562 3498 1677 3538; x_wconf 81' lang='lat' dir='ltr'><strong>aevo</strong></span> <span class='ocrx_word' id='word_1_506' title='bbox 1716 3483 1879 3539; x_wconf 88' lang='lat' dir='ltr'><strong>multa</strong></span> <span class='ocrx_word' id='word_1_507' title='bbox 1911 3482 2117 3538; x_wconf 90' lang='lat' dir='ltr'><strong>fuerant</strong></span> 
     </span>
    </p>
   </div>
   <div class='ocr_carea' id='block_1_67' title="bbox 548 3573 2116 3643">
    <p class='ocr_par' dir='ltr' id='par_1_67' title="bbox 548 3573 2116 3643">
     <span class='ocr_line' id='line_1_67' title="bbox 548 3573 2116 3643; baseline 0.001 -15"><span class='ocrx_word' id='word_1_508' title='bbox 548 3573 844 3643; x_wconf 83' lang='lat' dir='ltr'><strong>supposita,</strong></span> <span class='ocrx_word' id='word_1_509' title='bbox 874 3581 931 3627; x_wconf 89' lang='lat' dir='ltr'><strong>ut</strong></span> <span class='ocrx_word' id='word_1_510' title='bbox 957 3573 1009 3626; x_wconf 90' lang='lat' dir='ltr'><strong>in</strong></span> <span class='ocrx_word' id='word_1_511' title='bbox 1033 3574 1179 3626; x_wconf 80' lang='lat' dir='ltr'><strong>Artis</strong></span> <span class='ocrx_word' id='word_1_512' title='bbox 1207 3576 1406 3627; x_wconf 64' lang='lat' dir='ltr'><strong>critica:</strong></span> <span class='ocrx_word' id='word_1_513' title='bbox 1435 3582 1587 3643; x_wconf 90' lang='lat' dir='ltr'><strong>parte</strong></span> <span class='ocrx_word' id='word_1_514' title='bbox 1607 3582 1901 3628; x_wconf 90' lang='lat' dir='ltr'><strong>memorata</strong></span> <span class='ocrx_word' id='word_1_515' title='bbox 1932 3574 2116 3630; x_wconf 87' lang='lat' dir='ltr'><strong>multis</strong></span> 
     </span>
    </p>
   </div>
   <div class='ocr_carea' id='block_1_68' title="bbox 543 3661 2117 3733">
    <p class='ocr_par' dir='ltr' id='par_1_68' title="bbox 543 3661 2117 3733">
     <span class='ocr_line' id='line_1_68' title="bbox 543 3661 2117 3733; baseline 0.001 -15"><span class='ocrx_word' id='word_1_516' title='bbox 543 3672 818 3718; x_wconf 89' lang='lat' dir='ltr'><strong>ostensum</strong></span> <span class='ocrx_word' id='word_1_517' title='bbox 856 3671 958 3717; x_wconf 90' lang='lat' dir='ltr'><strong>est.</strong></span> <span class='ocrx_word' id='word_1_518' title='bbox 994 3661 1127 3716; x_wconf 87' lang='lat' dir='ltr'><strong>lline</strong></span> <span class='ocrx_word' id='word_1_519' title='bbox 1156 3676 1365 3733; x_wconf 88' lang='lat' dir='ltr'><strong>quoque</strong></span> <span class='ocrx_word' id='word_1_520' title='bbox 1392 3663 1717 3731; x_wconf 79' lang='lat' dir='ltr'><strong>Augustinus</strong></span> <span class='ocrx_word' id='word_1_521' title='bbox 1747 3664 2006 3732; x_wconf 88' lang='lat' dir='ltr'><strong>potuisset</strong></span> <span class='ocrx_word' id='word_1_522' title='bbox 2034 3666 2117 3719; x_wconf 88' lang='lat' dir='ltr'><strong>itt-</strong></span> 
     </span>
    </p>
   </div>
   <div class='ocr_carea' id='block_1_69' title="bbox 522 3752 2117 3824">
    <p class='ocr_par' dir='ltr' id='par_1_69' title="bbox 522 3752 2117 3824">
     <span class='ocr_line' id='line_1_69' title="bbox 522 3752 2117 3824; baseline -0.001 -15"><span class='ocrx_word' id='word_1_523' title='bbox 522 3760 523 3763; x_wconf 69' lang='grc'><em>“</em></span> <span class='ocrx_word' id='word_1_524' title='bbox 550 3756 791 3824; x_wconf 85' lang='lat' dir='ltr'><strong>telligere</strong></span> <span class='ocrx_word' id='word_1_525' title='bbox 825 3762 881 3807; x_wconf 89' lang='lat' dir='ltr'><strong>et</strong></span> <span class='ocrx_word' id='word_1_526' title='bbox 909 3753 1219 3821; x_wconf 80' lang='lat' dir='ltr'><strong>sibyllarum</strong></span> <span class='ocrx_word' id='word_1_527' title='bbox 1259 3763 1312 3807; x_wconf 92' lang='lat' dir='ltr'><strong>et</strong></span> <span class='ocrx_word' id='word_1_528' title='bbox 1341 3753 1605 3806; x_wconf 88' lang='lat' dir='ltr'><strong>llermetis</strong></span> <span class='ocrx_word' id='word_1_529' title='bbox 1631 3752 1961 3823; x_wconf 86' lang='lat' dir='ltr'><strong>Trismegisti</strong></span> <span class='ocrx_word' id='word_1_530' title='bbox 1989 3769 2117 3824; x_wconf 78' lang='lat' dir='ltr'><strong>sup-</strong></span> 
     </span>
    </p>
   </div>
   <div class='ocr_carea' id='block_1_70' title="bbox 548 3842 2117 3915">
    <p class='ocr_par' dir='ltr' id='par_1_70' title="bbox 548 3842 2117 3915">
     <span class='ocr_line' id='line_1_70' title="bbox 548 3842 2117 3915; baseline 0.001 -17"><span class='ocrx_word' id='word_1_531' title='bbox 548 3848 753 3915; x_wconf 89' lang='lat' dir='ltr'><strong>positos</strong></span> <span class='ocrx_word' id='word_1_532' title='bbox 790 3842 955 3897; x_wconf 87' lang='lat' dir='ltr'><strong>fuisse</strong></span> <span class='ocrx_word' id='word_1_533' title='bbox 982 3843 1166 3909; x_wconf 88' lang='lat' dir='ltr'><strong>libros,</strong></span> <span class='ocrx_word' id='word_1_534' title='bbox 1193 3844 1281 3912; x_wconf 88' lang='lat' dir='ltr'><strong>qui</strong></span> <span class='ocrx_word' id='word_1_535' title='bbox 1309 3853 1434 3897; x_wconf 89' lang='lat' dir='ltr'><strong>ante</strong></span> <span class='ocrx_word' id='word_1_536' title='bbox 1468 3856 1633 3911; x_wconf 85' lang='lat' dir='ltr'><strong>pauca</strong></span> <span class='ocrx_word' id='word_1_537' title='bbox 1675 3844 1867 3898; x_wconf 71' lang='lat' dir='ltr'><strong>saecula</strong></span> <span class='ocrx_word' id='word_1_538' title='bbox 1896 3859 2117 3914; x_wconf 88' lang='lat' dir='ltr'><strong>prorsus</strong></span> 
     </span>
    </p>
   </div>
   <div class='ocr_carea' id='block_1_71' title="bbox 555 3934 2118 4007">
    <p class='ocr_par' dir='ltr' id='par_1_71' title="bbox 555 3934 2118 4007">
     <span class='ocr_line' id='line_1_71' title="bbox 555 3934 2118 4007; baseline 0.001 -16"><span class='ocrx_word' id='word_1_539' title='bbox 555 3936 722 4005; x_wconf 86' lang='lat' dir='ltr'><strong>ignoti</strong></span> <span class='ocrx_word' id='word_1_540' title='bbox 751 3934 979 3987; x_wconf 84' lang='lat' dir='ltr'><strong>fuerant.</strong></span> <span class='ocrx_word' id='word_1_541' title='bbox 1009 3934 1113 3988; x_wconf 90' lang='lat' dir='ltr'><strong>Sed</strong></span> <span class='ocrx_word' id='word_1_542' title='bbox 1154 3951 1215 3988; x_wconf 81' lang='lat' dir='ltr'><strong>ex</strong></span> <span class='ocrx_word' id='word_1_543' title='bbox 1243 3951 1309 3989; x_wconf 91' lang='lat' dir='ltr'><strong>eo</strong></span> <span class='ocrx_word' id='word_1_544' title='bbox 1336 3937 1476 4004; x_wconf 88' lang='lat' dir='ltr'><strong>quod</strong></span> <span class='ocrx_word' id='word_1_545' title='bbox 1513 3936 1664 3990; x_wconf 90' lang='lat' dir='ltr'><strong>multi</strong></span> <span class='ocrx_word' id='word_1_546' title='bbox 1691 3946 1815 3991; x_wconf 89' lang='lat' dir='ltr'><strong>sunt.</strong></span> <span class='ocrx_word' id='word_1_547' title='bbox 1843 3937 1961 3993; x_wconf 85' lang='lat' dir='ltr'><strong>libri</strong></span> <span class='ocrx_word' id='word_1_548' title='bbox 1989 3953 2118 4007; x_wconf 90' lang='lat' dir='ltr'><strong>sup-</strong></span> 
     </span>
    </p>
   </div>
   <div class='ocr_carea' id='block_1_72' title="bbox 548 4024 2119 4097">
    <p class='ocr_par' dir='ltr' id='par_1_72' title="bbox 548 4024 2119 4097">
     <span class='ocr_line' id='line_1_72' title="bbox 548 4024 2119 4097; baseline 0.004 -18"><span class='ocrx_word' id='word_1_549' title='bbox 548 4026 730 4096; x_wconf 88' lang='lat' dir='ltr'><strong>positi,</strong></span> <span class='ocrx_word' id='word_1_550' title='bbox 771 4039 877 4079; x_wconf 91' lang='lat' dir='ltr'><strong>non</strong></span> <span class='ocrx_word' id='word_1_551' title='bbox 924 4024 1162 4093; x_wconf 90' lang='lat' dir='ltr'><strong>sequitur</strong></span> <span class='ocrx_word' id='word_1_552' title='bbox 1200 4041 1386 4081; x_wconf 86' lang='lat' dir='ltr'><strong>omnes</strong></span> <span class='ocrx_word' id='word_1_553' title='bbox 1437 4041 1595 4095; x_wconf 89' lang='lat' dir='ltr'><strong>posse</strong></span> <span class='ocrx_word' id='word_1_554' title='bbox 1642 4028 1694 4080; x_wconf 90' lang='lat' dir='ltr'><strong>in</strong></span> <span class='ocrx_word' id='word_1_555' title='bbox 1733 4029 2119 4097; x_wconf 87' lang='lat' dir='ltr'><strong>suppositionis</strong></span> 
     </span>
    </p>
   </div>
   <div class='ocr_carea' id='block_1_73' title="bbox 548 4116 2119 4187">
    <p class='ocr_par' dir='ltr' id='par_1_73' title="bbox 548 4116 2119 4187">
     <span class='ocr_line' id='line_1_73' title="bbox 548 4116 2119 4187; baseline 0.002 -15"><span class='ocrx_word' id='word_1_556' title='bbox 548 4116 908 4184; x_wconf 84' lang='lat' dir='ltr'><strong>suSpicionem</strong></span> <span class='ocrx_word' id='word_1_557' title='bbox 941 4117 1110 4181; x_wconf 87' lang='lat' dir='ltr'><strong>trahi;</strong></span> <span class='ocrx_word' id='word_1_558' title='bbox 1143 4125 1234 4171; x_wconf 89' lang='lat' dir='ltr'><strong>aut</strong></span> <span class='ocrx_word' id='word_1_559' title='bbox 1275 4118 1397 4187; x_wconf 91' lang='lat' dir='ltr'><strong>quia</strong></span> <span class='ocrx_word' id='word_1_560' title='bbox 1426 4127 1550 4171; x_wconf 89' lang='lat' dir='ltr'><strong>sunt</strong></span> <span class='ocrx_word' id='word_1_561' title='bbox 1590 4117 1738 4169; x_wconf 90' lang='lat' dir='ltr'><strong>multi</strong></span> <span class='ocrx_word' id='word_1_562' title='bbox 1765 4116 1898 4181; x_wconf 81' lang='lat' dir='ltr'><strong>veri,</strong></span> <span class='ocrx_word' id='word_1_563' title='bbox 1928 4132 2119 4175; x_wconf 86' lang='lat' dir='ltr'><strong>omnes</strong></span> 
     </span>
    </p>
   </div>
   <div class='ocr_carea' id='block_1_74' title="bbox 548 4204 2119 4277">
    <p class='ocr_par' dir='ltr' id='par_1_74' title="bbox 548 4204 2119 4277">
     <span class='ocr_line' id='line_1_74' title="bbox 548 4204 2119 4277; baseline 0 -17"><span class='ocrx_word' id='word_1_564' title='bbox 548 4220 707 4277; x_wconf 86' lang='lat' dir='ltr'><strong>posse</strong></span> <span class='ocrx_word' id='word_1_565' title='bbox 734 4221 832 4276; x_wconf 88' lang='lat' dir='ltr'><strong>pro</strong></span> <span class='ocrx_word' id='word_1_566' title='bbox 860 4208 1107 4276; x_wconf 82' lang='lat' dir='ltr'><strong>legitimis</strong></span> <span class='ocrx_word' id='word_1_567' title='bbox 1136 4206 1332 4261; x_wconf 83' lang='lat' dir='ltr'><strong>fetibus</strong></span> <span class='ocrx_word' id='word_1_568' title='bbox 1363 4221 1546 4260; x_wconf 90' lang='lat' dir='ltr'><strong>eorum</strong></span> <span class='ocrx_word' id='word_1_569' title='bbox 1586 4205 1777 4274; x_wconf 88' lang='lat' dir='ltr'><strong>quibus</strong></span> <span class='ocrx_word' id='word_1_570' title='bbox 1806 4204 2119 4260; x_wconf 83' lang='lat' dir='ltr'><strong>tribuuntur</strong></span> 
     </span>
    </p>
   </div>
   <div class='ocr_carea' id='block_1_75' title="bbox 548 4294 2118 4364">
    <p class='ocr_par' dir='ltr' id='par_1_75' title="bbox 548 4294 2118 4364">
     <span class='ocr_line' id='line_1_75' title="bbox 548 4294 2118 4364; baseline -0.002 -13"><span class='ocrx_word' id='word_1_571' title='bbox 548 4298 755 4353; x_wconf 89' lang='lat' dir='ltr'><strong>haberi.</strong></span> <span class='ocrx_word' id='word_1_572' title='bbox 785 4298 936 4364; x_wconf 87' lang='lat' dir='ltr'><strong>Quod</strong></span> <span class='ocrx_word' id='word_1_573' title='bbox 964 4297 1500 4351; x_wconf 81' lang='lat' dir='ltr'><strong>animadvertendum</strong></span> <span class='ocrx_word' id='word_1_574' title='bbox 1526 4296 1578 4348; x_wconf 89' lang='lat' dir='ltr'><strong>in</strong></span> <span class='ocrx_word' id='word_1_575' title='bbox 1611 4309 1705 4350; x_wconf 89' lang='lat' dir='ltr'><strong>eos</strong></span> <span class='ocrx_word' id='word_1_576' title='bbox 1730 4295 1821 4364; x_wconf 89' lang='lat' dir='ltr'><strong>qui</strong></span> <span class='ocrx_word' id='word_1_577' title='bbox 1846 4308 1913 4349; x_wconf 80' lang='lat' dir='ltr'><strong>ex</strong></span> <span class='ocrx_word' id='word_1_578' title='bbox 1945 4294 2118 4363; x_wconf 81' lang='lat' dir='ltr'><strong>impe-</strong></span> 
     </span>
    </p>
   </div>
   <div class='ocr_carea' id='block_1_76' title="bbox 548 4383 2117 4451">
    <p class='ocr_par' dir='ltr' id='par_1_76' title="bbox 548 4383 2117 4451">
     <span class='ocr_line' id='line_1_76' title="bbox 548 4383 2117 4451; baseline -0.003 -9"><span class='ocrx_word' id='word_1_579' title='bbox 548 4388 671 4443; x_wconf 87' lang='lat' dir='ltr'><strong>ritia</strong></span> <span class='ocrx_word' id='word_1_580' title='bbox 707 4387 931 4450; x_wconf 76' lang='lat' dir='ltr'><strong>criticze,</strong></span> <span class='ocrx_word' id='word_1_581' title='bbox 974 4395 1066 4440; x_wconf 86' lang='lat' dir='ltr'><strong>aut</strong></span> <span class='ocrx_word' id='word_1_582' title='bbox 1105 4385 1270 4440; x_wconf 89' lang='lat' dir='ltr'><strong>nimio</strong></span> <span class='ocrx_word' id='word_1_583' title='bbox 1296 4387 1513 4451; x_wconf 74' lang='lat' dir='ltr'><strong>allectu,</strong></span> <span class='ocrx_word' id='word_1_584' title='bbox 1559 4385 1611 4438; x_wconf 91' lang='lat' dir='ltr'><strong>in</strong></span> <span class='ocrx_word' id='word_1_585' title='bbox 1642 4386 1898 4440; x_wconf 87' lang='lat' dir='ltr'><strong>alterutro</strong></span> <span class='ocrx_word' id='word_1_586' title='bbox 1927 4383 2117 4440; x_wconf 89' lang='lat' dir='ltr'><strong>horum</strong></span> 
     </span>
    </p>
   </div>
   <div class='ocr_carea' id='block_1_77' title="bbox 555 4482 1261 4543">
    <p class='ocr_par' dir='ltr' id='par_1_77' title="bbox 555 4482 1261 4543">
     <span class='ocr_line' id='line_1_77' title="bbox 555 4482 1261 4543; baseline -0.008 -9"><span class='ocrx_word' id='word_1_587' title='bbox 555 4486 915 4534; x_wconf 81' lang='lat' dir='ltr'><strong>extremorum</strong></span> <span class='ocrx_word' id='word_1_588' title='bbox 948 4482 1261 4543; x_wconf 87' lang='lat' dir='ltr'><strong>peccarunt.</strong></span> 
     </span>
    </p>
   </div>
   <div class='ocr_carea' id='block_1_78' title="bbox 620 4560 2120 4634">
    <p class='ocr_par' dir='ltr' id='par_1_78' title="bbox 620 4560 2120 4634">
     <span class='ocr_line' id='line_1_78' title="bbox 620 4560 2120 4634; baseline -0.005 -12"><span class='ocrx_word' id='word_1_589' title='bbox 620 4567 754 4621; x_wconf 89' lang='lat' dir='ltr'><strong>Ibid.</strong></span> <span class='ocrx_word' id='word_1_590' title='bbox 806 4564 913 4619; x_wconf 88' lang='lat' dir='ltr'><strong>Sed</strong></span> <span class='ocrx_word' id='word_1_591' title='bbox 957 4563 1079 4631; x_wconf 87' lang='lat' dir='ltr'><strong>quid</strong></span> <span class='ocrx_word' id='word_1_592' title='bbox 1122 4578 1330 4632; x_wconf 83' lang='lat' dir='ltr'><strong>pergam</strong></span> <span class='ocrx_word' id='word_1_593' title='bbox 1368 4564 1422 4617; x_wconf 87' lang='lat' dir='ltr'><strong>in</strong></span> <span class='ocrx_word' id='word_1_594' title='bbox 1461 4563 1612 4634; x_wconf 87' lang='lat' dir='ltr'><strong>longe</strong></span> <span class='ocrx_word' id='word_1_595' title='bbox 1649 4562 1944 4634; x_wconf 69' lang='lat' dir='ltr'><strong>praeterito?</strong></span> <span class='ocrx_word' id='word_1_596' title='bbox 1985 4560 2120 4615; x_wconf 85' lang='lat' dir='ltr'><strong>Ecce</strong></span> 
     </span>
    </p>
   </div>
   <div class='ocr_carea' id='block_1_79' title="bbox 550 4653 2122 4726">
    <p class='ocr_par' dir='ltr' id='par_1_79' title="bbox 550 4653 2122 4726">
     <span class='ocr_line' id='line_1_79' title="bbox 550 4653 2122 4726; baseline -0.004 -14"><span class='ocrx_word' id='word_1_597' title='bbox 550 4660 676 4713; x_wconf 87' lang='lat' dir='ltr'><strong>istas</strong></span> <span class='ocrx_word' id='word_1_598' title='bbox 696 4659 888 4712; x_wconf 83' lang='lat' dir='ltr'><strong>litteras</strong></span> <span class='ocrx_word' id='word_1_599' title='bbox 911 4671 1037 4726; x_wconf 91' lang='lat' dir='ltr'><strong>quos</strong></span> <span class='ocrx_word' id='word_1_600' title='bbox 1057 4653 1297 4706; x_wconf 83' lang='lat' dir='ltr'><strong>habemus</strong></span> <span class='ocrx_word' id='word_1_601' title='bbox 1316 4654 1371 4707; x_wconf 85' lang='lat' dir='ltr'><strong>in</strong></span> <span class='ocrx_word' id='word_1_602' title='bbox 1401 4653 1657 4719; x_wconf 89' lang='lat' dir='ltr'><strong>monibus,</strong></span> <span class='ocrx_word' id='word_1_603' title='bbox 1685 4653 1731 4705; x_wconf 90' lang='lat' dir='ltr'><strong>si</strong></span> <span class='ocrx_word' id='word_1_604' title='bbox 1751 4661 1861 4721; x_wconf 88' lang='lat' dir='ltr'><strong>post</strong></span> <span class='ocrx_word' id='word_1_605' title='bbox 1886 4653 2122 4719; x_wconf 87' lang='lat' dir='ltr'><strong>aliquan-</strong></span> 
     </span>
    </p>
   </div>
   <div class='ocr_carea' id='block_1_80' title="bbox 549 4740 2120 4818">
    <p class='ocr_par' dir='ltr' id='par_1_80' title="bbox 549 4740 2120 4818">
     <span class='ocr_line' id='line_1_80' title="bbox 549 4740 2120 4818; baseline -0.004 -17"><span class='ocrx_word' id='word_1_606' title='bbox 549 4757 659 4801; x_wconf 83' lang='lat' dir='ltr'><strong>tum</strong></span> <span class='ocrx_word' id='word_1_607' title='bbox 681 4758 875 4818; x_wconf 89' lang='lat' dir='ltr'><strong>tempus</strong></span> <span class='ocrx_word' id='word_1_608' title='bbox 901 4746 1018 4799; x_wconf 73' lang='lat' dir='ltr'><strong>vita:</strong></span> <span class='ocrx_word' id='word_1_609' title='bbox 1036 4744 1195 4815; x_wconf 80' lang='lat' dir='ltr'><strong>hujus</strong></span> <span class='ocrx_word' id='word_1_610' title='bbox 1214 4750 1420 4808; x_wconf 77' lang='lat' dir='ltr'><strong>nostrw,</strong></span> <span class='ocrx_word' id='word_1_611' title='bbox 1443 4743 1522 4795; x_wconf 89' lang='lat' dir='ltr'><strong>vel</strong></span> <span class='ocrx_word' id='word_1_612' title='bbox 1539 4742 1656 4795; x_wconf 88' lang='lat' dir='ltr'><strong>illas</strong></span> <span class='ocrx_word' id='word_1_613' title='bbox 1679 4741 1947 4810; x_wconf 87' lang='lat' dir='ltr'><strong>quisquam</strong></span> <span class='ocrx_word' id='word_1_614' title='bbox 1978 4740 2120 4794; x_wconf 82' lang='lat' dir='ltr'><strong>Fau-</strong></span> 
     </span>
    </p>
   </div>
   <div class='ocr_carea' id='block_1_81' title="bbox 549 4830 2115 4903">
    <p class='ocr_par' dir='ltr' id='par_1_81' title="bbox 549 4830 2115 4903">
     <span class='ocr_line' id='line_1_81' title="bbox 549 4830 2115 4903; baseline -0.005 -14"><span class='ocrx_word' id='word_1_615' title='bbox 549 4838 615 4889; x_wconf 86' lang='lat' dir='ltr'><strong>sti</strong></span> <span class='ocrx_word' id='word_1_616' title='bbox 656 4852 784 4901; x_wconf 88' lang='lat' dir='ltr'><strong>esse,</strong></span> <span class='ocrx_word' id='word_1_617' title='bbox 825 4836 901 4889; x_wconf 88' lang='lat' dir='ltr'><strong>vel</strong></span> <span class='ocrx_word' id='word_1_618' title='bbox 947 4836 1039 4889; x_wconf 89' lang='lat' dir='ltr'><strong>hos</strong></span> <span class='ocrx_word' id='word_1_619' title='bbox 1079 4840 1226 4903; x_wconf 86' lang='lat' dir='ltr'><strong>neget</strong></span> <span class='ocrx_word' id='word_1_620' title='bbox 1268 4847 1374 4885; x_wconf 85' lang='lat' dir='ltr'><strong>esse</strong></span> <span class='ocrx_word' id='word_1_621' title='bbox 1400 4847 1557 4896; x_wconf 88' lang='lat' dir='ltr'><strong>meas,</strong></span> <span class='ocrx_word' id='word_1_622' title='bbox 1606 4830 1743 4884; x_wconf 88' lang='lat' dir='ltr'><strong>unde</strong></span> <span class='ocrx_word' id='word_1_623' title='bbox 1780 4831 2115 4896; x_wconf 87' lang='lat' dir='ltr'><strong>convincitur,</strong></span> 
     </span>
    </p>
   </div>
   <div class='ocr_carea' id='block_1_82' title="bbox 551 4922 2115 5000">
    <p class='ocr_par' dir='ltr' id='par_1_82' title="bbox 551 4922 2115 5000">
     <span class='ocr_line' id='line_1_82' title="bbox 551 4922 2115 5000; baseline -0.002 -23"><span class='ocrx_word' id='word_1_624' title='bbox 551 4924 652 4977; x_wconf 83' lang='lat' dir='ltr'><strong>nisi</strong></span> <span class='ocrx_word' id='word_1_625' title='bbox 679 4927 797 4993; x_wconf 88' lang='lat' dir='ltr'><strong>quia</strong></span> <span class='ocrx_word' id='word_1_626' title='bbox 824 4926 903 4979; x_wconf 84' lang='lat' dir='ltr'><strong>illi</strong></span> <span class='ocrx_word' id='word_1_627' title='bbox 926 4928 1012 4994; x_wconf 85' lang='lat' dir='ltr'><strong>qui</strong></span> <span class='ocrx_word' id='word_1_628' title='bbox 1038 4942 1173 4979; x_wconf 88' lang='lat' dir='ltr'><strong>nunc</strong></span> <span class='ocrx_word' id='word_1_629' title='bbox 1191 4926 1289 5000; x_wconf 84' lang='lat' dir='ltr'><strong>ista</strong></span> <span class='ocrx_word' id='word_1_630' title='bbox 1322 4933 1587 4991; x_wconf 88' lang='lat' dir='ltr'><strong>noverunt,</strong></span> <span class='ocrx_word' id='word_1_631' title='bbox 1614 4923 1848 4977; x_wconf 87' lang='lat' dir='ltr'><strong>notitiam</strong></span> <span class='ocrx_word' id='word_1_632' title='bbox 1876 4939 2020 4976; x_wconf 89' lang='lat' dir='ltr'><strong>suam</strong></span> <span class='ocrx_word' id='word_1_633' title='bbox 2047 4922 2115 4975; x_wconf 88' lang='lat' dir='ltr'><strong>ad</strong></span> 
     </span>
    </p>
   </div>
   <div class='ocr_carea' id='block_1_83' title="bbox 552 5014 2116 5093">
    <p class='ocr_par' dir='ltr' id='par_1_83' title="bbox 552 5014 2116 5093">
     <span class='ocr_line' id='line_1_83' title="bbox 552 5014 2116 5093; baseline -0.002 -26"><span class='ocrx_word' id='word_1_634' title='bbox 552 5015 700 5080; x_wconf 85' lang='lat' dir='ltr'><strong>longe</strong></span> <span class='ocrx_word' id='word_1_635' title='bbox 718 5014 873 5065; x_wconf 89' lang='lat' dir='ltr'><strong>etiam</strong></span> <span class='ocrx_word' id='word_1_636' title='bbox 894 5024 1004 5079; x_wconf 89' lang='lat' dir='ltr'><strong>post</strong></span> <span class='ocrx_word' id='word_1_637' title='bbox 1030 5016 1230 5083; x_wconf 79' lang='lat' dir='ltr'><strong>futuros</strong></span> <span class='ocrx_word' id='word_1_638' title='bbox 1249 5016 1554 5069; x_wconf 88' lang='lat' dir='ltr'><strong>continuatis</strong></span> <span class='ocrx_word' id='word_1_639' title='bbox 1575 5021 1891 5085; x_wconf 87' lang='lat' dir='ltr'><strong>posterorum</strong></span> <span class='ocrx_word' id='word_1_640' title='bbox 1917 5027 2116 5093; x_wconf 70' lang='lat' dir='ltr'><strong>succes-</strong></span> 
     </span>
    </p>
   </div>
   <div class='ocr_carea' id='block_1_84' title="bbox 551 5101 2115 5175">
    <p class='ocr_par' dir='ltr' id='par_1_84' title="bbox 551 5101 2115 5175">
     <span class='ocr_line' id='line_1_84' title="bbox 551 5101 2115 5175; baseline 0 -20"><span class='ocrx_word' id='word_1_641' title='bbox 551 5101 778 5156; x_wconf 80' lang='lat' dir='ltr'><strong>sionibus</strong></span> <span class='ocrx_word' id='word_1_642' title='bbox 820 5102 1141 5175; x_wconf 86' lang='lat' dir='ltr'><strong>trajiciunt?]</strong></span> <span class='ocrx_word' id='word_1_643' title='bbox 1179 5104 1324 5159; x_wconf 83' lang='lat' dir='ltr'><strong>Talia</strong></span> <span class='ocrx_word' id='word_1_644' title='bbox 1374 5105 1611 5175; x_wconf 79' lang='lat' dir='ltr'><strong>quotidie</strong></span> <span class='ocrx_word' id='word_1_645' title='bbox 1647 5102 1878 5173; x_wconf 82' lang='lat' dir='ltr'><strong>experiri</strong></span> <span class='ocrx_word' id='word_1_646' title='bbox 1912 5102 2037 5157; x_wconf 85' lang='lat' dir='ltr'><strong>licet</strong></span> <span class='ocrx_word' id='word_1_647' title='bbox 2063 5103 2115 5155; x_wconf 91' lang='lat' dir='ltr'><strong>in</strong></span> 
     </span>
    </p>
   </div>
   <div class='ocr_carea' id='block_1_85' title="bbox 553 5190 2119 5262">
    <p class='ocr_par' dir='ltr' id='par_1_85' title="bbox 553 5190 2119 5262">
     <span class='ocr_line' id='line_1_85' title="bbox 553 5190 2119 5262; baseline -0.003 -15"><span class='ocrx_word' id='word_1_648' title='bbox 553 5192 619 5247; x_wconf 87' lang='lat' dir='ltr'><strong>iis</strong></span> <span class='ocrx_word' id='word_1_649' title='bbox 638 5204 755 5262; x_wconf 62' lang='lat' dir='ltr'><strong>que</strong></span> <span class='ocrx_word' id='word_1_650' title='bbox 782 5190 1045 5258; x_wconf 84' lang='lat' dir='ltr'><strong>majorum</strong></span> <span class='ocrx_word' id='word_1_651' title='bbox 1074 5200 1381 5247; x_wconf 89' lang='lat' dir='ltr'><strong>nostrorum</strong></span> <span class='ocrx_word' id='word_1_652' title='bbox 1411 5203 1567 5249; x_wconf 68' lang='lat' dir='ltr'><strong>aetate</strong></span> <span class='ocrx_word' id='word_1_653' title='bbox 1588 5194 1786 5262; x_wconf 88' lang='lat' dir='ltr'><strong>scripta</strong></span> <span class='ocrx_word' id='word_1_654' title='bbox 1811 5200 1962 5257; x_wconf 90' lang='lat' dir='ltr'><strong>sunt;</strong></span> <span class='ocrx_word' id='word_1_655' title='bbox 1986 5204 2119 5260; x_wconf 88' lang='lat' dir='ltr'><strong>quo-</strong></span> 
     </span>
    </p>
   </div>
   <div class='ocr_carea' id='block_1_86' title="bbox 552 5278 2117 5351">
    <p class='ocr_par' dir='ltr' id='par_1_86' title="bbox 552 5278 2117 5351">
     <span class='ocr_line' id='line_1_86' title="bbox 552 5278 2117 5351; baseline -0.004 -12"><span class='ocrx_word' id='word_1_656' title='bbox 552 5298 669 5339; x_wconf 86' lang='lat' dir='ltr'><strong>rum</strong></span> <span class='ocrx_word' id='word_1_657' title='bbox 709 5279 967 5351; x_wconf 84' lang='lat' dir='ltr'><strong>permulta</strong></span> <span class='ocrx_word' id='word_1_658' title='bbox 1011 5278 1083 5334; x_wconf 84' lang='lat' dir='ltr'><strong>ita</strong></span> <span class='ocrx_word' id='word_1_659' title='bbox 1129 5280 1356 5336; x_wconf 89' lang='lat' dir='ltr'><strong>celebria</strong></span> <span class='ocrx_word' id='word_1_660' title='bbox 1395 5282 1634 5347; x_wconf 90' lang='lat' dir='ltr'><strong>fuerunt,</strong></span> <span class='ocrx_word' id='word_1_661' title='bbox 1680 5291 1738 5337; x_wconf 90' lang='lat' dir='ltr'><strong>ut</strong></span> <span class='ocrx_word' id='word_1_662' title='bbox 1785 5282 1840 5335; x_wconf 91' lang='lat' dir='ltr'><strong>in</strong></span> <span class='ocrx_word' id='word_1_663' title='bbox 1880 5281 2117 5334; x_wconf 92' lang='lat' dir='ltr'><strong>omnium</strong></span> 
     </span>
    </p>
   </div>
   <div class='ocr_carea' id='block_1_87' title="bbox 553 5369 2113 5442">
    <p class='ocr_par' dir='ltr' id='par_1_87' title="bbox 553 5369 2113 5442">
     <span class='ocr_line' id='line_1_87' title="bbox 553 5369 2113 5442; baseline -0.004 -14"><span class='ocrx_word' id='word_1_664' title='bbox 553 5372 797 5428; x_wconf 85' lang='lat' dir='ltr'><strong>manibus</strong></span> <span class='ocrx_word' id='word_1_665' title='bbox 845 5369 914 5425; x_wconf 88' lang='lat' dir='ltr'><strong>ab</strong></span> <span class='ocrx_word' id='word_1_666' title='bbox 962 5370 1113 5425; x_wconf 90' lang='lat' dir='ltr'><strong>initio</strong></span> <span class='ocrx_word' id='word_1_667' title='bbox 1158 5370 1373 5438; x_wconf 87' lang='lat' dir='ltr'><strong>fuerint,</strong></span> <span class='ocrx_word' id='word_1_668' title='bbox 1424 5371 1637 5442; x_wconf 86' lang='lat' dir='ltr'><strong>sintque</strong></span> <span class='ocrx_word' id='word_1_669' title='bbox 1686 5379 1866 5441; x_wconf 83' lang='lat' dir='ltr'><strong>postea</strong></span> <span class='ocrx_word' id='word_1_670' title='bbox 1920 5372 2113 5423; x_wconf 84' lang='lat' dir='ltr'><strong>futura.</strong></span> 
     </span>
    </p>
   </div>
   <div class='ocr_carea' id='block_1_88' title="bbox 552 5463 2117 5533">
    <p class='ocr_par' dir='ltr' id='par_1_88' title="bbox 552 5463 2117 5533">
     <span class='ocr_line' id='line_1_88' title="bbox 552 5463 2117 5533; baseline 0.001 -16"><span class='ocrx_word' id='word_1_671' title='bbox 552 5464 796 5533; x_wconf 82' lang='lat' dir='ltr'><strong>Exempli</strong></span> <span class='ocrx_word' id='word_1_672' title='bbox 834 5477 1013 5529; x_wconf 91' lang='lat' dir='ltr'><strong>causa,</strong></span> <span class='ocrx_word' id='word_1_673' title='bbox 1070 5463 1325 5517; x_wconf 88' lang='lat' dir='ltr'><strong>habemus</strong></span> <span class='ocrx_word' id='word_1_674' title='bbox 1373 5463 1553 5517; x_wconf 89' lang='lat' dir='ltr'><strong>Desid.</strong></span> <span class='ocrx_word' id='word_1_675' title='bbox 1599 5463 1808 5518; x_wconf 86' lang='lat' dir='ltr'><strong>Erasmi</strong></span> <span class='ocrx_word' id='word_1_676' title='bbox 1853 5478 2013 5531; x_wconf 79' lang='lat' dir='ltr'><strong>Opera</strong></span> <span class='ocrx_word' id='word_1_677' title='bbox 2060 5472 2117 5519; x_wconf 88' lang='lat' dir='ltr'><strong>et</strong></span> 
     </span>
    </p>
   </div>
   <div class='ocr_carea' id='block_1_89' title="bbox 551 5555 2115 5624">
    <p class='ocr_par' dir='ltr' id='par_1_89' title="bbox 551 5555 2115 5624">
     <span class='ocr_line' id='line_1_89' title="bbox 551 5555 2115 5624; baseline 0.003 -20"><span class='ocrx_word' id='word_1_678' title='bbox 551 5555 772 5607; x_wconf 88' lang='lat' dir='ltr'><strong>seorsim</strong></span> <span class='ocrx_word' id='word_1_679' title='bbox 800 5562 856 5608; x_wconf 87' lang='lat' dir='ltr'><strong>et</strong></span> <span class='ocrx_word' id='word_1_680' title='bbox 882 5556 1206 5624; x_wconf 86' lang='lat' dir='ltr'><strong>conjunctim</strong></span> <span class='ocrx_word' id='word_1_681' title='bbox 1245 5556 1363 5623; x_wconf 79' lang='lat' dir='ltr'><strong>ejus</strong></span> <span class='ocrx_word' id='word_1_682' title='bbox 1391 5562 1549 5610; x_wconf 69' lang='lat' dir='ltr'><strong>aetate</strong></span> <span class='ocrx_word' id='word_1_683' title='bbox 1578 5556 1741 5619; x_wconf 78' lang='lat' dir='ltr'><strong>edita,</strong></span> <span class='ocrx_word' id='word_1_684' title='bbox 1779 5570 1901 5624; x_wconf 64' lang='lat' dir='ltr'><strong>quae</strong></span> <span class='ocrx_word' id='word_1_685' title='bbox 1922 5556 1985 5608; x_wconf 91' lang='lat' dir='ltr'><strong>ad</strong></span> <span class='ocrx_word' id='word_1_686' title='bbox 2018 5570 2115 5609; x_wconf 89' lang='lat' dir='ltr'><strong>nos</strong></span> 
     </span>
    </p>
   </div>
   <div class='ocr_carea' id='block_1_90' title="bbox 554 5643 2106 5716">
    <p class='ocr_par' dir='ltr' id='par_1_90' title="bbox 554 5643 2106 5716">
     <span class='ocr_line' id='line_1_90' title="bbox 554 5643 2106 5716; baseline 0.008 -29"><span class='ocrx_word' id='word_1_687' title='bbox 554 5643 881 5708; x_wconf 81' lang='lat' dir='ltr'><strong>transmissa,</strong></span> <span class='ocrx_word' id='word_1_688' title='bbox 913 5661 1009 5700; x_wconf 87' lang='lat' dir='ltr'><strong>nos</strong></span> <span class='ocrx_word' id='word_1_689' title='bbox 1037 5662 1246 5716; x_wconf 89' lang='lat' dir='ltr'><strong>quoque</strong></span> <span class='ocrx_word' id='word_1_690' title='bbox 1283 5647 1348 5701; x_wconf 76' lang='lat' dir='ltr'><strong>ad</strong></span> <span class='ocrx_word' id='word_1_691' title='bbox 1378 5656 1623 5715; x_wconf 86' lang='lat' dir='ltr'><strong>posteros</strong></span> <span class='ocrx_word' id='word_1_692' title='bbox 1653 5647 2106 5711; x_wconf 85' lang='lat' dir='ltr'><strong>transmittemus,</strong></span> 
     </span>
    </p>
   </div>
   <div class='ocr_carea' id='block_1_91' title="bbox 2213 3217 3774 3287">
    <p class='ocr_par' dir='ltr' id='par_1_91' title="bbox 2213 3217 3774 3287">
     <span class='ocr_line' id='line_1_91' title="bbox 2213 3217 3774 3287; baseline 0 -18"><span class='ocrx_word' id='word_1_693' title='bbox 2213 3225 2408 3281; x_wconf 90' lang='lat' dir='ltr'><strong>tantur,</strong></span> <span class='ocrx_word' id='word_1_694' title='bbox 2438 3222 2679 3269; x_wconf 85' lang='lat' dir='ltr'><strong>sonantes</strong></span> <span class='ocrx_word' id='word_1_695' title='bbox 2698 3230 2868 3269; x_wconf 88' lang='lat' dir='ltr'><strong>vocem</strong></span> <span class='ocrx_word' id='word_1_696' title='bbox 2887 3223 2935 3269; x_wconf 92' lang='lat' dir='ltr'><strong>et</strong></span> <span class='ocrx_word' id='word_1_697' title='bbox 2961 3226 3381 3287; x_wconf 74' lang='lat' dir='ltr'><strong>repra’sentantes</strong></span> <span class='ocrx_word' id='word_1_698' title='bbox 3410 3217 3592 3286; x_wconf 76' lang='lat' dir='ltr'><strong>{aciem</strong></span> <span class='ocrx_word' id='word_1_699' title='bbox 3608 3218 3774 3270; x_wconf 78' lang='lat' dir='ltr'><strong>unius-</strong></span> 
     </span>
    </p>
   </div>
   <div class='ocr_carea' id='block_1_92' title="bbox 2214 3305 3772 3375">
    <p class='ocr_par' dir='ltr' id='par_1_92' title="bbox 2214 3305 3772 3375">
     <span class='ocr_line' id='line_1_92' title="bbox 2214 3305 3772 3375; baseline 0.003 -17"><span class='ocrx_word' id='word_1_700' title='bbox 2214 3306 2481 3375; x_wconf 83' lang='lat' dir='ltr'><strong>cujusque.</strong></span> <span class='ocrx_word' id='word_1_701' title='bbox 2509 3305 2757 3359; x_wconf 79' lang='lat' dir='ltr'><strong>Proxima</strong></span> <span class='ocrx_word' id='word_1_702' title='bbox 2794 3306 2882 3359; x_wconf 89' lang='lat' dir='ltr'><strong>tibi</strong></span> <span class='ocrx_word' id='word_1_703' title='bbox 2915 3316 2986 3360; x_wconf 87' lang='lat' dir='ltr'><strong>est</strong></span> <span class='ocrx_word' id='word_1_704' title='bbox 3012 3305 3243 3360; x_wconf 82' lang='lat' dir='ltr'><strong>Achaia?</strong></span> <span class='ocrx_word' id='word_1_705' title='bbox 3272 3306 3425 3360; x_wconf 85' lang='lat' dir='ltr'><strong>habes</strong></span> <span class='ocrx_word' id='word_1_706' title='bbox 3455 3306 3772 3362; x_wconf 78' lang='lat' dir='ltr'><strong>Corinthum.</strong></span> 
     </span>
    </p>
   </div>
   <div class='ocr_carea' id='block_1_93' title="bbox 2216 3394 3774 3468">
    <p class='ocr_par' dir='ltr' id='par_1_93' title="bbox 2216 3394 3774 3468">
     <span class='ocr_line' id='line_1_93' title="bbox 2216 3394 3774 3468; baseline 0.001 -18"><span class='ocrx_word' id='word_1_707' title='bbox 2216 3396 2276 3450; x_wconf 91' lang='lat' dir='ltr'><strong>Si</strong></span> <span class='ocrx_word' id='word_1_708' title='bbox 2299 3413 2400 3449; x_wconf 86' lang='lat' dir='ltr'><strong>non</strong></span> <span class='ocrx_word' id='word_1_709' title='bbox 2427 3396 2575 3467; x_wconf 89' lang='lat' dir='ltr'><strong>longe</strong></span> <span class='ocrx_word' id='word_1_710' title='bbox 2602 3413 2655 3450; x_wconf 91' lang='lat' dir='ltr'><strong>es</strong></span> <span class='ocrx_word' id='word_1_711' title='bbox 2691 3394 2745 3449; x_wconf 77' lang='grc' dir='ltr'><strong>α’</strong></span> <span class='ocrx_word' id='word_1_712' title='bbox 2769 3395 3098 3463; x_wconf 79' lang='lat' dir='ltr'><strong>Macedonio,</strong></span> <span class='ocrx_word' id='word_1_713' title='bbox 3126 3396 3281 3450; x_wconf 87' lang='lat' dir='ltr'><strong>habes</strong></span> <span class='ocrx_word' id='word_1_714' title='bbox 3308 3397 3593 3468; x_wconf 87' lang='lat' dir='ltr'><strong>Philippos,</strong></span> <span class='ocrx_word' id='word_1_715' title='bbox 3627 3399 3774 3451; x_wconf 82' lang='lat' dir='ltr'><strong>habes</strong></span> 
     </span>
    </p>
   </div>
   <div class='ocr_carea' id='block_1_94' title="bbox 2217 3486 3776 3557">
    <p class='ocr_par' dir='ltr' id='par_1_94' title="bbox 2217 3486 3776 3557">
     <span class='ocr_line' id='line_1_94' title="bbox 2217 3486 3776 3557; baseline 0.001 -17"><span class='ocrx_word' id='word_1_716' title='bbox 2217 3486 2713 3541; x_wconf 85' lang='lat' dir='ltr'><strong>Thessalonicenses.</strong></span> <span class='ocrx_word' id='word_1_717' title='bbox 2763 3486 2825 3542; x_wconf 83' lang='lat' dir='ltr'><strong>Si</strong></span> <span class='ocrx_word' id='word_1_718' title='bbox 2868 3498 3008 3557; x_wconf 90' lang='lat' dir='ltr'><strong>potes</strong></span> <span class='ocrx_word' id='word_1_719' title='bbox 3031 3487 3085 3540; x_wconf 88' lang='lat' dir='ltr'><strong>in</strong></span> <span class='ocrx_word' id='word_1_720' title='bbox 3121 3488 3296 3541; x_wconf 83' lang='lat' dir='ltr'><strong>Asiam</strong></span> <span class='ocrx_word' id='word_1_721' title='bbox 3342 3491 3582 3553; x_wconf 85' lang='lat' dir='ltr'><strong>tendere,</strong></span> <span class='ocrx_word' id='word_1_722' title='bbox 3628 3487 3776 3542; x_wconf 73' lang='lat' dir='ltr'><strong>habes</strong></span> 
     </span>
    </p>
   </div>
   <div class='ocr_carea' id='block_1_95' title="bbox 2217 3579 3776 3652">
    <p class='ocr_par' dir='ltr' id='par_1_95' title="bbox 2217 3579 3776 3652">
     <span class='ocr_line' id='line_1_95' title="bbox 2217 3579 3776 3652; baseline 0.001 -20"><span class='ocrx_word' id='word_1_723' title='bbox 2217 3579 2498 3649; x_wconf 88' lang='lat' dir='ltr'><strong>Ephesum.</strong></span> <span class='ocrx_word' id='word_1_724' title='bbox 2533 3580 2594 3636; x_wconf 89' lang='lat' dir='ltr'><strong>Si</strong></span> <span class='ocrx_word' id='word_1_725' title='bbox 2615 3591 2785 3634; x_wconf 90' lang='lat' dir='ltr'><strong>autem</strong></span> <span class='ocrx_word' id='word_1_726' title='bbox 2809 3579 2981 3633; x_wconf 66' lang='lat' dir='ltr'><strong>Italiae</strong></span> <span class='ocrx_word' id='word_1_727' title='bbox 3006 3581 3230 3652; x_wconf 84' lang='lat' dir='ltr'><strong>adjaces,</strong></span> <span class='ocrx_word' id='word_1_728' title='bbox 3265 3580 3505 3648; x_wconf 85' lang='lat' dir='ltr'><strong>Romam,</strong></span> <span class='ocrx_word' id='word_1_729' title='bbox 3538 3581 3674 3634; x_wconf 85' lang='lat' dir='ltr'><strong>unde</strong></span> <span class='ocrx_word' id='word_1_730' title='bbox 3695 3597 3776 3633; x_wconf 87' lang='lat' dir='ltr'><strong>no-</strong></span> 
     </span>
    </p>
   </div>
   <div class='ocr_carea' id='block_1_96' title="bbox 2216 3670 3127 3740">
    <p class='ocr_par' dir='ltr' id='par_1_96' title="bbox 2216 3670 3127 3740">
     <span class='ocr_line' id='line_1_96' title="bbox 2216 3670 3127 3740; baseline 0.001 -17"><span class='ocrx_word' id='word_1_731' title='bbox 2216 3670 2291 3725; x_wconf 87' lang='lat' dir='ltr'><strong>bis</strong></span> <span class='ocrx_word' id='word_1_732' title='bbox 2311 3687 2505 3740; x_wconf 88' lang='lat' dir='ltr'><strong>quoque</strong></span> <span class='ocrx_word' id='word_1_733' title='bbox 2528 3671 2802 3723; x_wconf 89' lang='lat' dir='ltr'><strong>auctoritas</strong></span> <span class='ocrx_word' id='word_1_734' title='bbox 2823 3680 3007 3740; x_wconf 74' lang='lat' dir='ltr'><strong>prazsto</strong></span> <span class='ocrx_word' id='word_1_735' title='bbox 3029 3678 3127 3724; x_wconf 89' lang='lat' dir='ltr'><strong>est.</strong></span> 
     </span>
    </p>
   </div>
   <div class='ocr_carea' id='block_1_97' title="bbox 2292 3759 3777 3830">
    <p class='ocr_par' dir='ltr' id='par_1_97' title="bbox 2292 3759 3777 3830">
     <span class='ocr_line' id='line_1_97' title="bbox 2292 3759 3777 3830; baseline -0.001 -16"><span class='ocrx_word' id='word_1_736' title='bbox 2292 3761 2461 3830; x_wconf 90' lang='lat' dir='ltr'><strong>Igitur</strong></span> <span class='ocrx_word' id='word_1_737' title='bbox 2488 3775 2608 3814; x_wconf 88' lang='lat' dir='ltr'><strong>cum</strong></span> <span class='ocrx_word' id='word_1_738' title='bbox 2640 3774 2669 3813; x_wconf 87' lang='lat' dir='ltr'><strong>a</strong></span> <span class='ocrx_word' id='word_1_739' title='bbox 2720 3759 3049 3827; x_wconf 87' lang='lat' dir='ltr'><strong>temporibus</strong></span> <span class='ocrx_word' id='word_1_740' title='bbox 3087 3759 3392 3828; x_wconf 88' lang='lat' dir='ltr'><strong>apostolicis</strong></span> <span class='ocrx_word' id='word_1_741' title='bbox 3438 3760 3491 3814; x_wconf 94' lang='lat' dir='ltr'><strong>in</strong></span> <span class='ocrx_word' id='word_1_742' title='bbox 3536 3759 3777 3814; x_wconf 79' lang='lat' dir='ltr'><strong>Ecclesiis</strong></span> 
     </span>
    </p>
   </div>
   <div class='ocr_carea' id='block_1_98' title="bbox 2217 3849 3777 3920">
    <p class='ocr_par' dir='ltr' id='par_1_98' title="bbox 2217 3849 3777 3920">
     <span class='ocr_line' id='line_1_98' title="bbox 2217 3849 3777 3920; baseline 0 -17"><span class='ocrx_word' id='word_1_743' title='bbox 2217 3865 2351 3920; x_wconf 89' lang='lat' dir='ltr'><strong>quas</strong></span> <span class='ocrx_word' id='word_1_744' title='bbox 2374 3849 2727 3904; x_wconf 87' lang='lat' dir='ltr'><strong>condiderant</strong></span> <span class='ocrx_word' id='word_1_745' title='bbox 2748 3850 2989 3903; x_wconf 64' lang='lat' dir='ltr'><strong>recitata:</strong></span> <span class='ocrx_word' id='word_1_746' title='bbox 3020 3851 3242 3904; x_wconf 88' lang='lat' dir='ltr'><strong>fuissent</strong></span> <span class='ocrx_word' id='word_1_747' title='bbox 3278 3852 3582 3905; x_wconf 74' lang='lat' dir='ltr'><strong>authentict‘e</strong></span> <span class='ocrx_word' id='word_1_748' title='bbox 3613 3866 3777 3905; x_wconf 76' lang='lat' dir='ltr'><strong>eorum</strong></span> 
     </span>
    </p>
   </div>
   <div class='ocr_carea' id='block_1_99' title="bbox 2218 3936 3774 4008">
    <p class='ocr_par' dir='ltr' id='par_1_99' title="bbox 2218 3936 3774 4008">
     <span class='ocr_line' id='line_1_99' title="bbox 2218 3936 3774 4008; baseline 0.001 -14"><span class='ocrx_word' id='word_1_749' title='bbox 2218 3941 2424 4005; x_wconf 74' lang='lat' dir='ltr'><strong>littera,</strong></span> <span class='ocrx_word' id='word_1_750' title='bbox 2469 3953 2575 3993; x_wconf 91' lang='lat' dir='ltr'><strong>non</strong></span> <span class='ocrx_word' id='word_1_751' title='bbox 2621 3938 2739 3993; x_wconf 88' lang='lat' dir='ltr'><strong>sine</strong></span> <span class='ocrx_word' id='word_1_752' title='bbox 2767 3953 2972 3994; x_wconf 89' lang='lat' dir='ltr'><strong>summa</strong></span> <span class='ocrx_word' id='word_1_753' title='bbox 3017 3940 3340 4008; x_wconf 88' lang='lat' dir='ltr'><strong>impudentia</strong></span> <span class='ocrx_word' id='word_1_754' title='bbox 3386 3941 3453 3995; x_wconf 91' lang='lat' dir='ltr'><strong>ab</strong></span> <span class='ocrx_word' id='word_1_755' title='bbox 3500 3936 3774 4004; x_wconf 78' lang='lat' dir='ltr'><strong>hzci&#39;eticis,</strong></span> 
     </span>
    </p>
   </div>
   <div class='ocr_carea' id='block_1_100' title="bbox 2217 4027 3511 4101">
    <p class='ocr_par' dir='ltr' id='par_1_100' title="bbox 2217 4027 3511 4101">
     <span class='ocr_line' id='line_1_100' title="bbox 2217 4027 3511 4101; baseline -0.001 -16"><span class='ocrx_word' id='word_1_756' title='bbox 2217 4028 2562 4101; x_wconf 88' lang='lat' dir='ltr'><strong>sequentibus</strong></span> <span class='ocrx_word' id='word_1_757' title='bbox 2586 4027 2831 4082; x_wconf 69' lang='lat' dir='ltr'><strong>aetatibus</strong></span> <span class='ocrx_word' id='word_1_758' title='bbox 2853 4030 3074 4088; x_wconf 78' lang='lat' dir='ltr'><strong>exortis.</strong></span> <span class='ocrx_word' id='word_1_759' title='bbox 3111 4030 3511 4098; x_wconf 79' lang='lat' dir='ltr'><strong>rejiciebantur.</strong></span> 
     </span>
    </p>
   </div>
   <div class='ocr_carea' id='block_1_101' title="bbox 2679 4116 3325 4173">
    <p class='ocr_par' dir='ltr' id='par_1_101' title="bbox 2679 4116 3325 4173">
     <span class='ocr_line' id='line_1_101' title="bbox 2679 4116 3325 4173; baseline 0.003 -2"><span class='ocrx_word' id='word_1_760' title='bbox 2679 4116 3325 4173; x_wconf 74' lang='lat' dir='ltr'><strong>ANIMADVERSIONES</strong></span> 
     </span>
    </p>
   </div>
   <div class='ocr_carea' id='block_1_102' title="bbox 2654 4222 3349 4264">
    <p class='ocr_par' dir='ltr' id='par_1_102' title="bbox 2654 4222 3349 4264">
     <span class='ocr_line' id='line_1_102' title="bbox 2654 4222 3349 4264; baseline -0.001 -1"><span class='ocrx_word' id='word_1_761' title='bbox 2654 4224 2706 4263; x_wconf 77' lang='lat' dir='ltr'><strong>IN</strong></span> <span class='ocrx_word' id='word_1_762' title='bbox 2736 4222 2919 4263; x_wconf 75' lang='lat' dir='ltr'><strong>LIBROS</strong></span> <span class='ocrx_word' id='word_1_763' title='bbox 2948 4226 3013 4263; x_wconf 71' lang='lat' dir='ltr'><strong>IIl-1</strong></span> <span class='ocrx_word' id='word_1_764' title='bbox 3041 4226 3349 4264; x_wconf 74' lang='lat' dir='ltr'><strong>TRINITATE.</strong></span> 
     </span>
    </p>
   </div>
   <div class='ocr_carea' id='block_1_103' title="bbox 2288 4296 3774 4371">
    <p class='ocr_par' dir='ltr' id='par_1_103' title="bbox 2288 4296 3774 4371">
     <span class='ocr_line' id='line_1_103' title="bbox 2288 4296 3774 4371; baseline 0.003 -20"><span class='ocrx_word' id='word_1_765' title='bbox 2288 4296 2450 4353; x_wconf 79' lang='lat' dir='ltr'><strong>Linuo</strong></span> <span class='ocrx_word' id='word_1_766' title='bbox 2478 4313 2518 4353; x_wconf 84' lang='grc' dir='ltr'><strong>ι.</strong></span> <span class='ocrx_word' id='word_1_767' title='bbox 2546 4297 2672 4369; x_wconf 88' lang='lat' dir='ltr'><strong>Cap.</strong></span> <span class='ocrx_word' id='word_1_768' title='bbox 2710 4300 2757 4362; x_wconf 86' lang='grc'><strong>1,</strong></span> <span class='ocrx_word' id='word_1_769' title='bbox 2793 4299 2820 4369; x_wconf 81' lang='lat'>§</span> <span class='ocrx_word' id='word_1_770' title='bbox 2854 4300 2905 4352; x_wconf 86' lang='lat' dir='ltr'><strong>I.</strong></span> <span class='ocrx_word' id='word_1_771' title='bbox 2948 4298 3041 4352; x_wconf 82' lang='lat' dir='ltr'><strong>Est</strong></span> <span class='ocrx_word' id='word_1_772' title='bbox 3067 4300 3184 4353; x_wconf 88' lang='lat' dir='ltr'><strong>item</strong></span> <span class='ocrx_word' id='word_1_773' title='bbox 3213 4301 3358 4353; x_wconf 89' lang='lat' dir='ltr'><strong>aliud</strong></span> <span class='ocrx_word' id='word_1_774' title='bbox 3402 4299 3663 4354; x_wconf 89' lang='lat' dir='ltr'><strong>hominum</strong></span> <span class='ocrx_word' id='word_1_775' title='bbox 3697 4318 3774 4371; x_wconf 85' lang='lat' dir='ltr'><strong>ge-</strong></span> 
     </span>
    </p>
   </div>
   <div class='ocr_carea' id='block_1_104' title="bbox 2219 4388 3773 4461">
    <p class='ocr_par' dir='ltr' id='par_1_104' title="bbox 2219 4388 3773 4461">
     <span class='ocr_line' id='line_1_104' title="bbox 2219 4388 3773 4461; baseline 0.001 -19"><span class='ocrx_word' id='word_1_776' title='bbox 2219 4388 2343 4455; x_wconf 64' lang='lat' dir='ltr'><strong>nus”,</strong></span> <span class='ocrx_word' id='word_1_777' title='bbox 2391 4405 2567 4442; x_wconf 89' lang='lat' dir='ltr'><strong>eorum</strong></span> <span class='ocrx_word' id='word_1_778' title='bbox 2607 4391 2694 4460; x_wconf 88' lang='lat' dir='ltr'><strong>qui</strong></span> <span class='ocrx_word' id='word_1_779' title='bbox 2745 4392 3035 4443; x_wconf 76' lang='lat' dir='ltr'><strong>universam</strong></span> <span class='ocrx_word' id='word_1_780' title='bbox 3074 4391 3276 4459; x_wconf 85' lang='lat' dir='ltr'><strong>quidem</strong></span> <span class='ocrx_word' id='word_1_781' title='bbox 3325 4401 3633 4458; x_wconf 84' lang='lat' dir='ltr'><strong>creaturam,</strong></span> <span class='ocrx_word' id='word_1_782' title='bbox 3673 4407 3773 4461; x_wconf 74' lang='lat' dir='ltr'><strong>qua</strong></span> 
     </span>
    </p>
   </div>
   <div class='ocr_carea' id='block_1_105' title="bbox 2145 4453 3773 4548">
    <p class='ocr_par' dir='ltr' id='par_1_105' title="bbox 2145 4453 3773 4548">
     <span class='ocr_line' id='line_1_105' title="bbox 2145 4453 3773 4548; baseline 0.002 -18"><span class='ocrx_word' id='word_1_783' title='bbox 2145 4453 2195 4513; x_wconf 76' lang='lat' dir='ltr'><strong>D</strong></span> <span class='ocrx_word' id='word_1_784' title='bbox 2220 4453 2443 4548; x_wconf 68' lang='lat' dir='ltr'><strong>profecto</strong></span> <span class='ocrx_word' id='word_1_785' title='bbox 2470 4453 2725 4531; x_wconf 82' lang='lat' dir='ltr'><strong>mutabilis</strong></span> <span class='ocrx_word' id='word_1_786' title='bbox 2755 4489 2845 4545; x_wconf 89' lang='lat' dir='ltr'><strong>est,</strong></span> <span class='ocrx_word' id='word_1_787' title='bbox 2879 4453 3110 4532; x_wconf 77' lang='lat' dir='ltr'><strong>nituntur</strong></span> <span class='ocrx_word' id='word_1_788' title='bbox 3139 4481 3506 4546; x_wconf 78' lang='lat' dir='ltr'><strong>transcendere,</strong></span> <span class='ocrx_word' id='word_1_789' title='bbox 3538 4492 3591 4534; x_wconf 87' lang='lat' dir='ltr'><strong>ut</strong></span> <span class='ocrx_word' id='word_1_790' title='bbox 3621 4453 3773 4534; x_wconf 76' lang='lat' dir='ltr'><strong>adin-</strong></span> 
     </span>
    </p>
   </div>
   <div class='ocr_carea' id='block_1_106' title="bbox 2220 4568 3773 4644">
    <p class='ocr_par' dir='ltr' id='par_1_106' title="bbox 2220 4568 3773 4644">
     <span class='ocr_line' id='line_1_106' title="bbox 2220 4568 3773 4644; baseline 0.001 -23"><span class='ocrx_word' id='word_1_791' title='bbox 2220 4568 2627 4621; x_wconf 85' lang='lat' dir='ltr'><strong>commutabilem</strong></span> <span class='ocrx_word' id='word_1_792' title='bbox 2666 4570 3021 4632; x_wconf 85' lang='lat' dir='ltr'><strong>substantiam,</strong></span> <span class='ocrx_word' id='word_1_793' title='bbox 3050 4586 3162 4638; x_wconf 76' lang='lat' dir='ltr'><strong>quo:</strong></span> <span class='ocrx_word' id='word_1_794' title='bbox 3201 4570 3338 4624; x_wconf 89' lang='lat' dir='ltr'><strong>Deus</strong></span> <span class='ocrx_word' id='word_1_795' title='bbox 3365 4582 3460 4639; x_wconf 88' lang='lat' dir='ltr'><strong>est,</strong></span> <span class='ocrx_word' id='word_1_796' title='bbox 3488 4575 3681 4644; x_wconf 85' lang='lat' dir='ltr'><strong>erigant</strong></span> <span class='ocrx_word' id='word_1_797' title='bbox 3701 4574 3773 4624; x_wconf 86' lang='lat' dir='ltr'><strong>in-</strong></span> 
     </span>
    </p>
   </div>
   <div class='ocr_carea' id='block_1_107' title="bbox 2221 4655 3772 4728">
    <p class='ocr_par' dir='ltr' id='par_1_107' title="bbox 2221 4655 3772 4728">
     <span class='ocr_line' id='line_1_107' title="bbox 2221 4655 3772 4728; baseline 0.002 -19"><span class='ocrx_word' id='word_1_798' title='bbox 2221 4659 2515 4724; x_wconf 81' lang='lat' dir='ltr'><strong>tentionem,</strong></span> <span class='ocrx_word' id='word_1_799' title='bbox 2548 4655 2678 4728; x_wconf 77' lang='lat' dir='ltr'><strong>etc.]</strong></span> <span class='ocrx_word' id='word_1_800' title='bbox 2720 4658 3022 4713; x_wconf 85' lang='lat' dir='ltr'><strong>Platonicos</strong></span> <span class='ocrx_word' id='word_1_801' title='bbox 3051 4658 3316 4728; x_wconf 83' lang='lat' dir='ltr'><strong>intelligit,</strong></span> <span class='ocrx_word' id='word_1_802' title='bbox 3348 4670 3438 4713; x_wconf 91' lang='lat' dir='ltr'><strong>aut</strong></span> <span class='ocrx_word' id='word_1_803' title='bbox 3483 4661 3772 4715; x_wconf 79' lang='lat' dir='ltr'><strong>Platonico-</strong></span> 
     </span>
    </p>
   </div>
   <div class='ocr_carea' id='block_1_108' title="bbox 2220 4748 3768 4818">
    <p class='ocr_par' dir='ltr' id='par_1_108' title="bbox 2220 4748 3768 4818">
     <span class='ocr_line' id='line_1_108' title="bbox 2220 4748 3768 4818; baseline 0.001 -19"><span class='ocrx_word' id='word_1_804' title='bbox 2220 4762 2338 4800; x_wconf 92' lang='lat' dir='ltr'><strong>rum</strong></span> <span class='ocrx_word' id='word_1_805' title='bbox 2372 4748 2588 4801; x_wconf 88' lang='lat' dir='ltr'><strong>lectioni</strong></span> <span class='ocrx_word' id='word_1_806' title='bbox 2626 4748 2867 4812; x_wconf 88' lang='lat' dir='ltr'><strong>deditos;</strong></span> <span class='ocrx_word' id='word_1_807' title='bbox 2899 4748 2949 4800; x_wconf 89' lang='lat' dir='ltr'><strong>hi</strong></span> <span class='ocrx_word' id='word_1_808' title='bbox 2994 4749 3162 4813; x_wconf 89' lang='lat' dir='ltr'><strong>enim,</strong></span> <span class='ocrx_word' id='word_1_809' title='bbox 3192 4759 3383 4818; x_wconf 69' lang='lat' dir='ltr'><strong>praeter</strong></span> <span class='ocrx_word' id='word_1_810' title='bbox 3412 4764 3601 4807; x_wconf 86' lang='lat' dir='ltr'><strong>omnes</strong></span> <span class='ocrx_word' id='word_1_811' title='bbox 3631 4750 3768 4811; x_wconf 77' lang='lat' dir='ltr'><strong>alios,</strong></span> 
     </span>
    </p>
   </div>
   <div class='ocr_carea' id='block_1_109' title="bbox 2222 4837 3769 4906">
    <p class='ocr_par' dir='ltr' id='par_1_109' title="bbox 2222 4837 3769 4906">
     <span class='ocr_line' id='line_1_109' title="bbox 2222 4837 3769 4906; baseline -0.002 -15"><span class='ocrx_word' id='word_1_812' title='bbox 2222 4837 2599 4906; x_wconf 88' lang='lat' dir='ltr'><strong>incorporeum</strong></span> <span class='ocrx_word' id='word_1_813' title='bbox 2641 4854 2910 4893; x_wconf 88' lang='lat' dir='ltr'><strong>summum</strong></span> <span class='ocrx_word' id='word_1_814' title='bbox 2955 4839 3161 4893; x_wconf 84' lang='lat' dir='ltr'><strong>Numen</strong></span> <span class='ocrx_word' id='word_1_815' title='bbox 3208 4853 3329 4894; x_wconf 77' lang='lat' dir='ltr'><strong>esse</strong></span> <span class='ocrx_word' id='word_1_816' title='bbox 3367 4841 3769 4895; x_wconf 80' lang='lat' dir='ltr'><strong>contendebant.</strong></span> 
     </span>
    </p>
   </div>
   <div class='ocr_carea' id='block_1_110' title="bbox 2223 4928 3771 5000">
    <p class='ocr_par' dir='ltr' id='par_1_110' title="bbox 2223 4928 3771 5000">
     <span class='ocr_line' id='line_1_110' title="bbox 2223 4928 3771 5000; baseline -0.002 -18"><span class='ocrx_word' id='word_1_817' title='bbox 2223 4928 2452 4985; x_wconf 84' lang='lat' dir='ltr'><strong>Eosdem</strong></span> <span class='ocrx_word' id='word_1_818' title='bbox 2493 4930 2709 4999; x_wconf 71' lang='lat' dir='ltr'><strong>respicit</strong></span> <span class='ocrx_word' id='word_1_819' title='bbox 2752 4928 2897 4982; x_wconf 90' lang='lat' dir='ltr'><strong>hisce</strong></span> <span class='ocrx_word' id='word_1_820' title='bbox 2938 4928 3134 4997; x_wconf 76' lang='lat' dir='ltr'><strong>verbis,</strong></span> <span class='ocrx_word' id='word_1_821' title='bbox 3184 4930 3378 4999; x_wconf 88' lang='lat' dir='ltr'><strong>quibus</strong></span> <span class='ocrx_word' id='word_1_822' title='bbox 3423 4932 3771 5000; x_wconf 84' lang='lat' dir='ltr'><strong>paragraphus</strong></span> 
     </span>
    </p>
   </div>
   <div class='ocr_carea' id='block_1_111' title="bbox 2221 5017 3768 5090">
    <p class='ocr_par' dir='ltr' id='par_1_111' title="bbox 2221 5017 3768 5090">
     <span class='ocr_line' id='line_1_111' title="bbox 2221 5017 3768 5090; baseline 0.003 -19"><span class='ocrx_word' id='word_1_823' title='bbox 2221 5017 2521 5074; x_wconf 85' lang='lat' dir='ltr'><strong>clauditur:</strong></span> <span class='ocrx_word' id='word_1_824' title='bbox 2549 5019 2647 5083; x_wconf 81' lang='lat' dir='ltr'><strong>Qui</strong></span> <span class='ocrx_word' id='word_1_825' title='bbox 2672 5029 2840 5072; x_wconf 88' lang='lat' dir='ltr'><strong>autem</strong></span> <span class='ocrx_word' id='word_1_826' title='bbox 2871 5026 3015 5087; x_wconf 82' lang='lat' dir='ltr'><strong>putat</strong></span> <span class='ocrx_word' id='word_1_827' title='bbox 3054 5019 3166 5088; x_wconf 86' lang='lat' dir='ltr'><strong>ejus</strong></span> <span class='ocrx_word' id='word_1_828' title='bbox 3197 5035 3303 5072; x_wconf 88' lang='lat' dir='ltr'><strong>esse</strong></span> <span class='ocrx_word' id='word_1_829' title='bbox 3335 5020 3572 5090; x_wconf 76' lang='lat' dir='ltr'><strong>potentia&#39;</strong></span> <span class='ocrx_word' id='word_1_830' title='bbox 3603 5020 3768 5076; x_wconf 71' lang='lat' dir='ltr'><strong>Dem.</strong></span> 
     </span>
    </p>
   </div>
   <div class='ocr_carea' id='block_1_112' title="bbox 2221 5107 3770 5178">
    <p class='ocr_par' dir='ltr' id='par_1_112' title="bbox 2221 5107 3770 5178">
     <span class='ocr_line' id='line_1_112' title="bbox 2221 5107 3770 5178; baseline -0.001 -19"><span class='ocrx_word' id='word_1_831' title='bbox 2221 5117 2275 5159; x_wconf 87' lang='lat' dir='ltr'><strong>ut</strong></span> <span class='ocrx_word' id='word_1_832' title='bbox 2304 5109 2524 5178; x_wconf 77' lang='lat' dir='ltr'><strong>seipsum</strong></span> <span class='ocrx_word' id='word_1_833' title='bbox 2545 5108 2650 5178; x_wconf 90' lang='lat' dir='ltr'><strong>ipse</strong></span> <span class='ocrx_word' id='word_1_834' title='bbox 2664 5109 2915 5178; x_wconf 86' lang='lat' dir='ltr'><strong>genuerit,</strong></span> <span class='ocrx_word' id='word_1_835' title='bbox 2938 5124 2998 5161; x_wconf 88' lang='lat' dir='ltr'><strong>eo</strong></span> <span class='ocrx_word' id='word_1_836' title='bbox 3018 5108 3136 5176; x_wconf 89' lang='lat' dir='ltr'><strong>plus</strong></span> <span class='ocrx_word' id='word_1_837' title='bbox 3160 5115 3313 5173; x_wconf 89' lang='lat' dir='ltr'><strong>errat,</strong></span> <span class='ocrx_word' id='word_1_838' title='bbox 3338 5107 3477 5176; x_wconf 87' lang='lat' dir='ltr'><strong>quod</strong></span> <span class='ocrx_word' id='word_1_839' title='bbox 3498 5124 3602 5161; x_wconf 88' lang='lat' dir='ltr'><strong>non</strong></span> <span class='ocrx_word' id='word_1_840' title='bbox 3623 5110 3770 5162; x_wconf 80' lang='lat' dir='ltr'><strong>solum</strong></span> 
     </span>
    </p>
   </div>
   <div class='ocr_carea' id='block_1_113' title="bbox 2225 5195 3771 5267">
    <p class='ocr_par' dir='ltr' id='par_1_113' title="bbox 2225 5195 3771 5267">
     <span class='ocr_line' id='line_1_113' title="bbox 2225 5195 3771 5267; baseline -0.001 -19"><span class='ocrx_word' id='word_1_841' title='bbox 2225 5195 2359 5249; x_wconf 87' lang='lat' dir='ltr'><strong>Deus</strong></span> <span class='ocrx_word' id='word_1_842' title='bbox 2384 5198 2457 5250; x_wconf 90' lang='lat' dir='ltr'><strong>ita</strong></span> <span class='ocrx_word' id='word_1_843' title='bbox 2478 5214 2575 5250; x_wconf 90' lang='lat' dir='ltr'><strong>non</strong></span> <span class='ocrx_word' id='word_1_844' title='bbox 2597 5205 2690 5262; x_wconf 86' lang='lat' dir='ltr'><strong>est,</strong></span> <span class='ocrx_word' id='word_1_845' title='bbox 2718 5199 2806 5251; x_wconf 83' lang='lat' dir='ltr'><strong>sed</strong></span> <span class='ocrx_word' id='word_1_846' title='bbox 2826 5214 2912 5251; x_wconf 89' lang='lat' dir='ltr'><strong>nec</strong></span> <span class='ocrx_word' id='word_1_847' title='bbox 2927 5198 3201 5265; x_wconf 86' lang='lat' dir='ltr'><strong>spiritualis</strong></span> <span class='ocrx_word' id='word_1_848' title='bbox 3226 5214 3315 5267; x_wconf 84' lang='lat' dir='ltr'><strong>nec</strong></span> <span class='ocrx_word' id='word_1_849' title='bbox 3342 5199 3628 5267; x_wconf 87' lang='lat' dir='ltr'><strong>corporalis</strong></span> <span class='ocrx_word' id='word_1_850' title='bbox 3647 5211 3771 5252; x_wconf 74' lang='lat' dir='ltr'><strong>creo-</strong></span> 
     </span>
    </p>
   </div>
   <div class='ocr_carea' id='block_1_114' title="bbox 2226 5286 3769 5360">
    <p class='ocr_par' dir='ltr' id='par_1_114' title="bbox 2226 5286 3769 5360">
     <span class='ocr_line' id='line_1_114' title="bbox 2226 5286 3769 5360; baseline 0.001 -22"><span class='ocrx_word' id='word_1_851' title='bbox 2226 5294 2370 5351; x_wconf 87' lang='lat' dir='ltr'><strong>turo;</strong></span> <span class='ocrx_word' id='word_1_852' title='bbox 2397 5286 2544 5339; x_wconf 89' lang='lat' dir='ltr'><strong>nulla</strong></span> <span class='ocrx_word' id='word_1_853' title='bbox 2580 5288 2713 5340; x_wconf 87' lang='lat' dir='ltr'><strong>enim</strong></span> <span class='ocrx_word' id='word_1_854' title='bbox 2743 5289 2949 5341; x_wconf 84' lang='lat' dir='ltr'><strong>omnino</strong></span> <span class='ocrx_word' id='word_1_855' title='bbox 2994 5303 3072 5342; x_wconf 92' lang='lat' dir='ltr'><strong>res</strong></span> <span class='ocrx_word' id='word_1_856' title='bbox 3119 5296 3191 5342; x_wconf 89' lang='lat' dir='ltr'><strong>est</strong></span> <span class='ocrx_word' id='word_1_857' title='bbox 3220 5304 3333 5357; x_wconf 68' lang='lat' dir='ltr'><strong>quin</strong></span> <span class='ocrx_word' id='word_1_858' title='bbox 3367 5290 3583 5360; x_wconf 86' lang='lat' dir='ltr'><strong>seipsam</strong></span> <span class='ocrx_word' id='word_1_859' title='bbox 3611 5291 3769 5360; x_wconf 79' lang='lat' dir='ltr'><strong>gignat</strong></span> 
     </span>
    </p>
   </div>
   <div class='ocr_carea' id='block_1_115' title="bbox 2224 5377 3763 5450">
    <p class='ocr_par' dir='ltr' id='par_1_115' title="bbox 2224 5377 3763 5450">
     <span class='ocr_line' id='line_1_115' title="bbox 2224 5377 3763 5450; baseline -0.001 -20"><span class='ocrx_word' id='word_1_860' title='bbox 2224 5387 2278 5430; x_wconf 90' lang='lat' dir='ltr'><strong>ut</strong></span> <span class='ocrx_word' id='word_1_861' title='bbox 2308 5378 2391 5429; x_wconf 88' lang='lat' dir='ltr'><strong>sit.</strong></span> <span class='ocrx_word' id='word_1_862' title='bbox 2415 5377 2504 5432; x_wconf 92' lang='lat' dir='ltr'><strong>Sic</strong></span> <span class='ocrx_word' id='word_1_863' title='bbox 2524 5379 2663 5431; x_wconf 90' lang='lat' dir='ltr'><strong>enim</strong></span> <span class='ocrx_word' id='word_1_864' title='bbox 2687 5378 3037 5450; x_wconf 80' lang='lat' dir='ltr'><strong>loquebantur</strong></span> <span class='ocrx_word' id='word_1_865' title='bbox 3057 5379 3212 5449; x_wconf 88' lang='lat' dir='ltr'><strong>vulgo</strong></span> <span class='ocrx_word' id='word_1_866' title='bbox 3234 5379 3512 5445; x_wconf 86' lang='lat' dir='ltr'><strong>Platonici,</strong></span> <span class='ocrx_word' id='word_1_867' title='bbox 3538 5388 3593 5435; x_wconf 88' lang='lat' dir='ltr'><strong>ut</strong></span> <span class='ocrx_word' id='word_1_868' title='bbox 3616 5381 3763 5433; x_wconf 86' lang='lat' dir='ltr'><strong>Deum</strong></span> 
     </span>
    </p>
   </div>
   <div class='ocr_carea' id='block_1_116' title="bbox 2218 5466 3760 5541">
    <p class='ocr_par' dir='ltr' id='par_1_116' title="bbox 2218 5466 3760 5541">
     <span class='ocr_line' id='line_1_116' title="bbox 2218 5466 3760 5541; baseline -0.001 -19"><span class='ocrx_word' id='word_1_869' title='bbox 2218 5467 2300 5522; x_wconf 88' lang='lat' dir='ltr'><strong>sui</strong></span> <span class='ocrx_word' id='word_1_870' title='bbox 2328 5467 2492 5536; x_wconf 85' lang='lat' dir='ltr'><strong>ipsius</strong></span> <span class='ocrx_word' id='word_1_871' title='bbox 2512 5469 2809 5536; x_wconf 85' lang='lat' dir='ltr'><strong>genitorem</strong></span> <span class='ocrx_word' id='word_1_872' title='bbox 2840 5470 3114 5534; x_wconf 88' lang='lat' dir='ltr'><strong>dicerent;</strong></span> <span class='ocrx_word' id='word_1_873' title='bbox 3144 5468 3283 5539; x_wconf 92' lang='lat' dir='ltr'><strong>quod</strong></span> <span class='ocrx_word' id='word_1_874' title='bbox 3312 5471 3499 5541; x_wconf 85' lang='lat' dir='ltr'><strong>insigni</strong></span> <span class='ocrx_word' id='word_1_875' title='bbox 3528 5466 3760 5534; x_wconf 82' lang='lat' dir='ltr'><strong>exemplo</strong></span> 
     </span>
    </p>
   </div>
   <div class='ocr_carea' id='block_1_117' title="bbox 2218 5558 3759 5636">
    <p class='ocr_par' dir='ltr' id='par_1_117' title="bbox 2218 5558 3759 5636">
     <span class='ocr_line' id='line_1_117' title="bbox 2218 5558 3759 5636; baseline -0.001 -22"><span class='ocrx_word' id='word_1_876' title='bbox 2218 5559 2550 5615; x_wconf 85' lang='lat' dir='ltr'><strong>ostendimus</strong></span> <span class='ocrx_word' id='word_1_877' title='bbox 2576 5560 2641 5615; x_wconf 86' lang='lat' dir='ltr'><strong>ad</strong></span> <span class='ocrx_word' id='word_1_878' title='bbox 2669 5568 2795 5616; x_wconf 86' lang='lat' dir='ltr'><strong>tom.</strong></span> <span class='ocrx_word' id='word_1_879' title='bbox 2823 5561 2910 5636; x_wconf 72' lang='grc' dir='ltr'><strong>Ἦ,</strong></span> <span class='ocrx_word' id='word_1_880' title='bbox 2942 5563 3035 5618; x_wconf 91' lang='lat' dir='ltr'><strong>lib.</strong></span> <span class='ocrx_word' id='word_1_881' title='bbox 3059 5562 3124 5616; x_wconf 89' lang='lat' dir='ltr'><strong>de</strong></span> <span class='ocrx_word' id='word_1_882' title='bbox 3144 5558 3533 5631; x_wconf 69' lang='lat' dir='ltr'><strong>Qumstionibus</strong></span> <span class='ocrx_word' id='word_1_883' title='bbox 3551 5574 3759 5626; x_wconf 59' lang='lat' dir='ltr'><strong>trimi,</strong></span> 
     </span>
    </p>
   </div>
   <div class='ocr_carea' id='block_1_118' title="bbox 2218 5651 2527 5716">
    <p class='ocr_par' dir='ltr' id='par_1_118' title="bbox 2218 5651 2527 5716">
     <span class='ocr_line' id='line_1_118' title="bbox 2218 5651 2527 5716; baseline 0.016 -16"><span class='ocrx_word' id='word_1_884' title='bbox 2218 5656 2405 5716; x_wconf 74' lang='lat' dir='ltr'><strong>quaest.</strong></span> <span class='ocrx_word' id='word_1_885' title='bbox 2443 5651 2527 5705; x_wconf 75' lang='lat' dir='ltr'><strong>ib‘.</strong></span> 
     </span>
    </p>
   </div>
  </div>
