3900 6378
140 374 237 434 52!

817 376 1167 435 VABIORUM
1212 374 1799 433 EXERCITATIONES
1838 373 1899 428 IN
1940 373 1999 430 S.
2041 372 2405 429 AUGUSTINI
2446 370 2689 427 Gi'hliA.

3294 378 3396 434 5‘23

211 493 341 561 Cap.
374 494 407 547 4
436 531 451 557 ,
487 492 514 563 §
556 492 607 545 7.
646 492 811 547 Docet
849 492 1142 546 catholicos
1182 491 1473 558 scriptorcs
1517 488 1710 543 docere
1740 490 1789 550 Α
1816 487 2031 556 collegit
2059 488 2275 557 Dionys.
2313 487 2557 541 Petavius
2582 488 2826 556 Dogmat.
2879 488 3116 560 theolog.
3161 504 3291 549 tom.
3330 498 3393 556 V.

147 587 276 656 quod
314 586 467 638 Pater
493 592 539 637 et
572 581 739 637 Filius
775 593 823 636 et
853 584 1079 653 Spiritus
1121 594 1349 648 sanctus,
1390 583 1547 636 unius
1578 585 1714 651 ejus-

149 680 353 747 demque
380 677 677 730 substantice
708 676 1038 743 inseparabili
1065 676 1357 744 tequalitate
1387 656 1612 728 divinam
1635 678 1713 728 in-

151 772 337 822 sinuent
372 768 659 830 unitatem;
685 766 899 834 ideoque
932 781 1033 819 non
1066 767 1165 819 sint
1193 775 1292 819 tres
1324 764 1429 829 Dii,
1460 767 1549 819 sed
1584 782 1717 819 unus

153 860 301 922 Betis,
339 856 472 928 etc.]
520 857 643 911 Hace
688 867 742 912 et
789 855 980 910 similia
1028 866 1082 909 ut
1128 868 1274 910 recte
1327 855 1712 924 intelligantur,

152 950 304 1015 probe
332 946 681 1014 expendenda
729 955 811 1000 est
838 960 943 999 vox
975 934 1285 1015 (equaliias;
1326 958 1391 998 ex
1418 958 1521 1013 qua
1553 944 1718 1012 liquet

150 1049 374 1103 Veteres,
406 1038 647 1108 quamvis
697 1053 849 1089 unam
889 1036 1220 1103 eamdemque
1260 1034 1597 1088 substantiam
1638 1033 1713 1087 di-

144 1141 283 1196 cant,
328 1130 627 1198 intelligere
668 1141 798 1191 non,
839 1134 897 1180 ut
937 1141 1035 1180 nos
1086 1124 1266 1190 hodie,
1298 1141 1453 1177 unam
1496 1138 1717 1178 numero

140 1222 500 1283 substantiam,
532 1233 651 1287 qua:
691 1218 790 1271 sibi
835 1216 1056 1284 aequalis
1099 1215 1205 1269 dici
1257 1230 1362 1269 non
1410 1215 1578 1278 solet;
1622 1214 1715 1269 sed

136 1328 300 1366 unam
332 1310 534 1378 specie,
560 1309 713 1377 cujus
744 1306 844 1361 tria
871 1306 1142 1360 individua
1170 1314 1317 1359 recte
1346 1306 1595 1358 dicuntur
1616 1305 1717 1358 sibi

131 1407 369 1459 invicem
439 1402 684 1470 aequalia.
749 1397 882 1452 Vide
942 1398 1164 1466 Dionys.
1217 1396 1417 1451 Petavii
1472 1396 1714 1465 Dogmat.

127 1495 374 1563 theolog.
412 1502 543 1546 tom.
577 1490 653 1557 ll;
684 1490 751 1544 de
778 1489 969 1543 Trinit.
1011 1488 1103 1542 lib.
1137 1502 1186 1541 tv
1215 1500 1369 1555 capp.
1403 1487 1435 1540 9
1464 1494 1519 1540 et
1549 1487 1637 1550 it,
1665 1496 1717 1539 et

122 1596 295 1641 notas
342 1585 400 1638 in
441 1582 673 1637 editione
715 1579 1201 1636 Amsteiodamensi
1246 1579 1502 1647 adjectas.
1552 1577 1715 1631 Multa

121 1677 299 1730 hodie
320 1690 351 1728 a
384 1672 539 1728 nobis
571 1671 669 1727 hac
695 1670 763 1727 de
792 1686 850 1726 re
892 1670 1142 1725 dicuntur
1175 1668 1527 1724 incommodis
1562 1668 1714 1723 locu-

114 1768 400 1830 tionibus,
430 1765 602 1832 iisque
631 1777 661 1816 a
686 1761 956 1817 veteribus
986 1760 1322 1830 desumptis;
1353 1761 1474 1829 quit
1515 1760 1582 1813 ab
1612 1759 1713 1813 aii-

1819 576 1911 631 lib.
1946 594 2020 641 .u,
2072 592 2190 646 cap.
2226 580 2275 631 t.
2337 576 2512 632 Satius
2558 579 2727 632 multo
2773 588 2888 633 erat
2916 580 3094 635 dicere
3124 583 3394 639 Christum

1820 668 2088 722 hominem
2113 669 2196 721 hic
2223 668 2388 736 loqui,
2422 684 2522 723 nec
2553 669 2603 721 in
2623 680 2854 725 mentem
2888 670 3171 725 humanam
3202 677 3399 729 cadere

1817 756 2283 823 omniscientiam;
2326 773 2481 827 quam
2537 759 2802 814 violenter
2847 761 3010 816 Verba
3046 762 3243 819 Chriszi
3291 776 3396 820 tor-

1816 865 1999 917 quere,
2037 857 2092 903 ut
2137 850 2475 905 consentiant
2520 866 2641 905 cum
2688 852 2969 923 hypothesi
3023 870 3119 923 pro
3171 858 3398 914 arbitrio

1816 953 2049 1010 arrepta.
2097 942 2491 1000 Pertinaciores
2525 944 2647 1001 hinc
2689 948 2883 1002 fiebant
2906 951 3109 1017 Ariani,
3142 968 3262 1007 cum
3294 957 3395 1008 du-

1819 1032 1989 1087 bitare
2023 1048 2128 1086 non
2163 1044 2378 1101 possent
2416 1037 2540 1104 quin
2568 1037 2999 1095 adversariorum
3028 1042 3396 1112 interpretatio

1818 1135 2060 1179 contorta
2084 1133 2267 1190 esset;
2301 1127 2541 1195 quamvis
2571 1130 2669 1197 ipsi
2700 1132 2937 1199 graviter
2962 1146 3228 1201 errarent.
3271 1139 3394 1193 dum

1818 1228 1933 1268 eam
1965 1215 2315 1284 ignorantiam
2349 1217 2538 1272 Deitati
2565 1215 2763 1275 Christi
2794 1222 3120 1282 tribuebant.

1890 1306 2053 1361 [anno
2076 1322 2132 1360 ιι.
2161 1308 2291 1377 Cap.
2326 1309 2408 1375 Η,
2444 1310 2470 1378 §
2497 1311 2588 1365 20.
2640 1312 2711 1367 De
2740 1316 2944 1383 angelis
2973 1318 3061 1385 qui
3091 1317 3397 1379 Abrahamo

1818 1406 2199 1465 apparuerunt,
2234 1399 2429 1456 Genes.
2460 1417 2606 1467 xvnt,
2631 1402 2685 1455 2.
2710 1402 2839 1458 Cum
2878 1422 2994 1460 vero
3037 1417 3135 1463 tres
3174 1412 3266 1473 viri
3306 1412 3396 1468 visi

1816 1496 1955 1552 sunt,
1983 1503 2072 1540 nec
2093 1488 2358 1556 quisquam
2384 1490 2436 1543 in
2460 1491 2529 1544 eis
2551 1491 2629 1545 vel
2650 1493 2835 1562 forma,
2863 1496 2940 1549 vel
2961 1507 3131 1565 aetate,
3153 1472 3396 1572 velt-pote-

1816 1586 1946 1630 state
1968 1580 2131 1649 major
2151 1580 2343 1633 ca'teris
2364 1580 2529 1634 dictus
2555 1592 2626 1635 est
2648 1599 2669 1648 ;
2708 1600 2801 1637 cur
2843 1603 2945 1640 non
2982 1588 3063 1641 hic
3084 1592 3394 1657 accipiamus

1816 1669 2077 1724 risibiliter
2093 1672 2419 1737 insinuatam,
2435 1691 2520 1742 per
2540 1684 2824 1733 creaturam
2842 1680 3106 1751 visibilem,
3130 1682 3396 1740 Trinitatis

1817 1760 2200 1825 wquatitatem?
2238 1760 2366 1832 etc.]
2404 1763 2612 1819 Clarius
2642 1765 2779 1820 hanc
2807 1771 3190 1837 apparitionem
3217 1775 3396 1829 senior

117 1870 204 1912 ter
236 1853 627 1918 sentientibus,
667 1866 789 1907 cum
820 1852 1014 1917 quibus
1056 1864 1154 1905 nos
1193 1849 1395 1905 sentire
1436 1863 1714 1917 perperam
1749 1839 1795 1899 Β
1822 1848 2200 1917 interpretatus
2240 1861 2321 1906 est
2356 1854 2685 1923 Augustinus
2724 1856 2792 1910 de
2830 1857 2991 1913 Civit.
3026 1860 3118 1914 Dei
3150 1862 3244 1917 lib.
3273 1879 3393 1931 χιιι,

119 1960 415 2021 putamus,
453 1946 683 1999 inventae
724 1942 954 2007 fuerant,
996 1950 1053 1996 et
1092 1956 1212 1995 cum
1253 1948 1336 1993 sat
1363 1948 1501 2008 apta:
1532 1952 1715 1992 eorum

123 2041 429 2097 sententia:
462 2035 824 2106 exprimendae
863 2041 1068 2099 essent,
1110 2042 1349 2086 nostram
1389 2031 1497 2099 jam
1540 2031 1719 2100 expri-

130 2147 288 2189 mere
334 2129 621 2185 commode
662 2135 952 2196 nequeunt.
985 2124 1095 2179 Nisi
1143 2123 1366 2192 hujusce
1405 2123 1481 2177 rei
1515 2137 1720 2176 memor

132 2225 198 2279 sit
225 2224 430 2277 horum
463 2220 720 2274 librorum
751 2218 937 2281 lector,
967 2217 1017 2270 in
1046 2216 1112 2270 iis
1143 2214 1338 2284 passim
1373 2212 1618 2267 tenebras
1641 2210 1721 2266 ol-

141 2315 327 2370 iendet
356 2321 516 2381 atque
545 2309 770 2365 subinde
799 2307 1101 2376 ccspitahit.

202 2405 344 2473 Cap.
376 2402 432 2467 6,
462 2401 489 2472 §
520 2402 605 2455 1⁸5.
641 2400 762 2453 Non
785 2410 859 2453 est
890 2399 1063 2466 utique
1089 2402 1323 2448 creatura
1347 2392 1572 2462 Spiritus
1596 2408 1719 2445 san-

150 2504 271 2557 ctus,
297 2494 380 2548 cui
412 2493 473 2545 ab
497 2490 726 2545 omnibus
758 2487 943 2542 sanctis
975 2485 1091 2539 talis
1126 2484 1338 2537 servitus
1364 2484 1493 2551 (non
1523 2480 1720 2536 δουλεία

153 2588 235 2641 sed
281 2582 517 2658 λατρεία)
555 2578 838 2641 exhibetur,
882 2577 1078 2631 dicente
1112 2572 1357 2645 Apostola
1387 2588 1405 2625 :
1433 2571 1541 2626 Nos
1575 2572 1719 2626 enim

155 2691 336 2732 sumus
380 2672 739 2735 circumcisio,
772 2668 989 2735 Spiritui
1045 2666 1137 2721 Dei
1165 2666 1461 2721 servientes
1495 2664 1718 2735 (Philip.

158 2784 226 2831 III,
257 2768 338 2836 ὅ),
360 2766 491 2835 quod
517 2774 588 2818 est
617 2763 670 2815 in
699 2759 875 2815 Grtrco
890 2756 1238 2830 λατρεύοντες.
1265 2754 1450 2808 Plures
1478 2754 1611 2806 enim
1635 2767 1720 2806 co-

160 2859 303 2922 dices,
335 2858 485 2910 etiam
511 2854 702 2916 Latini,
727 2852 798 2904 sic
829 2850 1032 2914 habent,
1062 2849 1151 2919 qui
1175 2845 1396 2914 Spiritui
1423 2845 1513 2898 Dei
1552 2843 1722 2899 servi-

162 2965 297 3012 mus;
328 2946 497 3002 (ἔτωεί
540 2953 709 2998 autem
740 2959 934 3007 omnes,
978 2938 1067 2993 aut
1100 2956 1229 3010 pene
1260 2953 1454 2991 omnes.
1480 2934 1545 2989 In
1586 2951 1721 2988 non-

163 3042 304 3093 nullis
349 3050 520 3093 autem
568 3035 940 3102 exemplaribus
991 3032 1185 3085 Latinis
1240 3030 1543 3091 invenimus.
1598 3044 1721 3092 non,

163 3130 371 3199 Spiritui
396 3130 489 3183 Dei
521 3127 806 3200 servimus,
841 3126 927 3176 sed
954 3118 1145 3192 spiritu
1179 3120 1288 3175 Deo
1315 3117 1624 3188 servimus]
1653 3119 1723 3172 At

1820 1952 1936 2005 cap.
1958 1938 2046 1993 29.
2075 1938 2208 1994 Vide
2237 1952 2410 1996 tamen
2442 1942 2577 1996 infra
2598 1944 2690 1999 lib.
2713 1959 2790 2014 ιιι,
2815 1961 2933 2015 cap.
2952 1947 3039 2015 H,
3065 1949 3153 2004 ubi
3175 1955 3394 2021 angelos

1819 2026 1985 2082 fuisse
2014 2029 2175 2083 etiam
2208 2031 2557 2086 demonstrat.

1892 2117 2056 2171 Ltuno
2083 2134 2161 2172 ιιι.
2204 2119 2333 2189 Cap.
2365 2137 2439 2187 xi,
2496 2122 2642 2192 §25.
2695 2123 2980 2195 PoStquant
3009 2126 3141 2184 dixit
3179 2132 3395 2201 angelo-

1820 2221 1937 2260 rum
1979 2210 2275 2263 ministerio
2304 2213 2471 2265 tactas
2500 2215 2861 2282 apparitiones
2882 2218 3129 2273 divinas:
3168 2221 3274 2276 Sed
3320 2226 3394 2276 a't

1822 2298 2029 2367 aliquis,
2066 2299 2261 2370 inquit,
2291 2316 2386 2354 cur
2404 2318 2522 2370 ergo
2542 2306 2785 2372 scriptum
2818 2316 2890 2360 est
2915 2322 2934 2360 :
2967 2309 3105 2364 Dixit
3136 2310 3394 2367 Dominus

1823 2389 1887 2443 ad
1919 2389 2161 2459 Moysen,
2193 2401 2239 2445 et
2282 2408 2382 2446 non
2406 2394 2572 2463 potius
2601 2411 2617 2447 :
2650 2397 2781 2449 dixit
2810 2399 3021 2467 angelus
3040 2401 3108 2453 ad
3138 2400 3395 2472 Moysen?

1826 2480 1959 2546 Quia
1985 2497 2099 2535 cum
2118 2483 2267 2537 verba
2286 2486 2479 2554 judicis
2504 2502 2669 2554 prisco
2692 2491 3011 2557 pronuntiat,
3036 2508 3136 2546 non
3158 2496 3396 2549 scribitur

1822 2573 1874 2626 in
1898 2573 2072 2641 gestis,
2102 2575 2191 2627 ille
2221 2590 2387 2646 prisco
2419 2578 2569 2643 dixit,
2605 2578 2694 2631 sed
2728 2579 2815 2633 ille
2829 2581 3042 2652 judex.]
3073 2584 3205 2638 Vide
3233 2600 3394 2655 supe-

1822 2665 2017 2717 riorem
2047 2663 2444 2720 adnotationem
2467 2676 2521 2721 et
2542 2666 3130 2747 interpretesad’Exod.
3150 2686 3273 2728 utet
3302 2692 3394 2730 xx.

1894 2754 2060 2809 Ltsno
2092 2771 2163 2809 tv.
2198 2755 2483 2826 Postquam
2510 2757 2644 2811 dixit
2667 2758 2840 2826 dupla:
2867 2762 3021 2813 morti
3052 2773 3238 2817 nostra:
3261 2765 3395 2835 (ani-

1827 2846 1896 2898 mi
1928 2854 1983 2900 et
2012 2845 2279 2915 corporis)
2319 2846 2627 2901 salvatorem
2661 2858 2889 2901 nostrum
2928 2851 3233 2921 impendisse
3277 2857 3397 2909 sim.

1827 2937 1965 3004 plum
1988 2951 2154 3002 suam,
2204 2937 2281 2991 sic
2316 2939 2457 2991 enim
2500 2938 2754 3007 loquitur,
2788 2937 3057 2995 delabitur
3093 2956 3212 3013 cap.
3255 2943 3289 2997 4
3330 2945 3397 3004 ad

1826 3031 2163 3100 allegoricam
2192 3031 2584 3086 arithmeticam
2619 3050 2631 3085 :
2667 3032 2795 3086 Hazc
2817 3043 2985 3087 autem
3008 3037 3161 3102 ratio,
3207 3040 3397 3108 inquit,

1825 3124 1997 3191 simpli
2015 3125 2083 3175 ad
2106 3125 2317 3194 duplum
2345 3126 2590 3195 originem
2621 3127 2822 3195 quidem
2855 3145 2887 3179 a
2911 3132 3136 3185 ternario
3166 3149 3399 3201 numero,

166 3232 281 3275 tom.
311 3222 373 3286 V,
400 3235 649 3275 sermone
674 3217 774 3272 169
801 3234 814 3271 :
847 3216 990 3282 Scio,
1016 3215 1210 3283 inquit,
1238 3214 1502 3284 plerosque
1530 3212 1723 3267 codices
1753 3200 1797 3262 C
1829 3230 1986 3266 unum
2012 3215 2198 3283 quippe
2237 3215 2305 3266 ad
2344 3217 2445 3268 duo
2475 3217 2575 3269 tria
2600 3226 2752 3281 sunt;
2790 3218 2879 3270 sed
2915 3220 3011 3273 hoc
3045 3230 3228 3289 totum,
3267 3200 3402 3293 quod

162 3313 418 3379 (Latinos,
459 3327 583 3366 nam
624 3311 690 3366 de
718 3309 917 3364 Graecis
945 3305 1147 3377 postea)
1178 3306 1379 3369 habere,
1411 3305 1499 3373 qui
1524 3303 1723 3372 Spiritu

163 3404 263 3460 Deo
299 3406 597 3468 servimus;
650 3412 893 3470 quantum
945 3409 1114 3453 autem
1157 3399 1405 3467 inspicere
1444 3396 1724 3466 potuimus,

163 3500 324 3565 plures
354 3497 522 3551 (ἕνα)σὶ
561 3496 659 3547 hoc
685 3494 865 3547 habent
895 3492 1026 3561 :qui
1058 3489 1280 3557 Spiritui
1321 3488 1409 3540 Dei
1438 3487 1724 3540 servimus.

163 3588 289 3643 Vide
316 3603 434 3659 quae
461 3589 529 3642 de
567 3588 669 3640 hoc
704 3586 821 3640 loco
852 3584 1011 3637 habet
1040 3582 1272 3635 Joannes
1310 3578 1553 3633 Clericus
1583 3578 1727 3631 Artis

162 3681 355 3734 criticze
384 3689 524 3749 part.
558 3680 612 3739 5.
643 3685 778 3733 sect.
806 3676 855 3743 i,
884 3689 1002 3742 cap.
1031 3673 1118 3738 Η,
1151 3672 1178 3744 §
1212 3672 1298 3725 15.
1338 3669 1592 3736 Quamvis
1612 3684 1730 3723 cre-

163 3771 344 3825 damus
375 3786 469 3827 eos
503 3785 713 3825 errasse
742 3770 831 3838 qui
871 3766 1128 3838 Spiritum
1159 3775 1400 3819 sanctum
1429 3773 1727 3818 creaturam

160 3876 272 3918 esse
304 3864 617 3925 voluerunt;
645 3870 877 3914 attamen
902 3859 1001 3913 hoc
1031 3858 1152 3913 loco
1178 3867 1364 3912 contra
1391 3870 1484 3911 eos
1510 3857 1584 3911 uti
1610 3856 1731 3909 nol-

162 3953 345 4018 lemus,
372 3955 459 4009 ubi
484 3953 711 4023 plerique
726 3951 847 4006 libri
866 3948 1057 4016 Latini,
1083 3946 1494 4004 assentientibus
1515 3956 1569 4001 et
1596 3947 1733 4001 mul-

163 4044 219 4097 tis
248 4043 477 4111 Gratcis,
523 4052 669 4098 recte
698 4041 943 4111 legebant
967 4057 980 4094 :
1004 4039 1186 4110 spiritu
1218 4037 1646 4100 Deo‘servientes,
1675 4047 1732 4091 ut

162 4130 255 4201 iam
297 4136 545 4205 plerique
585 4141 832 4188 censent.
878 4131 1121 4185 Notanda
1150 4130 1382 4183 varietas
1422 4126 1728 4196 Augustini,

162 4228 240 4291 qui
274 4229 364 4283 hic
392 4228 468 4280 ait
512 4227 680 4292 plures
720 4225 921 4278 codices
958 4222 1167 4277 Latinos
1212 4220 1409 4274 habere
1455 4217 1569 4283 Dei,
1616 4232 1731 4273 ser-

161 4328 316 4373 mone
344 4334 473 4373 vero
506 4318 561 4371 in
585 4316 700 4371 huic
726 4315 890 4370 verba
921 4314 1189 4382 plerosque
1213 4310 1412 4365 habere
1440 4308 1568 4364 Deo.
1596 4309 1731 4362 Rur-

163 4421 243 4464 sus
267 4422 401 4465 tom.
437 4410 506 4474 Χ,
550 4410 642 4465 lib.
684 4423 741 4463 ιιι
769 4408 836 4462 ad
883 4404 1234 4471 Bonifacium,
1269 4416 1388 4471 cap.
1427 4403 1480 4467 7,
1516 4401 1732 4457 codices

164 4496 357 4558 habere
388 4504 461 4557 ait
492 4503 627 4557 alios
659 4501 857 4572 Spiritu
880 4498 1008 4562 Deo,
1037 4497 1168 4551 alios
1195 4495 1413 4565 Spiritui
1438 4493 1565 4561 Deo,
1596 4493 1729 4547 alios

1828 3305 1955 3370 dixi,
1973 3304 2039 3356 ad
2066 3306 2319 3358 senarium
2338 3308 2589 3373 pervenit;
2609 3324 2764 3361 unuut
2786 3310 2919 3362 enim
2940 3320 2986 3364 et
3003 3311 3107 3365 duo
3133 3323 3179 3366 et
3203 3316 3301 3367 tria
3316 3332 3403 3370 sea

1828 3396 1979 3462 ﬁunt.
2008 3395 2107 3458 Qui
2126 3412 2257 3448 uumt
2274 3413 2361 3448 rus
2379 3407 2638 3465 prapterea
2655 3399 2906 3468 perfectus
2925 3401 3128 3468 dicitur,
3150 3405 3269 3472 quia
3290 3422 3404 3471 par.

1829 3489 1961 3541 tbus
1987 3489 2093 3540 suis
2119 3488 2419 3555 completur.
2438 3487 2607 3541 Habet
2637 3491 2770 3541 enim
2792 3490 2908 3543 illas
2934 3501 3280 3562 tres,se:ctam,
3310 3509 3405 3550 ter.

1831 3580 1976 3641 tiam,
1991 3579 2253 3631 dimidiam
2274 3596 2293 3643 ;
2316 3595 2406 3633 nec
2428 3581 2535 3632 ulla
2555 3597 2669 3647 pars
2681 3582 2808 3649 alia,
2823 3598 2936 3650 qua:
2957 3585 3061 3636 dici
3079 3587 3235 3648 possit
3253 3599 3405 3654 quota

1831 3672 1915 3734 sit,
1936 3671 2185 3723 invenitur
2202 3672 2253 3722 in
2276 3669 2380 3739 eo.|
2409 3670 2498 3724 lla:
2523 3681 2645 3725 sunt
2666 3671 2947 3727 Platonicae
2970 3683 3023 3728 et
3040 3675 3407 3746 Pythagoricae

1834 3778 2007 3831 nugzv,
2031 3763 2215 3831 quales
2235 3773 2446 3817 exstant
2464 3763 2601 3831 apud
2619 3763 2890 3820 Philonem
2914 3781 3032 3820 cum
3046 3768 3193 3834 alibi,
3219 3778 3330 3823 tum
3352 3772 3407 3826 in

1836 3852 1973 3907 libro
1991 3853 2060 3907 de
2084 3852 2264 3907 Mundi
2293 3851 2601 3908 Creatione.
2620 3854 2907 3924 Nemojam
2925 3860 3111 3927 estqui
3143 3860 3263 3914 talia
3296 3877 3402 3917 non

1835 3943 2025 4011 rideat,
2071 3958 2173 3997 non
2207 3952 2407 3998 tantum
2443 3946 2689 4013 petulanti
2715 3946 2891 4012 splene
2918 3949 3197 4016 cachinno,
3229 3953 3321 4006 scil
3353 3964 3408 4007 et

1834 4038 1923 4109 qui
1967 4049 2225 4109 negantur
2265 4039 2462 4108 alioqui
2504 4038 2700 4094 ridere.
2754 4038 2921 4095 Nemo
2961 4050 3044 4097 est
3091 4044 3178 4114 qui
3213 4045 3409 4101 talibus

1834 4130 2151 4185 commentis
2176 4144 2367 4184 nomen
2396 4144 2549 4182 suum
2580 4129 2774 4185 ascribi
2796 4132 2943 4187 velit.
2991 4131 3117 4188 Hac
3148 4150 3215 4189 eo
3236 4138 3409 4191 minus

1835 4220 2075 4285 ferenda,
2124 4221 2267 4290 quod
2299 4222 2350 4275 in
2376 4236 2434 4274 re
2456 4222 2617 4285 seria,
2663 4219 2710 4274 si
2738 4236 2854 4289 qute
2878 4222 2980 4275 alia
3024 4231 3125 4286 est,
3170 4236 3410 4282 versetur

1835 4312 1923 4369 hic
1955 4315 2282 4383 Augustinus
2317 4313 2468 4369 etab
2510 4313 2856 4383 inscriptione
2892 4317 3069 4384 operis
3104 4317 3186 4370 sui
3228 4319 3411 4373 nescio

1834 4421 1940 4476 quo
1969 4405 2317 4474 digrediatur.
2371 4405 2473 4461 Sed
2509 4407 2662 4474 pauci
2707 4414 2833 4461 sunt
2875 4409 3153 4477 Augustini
3206 4409 3325 4464 libri
3356 4410 3409 4465 in

1836 4501 2028 4571 quibus
2062 4515 2168 4554 non
2199 4500 2307 4553 sint
2334 4499 2693 4569 digre:siones
2718 4499 2979 4570 ejusmodi
3016 4516 3133 4572 quae
3172 4500 3406 4564 hiantem

167 4590 379 4663 Spiritui
404 4594 519 4648 Dei.
552 4594 677 4648 Duae
714 4593 917 4662 priores
947 4590 1203 4645 lectiones
1226 4598 1347 4642 sunt
1370 4587 1541 4652 potius
1570 4587 1732 4641 variae
1763 4562 1811 4622 D
1837 4562 2092 4648 lectorem
2123 4562 2460 4647 frustrentur.

167 4677 628 4754 interpretationes
657 4698 843 4737 vocum
870 4683 1121 4750 πνεύματι
1152 4686 1279 4749 Θεῷ.

222 4772 357 4843 Cap.
388 4775 472 4839 12,
510 4772 536 4843 §
565 4775 653 4828 25.
689 4773 853 4826 Marc.
882 4786 995 4837 xm,
1022 4771 1111 4826 32.
1144 4769 1215 4821 De
1245 4769 1325 4822 die
1351 4778 1395 4823 et
1432 4769 1556 4824 hora
1587 4783 1733 4821 nemo

163 4864 265 4931 scit,
290 4882 453 4935 neque
479 4864 648 4935 angeli
674 4863 726 4915 in
754 4862 901 4925 cwlo,
929 4875 1085 4930 neque
1107 4857 1299 4924 Filius,
1325 4861 1418 4912 nisi
1448 4859 1623 4913 Pater.
1650 4859 1730 4912 Ad

161 4947 267 5011 haec
315 4958 389 5010 ita
447 4955 805 5025 Hipponensis
855 4952 1136 5020 episcopus
1179 4969 1191 5003 :
1242 4950 1357 5003 Hoc
1393 4951 1525 5003 enim
1554 4952 1728 5017 nescit,

158 5048 287 5105 Quod
314 5049 589 5102 nescientes
621 5048 763 5117 facit,
822 5046 877 5098 id
915 5057 1009 5107 est,
1055 5045 1191 5111 quod
1231 5059 1332 5095 non
1370 5043 1441 5095 ita
1470 5043 1653 5095 sciebat
1679 5054 1731 5096 ut

159 5141 272 5194 tunc
301 5141 569 5210 discipulis
619 5140 906 5191 indicaret:
945 5139 1073 5190 sicut
1114 5137 1305 5189 dictum
1339 5148 1411 5188 est
1436 5124 1733 5189 Abraham.‘

158 5235 294 5288 nunc
317 5233 546 5301 cognovi
577 5230 715 5301 quod
742 5231 926 5284 timeas
949 5229 1147 5293 Deum;
1179 5227 1232 5279 id
1254 5237 1345 5293 est,
1374 5242 1505 5279 nunc
1543 5226 1640 5296 feci
1680 5236 1735 5280 ut

157 5329 508 5393 Cagnosccres,
534 5323 651 5389 quia
672 5332 717 5375 et
745 5322 851 5387 ipse
873 5319 966 5373 sibi
988 5321 1039 5371 in
1059 5316 1156 5370 illa
1195 5317 1474 5372 tentatione
1493 5317 1737 5387 probatus

157 5400 419 5483 innatum]
454 5412 599 5466 Hanc
626 5410 1121 5479 interpretationem
1137 5407 1332 5462 Cenes.
1352 5423 1483 5476 χχιι,
1508 5408 1593 5473 12,
1623 5408 1737 5461 vio-

157 5487 354 5555 leruam
377 5517 522 5567 esse,
544 5504 585 5556 si
618 5516 733 5569 qum
751 5514 981 5570 unquam
1007 5496 1124 5561 fuit,
1147 5496 1482 5551 ostendimus
1510 5498 1577 5551 ad
1604 5507 1731 5551 tom.

155 5575 222 5653 ν,
245 5610 413 5649 serui.
438 5595 493 5648 2.
523 5595 637 5648 Non
667 5590 996 5647 commodior
1020 5597 1102 5645 est
1129 5590 1228 5644 loci
1254 5589 1434 5658 Marci,
1461 5606 1558 5645 nec
1585 5591 1737 5658 capio

145 5682 245 5743 'IUi
275 5703 336 5741 se
386 5688 599 5741 Arianis
646 5686 913 5740 silentium
966 5684 1240 5750 imponere
1284 5695 1439 5748 posse
1477 5682 1737 5749 ejusmodi

143 5768 509 5835 rcanorisione
536 5786 831 5844 sperarent.
870 5774 999 5825 Vide
1030 5784 1201 5828 tamen
1231 5788 1348 5843 quae
1379 5773 1514 5828 hanc
1543 5775 1596 5828 in
1623 5789 1735 5829 rem

485 5870 754 5928 ΡΑτιπιοι..
801 5866 1053 5925 XLV“.

1907 4683 2070 4737 LIBRO
2096 4697 2148 4737 ν.
2181 4681 2313 4751 Cap.
2346 4683 2398 4749 5,
2434 4680 2460 4753 §
2485 4682 2537 4736 6.
2575 4682 2816 4748 Quamvis
2838 4682 3090 4735 diversum
3111 4682 3175 4736 sit
3198 4681 3408 4741 Patrem

1835 4793 1942 4831 esse
1979 4787 2026 4830 et
2057 4776 2247 4830 Filium
2279 4792 2405 4838 esse,
2434 4792 2536 4829 non
2571 4783 2645 4829 est
2676 4785 2842 4827 tamen
2869 4773 3067 4826 diversa
3092 4774 3410 4842 substantia;

1834 4872 1955 4938 quia
1988 4870 2095 4923 ltwc
2130 4886 2231 4922 non
2260 4870 2536 4922 secundum
2561 4866 2897 4921 substantiam
2920 4865 3179 4930 dicuntur,
3212 4867 3301 4921 sed
3328 4886 3407 4924 sc-

1836 4960 2053 5013 cundum
2078 4959 2383 5021 relativum;
2406 4958 2539 5025 quod
2570 4966 2734 5008 tamen
2766 4955 3031 5009 relativum
3054 4972 3155 5011 non
3183 4971 3256 5013 est
3276 4964 3411 5015 acci-

1842 5051 1980 5112 dens,
2003 5050 2122 5117 quia
2148 5064 2247 5101 non
2274 5056 2347 5101 est
2374 5043 2655 5115 mutabile]
2686 5044 2924 5099 Notanda
2944 5061 3043 5101 vox
3073 5050 3291 5117 diversa,
3309 5067 3410 5121 qua

1843 5140 2149 5208 frequvnter
2164 5136 2264 5190 hoc
2288 5136 2341 5190 in
2366 5135 2578 5204 negotio
2600 5136 3119 5205 utiturAugustinus;
3148 5141 3411 5209 signiﬁcat

1840 5230 1982 5284 enim
2016 5243 2120 5282 non
2148 5226 2470 5288 distinctam.
2527 5225 2619 5279 sed
2651 5225 2787 5280 alius
2825 5228 3059 5296 generis.
3116 5229 3241 5284 Vult
3285 5246 3413 5298 ergo

1845 5320 2164 5388 paternitate,
2208 5324 2265 5369 ut
2304 5330 2425 5370 cum
2469 5315 2805 5371 scholasticis
2846 5316 3054 5387 loquar,
3113 5329 3167 5373 et
3210 5321 3413 5388 [ilietattt

1847 5427 1951 5465 non
1986 5410 2095 5463 ﬁeri
2127 5409 2350 5462 duorum
2377 5423 2630 5477 generutn
2660 5409 3004 5475 substantias,
3030 5410 3121 5465 sed
3153 5425 3246 5465 ms
3272 5410 3414 5476 ejus-

1844 5503 1962 5554 dem
1993 5500 2201 5570 generis
2234 5514 2372 5563 esse,
2407 5513 2467 5553 ac
2488 5500 2600 5553 sola
2631 5499 2887 5554 relatione
2916 5499 3089 5553 Patris
3109 5501 3175 5552 ad
3198 5501 3413 5565 Filium,

1843 5591 1957 5645 Fi:ii
1988 5591 2052 5644 ad
2081 5592 2289 5643 Patrem
2312 5590 2609 5643 distinctas.
2638 5589 2795 5643 Multa
2827 5590 2927 5643 hac
2952 5588 3019 5643 de
3047 5603 3126 5657 re,
3151 5591 3245 5650 sed
3281 5594 3414 5647 satis

1844 5684 2085 5737 intricata
2138 5680 2295 5734 habet
2348 5671 2564 5749 Dionys.
2622 5680 2866 5734 Petavius
2916 5680 3103 5750 Dogtn.
3154 5676 3412 5753 Thcolog.

1845 5783 1972 5828 tom.
2003 5771 2067 5839 il,
2093 5771 2184 5826 lib.
2211 5772 2276 5826 de
2298 5770 2487 5825 Trinit.
2520 5785 2595 5839 tv,
2626 5785 2742 5842 cap.
2776 5773 2835 5827 11

3040 5859 3119 5925 17
