3900 6330
541 327 643 379 525

1412 333 1962 391 SUPl’LEliENTUM
2002 339 2092 393 AD
2131 340 2360 397 OPERA
2403 343 2461 399 S.
2504 344 2890 401 AUGUSTINI.

3675 351 3781 409 524

603 443 733 510 Cap.
766 442 820 506 8,
848 444 874 516 §
901 444 932 499 9
957 454 1011 502 et
1044 446 1124 502 lO.
1155 444 1436 500 Essentiam
1469 448 1581 502 dico
1600 463 1711 517 qua:
1730 452 1880 503 οὐσία
1923 448 2099 505 erce
2131 460 2179 515 Α
2206 454 2444 523 gustinus
2475 471 2489 507 :
2524 454 2711 508 Tamen
2732 472 2846 509 cum
2865 457 3109 524 quteritur
3130 472 3251 527 quia
3270 459 3408 512 tres?
3426 474 3605 528 magna
3627 478 3776 529 pror-

540 533 740 598 dicitur,
772 551 925 603 quam
946 538 1180 591 usitatius
1220 537 1569 591 substantiam
1610 556 1874 597 vocamus.
1918 541 2105 596 Dicunt

538 627 738 693 quidem
764 637 809 680 et
828 629 905 681 illi
936 629 1274 699 hypostasin;
1304 628 1392 682 sed
1409 630 1577 683 nescio
1608 631 1733 699 quid
1754 632 2108 685 voluntinter-

540 736 645 773 esse
673 720 803 773 inter
832 721 999 775 usiatn
1029 730 1074 774 et
1102 720 1409 791 hypostasin
1434 737 1449 785 ;
1494 722 1567 774 ita
1597 730 1650 773 ut
1671 723 1897 792 plerique
1924 725 2104 789 nostri,

540 812 625 879 qui
666 809 773 863 lttec
796 809 974 864 Grteco
1020 819 1236 864 tractant
1278 812 1496 880 eloquio,
1546 813 1710 865 dicere
1759 815 2107 866 consueverint

541 906 661 969 μίαν
690 905 885 968 οὐσίαν,
912 912 1051 978 τρεῖς
1073 904 1407 969 ὑποστάσεις,
1440 903 1575 972 quod
1599 911 1670 956 est
1707 904 1910 970 Latine,
1951 921 2107 958 unam

541 994 827 1059 essentiam,
845 1003 948 1046 tres
966 989 1320 1063 substantias.]
1339 992 1447 1047 Hoc
1466 1002 1568 1059 est,
1596 994 1751 1047 unius
1771 993 1982 1062 quidem
2012 1009 2076 1061 ge
2092 1023 2105 1033 -

542 1086 686 1137 neris
708 1085 1015 1149 essentiam,
1031 1086 1123 1140 sed
1141 1095 1249 1141 tres
1270 1085 1546 1139 distinctas
1568 1086 1909 1151 substantias,
1928 1096 1981 1140 at
2003 1102 2106 1142 non

540 1175 813 1237 diversas;
847 1176 933 1229 vel
964 1190 1123 1237 unam
1157 1176 1443 1230 essentiam
1477 1176 1529 1229 in
1562 1176 1729 1230 tribus
1760 1177 2105 1243 substantiis,

540 1278 656 1332 qua:
687 1266 827 1317 varia
851 1264 1105 1320 duntaxat
1129 1264 1455 1321 subsistendi
1485 1266 1710 1332 ratione,
1740 1265 1843 1321 hoc
1869 1277 1951 1322 est
1972 1268 2110 1322 rela-

543 1354 773 1409 tionibus
800 1356 1072 1410 differunt.

609 1444 740 1512 Cap.
764 1444 816 1499 9.
853 1444 956 1499 Sed
993 1446 1113 1515 quia
1142 1453 1316 1499 nostra
1364 1445 1601 1515 loquendi
1652 1448 1962 1501 consuetudo
1992 1452 2108 1521 jam

540 1535 751 1589 obtinuit
795 1545 849 1588 ut
896 1538 989 1589 hoc
1026 1537 1364 1607 intelligatur,
1402 1552 1517 1589 cum
1554 1537 1769 1593 dicimus
1797 1540 2104 1604 essentiam,

538 1625 674 1690 quod
698 1624 997 1695 intelligitur
1017 1641 1129 1679 cum
1155 1626 1376 1680 dicimus
1404 1626 1787 1693 substantiam;
1818 1645 1917 1681 non
1949 1629 2108 1682 aude-

538 1727 650 1766 mus
687 1714 854 1768 dicere
890 1730 1047 1769 unam
1096 1717 1407 1786 essentiam,
1454 1726 1563 1775 tres
1604 1721 1969 1785 substantias;
2020 1721 2109 1773 sed

2208 560 2291 597 sus
2317 546 2487 614 inopia
2514 546 2795 598 humanum
2822 545 3016 599 laborat
3043 546 3315 615 eloquium.
3365 545 3567 601 Dictum
3591 559 3668 604 est
3694 562 3777 607 ιι-

2207 648 2321 686 men
2350 644 2455 688 tres
2488 649 2748 703 personae,
2777 651 2881 687 non
2905 643 2959 687 ut
2980 635 3111 689 illud
3136 637 3411 702 diceretur,
3442 639 3532 691 sed
3554 657 3615 694 ne
3641 650 3775 697 tace-

2207 732 2366 776 retur.
2400 724 2510 778 Hoc
2539 733 2643 791 est,
2686 740 2790 777 non
2825 734 2884 778 ut
2911 724 3180 780 diceretur
3211 735 3319 780 tres
3344 740 3465 781 esse
3493 742 3772 799 personas,

2209 813 2394 881 quales
2420 824 2544 868 sunt
2574 822 2681 868 tres
2709 813 2976 880 homines,
3012 816 3101 883 qui
3127 815 3370 885 quamvis
3402 818 3509 871 sint
3535 819 3773 887 ejusdem

2209 903 2425 971 speciei,
2476 912 2650 959 tamen
2680 904 2930 959 differunt
2974 907 3197 959 multum
3235 905 3376 959 inter
3400 920 3481 972 se,
3516 911 3776 977 separati-

2210 1008 2312 1061 que
2341 1004 2486 1060 sunt,
2514 1003 2571 1048 et
2594 994 2819 1048 seorsim
2847 1004 3027 1063 agunt,
3080 994 3256 1062 qualia
3287 993 3338 1047 in
3374 994 3567 1049 divinis
3594 1011 3779 1066 perso-

2208 1082 2290 1136 nis
2318 1097 2435 1136 esse
2468 1097 2623 1150 posse
2652 1083 2842 1137 merito
2865 1082 3127 1151 negabant
3154 1092 3383 1137 veteres.
3410 1080 3541 1139 Vide
3564 1085 3660 1141 lib.
3685 1102 3773 1154 vn,

2208 1186 2326 1240 cap.
2350 1173 2405 1237 4,
2437 1171 2463 1241 §
2498 1174 2549 1233 7,
2580 1172 2613 1226 8
2640 1180 2694 1225 et
2723 1173 2776 1226 9.

2279 1261 2395 1315 Lib.
2421 1278 2492 1315 vt.
2524 1262 2653 1331 Cap.
2689 1264 2738 1325 l,
2772 1262 2796 1330 §
2831 1264 2879 1316 l.
2915 1260 3056 1315 Inter
3084 1262 3451 1325 disputationes
3478 1279 3603 1332 quas
3631 1266 3778 1320 liabe-

2210 1354 2327 1405 bant
2350 1354 2507 1405 nostri
2527 1353 2766 1405 adversus
2788 1369 2869 1407 eos
2894 1353 3168 1425 (Arianos)
3212 1354 3300 1423 qui
3339 1353 3605 1419 dicebant,
3649 1357 3778 1411 Erat

2211 1452 2418 1512 tempus
2446 1441 2656 1513 quando
2684 1460 2787 1497 non
2818 1453 2930 1498 erat
2973 1444 3166 1507 Filius;
3202 1444 3335 1496 hanc
3359 1446 3513 1499 etiam
3539 1449 3775 1501 nonnulli

2208 1533 2638 1585 ratiocinationem
2680 1533 3003 1586 inserebant:
3032 1533 3091 1587 Si
3120 1532 3214 1586 Dei
3243 1531 3410 1588 Filius
3435 1535 3595 1587 virtus
3624 1543 3673 1587 et
3697 1551 3775 1589 sa-

2208 1622 2398 1691 pientia
2428 1621 2521 1675 Del
2541 1632 2634 1687 est,
2666 1637 2755 1675 nec
2780 1638 3002 1691 unquam
3032 1621 3168 1675 Deus
3194 1623 3304 1675 sine
3324 1623 3578 1693 sapientia
3605 1639 3664 1676 ac
3687 1624 3773 1677 vir-

2212 1723 2314 1765 tute
2335 1713 2451 1783 fuit,
2481 1722 2759 1767 coatternus
2789 1724 2860 1766 est
2901 1713 3005 1767 Deo
3039 1712 3183 1766 Patri
3211 1712 3400 1767 Filius.
3447 1712 3589 1768 Dicit
3617 1725 3774 1770 autem

536 1818 695 1857 unam
725 1806 1033 1873 essentiam,
1064 1809 1139 1861 vel
1165 1808 1539 1877 substantiam,
1574 1820 1681 1867 tres
1709 1820 1885 1866 autem
1919 1825 2099 1880 perso-

2209 1804 2478 1873 Apostolus
2507 1803 2778 1859 Christum
2815 1802 2909 1857 Dei
2942 1805 3190 1858 virtutem
3237 1814 3292 1858 et
3321 1804 3416 1859 Dei
3445 1806 3772 1875 sapientiam,

536 1910 663 1959 nas;
723 1896 1147 1964 quemadmodum
1184 1898 1333 1952 multi
1381 1898 1553 1953 Latini
1606 1903 1704 1955 ista
1755 1908 2024 1954 tractantes
2064 1910 2109 1954 et

537 1985 678 2053 digni
706 1988 1008 2040 auctoritate
1035 1988 1293 2053 dixerunt,
1325 2003 1437 2041 cum
1454 1990 1611 2044 alium
1634 1990 1837 2043 modum
1862 1990 2109 2059 aptiorem

536 2093 637 2130 non
674 2078 947 2132 invenirent
983 2094 1084 2148 quo
1122 2079 1442 2135 enuntiarent
1486 2080 1647 2134 verbis
1689 2080 1824 2148 quod
1866 2081 1975 2133 sine
2001 2096 2107 2133 ver-

537 2168 612 2220 bis
640 2167 1030 2239 intelligebant.]
1086 2168 1295 2223 Similia
1342 2169 1598 2224 habemus
1633 2170 1727 2225 lib.
1758 2185 1847 2235 vn,
1897 2184 2015 2237 cap.
2048 2169 2101 2234 4,

539 2257 566 2327 §
603 2258 658 2312 7.
706 2260 868 2313 Miror
914 2260 1185 2312 essentiam
1230 2267 1285 2314 et
1332 2260 1670 2313 substantiam
1723 2263 1877 2313 mista
1920 2259 2099 2322 fuisse,

536 2362 654 2401 cum
680 2351 788 2403 sint
818 2351 1042 2404 diversae
1073 2350 1475 2419 significationis
1504 2367 1695 2417 voces;
1734 2352 1958 2421 ideoque
1984 2366 2104 2404 cum

534 2452 664 2492 voce
704 2439 981 2492 substantia
1026 2454 1130 2494 non
1164 2448 1374 2494 careret
1406 2440 1583 2508 lingua
1626 2440 1847 2505 Latina,
1889 2440 2102 2494 inventa

533 2537 679 2583 esset
720 2543 820 2582 vox
866 2530 1106 2596 essentia,
1161 2543 1259 2584 nec
1295 2530 1362 2585 ab
1401 2531 1624 2586 eruditis
1652 2531 1927 2600 repudiata
1954 2532 2104 2599 quasi

534 2620 755 2673 inutilis.
787 2619 1144 2686 Quintilianus
1179 2620 1349 2675 lnstit.
1399 2621 1610 2679 Orator.
1646 2622 1738 2678 lib.
1764 2638 1839 2687 ιιι,
1878 2637 1999 2691 cap.
2030 2624 2101 2678 8:

533 2711 703 2766 Multa
739 2729 802 2767 ex
839 2713 1015 2768 Graeco
1051 2717 1269 2784 formata
1307 2732 1439 2769 nova
1478 2732 1539 2769 ac
1586 2715 1808 2785 plurima
1846 2731 1879 2768 a
1920 2716 2104 2786 Sergio

533 2802 736 2870 Flavio,
768 2822 981 2874 quorum
1014 2806 1142 2860 dura
1168 2807 1404 2877 quaedam
1437 2808 1717 2862 admodum
1746 2810 1998 2876 videntur,
2048 2820 2104 2863 ut

528 2884 627 2947 ens
662 2904 709 2947 et
738 2898 1005 2959 essentia;
1034 2911 1148 2964 qua:
1185 2912 1277 2950 cur
1305 2908 1568 2966 tantopere
1605 2914 1935 2965 aspernemur
1974 2900 2105 2954 nihil

533 2985 697 3053 video,
711 2986 809 3039 nisi
825 2987 962 3055 quod
988 2986 1146 3055 iniqui
1147 2986 1349 3055 judices
1369 2987 1607 3039 adversus
1626 3002 1716 3039 nos
1738 3003 1931 3050 sumus,
1954 2987 2102 3040 ideo-

532 3090 624 3142 que
653 3085 947 3143 paupertate
972 3074 1214 3127 sermonis
1240 3074 1549 3129 laboramus.
1573 3073 1713 3130 Sane
1742 3089 1841 3129 nec
1860 3077 2097 3143 superio-

2210 1906 2255 1947 ct
2281 1893 2442 1948 Deum
2465 1894 2743 1964 aliquando
2773 1910 2871 1947 non
2899 1893 3137 1947 habuisse
3177 1894 3415 1947 virtutem
3451 1904 3543 1948 aut
3584 1896 3775 1964 sapiens

2209 1986 2348 2050 tiam,
2379 1985 2619 2038 dementis
2649 1994 2721 2036 est
2745 1984 2945 2047 dicere;
2970 2000 3070 2037 non
3092 1983 3249 2053 igitur
3271 1990 3378 2037 erat
3400 1993 3603 2051 tempus
3624 2001 3775 2053 quan-

2208 2078 2273 2130 do
2298 2094 2395 2130 non
2420 2085 2526 2130 erat
2558 2074 2773 2146 Filius.]
2822 2076 2989 2130 Nemo
3021 2089 3124 2129 non
3176 2075 3321 2130 videt
3361 2075 3770 2145 paralogismum

2209 2165 2350 2221 hunc
2397 2179 2549 2231 esse,
2594 2174 2648 2218 et
2684 2164 2874 2219 merito
2904 2164 3053 2232 rejici
3092 2164 3159 2218 ab
3190 2165 3487 2232 Augustino
3526 2173 3773 2233 sequente

2208 2255 2363 2321 libro,
2400 2264 2458 2309 ut
2495 2264 2549 2309 et
2599 2254 2806 2308 ultimo.
2856 2253 2988 2307 Nam
3033 2253 3293 2323 sapientia
3336 2252 3509 2307 Patris
3561 2253 3674 2323 ejus
3698 2262 3772 2308 est

2207 2346 2523 2416 proprietas,
2552 2346 2723 2416 qualis
2748 2361 2851 2399 non
2881 2354 2963 2401 est
2993 2345 3188 2410 Filius;
3222 2344 3313 2414 qui
3349 2360 3380 2399 a
3420 2345 3593 2400 Paulo
3618 2344 3637 2398 Ι
3658 2344 3771 2399 Cor.

2203 2453 2243 2504 ι,
2285 2439 2371 2504 24,
2417 2438 2607 2492 dicitur
2649 2439 2803 2491 virtus
2839 2445 2885 2491 et
2922 2437 3171 2508 sapientia
3204 2434 3419 2502 Patris,
3464 2435 3765 2491 duntunxat

2202 2530 2343 2599 quod
2376 2530 2426 2583 in
2449 2544 2514 2584 eo
2536 2531 2767 2585 maxime
2785 2530 3106 2584 emicuerint
3153 2529 3386 2599 potentia
3433 2538 3488 2585 et
3515 2529 3770 2600 sapientia

2205 2620 2322 2675 Dei.
2353 2622 2596 2675 Attamen
2637 2620 2715 2675 sic
2758 2620 2909 2674 multi
2942 2628 3180 2675 veterum
3216 2620 3520 2675 ratiocinati
3562 2629 3701 2686 sunt,
3723 2623 3772 2675 ut

2203 2709 2432 2765 ostendit
2472 2709 2689 2780 Dionys.
2724 2708 2970 2764 Petavius
3002 2709 3068 2764 de
3096 2709 3286 2764 Trinit.
3315 2710 3406 2764 lib.
3448 2724 3533 2777 vt,
3576 2712 3698 2781 ’cap.
3723 2712 3768 2766 9.

2206 2800 2310 2857 Sed
2335 2810 2390 2856 et
2420 2810 2542 2855 ante
2582 2800 2777 2854 Ariana
2816 2810 3075 2871 tempora,
3112 2801 3372 2871 ejusmodi
3400 2803 3761 2859 ratiocinatio-

2203 2908 2299 2946 nes
2330 2901 2648 2957 occurrunt,
2677 2906 2797 2946 cum
2826 2892 2991 2948 Deum
3021 2894 3321 2948 rationalem
3348 2895 3616 2961 dixerint,
3647 2896 3769 2966 quod

2202 2981 2447 3035 habuetit
2476 2983 2613 3049 apud
2642 2996 2700 3036 se
2727 2983 2995 3038 rationem.
3021 2982 3154 3038 Vide
3183 2984 3556 3055 Athenagora:
3586 2988 3766 3057 Apoloo

2200 3074 2336 3144 giam
2368 3088 2463 3141 pro
2485 3073 2821 3137 Christianis,
2841 3076 3285 3131 etTertulIianum
3307 3085 3490 3133 contra
3536 3079 3768 3134 Praxeam

532 3179 646 3216 rum
702 3164 1018 3216 saeculorum
1069 3162 1437 3232 metaphysici,
1494 3178 1593 3218 nec
1631 3164 1811 3247 nostri
1845 3166 2100 3232 temporis
2125 3147 2170 3211 C
2203 3176 2319 3230 cap.
2349 3162 2401 3216 5.
2439 3162 2721 3231 Nimirum,
2752 3164 2906 3218 bonis
2936 3165 3038 3219 illis
3062 3166 3188 3219 viris
3217 3166 3495 3235 placebant
3533 3183 3639 3224 non
3665 3177 3770 3223 tan-

531 3253 834 3323 phil080plti
874 3268 937 3307 ac
986 3252 1218 3323 theologi
1258 3268 1322 3309 ea
1363 3268 1493 3309 voce
1539 3269 1725 3309 carere
1768 3254 2096 3324 potuissent;

532 3344 603 3397 uti
636 3358 752 3410 nec,
806 3344 921 3399 sine
969 3357 1158 3411 magna
1206 3343 1571 3414 ambiguitate,
1609 3359 1727 3398 eam
1773 3343 2100 3399 confundere

529 3448 650 3487 cum
679 3434 980 3490 substantia.
1018 3434 1235 3490 Veteres
1273 3445 1447 3489 autem
1488 3450 1609 3490 cum
1654 3451 1807 3488 unam
1832 3435 2101 3488 essentiam

528 3534 619 3579 aut
640 3525 973 3579 substantiam
1004 3526 1055 3580 in
1079 3525 1273 3581 divinis
1300 3525 1571 3592 dicebant,
1599 3524 1965 3594 intelligebant
1985 3526 2102 3578 uni-

529 3625 689 3672 tatem
719 3618 1048 3687 specificam;
1079 3632 1199 3672 cum
1228 3627 1327 3672 tres
1357 3634 1617 3688 personas,
1652 3624 1760 3673 tres
1779 3616 2100 3672 substantias

526 3726 635 3765 non
678 3710 941 3777 diversas,
982 3709 1077 3765 sed
1119 3709 1418 3765 distinctas.
1467 3710 1543 3764 De
1578 3709 1778 3763 unitate
1826 3708 1950 3765 vide
1978 3722 2099 3778 quas

528 3801 665 3856 infra
714 3801 808 3856 lib.
852 3816 926 3866 vr,
970 3814 1088 3867 cap.
1133 3799 1197 3864 3,
1255 3799 1282 3868 §
1326 3800 1381 3854 4.
1436 3799 1626 3853 Revera
1675 3800 1844 3865 enim,
1890 3799 2101 3869 subjicit

528 3889 870 3959 Augustinus,
902 3904 1018 3941 cum
1034 3887 1189 3941 Pater
1206 3905 1304 3941 non
1319 3890 1382 3942 sit
1404 3887 1597 3957 Filius,
1646 3899 1691 3943 et
1716 3886 1887 3944 Filius
1910 3907 2011 3944 non
2032 3893 2098 3945 sit

528 3980 707 4045 Pater,
757 3988 804 4033 et
836 3979 1058 4048 Spiritus
1090 3988 1298 4031 sanctus
1324 3978 1430 4043 ille,
1471 3980 1559 4047 qui
1598 3979 1747 4033 etiam
1783 3982 1969 4035 donum
2001 3981 2099 4036 Dei

527 4079 755 4133 vocatur,
806 4084 895 4120 nec
934 4065 1091 4120 Pater
1132 4067 1218 4135 sit,
1269 4083 1359 4121 nec
1389 4066 1579 4135 Filius,
1631 4076 1731 4123 tres
1757 4071 1929 4140 utique
1956 4081 2094 4127 sunt.

528 4158 754 4228 Ideoque
784 4158 1051 4228 pluraliter
1076 4158 1265 4213 dictum
1292 4170 1365 4214 est
1391 4173 1408 4214 :
1431 4160 1542 4231 Ego
1563 4169 1617 4215 et
1644 4161 1798 4216 Pater
1823 4179 1986 4217 unum
2010 4181 2096 4219 su-

527 4266 645 4305 mus
670 4267 685 4316 ;
712 4266 815 4304 non
838 4251 971 4303 enim
999 4250 1148 4315 dixit,
1192 4267 1349 4304 unum
1393 4261 1485 4318 est,
1526 4253 1663 4321 quod
1694 4252 1979 4308 Sabelliani
2018 4257 2098 4309 di-

528 4350 669 4406 cunt,
719 4341 829 4406 sed,
862 4355 1025 4394 unum
1048 4342 1269 4410 :sumus.
1314 4340 1711 4398 Observandum
1742 4344 2094 4415 Augustinum

526 4441 856 4499 caeterosque
886 4445 1073 4486 omnes
1096 4439 1305 4485 veteres
1328 4447 1430 4486 non
1461 4431 1661 4498 dicere,
1701 4437 2091 4502 paternitatem,

527 4524 822 4587 tilietatem,
851 4530 904 4576 et
932 4520 1387 4589 spiritualitatetn,
1434 4532 1492 4577 ut
1526 4524 1843 4579 scholastice
1884 4525 2088 4594 loquar,
2122 4506 2170 4566 ί)

527 4616 627 4669 tria
654 4628 794 4681 esse,
847 4622 938 4666 aut
970 4620 1079 4667 tres
1108 4609 1395 4667 relationes
1438 4614 1488 4667 in
1520 4615 1675 4667 unica
1708 4630 1930 4669 numero
1962 4617 2093 4670 sub-

528 4706 744 4769 stantia,
774 4712 831 4758 ut
865 4717 1006 4758 nunc
1046 4702 1348 4772 loquimur;
1381 4703 1472 4757 sed
1508 4703 1739 4767 Patrem,
1784 4704 1975 4758 Filium
2030 4720 2094 4761 ac

524 4798 779 4868 Spiritum
807 4804 1046 4851 sanctum
1072 4804 1180 4849 tres
1208 4808 1328 4849 esse
1358 4808 1635 4862 personas,
1670 4795 1770 4849 hoc
1799 4804 1898 4859 cst,
1936 4798 2096 4850 ratio-

523 4889 657 4940 nalis
683 4896 899 4953 naturae,
928 4902 993 4941 ex
1019 4880 1184 4941 Boetii
1203 4883 1529 4949 definitione,
1551 4885 1838 4939 individuas
1862 4885 2096 4939 substan-

524 4980 641 5030 tias.
676 4978 837 5045 lgitur
858 4992 1082 5045 persona
1117 4986 1198 5031 est
1241 4974 1440 5044 aliquid
1483 4975 1801 5042 ab~olutum,
1845 4977 2092 5044 quamvis

522 5064 863 5137 personalitas
894 5066 962 5120 sit
989 5068 1268 5121 relativum
1315 5065 1597 5134 quiddam;
1636 5067 1775 5135 quod
1816 5081 1935 5119 cum
1986 5081 2089 5121 non

521 5156 654 5209 satis
690 5154 1139 5208 animadverteret
1176 5156 1394 5225 Dionys.
1420 5155 1688 5220 Petavius,
1735 5156 2088 5223 Augustinum

520 5262 629 5301 non
654 5244 934 5310 intellexit,
964 5253 1021 5297 ut
1050 5244 1215 5312 liquet
1243 5259 1450 5335 eitcap.
1476 5246 1563 5309 ll,
1603 5246 1694 5298 lib.
1722 5261 1792 5309 tv,
1827 5247 1893 5300 de
1914 5247 2092 5301 Trini-

521 5349 652 5405 tate,
710 5344 842 5391 tom.
877 5335 919 5389 ll
972 5335 1159 5403 Dogm.
1201 5328 1365 5389 ιιίδυι.
1421 5335 1526 5387 Ant
1564 5337 1607 5388 si
1655 5335 1937 5401 intellexit,
1978 5353 2091 5392 rem

520 5434 715 5488 clarius
744 5431 795 5485 in
823 5428 992 5484 lucem
1026 5424 1261 5496 proferre
1290 5440 1449 5480 ausus
1476 5440 1578 5480 non
1606 5436 1710 5481 est.

590 5525 853 5580 Nolebant
884 5530 1060 5576 tamen
1094 5520 1243 5573 multi
1277 5518 1429 5573 fateri
1465 5529 1571 5575 tres
1604 5534 1723 5575 esse
1756 5521 2085 5586 substantias,

522 5631 586 5667 ne
616 5630 793 5668 secum
826 5626 1059 5682 pugnare
1082 5611 1408 5677 viderentur,
1448 5625 1509 5665 ac
1538 5626 1604 5663 ne
1634 5612 1751 5680 quis
1775 5621 1883 5666 tres
1912 5611 2087 5666 diver-

518 5714 605 5754 sas
636 5711 847 5753 naturas
882 5703 1189 5764 somniaret,
1228 5713 1375 5754 more
1415 5698 1755 5756 Arianorum.
1802 5701 1937 5756 llinc
1976 5704 2081 5757 Au-

2203 3262 2311 3308 tum
2352 3255 2783 3311 ratiocinationes
2822 3257 2888 3311 ad
2931 3258 3127 3326 logicas
3157 3260 3299 3329 leges
3336 3276 3541 3319 severe
3569 3273 3769 3328 exactae,

2200 3347 2295 3401 sed
2324 3355 2379 3402 et
2408 3362 2525 3415 qua:
2552 3348 2667 3402 sola
2696 3350 2874 3417 specie
2898 3350 3067 3405 firmze
3096 3360 3266 3406 erant.
3301 3352 3461 3408 Miror
3496 3363 3591 3411 Iot
3627 3354 3767 3409 verba

2202 3436 2341 3491 hanc
2392 3437 2443 3491 in
2493 3452 2605 3492 rem
2662 3436 2964 3506 profudisse
2988 3440 3366 3508 Augustinum,
3418 3456 3556 3498 curn
3606 3442 3768 3512 paucis

2200 3525 2438 3595 expediri
2484 3535 2681 3595 posset.
2741 3527 2847 3582 Sed
2891 3529 3059 3584 multa
3095 3532 3336 3587 scribere
3376 3533 3558 3589 videri
3602 3534 3765 3598 voluit,

2202 3618 2374 3687 potius
2397 3633 2554 3687 quam
2584 3619 2649 3672 ad
2677 3633 2788 3673 rem
2820 3620 3088 3677 facientia.

2269 3706 2434 3763 Ltnno
2462 3723 2554 3764 vn.
2584 3709 2715 3780 Cap.
2748 3710 2797 3775 1,
2829 3709 2933 3780 §2.
2970 3712 3167 3768 Contra
3196 3726 3290 3768 eos
3316 3714 3409 3783 qui
3433 3715 3504 3771 de
3534 3715 3670 3771 Filio
3697 3714 3760 3769 lo-

2198 3797 2516 3867 quebantur,
2550 3800 2700 3867 quasi
2724 3801 2973 3855 essentia:
3000 3800 3172 3854 Patris
3197 3800 3385 3856 fuisset
3424 3804 3756 3873 proprietas:

2201 3891 2464 3955 Quomodo
2506 3906 2624 3960 ergo
2652 3891 2878 3960 ejusdem
2907 3892 3137 3945 essentia:
3168 3890 3359 3955 Filius,
3405 3895 3560 3962 cujus
3598 3894 3756 3956 Pater,

2198 3981 2604 4051 quandoquidem
2633 3981 2700 4034 ad
2727 3982 2949 4052 seipsum
2967 3998 3057 4036 nec
3080 3982 3293 4036 essentia
3316 3990 3423 4051 est,
3451 3999 3544 4036 nec
3573 3986 3757 4038 omnino

2198 4073 2358 4127 estad
2387 4073 2629 4140 seipsum,
2672 4072 2759 4127 sed
2787 4073 2942 4125 etiam
2968 4087 3076 4125 esse
3113 4072 3180 4126 ad
3220 4069 3421 4125 Filium
3446 4074 3528 4127 illi
3567 4076 3684 4129 est?
3706 4073 3757 4125 At

2198 4166 2335 4220 enim
2361 4165 2515 4218 multo
2546 4164 2705 4235 magis
2730 4164 2876 4217 unius
2903 4164 3226 4233 ejusdemque
3252 4165 3505 4228 essentite,
3525 4167 3647 4233 quia
3671 4179 3756 4217 una

2200 4257 2469 4323 eademque
2489 4256 2703 4309 essentia
2724 4253 2879 4307 Pater
2899 4264 2945 4308 et
2969 4253 3175 4320 Filius;
3205 4256 3611 4322 quandoquidem
3631 4250 3755 4306 Patri

2199 4362 2301 4400 non
2330 4346 2397 4399 ad
2419 4346 2637 4416 seipsum
2664 4355 2735 4400 est
2762 4347 2927 4416 ipsum
2973 4362 3101 4409 esse,
3138 4346 3226 4399 sed
3265 4346 3333 4398 ad
3369 4343 3593 4413 Filium,
3621 4358 3753 4414 quam

2198 4436 2465 4487 essentiam
2494 4435 2684 4503 genuit,
2717 4444 2762 4487 et
2792 4450 2893 4502 qua
2930 4435 3140 4489 essentia
3172 4444 3241 4487 est
3266 4434 3518 4504 quidquid
3540 4442 3640 4497 est,
3680 4430 3751 4484 ni-

2198 4527 2411 4591 mirum,
2460 4522 2677 4593 Filius.]
2719 4524 2851 4579 Vide
2881 4525 2980 4579 hac
3009 4524 3075 4579 de
3102 4540 3159 4579 re
3198 4525 3471 4579 Petavium
3502 4525 3619 4579 libri
3650 4522 3749 4575 Iau-

2196 4615 2301 4668 dati
2330 4628 2447 4681 cap.
2483 4614 2567 4678 lO,
2592 4600 2832 4682 quamvis
2861 4615 3038 4667 omnia
3062 4616 3351 4669 obscurare
3380 4625 3619 4670 conetur.
3647 4611 3745 4665 Non

2199 4712 2375 4773 potest
2398 4716 2526 4757 sane
2548 4704 2600 4756 in
2632 4703 2901 4757 veteribus
2929 4703 3157 4770 laudari,
3188 4704 3241 4759 in
3270 4719 3329 4757 re
3351 4703 3553 4758 difficili
3577 4717 3664 4771 per
3678 4714 3744 4759 se.

2196 4793 2415 4864 quaesita
2438 4808 2625 4848 vocum
2652 4794 3003 4862 ambiguitas;
3048 4810 3145 4849 nec
3179 4811 3208 4848 a
3238 4794 3623 4849 recentioribus
3644 4802 3743 4845 eam

2196 4886 2377 4954 augeri
2411 4899 2504 4953 par
2534 4884 2658 4949 fuit,
2692 4883 2815 4937 dum
2844 4886 3113 4939 veteribus
3140 4884 3379 4939 tribuunt
3410 4884 3464 4937 id
3489 4881 3623 4953 quod
3652 4891 3739 4932 non

2196 4986 2476 5029 senserunt
2502 4990 2516 5039 ;
2544 4976 2663 5043 quia
2689 4974 2878 5027 iisdem
2910 4975 3149 5040 vocibus,
3178 4975 3271 5030 sed
3304 4970 3740 5043 perincommode.

2197 5080 2504 5135 expressum
2537 5073 2636 5118 est.
2671 5064 3017 5119 Pancioribus
3042 5066 3207 5119 multo
3244 5064 3420 5120 verbis
3452 5072 3612 5117 totum
3655 5058 3739 5111 hoc

2197 5156 2465 5225 negotium
2498 5156 2808 5224 pertractari
2835 5156 3022 5223 potuit,
3054 5166 3106 5210 et
3136 5156 3443 5219 dilucidius.

2266 5245 2396 5313 Cap.
2422 5244 2477 5311 4,
2508 5244 2533 5314 §
2562 5246 2611 5298 7.
2646 5243 2822 5313 Itaque
2852 5246 3087 5315 loquendi
3121 5262 3276 5297 causa
3307 5247 3369 5299 de
3400 5237 3730 5309 ine/fabilibus,

2196 5344 2251 5388 ut
2276 5335 2380 5403 fari
2408 5335 2580 5403 aliquo
2609 5336 2760 5386 modo
2791 5350 3067 5402 possemus,
3098 5335 3235 5404 quod
3266 5334 3413 5399 effari
3440 5334 3575 5385 nullo
3605 5326 3731 5378 πιοτίο

2199 5441 2485 5495 possumus,
2528 5426 2719 5477 dictant
2751 5436 2821 5479 est
2856 5444 2887 5479 a
2910 5427 3089 5477 nostris
3115 5425 3307 5478 ercis
3327 5440 3345 5477 :
3383 5439 3481 5477 una
3505 5414 3725 5475 essentia,

2197 5523 2306 5569 tres
2336 5516 2681 5579 substantias;
2712 5532 2744 5566 a
2779 5515 2971 5568 Latinis
3008 5524 3173 5567 autem
3222 5530 3324 5569 una
3353 5509 3629 5567 sub~tantia
3664 5498 3726 5554 vel

2193 5608 2442 5670 essentia,
2469 5616 2577 5661 tres
2601 5606 2886 5677 personam]
2916 5608 3030 5661 lam
3062 5607 3174 5661 hac
3194 5606 3543 5675 explicuimus
3567 5597 3625 5650 ad
3644 5594 3719 5648 lib.

2191 5713 2241 5762 v,
2275 5713 2393 5769 cap.
2426 5700 2456 5755 8
2485 5707 2538 5755 ct
2567 5700 2618 5753 9.
2670 5701 2768 5755 llic
2799 5708 3001 5755 tantum
3042 5699 3375 5755 monebimus
3416 5689 3631 5764 legenda
3665 5692 3729 5735 at-
