3900 6400
104 444 208 503 5²ὶ5

782 438 1131 495 VARIORUM
1172 431 1763 492 EXERClTATIONES
1798 430 1863 486 IN
1902 430 1963 486 S.
2004 424 2369 485 AUGUSTINI
2407 424 2631 481 OPERA

3242 426 3345 484 5'26

106 558 252 607 tente
280 562 403 619 qtae
429 554 714 617 supersunt
756 546 807 601 in
853 547 955 601 hoc
990 546 1149 610 libro,
1184 544 1248 598 ad
1295 543 1453 597 ﬁnem
1482 557 1669 609 usque,
1701 544 1749 601 Α
1777 553 1923 592 mero
1966 538 2228 592 duntaxat
2266 535 2585 599 distinctas;
2633 534 2919 603 caeteroqui
2966 516 3349 604 'conjunctissi-

106 640 266 695 abiis
295 638 386 706 qui
418 636 639 706 cupiunt
677 634 815 689 scire
840 635 964 704 quid
995 643 1204 687 veteres
1241 631 1307 685 de
1348 630 1548 683 unitate
1587 627 1682 682 Dei

107 738 160 785 et
188 727 499 799 pluralitate
528 739 879 794 personarum
904 721 1189 778 senserint.
1216 721 1472 775 Nimirum
1495 719 1687 772 intelli-

107 818 304 888 gebant
353 826 463 870 tres
514 828 636 868 esse
684 814 1008 867 substantias
1047 810 1342 875 distinctas,
1396 807 1488 862 sed
1536 821 1685 875 teque

108 922 205 975 per
234 906 415 959 omnia
463 902 748 973 perfectas,
791 917 853 957 ac
896 901 1119 966 similes,
1161 914 1265 952 non
1302 898 1568 964 sejunctas
1596 903 1688 949 aut

109 1006 408 1068 separatas,
440 1005 498 1049 ut
527 996 626 1048 tria
670 1008 915 1063 corpora,
959 991 1052 1046 sed
1089 990 1574 1059 conjunctissimas,
1614 986 1687 1041 ita

111 1099 287 1142 tamen
305 1097 359 1140 ut
374 1085 723 1140 relationibus
742 1085 876 1137 inter
892 1097 950 1138 se
968 1082 1443 1150 distinguereutur.
1472 1080 1689 1133 Fatetur

111 1175 447 1245 Augustinus
464 1173 700 1242 potuisse
717 1173 818 1226 dici
845 1182 944 1224 tres
963 1170 1121 1237 Deos,
1148 1170 1248 1223 nisi
1273 1169 1541 1237 Scriptura
1564 1182 1692 1222 con-

115 1266 448 1331 tradixisset,
480 1264 582 1333 §8,
603 1274 654 1317 et
682 1273 781 1317 tres
805 1263 1070 1326 essentias,
1105 1262 1206 1316 nisi
1238 1261 1475 1316 obstaret
1500 1261 1691 1314 arctis-

113 1359 251 1412 sima
282 1372 466 1411 earum
496 1356 821 1424 conjunctio,
846 1363 900 1409 et
921 1369 1126 1408 summa
1156 1369 1251 1422 per
1271 1354 1448 1407 omnia
1473 1353 1688 1421 paritas.

112 1451 193 1505 Ex
227 1459 336 1505 tota
366 1448 596 1517 denique
625 1446 742 1515 ejus
763 1446 1123 1513 disputatioae
1152 1447 1318 1513 liquet
1344 1445 1498 1498 valde
1527 1444 1694 1499 ambi-

111 1530 217 1609 gue
244 1554 386 1602 esse,
420 1539 566 1592 hisce
591 1538 657 1591 de
683 1538 864 1601 rebus,
892 1537 1095 1590 locutos
1114 1546 1344 1590 veteres.
1371 1535 1691 1604 Quidigitur,

116 1631 294 1699 inquit
320 1629 347 1698 §
372 1630 426 1691 9,
452 1636 638 1692 restat;
658 1627 757 1679 nisi
791 1636 845 1678 ut
875 1626 1125 1693 fateamur
1154 1622 1388 1693 loquendi
1409 1623 1697 1677 necessitate

113 1730 269 1790 parta
292 1718 399 1771 haec
415 1715 678 1783 vocabula,
704 1730 819 1767 cum
840 1729 967 1783 apus
987 1722 1115 1767 esset
1133 1714 1336 1783 copiosa
1352 1712 1697 1780 disputatione

115 1812 388 1863 adversum
408 1808 623 1861 insidias
645 1806 719 1859 vel
748 1820 941 1857 errores
973 1803 1362 1857 Itwreticorum?
1379 1802 1445 1854 At
1459 1801 1697 1870 profecto

1785 643 1917 693 mas,
1939 628 2019 682 ita
2046 636 2104 679 ut
2129 642 2260 679 unus
2283 624 2421 678 Deus
2443 624 2545 679 dici
2575 624 2773 693 possit?
2800 624 2952 680 Absit
2979 625 3138 679 sane!
3172 624 3353 680 Poste-

1784 719 1983 773 riorum
2023 716 2339 771 saeculorum
2380 716 2655 781 Ecclesiae,
2697 715 2822 770 dum
2873 730 2998 771 vere
3028 723 3270 771 statuunt
3295 718 3353 772 in

1785 807 1888 861 hoc
1915 806 2091 874 capite
2119 805 2248 861 nulli
2272 805 2486 860 licuisse
2515 820 2546 859 a
2586 806 2857 874 Scriptura
2898 821 3050 862 sacra
3089 807 3256 873 abire,
3291 823 3356 863 ac

1788 895 2062 964 proindea
2089 895 2454 963 superioribus
2487 894 2752 960 mtatihus,
2795 911 2926 965 quas
2969 911 3073 950 non
3118 898 3358 966 suSpica-

1787 986 1980 1040 bantur
2009 985 2074 1039 ab
2116 998 2180 1038 ea
2214 999 2399 1039 norma
2430 986 2739 1049 recessisse,
2786 986 3029 1040 traditam
3065 1000 3184 1041 esse
3214 987 3361 1041 Scri-

1791 1086 1959 1146 ptura:
1994 1072 2329 1138 doctrinam;
2384 1088 2566 1129 earum
2624 1076 2944 1130 sententiam
2982 1090 3048 1131 ex
3086 1077 3361 1145 Scriptura

1795 1165 2161 1231 interpretatus
2200 1172 2343 1228 sunt,
2395 1163 2798 1233 tribueruntque
2837 1165 3225 1233 antiquioribus
3256 1181 3363 1220 non

1792 1255 1842 1309 id
1875 1255 2013 1322 quod
2039 1264 2339 1320 senserant,
2363 1254 2457 1309 sed
2479 1254 2618 1323 quod
2649 1256 2849 1310 sentire
2873 1255 3198 1310 'debuerant.
3252 1256 3361 1311 Nos

1792 1361 1919 1415 ergo
1946 1345 2013 1400 de
2038 1345 2240 1400 unitate
2263 1345 2379 1412 Dei,
2420 1344 2596 1414 deque
2641 1344 2800 1399 Patre
2828 1385 2842 1411 ,
2893 1345 3028 1400 Filio
3071 1356 3125 1401 et
3163 1346 3370 1415 Spiritu

1794 1446 1980 1493 sancto
2010 1453 2076 1492 ex
2105 1437 2377 1506 Scriptura
2405 1451 2617 1506 quoque
2659 1436 2937 1506 loquamur
2979 1445 3139 1506 atque
3169 1439 3369 1492 sentia-

1798 1546 1953 1596 mus;
1980 1543 2079 1584 nec
2108 1537 2355 1598 putemus
2390 1528 2442 1582 id
2470 1543 2629 1597 posse
2653 1543 2681 1581 a
2713 1527 2869 1583 nobis
2896 1529 3175 1597 perSpicue
3201 1528 3364 1596 θη)ίί-

1798 1622 1928 1688 cari,
1959 1621 2096 1689 quod
2122 1619 2401 1688 perspicue
2422 1620 2715 1674 revelatum
2754 1633 2860 1673 non
2886 1627 2996 1684 est;
3042 1627 3134 1673 aut
3179 1620 3370 1673 melius

1799 1708 2023 1779 exprimi
2050 1709 2231 1764 verbis
2269 1707 2463 1762 nostris
2509 1708 2649 1776 quod
2688 1722 2794 1762 non
2827 1708 3177 1777 assequimur,
3208 1724 3368 1778 quam

1800 1805 1980 1859 verbis
2006 1801 2201 1856 ChriSti
2229 1811 2282 1855 et
2303 1800 2697 1868 apostolorum;
2747 1814 2866 1853 cum
2899 1800 3190 1866 praesertim
3221 1808 3291 1852 tot
3316 1810 3371 1853 et

118 1897 370 1966 ambigua
399 1909 517 1949 esse
546 1908 650 1947 non
679 1892 1002 1959 debuerunt,
1038 1906 1103 1945 ne
1133 1890 1279 1959 plebs
1310 1891 1514 1944 interea
1547 1889 1694 1942 fulle-
1732 1891 1777 1948 Β
1806 1903 1969 1947 tanta:
2003 1894 2123 1946 lites
2152 1908 2217 1947 ex
2268 1891 2420 1945 novis
2446 1891 2661 1947 vocibus
2690 1899 2828 1944 natae
2859 1890 2983 1943 sint.
3015 1890 3073 1944 Si
3104 1890 3371 1945 veteribus

121 1996 299 2052 retur,
335 2000 436 2038 neu
467 1983 732 2038 contraria
763 1982 964 2036 dixisse
992 1982 1055 2034 iis
1074 1980 1506 2049 quze‘sentiehant
1525 1989 1703 2048 postc-

126 2077 199 2130 ris
232 2073 565 2137 viderentur,
600 2080 653 2125 ut
683 2072 933 2140 contigit;
982 2085 1101 2123 cum
1144 2070 1440 2138 prmsertim
1486 2083 1700 2136 proram

124 2175 177 2219 et
221 2163 442 2232 puppim
473 2160 744 2230 religionis
769 2160 1105 2226 Christiana),
1150 2173 1180 2211 a
1224 2158 1455 2211 Nicacnis
1499 2167 1703 2226 tempo-

121 2254 299 2316 ribus,
340 2253 393 2305 in
422 2251 510 2304 illa
540 2265 633 2304 sua
663 2250 937 2304 Trinitatis
967 2249 1344 2318 explicatione,
1391 2247 1546 2301 sitam
1580 2263 1700 2303 esse

119 2350 394 2413 putarent.
422 2340 546 2395 Cum
572 2340 705 2394 enim
724 2350 993 2393 conaretur
1013 2342 1234 2391 humana
1258 2338 1429 2406 inopia
1451 2338 1700 2406 loquendo

118 2437 359 2505 proferre
397 2432 463 2485 ad
482 2431 746 2484 hominum
771 2446 946 2484 sensus
979 2429 1115 2499 quod
1140 2430 1194 2481 in
1222 2429 1490 2481 secretario
1523 2428 1703 2480 mentis

120 2541 213 2594 pro
242 2532 402 2591 captu
428 2531 559 2575 tenet
584 2522 645 2574 de
674 2519 895 2574 Domino
927 2517 1053 2579 Deo,
1085 2528 1312 2570 creatore
1338 2533 1451 2580 suo,
1478 2518 1580 2570 sive
1615 2532 1704 2587 per

120 2616 260 2684 piam
291 2613 466 2679 ﬁdem,
493 2611 594 2664 sive
623 2626 710 2678 per
751 2610 1148 2676 qualemcunque
1181 2606 1598 2677 intelligentiam,
1641 2606 1706 2657 ti-

121 2707 253 2758 muit
297 2703 472 2755 dicere
521 2711 629 2754 tres
673 2701 967 2764 essentias;
1013 2714 1075 2750 ne
1116 2698 1479 2765 intelligeretur
1523 2698 1576 2749 in
1611 2696 1706 2748 illa

120 2813 322 2851 summa
355 2794 650 2865 a’qualitate
667 2793 772 2845 ulla
792 2792 1076 2844 diversitas.
1110 2787 1305 2841 Rursus
1332 2804 1431 2841 non
1469 2804 1573 2842 esse
1612 2789 1708 2841 tria

122 2886 366 2955 quaedam
394 2900 495 2936 non
522 2891 714 2953 poterat
739 2882 925 2942 dicere,
952 2880 1085 2947 quod
1107 2877 1361 2932 S'abellius
1400 2879 1518 2944 quia
1555 2878 1703 2939 dixit,

122 2979 175 3031 in
204 2974 428 3030 haresin
457 2972 631 3043 lapsus
653 2979 749 3024 est.
777 2969 911 3036 Quid
947 2984 1073 3022 vero
1099 2983 1162 3021 ex
1195 2967 1338 3021 hisce
1360 2966 1707 3036 colligemus?

126 3067 366 3123 Credere
394 3077 490 3118 nos
513 3077 723 3133 quoque
745 3069 996 3131 oportere
1025 3074 1145 3114 esse
1177 3068 1278 3111 tres
1303 3060 1565 3121 essentias,
1611 3074 1708 3111 nu-

1803 1983 2125 2050 ignoscimus
2154 1981 2294 2050 quod
2325 1981 2392 2034 de
2420 1983 2623 2034 unitate
2660 1980 2904 2048 speciliea
2938 1973 3132 2033 divina).
3162 1987 3368 2033 natura:

1801 2075 1852 2128 in
1881 2075 2056 2149 Patre,
2090 2073 2224 2127 Filio
2245 2081 2300 2127 et
2333 2071 2534 2141 Spiritu
2576 2080 2759 2127 sancto
2791 2071 3117 2135 docuerunt;
3161 2087 3227 2127 ne
3270 2073 3373 2125 im-

1802 2162 2176 2238 misericordes
2220 2162 2387 2216 simus
2444 2163 2494 2215 in
2554 2177 2646 2216 eos
2697 2161 2783 2229 qui
2837 2160 2935 2215 hac
2986 2161 3051 2216 de
3106 2175 3165 2216 re
3220 2162 3375 2215 aliter

1803 2266 1961 2321 quam
1995 2266 2091 2305 nos
2114 2266 2253 2306 nunc
2283 2253 2417 2306 forte
2465 2252 2722 2316 sentiunt,
2770 2252 2814 2305 si
2861 2251 3018 2306 modo
3050 2251 3375 2321 Scripturam

1803 2356 2012 2395 sacram
2068 2357 2308 2394 normam
2365 2341 2488 2395 tidei
2539 2355 2649 2395 suae
2698 2341 2950 2407 habeant,
2990 2344 3375 2410 prmceptoruth

1802 2433 2072 2502 Evangelii
2116 2435 2615 2497 siutobscrvantes,
2664 2433 2998 2502 reditumque
3044 2450 3075 2489 e
3108 2435 3244 2488 caelo
3276 2435 3379 2489 Du-

1806 2524 1930 2576 mini
1966 2523 2132 2577 nostri
2160 2522 2284 2576 Jrsn
2311 2522 2509 2577 Christi
2543 2522 2692 2577 vivos
2735 2530 2790 2577 et
2818 2534 3058 2577 mortuos
3090 2523 3377 2593 judicaturi

1805 2612 2080 2664 nobiscum
2117 2612 2509 2678 praestolentur.
2561 2613 2707 2666 lianc
2750 2612 3049 2680 aequitatem
3075 2627 3103 2665 a
3133 2614 3287 2667 nobis
3325 2625 3380 2666 et

1804 2700 1883 2751 rei
1914 2697 2223 2761 difﬁcultas,
2266 2709 2319 2752 et
2352 2699 2568 2751 humani
2607 2698 2805 2767 ingenii
2838 2700 3166 2754 imbecilltas
3193 2717 3381 2757 neces-

1810 2790 1955 2842 sario
1991 2791 2291 2858 postulant;
2329 2790 2431 2843 nisi
2467 2790 2599 2844 mira
2636 2790 2914 2859 iniquitate
2946 2792 3173 2848 velimus
3200 2809 3382 2850 recen-

1815 2880 2007 2934 tiorum
2037 2880 2355 2935 deteriorem
2388 2894 2507 2935 esse
2535 2880 2891 2936 conditionem
2922 2888 3380 2955 quam'veterum,

1811 2970 2002 3038 quibus
2027 2970 2330 3025 errantibus
2374 2986 2479 3025 non
2508 2973 2715 3026 veniam
2747 2972 2929 3042 modo,
2976 2974 3071 3030 sed
3110 2985 3163 3030 et
3202 2978 3383 3033 laudes

1814 3064 2071 3116 maximas
2099 3062 2331 3117 tribuere
2357 3063 2609 3118 solemus.

234 3189 3281 3226 —.————-———————-————-————————-———_——__—_—____

1251 3292 1357 3365 IN
1407 3291 1779 3365 NONUM
1829 3292 2263 3364 TOMUM.

609 3512 1252 3573 ANIMADVERSIONES
1324 3576 1333 3585 ,

337 3625 389 3666 IN
416 3625 595 3667 LIBROS
623 3626 827 3665 CONTRA
857 3626 1153 3665 EPISTOLAII
1184 3622 1522 3663 PABIENIANI.

198 3704 376 3757 [διειιο
401 3716 441 3756 1.
466 3701 594 3770 Cap.
625 3702 678 3766 8,
717 3701 756 3772 .§
785 3702 872 3757 i5.
915 3700 1050 3766 Quin
1079 3700 1234 3753 etiam
1281 3697 1522 3768 conqueri
1561 3698 1715 3750 audet

118 3790 519 3845 Parmenianus
541 3792 674 3859 quod
700 3805 782 3843 eos
803 3787 1167 3843 Constantinus
1195 3787 1263 3839 ad
1286 3802 1540 3854 campum,
1567 3786 1622 3839 id
1644 3795 1719 3840 est

114 3882 192 3936 ad
215 3879 538 3947 supplicium
558 3879 675 3931 duci
699 3879 880 3948 jussit,
914 3877 1003 3946 qui
1040 3876 1157 3929 victi
1183 3875 1321 3945 apud
1353 3873 1719 3929 ecclesiasticos

120 3973 361 4034 indices,
388 3984 477 4022 nec
502 3969 639 4039 apud
667 3970 830 4038 ipsum
854 3982 970 4036 qua:
1012 3965 1245 4019 dicebant
1293 3966 1507 4036 probare
1536 3974 1718 4035 potue-

119 4069 282 4126 runt,
306 4067 355 4112 et
377 4058 544 4112 adhuc
569 4058 623 4111 in
656 4066 843 4111 sancta
867 4055 1113 4110 Ecclesia:
1153 4056 1450 4125 praecisione
1474 4056 1720 4125 sacrilego

120 4156 316 4226 furore
338 4148 675 4221 ferebantur.]
706 4151 772 4203 At
802 4157 1081 4217 propterea
1102 4146 1273 4202 occidi
1295 4162 1398 4200 non
1423 4147 1722 4202 debuerunt

120 4243 285 4315 quod
312 4244 379 4297 de
393 4242 680 4297 Caeciliano
700 4241 1123 4310 Carthaginiensi
1152 4242 1379 4311 probare
1402 4257 1507 4295 non
1534 4250 1723 4310 potue-

122 4343 265 4392 rant
300 4334 608 4389 traditorem
644 4333 823 4399 fuisse,
847 4340 939 4386 aut
966 4347 995 4386 a
1024 4331 1367 4386 traditoribus
1389 4332 1719 4398 ordinatum;

121 4428 217 4482 vel
253 4422 405 4494 quod
453 4423 809 4479 secessionem
846 4422 1120 4485 fecissent,
1159 4422 1401 4491 quamvis
1434 4422 1720 4491 immerito,

122 4534 148 4573 a
176 4516 421 4585 reliquis
448 4513 697 4571 Ecclesiis
726 4513 1076 4580 Christianis;
1108 4514 1153 4568 si
1178 4513 1336 4567 modo
1364 4513 1569 4583 legibus
1596 4513 1724 4567 civi~

124 4610 291 4664 libus
343 4606 633 4676 caeteroqni
681 4612 948 4672 parerent.
1005 4605 1131 4660 Haec
1173 4605 1367 4660 delicta
1405 4614 1458 4661 et
1500 4607 1724 4661 vulnera

126 4698 451 4756 mitioribus
478 4698 730 4752 remediis
758 4696 992 4751 curanda
1026 4696 1258 4750 fuerunt.

204 4793 354 4859 Cap.
386 4791 439 4857 9,
472 4790 499 4861 §
530 4789 618 4845 15.
642 4789 707 4843 In
737 4805 861 4858 quos
897 4788 1222 4859 (haereticos)
1257 4804 1319 4843 ea:
1342 4789 1537 4842 occulto
1560 4766 1745 4855 impe-i

1737 3512 1785 3575 Β
1817 3519 1940 3566 sunt
1983 3512 2225 3566 excusari
2257 3512 2548 3567 Christiani
2600 3515 2948 3583 imperatores
2994 3519 3107 3586 qui,
3143 3517 3386 3576 ethnicos

1824 3602 2044 3667 imitati,
2091 3616 2266 3656 meras
2293 3604 2572 3671 opiniones
2602 3619 2699 3672 pro
2729 3606 2938 3661 delictis
2974 3606 3292 3676 habuerunt,
3334 3620 3388 3666 et

1825 3697 2074 3768 gravibus
2140 3695 2313 3766 poenis
2351 3697 2663 3752 atl‘ecerunt.
2717 3696 2823 3753 Res
2891 3699 3034 3754 enim
3075 3701 3209 3756 tanti
3268 3718 3388 3757 mo-

1820 3793 2005 3862 menti,
2025 3801 2079 3847 et
2098 3792 2248 3860 cujus
2274 3799 2396 3846 sunt
2421 3798 2525 3845 tam
2558 3790 2838 3847 horrendae
2864 3793 3387 3865 sequelazmunquam

1819 3884 2000 3939 debuit
2024 3898 2053 3937 a
2078 3882 2392 3938 Christianis
2415 3882 2637 3948 tentari;
2664 3882 2774 3938 Deo
2793 3897 2897 3938 non
2923 3892 3126 3939 tantum
3155 3892 3387 3953 tacente,

1821 3975 1917 4030 sed
1948 3974 2107 4030 etiam
2140 3980 2218 4028 tot
2238 3985 2289 4029 et
2314 3974 2470 4028 tantis
2491 3974 2558 4028 de
2587 3987 2768 4029 amore
2789 3973 2841 4028 in
2875 3974 3178 4030 universum
3204 3975 3389 4032 huma-

1821 4079 1949 4120 num
2010 4078 2177 4134 genus
2242 4062 2446 4119 iteratis
2504 4064 2785 4133 praeceptis
2840 4064 3207 4122 disertissimis
3259 4069 3389 4123 satis

1822 4163 2003 4224 aperte
2039 4170 2152 4209 rem
2183 4162 2411 4209 vetante.
2441 4153 2670 4223 Legatur
2696 4153 2897 4209 codicis
2920 4154 3281 4213 Theodosiani
3324 4160 3389 4215 li-

1823 4246 1919 4301 bcr
1947 4261 2052 4310 xvr,
2078 4245 2491 4313 conferaturque
2510 4259 2631 4299 cum
2656 4245 2859 4315 legibus
2889 4248 3221 4305 ethnicorum
3244 4252 3389 4319 prin-

1824 4336 1996 4404 cipum
2026 4334 2080 4388 in
2107 4334 2469 4400 ChriStianos;
2510 4342 2668 4403 atque
2700 4335 2846 4391 illico
2873 4337 3054 4392 licebit
3094 4339 3389 4409 intelligere

1826 4426 1985 4480 simili
2016 4424 2226 4495 quidem
2269 4425 2522 4493 temporis
2552 4424 2851 4493 intervallo,
2883 4442 2987 4482 non
3019 4436 3096 4482 tot
3133 4429 3275 4499 leges
3319 4430 3388 4483 ab

1826 4514 2054 4570 ethnicis
2081 4515 2133 4569 in
2158 4514 2492 4569 Christianos
2528 4516 2662 4571 latas
2688 4525 2817 4585 quot
2851 4526 2975 4572 sunt
2999 4531 3029 4571 a
3071 4517 3387 4573 Christianis

1826 4604 1879 4659 in
1911 4604 2218 4660 haereticos:
2260 4619 2380 4673 quae
2415 4611 2559 4659 certe
2603 4607 2808 4660 macula
2839 4616 2920 4661 est
2968 4608 3197 4662 nominis
3239 4607 3389 4662 Chri-

1827 4695 2005 4760 SIiani,
2035 4709 2188 4765 quam
2218 4710 2503 4763 nunquam,
2527 4695 2626 4750 nisi
2643 4696 2923 4751 contrariis
2946 4697 3220 4762 institutis,
3245 4697 3390 4766 prin-
3452 4746 3457 4751 .

1828 4788 1973 4855 cipes
1997 4801 2058 4841 ac
2100 4788 2434 4857 magiSIratus
2468 4787 2741 4843 delebunt.
2780 4789 2873 4843 Sat
2906 4788 3085 4843 multis
3114 4789 3210 4842 hac
3240 4789 3306 4844 de
3335 4807 3391 4844 re

130 4888 215 4939 rio
271 4881 397 4945 Dei,
437 4898 525 4951 per
572 4882 896 4952 manifestum
936 4881 1199 4933 hominum
1240 4881 1530 4949 imperium,
1563 4880 1723 4934 multa
1750 4883 1804 4944 D
1827 4878 2055 4934 diximus
2077 4880 2128 4932 in
2158 4879 2433 4949 epistolam
2462 4880 2527 4933 ad
2550 4880 2907 4942 Vincentium,
2938 4886 3049 4930 not.
3080 4880 3145 4932 ad
3171 4890 3298 4934 tam.
3325 4883 3388 4937 ll.

133 4977 333 5047 quibus
384 4982 734 5026 coercerentur
777 4972 1086 5026 severissime
1130 4972 1405 5024 constituta
1447 4980 1597 5036 sunt;
1638 4989 1726 5026 nec

138 5070 319 5120 solum
348 5063 616 5133 haereticis,
646 5063 1002 5134 quoquomodo
1022 5061 1201 5115 saltem
1222 5058 1509 5114 Christiano
1530 5067 1728 5116 nomine

140 5155 428 5215 dealbatis,
470 5153 559 5206 sed
592 5155 743 5206 etiam
772 5152 899 5220 ipsis
924 5153 1157 5222 paganis.
1193 5150 1332 5204 Nam
1360 5152 1530 5221 utique
1557 5159 1604 5203 et
1632 5150 1730 5217 ipsi

144 5247 287 5316 falsa
316 5244 562 5313 religione
586 5250 703 5298 sunt
741 5243 907 5312 impii,
938 5257 1149 5310 quorum
1172 5242 1445 5294 simulacra
1476 5242 1626 5295 everti
1650 5250 1729 5292 at-

146 5353 250 5405 que
298 5335 555 5405 confringi
587 5338 736 5406 jussu
776 5340 892 5387 sunt
932 5332 1210 5385 recentibus
1262 5332 1473 5402 legibus,
1512 5330 1728 5384 inhiberi

147 5430 307 5481 etiam
335 5426 591 5490 sacriﬁcia
618 5425 710 5478 sub
732 5433 919 5478 terrore
940 5418 1194 5491 capitali.]
1222 5420 1434 5475 Rectius
1461 5420 1592 5473 dixit
1622 5420 1727 5472 Au-

148 5518 390 5582 gustinus
420 5529 577 5583 quam
616 5512 834 5582 putabat
873 5511 1125 5565 occultum
1162 5523 1282 5564 esse
1324 5510 1591 5576 imperium
1633 5508 1725 5563 Dei

148 5609 219 5663 de
257 5608 513 5661 vexandis
536 5605 831 5670 haereticis;
864 5592 986 5658 nam
1016 5603 1259 5673 profecto
1280 5602 1414 5655 adeo
1441 5603 1492 5657 in
1516 5612 1730 5670 aposto-

155 5702 326 5753 lorum
355 5699 573 5767 scriptis
600 5698 746 5762 latet,
778 5705 959 5751 utnec
987 5697 1121 5763 ipse,
1153 5708 1250 5748 nec
1280 5694 1418 5748 alius
1436 5694 1725 5765 quisquam

150 5792 196 5845 id
238 5792 489 5863 proferre
515 5791 686 5846 adhuc
709 5790 963 5860 potuerit.
992 5787 1096 5845 Sed
1122 5801 1188 5842 eo
1214 5786 1431 5853 latente,
1456 5801 1559 5841 non
1600 5801 1724 5854 pos-

1899 4970 1978 5025 Ad
2009 4969 2252 5023 ethnicos
2280 4969 2419 5037 quod
2449 4969 2658 5032 attinet,
2686 4969 2898 5035 capitali
2925 4971 3182 5039 supplicio
3221 4974 3265 5027 si
3306 4989 3393 5028 sa-

1828 5075 1915 5115 cra
1956 5060 2056 5112 diis
2083 5057 2192 5112 suis
2219 5058 2467 5112 fecissent
2490 5058 2853 5127 mulctandns,
2888 5061 3393 5132 videtur‘reSpiccre

1828 5150 2152 5218 Augustinus
2188 5147 2254 5200 ad
2283 5147 2422 5217 legg.
2466 5147 2554 5211 15,
2589 5147 2654 5202 16
2684 5157 2736 5202 ct
2776 5150 2862 5217 18,
2898 5152 2978 5205 tit.
3024 5154 3108 5217 lt),
3156 5154 3249 5208 lib.
3281 5170 3390 5219 xvi,

1828 5240 2025 5294 codicis
2054 5238 2428 5303 Theodosiani,
2458 5254 2574 5308 qua:
2600 5238 2745 5309 leges
2771 5258 2910 5297 anno
2941 5244 3042 5299 399
3076 5246 3194 5299 latas
3246 5257 3389 5299 sunt.

1829 5329 2091 5385 Caeterum
2116 5344 2220 5382 non
2255 5338 2362 5382 tum
2391 5329 2601 5383 detuum
2634 5332 2946 5399 supplicium
2971 5334 3199 5402 capitale
3228 5335 3289 5387 iis
3311 5344 3391 5388 est

1829 5422 2088 5476 intentum
2114 5420 2201 5489 qui
2225 5432 2374 5473 sacra
2414 5419 2567 5474 idolis
2596 5419 2845 5483 facerent.
2879 5423 3116 5490 ejusdem
3143 5424 3282 5475 enim
3327 5425 3394 5476 ti-

1831 5511 1926 5564 tuli
1955 5510 2037 5563 lex
2069 5511 2101 5563 ιι
2132 5525 2161 5562 a
2204 5508 2513 5564 Constantio
2539 5525 2678 5563 anno
2698 5509 2801 5563 555
2823 5511 2923 5564 lata
2947 5512 3229 5565 sichabet:
3267 5512 3393 5566 Pla-

1831 5601 1934 5654 cuit
1964 5601 2195 5654 omnibus
2224 5600 2349 5654 locis
2374 5610 2523 5666 atque
2561 5601 2767 5655 urbibus
2794 5603 3041 5657 universis
3070 5603 3242 5657 claudi
3271 5622 3395 5677 pro-

1833 5693 1967 5744 tinus
2012 5692 2219 5760 templa,
2245 5698 2295 5745 et
2324 5707 2528 5744 accessu
2557 5693 2719 5747 vetitis
2750 5692 2981 5746 omnibus
3017 5695 3271 5750 licentiam
3309 5699 3398 5752 de-

1833 5788 2091 5857 linquendi
2133 5786 2347 5856 perditis
2395 5787 2656 5856 abnegari.
2720 5787 2970 5843 Volumus
3014 5791 3147 5845 enim
3193 5802 3398 5846 cunctos
