3900 6340
569 343 669 400 527

1447 333 1997 390 SUPPLEMENTUM
2038 333 2128 389 AD
2167 333 2391 390 Ol’ERA
2433 335 2492 391 S.
2535 334 2924 392 AUGUSTINI.

3678 340 3760 395 528

567 451 831 521 sacriﬁciis
859 449 1128 503 abstinere.
1165 445 1312 511 Quod
1345 445 1387 499 si
1409 445 1518 514 quis
1559 445 1753 513 aliquid
1793 443 1923 512 forte
1953 443 2131 511 huius-
2161 446 2211 503 Α
2305 444 2432 513 Cap.
2479 443 2563 513 i0,
2589 443 2615 513 ᾗ
2643 443 2726 499 16.
2761 446 2838 497 Au
2869 444 2997 511 forte
3020 441 3190 494 dicent
3220 440 3412 494 etiamsi
3445 443 3765 499 convincuntur

566 544 703 599 modi
731 541 1106 613 perpetrauerit,
1131 536 1305 607 gladio
1334 536 1500 602 ultore
1527 542 1810 590 sternatur.
1834 530 2137 588 Facultates

567 636 715 689 etiam
757 631 997 703 perempti
1026 630 1149 697 ﬁsco
1178 627 1495 680 decernimus
1523 626 1793 693 vindicari,
1830 631 1877 677 et
1907 624 2141 677 similiter

569 727 731 797 afﬂigi
762 732 975 777 rectores
1006 719 1405 790 provinciarum,
1432 718 1475 771 si
1514 716 1743 785 facinora
1763 714 2022 768 vindicare
2048 731 2141 768 ne-

569 816 830 883 glt’xerint.
864 810 1109 867 Crudelis
1139 824 1266 863 sane
1290 809 1373 862 lex
1417 817 1471 862 et
1497 805 1797 861 Christiana
1833 814 2144 859 mansuetu-

569 909 693 959 dine
726 918 942 973 prorsus
974 901 1217 968 indigna;
1251 914 1407 969 quam
1438 898 1612 966 legem
1648 899 1690 953 si
1713 898 1833 966 quis
1863 905 2020 964 neget
2048 910 2144 950 ex-

570 993 826 1049 secutiuni
871 993 961 1046 illo
991 1000 1229 1059 tempore
1259 990 1453 1058 ubique
1498 988 1821 1049 mandatam,
1852 996 2134 1055 propterea

570 1099 746 1141 t-nnt-n
787 1084 1085 1139 Constantii
1131 1082 1322 1137 honori
1363 1081 1578 1148 minime
1621 1080 1978 1144 consuluerit;
2015 1092 2139 1133 nam

571 1194 664 1246 per
691 1192 811 1231 eum
858 1190 961 1229 non
1002 1176 1149 1229 stetit
1179 1175 1461 1243 quominus
1505 1173 1836 1228 exsecutioni
1864 1171 2146 1227 mandare-

572 1281 675 1333 tur,
722 1276 774 1322 et
817 1266 1159 1335 sequentibus
1204 1264 1526 1332 principibus
1563 1272 1749 1317 auctor
1778 1262 1877 1316 fuit
1916 1263 1987 1315 ita
2026 1275 2146 1316 sese

570 1362 809 1432 gerendi.
839 1362 1160 1431 Augustinus
1189 1368 1365 1412 tamen
1399 1374 1503 1412 non
1535 1358 1621 1413 hic
1644 1365 1867 1420 tantum,
1895 1355 1988 1409 sed
2011 1363 2065 1410 et
2092 1354 2143 1408 in

570 1452 792 1520 epistola
824 1452 914 1517 95,
948 1450 973 1519 §
1002 1450 1084 1515 lO,
1127 1463 1245 1503 eam
1286 1447 1546 1501 Stevitiam
1593 1445 1773 1500 laudat
1805 1463 1817 1497 :
1858 1444 1982 1511 Quis
2010 1444 2143 1496 enim

570 1556 821 1608 nostrum,
854 1543 1042 1611 inquit,
1068 1541 1177 1610 quis
1205 1548 1420 1594 vestrum
1451 1556 1550 1593 non
1582 1539 1761 1592 laudat
1790 1537 1924 1608 leges
1952 1537 2016 1589 ab
2046 1536 2143 1587 im-

572 1634 885 1702 peratoribus
927 1634 1074 1685 datas
1114 1632 1354 1683 adversus
1384 1630 1636 1697 sacriﬁcia
1677 1627 2029 1698 paganorum?
2080 1624 2145 1677 Et

572 1737 702 1778 certe
753 1726 902 1797 longe
950 1724 1019 1776 ibi
1068 1738 1213 1792 poma
1263 1722 1482 1775 severior
1529 1722 1799 1773 constituta
1855 1728 1957 1782 est;
2002 1718 2145 1770 illius

2241 536 2295 589 in
2323 536 2572 607 sacrilega
2594 536 3018 589 dissensione.....
3035 549 3137 593 non
3164 543 3324 586 tamen
3362 533 3426 586 ad
3451 534 3776 606 imperatorum

2243 635 2537 696 potestatem
2578 627 2686 681 lucc
2726 627 3001 681 coercenda
3031 626 3108 679 cel
3149 625 3417 693 punienda
3453 629 3683 696 pertinere
3709 632 3777 683 de-

2246 718 2400 771 bere?
2432 718 2545 784 Qua
2579 719 2633 771 in
2659 734 2712 771 re
2735 734 2909 787 quam:
2932 717 3056 783 quid
3096 716 3302 780 dicant;
3329 731 3401 768 an
3436 716 3552 786 quia
3587 717 3644 769 de
3672 718 3765 770 reli-

2245 809 2391 879 gione
2410 809 2587 861 vitiosa
2606 808 2682 861 vel
2720 808 2851 876 falsa
2881 806 3009 858 nihil
3034 804 3315 858 curandum
3338 813 3409 857 est
3431 804 3602 858 talibus
3632 814 3763 873 potes-

2248 899 2470 952 tatibus?
2499 897 2603 953 Sed
2626 898 2785 949 multa
2811 899 2957 950 etiam
2972 896 3033 947 de
3048 896 3258 965 paganis
3281 896 3513 961 discimus,
3531 904 3574 947 et
3596 896 3651 947 de
3666 895 3763 963 ipsis

2248 986 2581 1053 dwmonibus,
2622 985 2759 1056 quod
2790 986 3159 1054 persecutiones
3197 984 3260 1037 ab
3299 983 3658 1053 imperatoribus
3692 1000 3763 1053 pa.

2247 1080 2457 1131 tiantur.
2489 1080 2569 1131 An
2613 1086 2659 1130 et
2692 1080 2786 1130 hoc
2815 1072 3127 1146 displicet?]
3161 1074 3281 1128 Haec
3314 1083 3462 1128 erant
3485 1074 3623 1128 valde
3648 1075 3758 1127 invi-

2248 1168 2399 1223 diosa
2425 1176 2479 1222 et
2502 1183 2621 1223 cum
2650 1182 2840 1236 magno
2864 1166 3098 1236 periculo
3129 1165 3443 1233 conjuncta;
3476 1163 3517 1218 si
3537 1165 3659 1218 enim
3682 1165 3764 1218 Do-

2248 1258 2456 1312 natistas
2498 1269 2683 1326 aperte
2711 1257 2967 1319 dixissent
2997 1271 3113 1309 eam
3145 1268 3327 1309 curam
3367 1254 3430 1307 ad
3468 1254 3766 1322 imperatores

2248 1362 2353 1401 non
2386 1347 2676 1416 pertinere,
2708 1361 2801 1415 pro
2828 1345 3091 1399 seditiosis
3122 1344 3286 1398 habiti
3334 1343 3566 1405 fuissent;
3593 1357 3675 1398 nec
3699 1343 3767 1396 fa-

2249 1440 2347 1494 teri
2389 1448 2654 1507 poterant,
2686 1453 2753 1493 eo
2790 1451 2950 1492 sensu
2985 1452 3088 1507 quo
3119 1436 3448 1507 intelligebat
3473 1436 3766 1504 Augustinus,

2246 1530 2364 1583 sine
2393 1531 2663 1598 periculo;
2694 1529 2737 1582 si
2768 1530 2909 1582 enim
2932 1544 3018 1583 res
3046 1536 3157 1582 erat
3188 1528 3397 1581 arbitrii
3420 1528 3766 1597 imperatorum,

2248 1620 2326 1674 eis
2361 1621 2653 1689 parendum
2694 1628 2826 1672 erat.
2872 1617 2978 1673 Sed
3016 1617 3353 1671 discutienda
3382 1618 3472 1671 l'uit
3508 1618 3769 1685 ambiguitas

2251 1711 2408 1763 totius
2448 1709 2545 1762 rei.
2575 1708 2735 1778 Igitur
2760 1714 2972 1761 constat
3002 1709 3140 1760 inter
3171 1720 3369 1761 omnes
3393 1717 3568 1776 gentes
3592 1708 3771 1761 summis

572 1819 757 1887 quippe
783 1816 1056 1886 impietatis
1083 1814 1300 1883 capitale
1326 1813 1632 1882 supplicium
1656 1823 1747 1866 est.
1783 1812 1907 1866 Haec
1936 1812 1978 1865 si
2020 1826 2143 1880 pos-

2251 1801 2597 1870 poteslatibus
2625 1799 2997 1854 demandatam
3032 1799 3194 1854 fuisse
3234 1814 3262 1852 a
3293 1801 3525 1869 popul‘s,
3556 1808 3636 1854 aut
3667 1800 3771 1853 scri-

572 1919 691 1961 scut
720 1907 943 1973 laudari,
974 1908 1155 1960 omnia
1193 1920 1223 1959 a
1255 1904 1568 1959 Christianis
1596 1919 1689 1973 per
1721 1904 1819 1957 tria
1848 1902 2016 1971 prima
2042 1916 2145 1955 saa-

574 1998 690 2052 cula
745 1996 882 2050 dicta
931 2004 1118 2050 contra
1151 1994 1579 2063 persecutionem
1636 1994 1910 2063 religionis
1960 2006 2144 2059 causa,

572 2089 721 2156 quasi
767 2087 926 2140 stulta
970 2095 1061 2140 aut
1105 2086 1243 2139 mala
1309 2084 1413 2140 tide
1454 2084 1594 2139 dicta
1644 2092 1830 2141 essent
1879 2083 2140 2137 habenda.

574 2179 805 2233 Stultum
832 2179 973 2231 enim
996 2178 1181 2231 fuisset
1207 2176 1589 2243 idOppngnare
1610 2174 1751 2244 quod
1783 2175 2146 2243 aequissimum

573 2282 692 2321 esse
723 2276 967 2335 putares;
996 2281 1115 2319 nam
1157 2280 1259 2318 non
1291 2266 1592 2334 persecutio
1632 2265 1765 2333 ipsa,
1790 2266 1939 2333 quasi
1966 2279 2059 2333 per
2090 2277 2148 2318 se

574 2359 733 2423 mala,
783 2357 1043 2425 potuisset
1071 2356 1137 2410 ab
1183 2357 1248 2410 iis
1287 2356 1603 2425 oppugnari,
1653 2355 1745 2409 sed
1777 2364 1978 2409 tantum
2026 2370 2145 2424 qute

575 2448 727 2500 ﬁeret
751 2456 931 2501 contra
956 2456 1100 2500 recte
1130 2446 1438 2500 sentientes.
1464 2443 1758 2514 Cupiebant
1778 2457 1955 2499 autem
1991 2444 2146 2499 Chri-

574 2538 734 2591 stiani
766 2535 832 2589 ab
854 2535 1101 2603 ethnicis,
1140 2535 1268 2590 dum
1301 2534 1501 2590 ethnici
1531 2544 1703 2599 erant,
1728 2549 1939 2589 omnem
1969 2549 2150 2604 perse-

574 2627 771 2696 quendi
812 2627 1048 2680 animum
1075 2626 1264 2695 abjici;
1290 2626 1391 2680 hoc
1412 2634 1516 2690 est,
1548 2641 1605 2681 se
1628 2626 1693 2679 ab
1717 2625 1781 2679 iis
1803 2642 1907 2680 non
1939 2628 2145 2692 vexari,

575 2717 816 2787 quamvis
838 2717 1034 2772 ethnici
1067 2716 1352 2771 crederent
1369 2729 1464 2771 eos
1482 2715 1535 2769 in
1559 2731 1741 2771 errore
1760 2717 1981 2782 versari,
2008 2716 2149 2786 quod

575 2808 753 2861 multis
782 2807 913 2861 locis
945 2805 1157 2875 probari
1205 2815 1403 2874 posset.
1451 2806 1605 2873 Quod
1633 2807 1678 2861 si
1729 2807 2148 2874 persecutionem

575 2912 677 2951 non
702 2895 1094 2965 improbabant,
1115 2894 1159 2948 si
1191 2896 1349 2950 modo
1377 2911 1406 2949 a
1430 2904 1575 2951 recte
1606 2896 1956 2951 sentientibus
1978 2897 2028 2949 in
2061 2912 2145 2950 er-

576 2995 751 3039 rantes
786 2995 1145 3047 exerceretur,
1196 2984 1521 3052 oportuisset
1560 2998 1677 3050 eos,
1710 2988 1754 3038 si
1783 2985 2018 3038 animum
2050 3000 2147 3037 nu-

576 3077 701 3130 dare
730 3076 1041 3136 voluissent,
1067 3073 1147 3126 sic
1176 3076 1420 3128 ethnicos
1454 3074 1654 3143 alloqui
1679 3093 1690 3125 :
1722 3075 1875 3129 Nunc
1906 3075 2140 3144 quidem,

2257 1893 2360 1962 ptis
2382 1892 2602 1962 legibus,
2628 1901 2718 1946 aut
2740 1894 2898 1955 tacito
2919 1902 3064 1947 certe
3086 1906 3382 1957 consensu,
3406 1893 3567 1962 legum
3587 1891 3772 1947 civilium

2248 1994 2303 2039 et
2331 1982 2729 2051 tranquillitatis
2760 1982 2984 2051 publicae
3013 1982 3252 2037 tutelam.
3294 1980 3413 2035 llas
3436 1992 3489 2036 ut
3512 1992 3663 2037 sartas
3686 1988 3773 2035 tec-

2250 2082 2329 2127 tas
2375 2082 2714 2136 conservent,
2765 2074 2923 2125 unius
2966 2071 3185 2140 justitice
3235 2071 3499 2126 rationem
3542 2078 3776 2140 potestates

2252 2163 2483 2218 habeant
2523 2176 2739 2217 necesse
2770 2171 2880 2227 est;
2921 2176 3014 2215 seu
3056 2176 3149 2230 par
3182 2171 3264 2215 est
3295 2175 3397 2216 eas
3438 2176 3499 2216 ex
3537 2160 3712 2230 legibus
3738 2166 3777 2213 et

2250 2259 2498 2325 (equitate
2529 2252 2595 2306 de
2629 2253 2874 2307 omnibus
2893 2252 3152 2321 judicare.
3191 2251 3397 2306 Verum
3436 2251 3571 2306 nulla
3597 2252 3779 2304 societas

2249 2357 2330 2402 est
2365 2363 2483 2417 quas
2523 2347 2708 2402 iisdem
2742 2348 3093 2413 potestatibus
3126 2347 3470 2402 demandarit
3493 2363 3656 2403 curam
3689 2347 3777 2415 api-

2250 2439 2488 2502 nionum,
2514 2441 2807 2507 praesertim
2829 2438 3273 2504 theoreticarum;
3308 2439 3389 2492 ita
3415 2446 3470 2492 ut
3487 2453 3574 2493 eas
3587 2436 3781 2491 sauciant

2248 2546 2367 2601 quae
2401 2531 2531 2600 ipsis
2558 2531 2861 2599 placebunt,
2893 2531 3205 2601 proscriptis
3230 2532 3490 2586 erunibus
3517 2530 3642 2595 aliis,
3660 2539 3782 2598 atque

2249 2622 2570 2678 auctoritate
2599 2638 2715 2691 sua,
2755 2633 2808 2676 ct
2836 2624 3021 2687 armis,
3054 2624 3099 2678 si
3130 2638 3357 2679 necesse
3394 2625 3481 2689 sit,
3509 2639 3538 2680 e
3563 2623 3782 2693 republica

2251 2714 2559 2769 eliminatis.
2587 2713 2754 2769 Nemo
2790 2723 2895 2768 tam
2934 2716 3151 2770 insanus
3178 2725 3263 2771 est
3299 2719 3401 2785 qui
3431 2727 3570 2788 putet
3602 2716 3688 2771 sibi
3714 2729 3783 2768 ne-

2253 2819 2406 2860 cesse
2449 2819 2570 2860 esse
2614 2807 2763 2874 sequi
2802 2805 3081 2873 opiniones
3132 2821 3364 2861 summae
3404 2808 3686 2879 potestatis;
3718 2804 3782 2859 cui

2252 2894 2318 2946 ad
2347 2908 2432 2948 res
2463 2894 2622 2962 ipsas,
2660 2894 2725 2947 ad
2770 2896 2930 2948 vitam
2963 2911 3301 2951 communem
3330 2911 3404 2953 ac
3433 2899 3633 2954 civilem
3656 2897 3783 2966 perti-

2253 2991 2461 3043 nentes,
2514 2982 2741 3037 libenter
2780 2984 2976 3053 alioqui
3018 2996 3188 3055 paret.
3219 2987 3477 3057 Alioquin
3503 2988 3781 3056 oportuisset

2254 3069 2468 3125 Judteos
2495 3072 2743 3140 primum,
2775 3072 2966 3129 deinde
3007 3086 3060 3130 et
3088 3076 3428 3132 Christianos
3453 3077 3669 3133 ethnicis
3696 3089 3782 3129 ma-

576 3166 696 3219 dum
721 3150 1041 3219 inﬁrmiores
1068 3178 1273 3229 sumus,
1296 3178 1329 3218 ο
1351 3164 1575 3229 ethnici,
1606 3178 1633 3216 a
1655 3163 1804 3219 vobis
1825 3164 2145 3219 dissentien-
2173 3154 2216 3213 C
2249 3163 2559 3231 gistratibus
2585 3162 2652 3216 de
2679 3164 2939 3233 religione
2962 3165 3122 3222 ﬁdem
3152 3167 3375 3234 habere,
3397 3180 3452 3225 et
3481 3168 3781 3225 idololatriam

575 3263 653 3308 tes
691 3253 983 3307 clementer
1023 3252 1148 3306 ferri
1187 3252 1462 3321 cupimus;
1503 3254 1597 3308 sed
1638 3254 1684 3307 si
1724 3253 1936 3322 quando
1970 3270 2147 3310 rerum

576 3344 858 3413 potiemur,
886 3358 951 3398 ne
976 3343 1255 3408 fallamini,
1291 3357 1394 3398 non
1418 3344 1660 3399 eamdem
1686 3345 2025 3399 clementiam
2055 3362 2147 3400 vo-

576 3435 654 3489 bis
686 3442 939 3504 prtestare
979 3432 1290 3488 statuimus.
1330 3436 1497 3502 Aras,
1532 3435 1724 3504 templa
1774 3450 1837 3490 ac
1864 3436 2146 3491 simulacra

577 3527 752 3602 omnia
779 3532 1106 3592 evertemus,
1138 3525 1501 3595 sacriﬁciaque
1526 3535 1703 3581 vestra
1732 3529 1801 3579 ita
1828 3528 2146 3594 vetabimus,

578 3625 630 3670 ut
658 3630 808 3671 sacra
831 3614 932 3670 diis
960 3616 1155 3671 vestris
1176 3614 1352 3671 facere
1372 3616 1523 3671 vobis
1549 3617 1773 3684 capitale
1796 3617 2029 3672 futurum
2055 3620 2143 3673 sit.

578 3708 782 3762 Interea
810 3721 907 3761 vos
933 3720 1148 3761 oramus
1190 3714 1245 3759 ut
1274 3721 1398 3777 erga
1430 3721 1526 3761 nos
1552 3708 1843 3762 clementer
1872 3723 1969 3763 vos
1996 3723 2147 3779 gera-

578 3799 663 3865 tis,
693 3798 818 3851 dum
848 3797 1153 3864 superiores
1182 3794 1334 3861 estis,
1382 3798 1645 3865 quamvis,
1691 3796 1737 3850 si
1776 3813 2006 3867 unquam
2048 3800 2148 3854 im-

574 3896 849 3955 peratores
895 3884 1228 3939 Christianos
1277 3884 1476 3939 habere
1522 3885 1809 3951 possimus,
1853 3902 1947 3941 vos
1993 3890 2145 3956 quasi

579 3977 769 4042 impios
791 3975 956 4029 simus
977 3973 1329 4039 interfectori,
1354 3974 1398 4029 si
1428 3976 1700 4043 religionis
1728 3982 1918 4032 vestra:
1943 3979 2143 4034 cultum

579 4065 709 4120 tueri
737 4064 928 4119 velitis.
956 4063 1043 4118 Sic
1069 4060 1406 4121 Christianos
1437 4065 1577 4135 loqui
1618 4070 1961 4136 oportuisset,
1985 4070 2031 4125 si
2054 4087 2146 4127 ve-

578 4170 692 4209 rum
726 4153 878 4208 fateri
910 4154 1232 4219 voluissent;
1259 4163 1353 4210 aut
1399 4165 1544 4212 certe
1575 4158 1705 4213 nihil
1741 4159 1987 4215 obstabat
2012 4178 2146 4231 quo-

581 4246 749 4300 minus
770 4260 956 4303 eorum
984 4245 1126 4300 dicta
1154 4244 1232 4301 sic
1264 4248 1742 4316 interpretarentur
1772 4251 1993 4321 ethnici,
2021 4254 2065 4308 si
2090 4253 2141 4309 id

579 4337 863 4393 credebant
892 4338 1032 4407 quod
1062 4337 1208 4393 hisce
1237 4341 1568 4410 temporibus
1604 4343 1855 4399 credebat
1897 4348 2145 4416 Augusti-

578 4442 694 4482 nus.
725 4427 970 4482 .ludiccnt
1000 4444 1139 4483 nunc
1166 4431 1467 4501 quicunque
1497 4448 1709 4489 omnem
1750 4435 1912 4490 animi
1940 4439 2141 4492 cando-

2253 3253 2532 3321 amplecti;
2565 3270 2737 3323 neque
2766 3259 2907 3311 enim
2935 3258 3199 3314 deteriore
3224 3261 3343 3329 jure
3376 3264 3781 3333 imperabantpa-
3862 3262 3863 3333 ξ

2251 3343 2371 3412 gani
2401 3358 2560 3413 quam
2591 3355 2773 3410 postea
2806 3347 3092 3404 Christiani
3132 3350 3505 3420 imperatores.
3550 3355 3782 3421 Oporteret

2230 3434 2523 3513 psimiliter,
2564 3437 2867 3505 quicunque
2898 3440 2951 3492 in
2993 3441 3451 3499 Multammedanis
3492 3444 3680 3513 regnis,
3717 3447 3784 3494 aut

2251 3521 2569 3577 idololatriae
2617 3524 2809 3581 deditis
2853 3530 3146 3585 etiamnum
3190 3533 3408 3598 vivunt,
3450 3549 3544 3589 eos
3580 3533 3783 3587 nuntium

2251 3617 2527 3685 remittere
2566 3619 2806 3688 religioni
2846 3620 3182 3678 Christianas.
3219 3624 3370 3692 Quod
3407 3626 3454 3680 si
3496 3626 3684 3682 dixeris
3708 3638 3785 3678 non

2238 3708 2416 3763 licere
2435 3713 2734 3767 errantibus
2753 3715 3102 3782 poteS'atibus
3125 3716 3321 3783 facere,
3353 3719 3499 3785 quod
3533 3721 3652 3774 licet
3677 3727 3787 3773 recte

2250 3798 2620 3873 sentientibus,
2651 3801 2703 3855 in
2733 3802 3094 3871 labyrinthum
3123 3804 3551 3862 inextricabilem
3584 3819 3637 3864 te
3661 3802 3791 3873 eonji-

2250 3890 2389 3955 cies;
2417 3906 2537 3945 nam
2567 3893 2686 3961 quis
2711 3893 2924 3946 demum
2951 3894 3209 3960 judicabit
3238 3895 3323 3949 hic
3342 3896 3413 3950 de
3433 3899 3664 3953 errore?
3698 3898 3792 3952 (ῖηο

2249 3980 2381 4035 dunt
2407 3981 2625 4046 ethnici,
2654 3981 2881 4037 credunt
2912 3983 3363 4050 Muhammedani,
3392 3987 3627 4043 credunt
3654 3990 3790 4044 hatre-

2251 4069 2340 4124 tici
2382 4069 2645 4138 principes
2686 4081 2737 4126 te
2764 4086 2969 4137 errare,
3001 4073 3092 4141 qui
3135 4083 3187 4130 te
3227 4084 3382 4145 putas
3409 4086 3563 4134 recte
3590 4080 3791 4139 sentire:

2256 4172 2320 4212 ac
2358 4159 2582 4228 proinde
2622 4169 2675 4216 te
2714 4175 2907 4217 vexare
2936 4162 3236 4230 debebunt;
3268 4166 3368 4221 nisi
3398 4165 3543 4225 forte
3568 4171 3695 4227 velis
3722 4166 3792 4223 tibi

2248 4250 2350 4305 soli
2378 4250 2443 4304 ab
2467 4252 2718 4307 omnibus
2740 4252 2910 4321 credi,
2941 4269 2969 4307 a
3002 4265 3053 4310 te
3078 4271 3206 4312 vero
3234 4258 3461 4326 nemini,
3491 4261 3633 4331 quod
3662 4260 3794 4315 furio-

2246 4362 2363 4406 sum
2393 4361 2554 4407 esset.
2580 4353 2802 4410 Constat
2829 4357 2972 4410 enim
3006 4372 3440 4428 unumquemque
3483 4360 3536 4417 id
3578 4368 3792 4432 oportere

2247 4443 2396 4513 sequi
2444 4453 2498 4499 et
2540 4442 2745 4512 facere,
2778 4446 2918 4515 quod
2967 4448 3306 4502 verissimum
3353 4459 3408 4504 et
3452 4453 3705 4519 optimum
3742 4461 3793 4502 ex

578 4533 688 4572 rem
715 4531 779 4572 ac
801 4518 1114 4585 probitatem
1138 4533 1243 4575 non
1271 4530 1557 4587 exuerunt,
1579 4539 1645 4577 an
1677 4524 1802 4579 boni
1844 4537 2020 4580 essent
2050 4528 2145 4581 ha-
2177 4519 2231 4580 D
2254 4535 2415 4587 animi
2443 4534 2523 4587 sui
2553 4536 2813 4590 sententia
2855 4537 2902 4589 ei
2946 4537 3181 4602 videtur;
3214 4554 3319 4593 non
3359 4518 3506 4608 quod
3544 4541 3723 4595 falsum
3750 4544 3791 4591 et

580 4608 739 4663 bendi
780 4624 1008 4677 quorum
1038 4611 1247 4665 animus
1278 4611 1347 4665 ita
1377 4612 1597 4668 allectus
1635 4615 1840 4670 fuisset.
1903 4617 2027 4672 llaec
2070 4628 2151 4673 ta-

578 4716 698 4753 men
720 4709 845 4757 sunt
871 4701 1171 4757 necessaria
1196 4703 1475 4758 sententia:
1496 4704 1899 4774 AuguStinianas
1928 4720 2151 4763 consec-

577 4796 731 4849 taria.

646 4887 843 4940 Verum
892 4886 978 4942 hic
1006 4896 1267 4957 praeterea
1296 4887 1581 4958 diligenter
1608 4888 2001 4944 observandum
2042 4899 2144 4955 est,

580 4976 715 5044 quod
764 4978 827 5027 ad
860 4978 1136 5043 epistolam
1166 4978 1235 5033 44
1266 4979 1553 5034 observare
1592 4979 1892 5035 omisimus.
1934 4982 2144 5051 Expro-

581 5064 765 5117 hrabat
807 5065 1126 5122 Fortunatus
1158 5067 1450 5135 Donatista,
1497 5084 1637 5124 anno
1679 5069 1816 5133 398,
1848 5072 2146 5142 Augustino

580 5156 650 5208 ita
678 5168 798 5208 esse
825 5154 1088 5208 animatos
1113 5157 1395 5225 episcopos
1428 5162 1743 5225 catholicos,
1791 5170 1851 5216 ut
1880 5164 2000 5215 data
2043 5163 2145 5217 sibi

581 5250 841 5315 petestate
862 5244 1055 5299 acriter
1075 5249 1573 5305 essent-Donatistas
1595 5253 1943 5320 persecuturi,
1967 5269 2148 5323 quam-

581 5338 658 5390 vis
693 5333 1114 5389 dissimularent.
1155 5336 1285 5392 Vide
1313 5340 1474 5409 epist.
1497 5341 1587 5407 44,
1621 5343 1707 5397 Η.
1740 5342 1793 5397 ld
1823 5355 1952 5398 vero
1986 5360 2146 5413 nega-

582 5429 671 5482 bat
705 5427 1029 5497 Augustinus
1069 5426 1133 5482 iis
1169 5430 1348 5487 verbis
1393 5448 1509 5502 qum
1536 5450 1598 5488 ex
1628 5435 1848 5504 epistola
1878 5439 2146 5503 excerpsi-

584 5536 699 5573 mus
730 5521 793 5573 ad
822 5530 953 5573 tom.
994 5520 1059 5589 ll,
1106 5520 1380 5593 Deumque
1420 5527 1658 5580 cordium
1687 5536 1872 5582 testem
1906 5530 2145 5583 vocabat.

584 5611 685 5664 Sed
711 5612 916 5666 duobus
933 5615 1096 5669 annis
1120 5624 1331 5684 postea,
1362 5615 1461 5670 hoc
1490 5629 1571 5672 est
1600 5618 1723 5682 400,
1757 5636 1863 5690 quo
1893 5621 1977 5677 hic
2014 5622 2149 5676 liber

586 5708 664 5750 est
695 5700 940 5767 scriptus,
970 5713 1157 5759 contra
1179 5706 1439 5761 sentiebat
1467 5724 1530 5763 ac
1559 5708 1893 5778 loquebatur.

2254 4623 2467 4676 noxium
2497 4623 2688 4688 credit,
2717 4624 2967 4692 quidquid
2988 4632 3053 4679 de
3085 4642 3149 4682 eo
3182 4628 3270 4681 alii
3293 4629 3545 4684 sentiant.
3569 4631 3648 4685 An
3666 4640 3792 4695 opor-

2251 4713 2384 4767 tebit
2406 4713 2700 4777 ethnicum,
2730 4713 3249 4784 Multatnmedanum,
3284 4718 3593 4775 lnereticum
3625 4715 3791 4787 princi-

2252 4816 2373 4871 pem
2406 4802 2580 4856 lavere
2600 4802 2649 4857 ei
2672 4803 2936 4873 religioni,
2962 4806 3079 4860 eive
3100 4817 3282 4875 sectze,
3310 4824 3473 4875 quam
3503 4810 3679 4864 falsam
3698 4818 3792 4861 esse

2249 4893 2450 4959 credit;
2481 4908 2674 4948 vexare
2695 4909 2822 4949 vero
2843 4910 2934 4949 eos
2961 4900 3048 4961 qui
3073 4908 3215 4953 recte
3243 4899 3290 4953 ei
3318 4902 3524 4957 sentire
3547 4893 3791 4956 videntur?

2257 4984 2391 5039 Sunt
2427 5000 2554 5055 ergo
2580 5001 2767 5041 omnes
2795 4996 3102 5055 potestates,
3127 4990 3379 5060 quidquid
3402 4994 3649 5056 sentiant,
3674 5001 3792 5044 com-

2260 5077 2403 5130 muni
2446 5076 2546 5145 legi
2580 5076 2949 5144 subjiciendus;
2983 5094 3069 5143 ne,
3110 5082 3232 5134 dum
3262 5084 3501 5137 veritatis
3526 5078 3791 5137 amantibus

2259 5165 2437 5219 favere
2490 5168 2540 5218 in
2591 5181 2755 5234 regno
2802 5169 3048 5236 quopiam
3097 5180 3189 5224 aut
3239 5172 3508 5239 republica
3558 5172 3791 5227 volumus.

2259 5257 2516 5312 mendacii
2538 5257 2829 5312 cultoribus
2855 5260 3213 5328 imprudenter
3233 5278 3380 5318 arma
3403 5264 3681 5325 tradamus,
3697 5270 3792 5328 qna

2260 5350 2401 5403 nulla
2425 5348 2629 5402 ratione
2651 5351 2860 5420 eripere
2890 5353 3173 5420 possimus.

2329 5440 2431 5495 Sed
2462 5440 2749 5508 nullamne,
2786 5443 3009 5512 inquies,
3032 5460 3212 5500 curam
3237 5446 3509 5516 religionis
3528 5458 3700 5516 gerere
3717 5441 3791 5495 de-

2254 5530 2378 5584 bent
2410 5530 2710 5599 principes?
2735 5533 3036 5601 Maximam,
3060 5546 3249 5607 etquae
3277 5539 3329 5594 in
3359 5539 3458 5594 hoc
3483 5539 3786 5610 p0tissimum

2253 5623 2349 5675 sita
2379 5629 2477 5686 est,
2506 5630 2564 5675 ut
2594 5638 2660 5678 ne
2697 5625 2816 5692 quis
2856 5628 3124 5695 religionis
3162 5643 3317 5683 Causa
3347 5631 3505 5685 alium
3552 5637 3695 5685 vexet
3718 5630 3790 5679 aut

2256 5714 2393 5770 male
2421 5714 2630 5781 habeat,
2665 5717 2751 5785 qui
2780 5720 3067 5789 casteroqui
3094 5720 3296 5791 legibus
3318 5722 3563 5778 civilibus
3598 5726 3787 5792 pateat;
