3900 6306
134 353 248 408 529

806 347 1160 406 VABIORUM
1200 346 1794 404 EXERCITATIONES
1831 345 1896 402 IN
1935 349 1992 405 S.
2036 348 2410 408 AUGUSTINI
2449 351 2697 409 OPERA.

3299 347 3411 414 530

133 478 210 516 ne
236 462 356 531 quis
387 461 512 515 item
545 460 856 515 seditionem
896 467 1082 524 creet,
1117 465 1204 511 aut
1248 471 1395 510 arma
1424 456 1618 524 capiat,
1663 462 1724 510 ut
1749 459 1796 514 A
1827 461 2044 513 exerceri
2057 464 2199 531 juste
2228 462 2526 527 fateantur;
2555 461 2609 512 in
2643 460 2904 515 hwrettcos
2932 469 3099 518 autem
3125 472 3270 531 alque
3307 466 3406 517 im-

132 555 297 607 aliter
317 554 611 608 sentientes
637 553 781 606 cives
810 551 1035 613 occidat,
1068 558 1155 601 aut
1179 563 1207 602 e
1229 548 1381 602 CiVil‘l
1393 558 1443 600 te
1464 547 1720 600 extermi-

128 656 252 701 net.
287 645 438 700 Nulla
463 646 563 698 alia
589 644 748 698 tutela
779 643 982 710 indiget
1010 642 1229 706 veritas,
1262 640 1362 694 nisi
1390 649 1449 693 ut
1487 639 1537 694 ei
1564 638 1718 693 liceat

131 742 260 794 luce
291 738 502 808 propria
535 737 755 805 fulgenti
788 735 973 789 oculos
1003 732 1276 786 hominum
1304 732 1370 785 ad
1397 745 1455 784 se
1485 745 1718 785 conver-

129 841 278 893 tere,
330 837 385 882 et
435 827 600 880 ﬁrmis
648 824 942 880 rationibus
990 823 1196 875 animos
1245 837 1428 875 eorum
1477 820 1714 873 allicere.

129 920 296 973 Nulla
319 919 520 973 erroris
548 916 870 985 oppugnatio
898 912 1094 968 certior
1121 919 1204 966 est
1233 925 1391 980 quam
1428 917 1486 963 ut
1515 908 1720 978 perspi-

128 1026 239 1064 eue
279 1009 608 1072 confutetur,
659 1016 713 1061 et
761 1005 925 1059 libere
955 1005 1263 1072 retegantur
1291 1001 1716 1056 allucinationes.

129 1102 226 1155 Sic
252 1115 388 1169 ergo
434 1098 644 1152 faveant
687 1096 1024 1164 magistratus
1065 1092 1297 1156 veritati,
1329 1093 1405 1145 sic
1433 1090 1601 1144 errori
1629 1089 1721 1141 ad-

129 1201 448 1247 versentur.
477 1191 788 1258 Ubicunque
817 1196 1099 1255 utrumque
1121 1186 1303 1239 licebit
1329 1183 1529 1248 facere,
1573 1182 1718 1235 brevi

128 1287 201 1341 de
252 1300 444 1340 errore
492 1284 693 1337 veritas
739 1279 1103 1347 trinmphabit.
1154 1276 1304 1343 Quod
1351 1275 1394 1330 si
1446 1274 1719 1328 hominum

126 1372 758 1444 lgnorantia,stupiditas
781 1378 871 1424 aut
892 1367 1108 1424 affectus
1130 1365 1372 1421 nonnihil
1397 1365 1720 1431 triumphum

126 1464 387 1519 veritatis
415 1474 710 1526 morentur,
741 1476 843 1514 non
869 1461 970 1514 erit
1001 1459 1154 1526 longa
1186 1471 1355 1520 mora,
1392 1465 1446 1510 et
1477 1455 1721 1508 humana:

124 1557 527 1614 imbecillitatis
558 1555 798 1610 habenda
828 1550 1064 1621 profecto
1099 1559 1179 1604 est
1223 1551 1396 1618 aliqua
1437 1546 1591 1602 ratio.
1621 1547 1723 1600 Re-

127 1649 325 1703 media
376 1646 674 1702 certissima
719 1654 773 1699 et
823 1641 1195 1699 efficacissima
1242 1640 1433 1709 quibus
1483 1639 1721 1707 corporis

126 1741 320 1796 morbi
363 1748 641 1802 curantur,
694 1736 932 1804 indigent
969 1747 1180 1803 quoque
1221 1732 1400 1800 aliquo
1446 1737 1720 1797 tempore,

1825 551 1936 618 pias
1963 552 2297 604 dissensiones
2320 551 2479 604 nolint
2506 552 2680 620 fateri,
2704 568 2816 605 cum
2845 554 2896 606 in
2925 553 3100 607 iisdem
3124 554 3407 621 iniquitatis

1823 642 2089 708 fructibus,
2112 643 2413 696 auctoritate
2430 641 2731 711 apostolica,
2757 643 3149 713 numerentuﬁ]
3183 645 3236 699 Si
3269 660 3403 714 aqua

1827 734 2062 788 haerebat
2101 735 2186 790 hic
2218 736 2532 803 Donatistis,
2563 737 2805 806 profecto
2840 739 3115 809 Augustini
3161 749 3404 792 contem-

1825 834 1914 894 ptu
1945 827 2089 896 digni
2113 839 2284 882 erant.
2317 829 2447 895 Quis
2471 833 2614 884 enim
2648 831 2854 900 ignorat
2879 846 3209 900 quacunque
3245 843 3406 884 evan-

1824 917 2007 983 gelicis
2038 919 2240 986 legibus
2267 919 2605 985 damnantur,
2638 932 2688 976 et
2715 938 2833 991 quae
2877 923 3172 992 prmsertim
3207 922 3404 976 Paulus

1826 1007 1944 1067 loco
1973 1009 2038 1062 ab
2061 1011 2356 1077 Augustino
2383 1011 2546 1066 allato
2569 1015 2895 1081 perstringit,
2928 1015 3177 1069 civilibus
3201 1015 3402 1082 legibus

1827 1112 1923 1152 nec
1944 1101 2119 1159 solere
2146 1099 2321 1168 plecti,
2356 1115 2454 1156 nec
2486 1104 2676 1170 posse?
2702 1105 2944 1172 Exempli
2975 1120 3155 1169 causa,
3187 1105 3407 1159 aetnula-

1828 1191 2020 1256 tiones,
2050 1192 2438 1260 animositates,
2464 1194 2851 1260 dissensiones,
2893 1197 3113 1260 invidia,
3156 1197 3399 1261 avaritia,

1827 1282 2098 1350 superbia,
2129 1283 2366 1349 ambitio,
2398 1298 2548 1338 amor
2577 1300 2752 1338 rerum
2781 1285 2937 1354 hujus
2967 1287 3090 1339 vitae
3109 1327 3121 1349 ,
3154 1286 3312 1339 modo
3339 1302 3406 1340 ne

1826 1389 2011 1428 eorum
2061 1389 2218 1429 causa
2269 1377 2416 1444 leges
2462 1377 2769 1444 reipublicae
2801 1377 3217 1448 perfringantur,
3269 1395 3407 1433 nun-

1827 1479 1983 1534 quam
2017 1465 2306 1533 puniuntur
2328 1467 2397 1520 ab
2428 1468 2732 1522 hominibus
2758 1486 2771 1531 ;
2805 1483 2902 1524 nec
2923 1477 3098 1524 tamen
3123 1479 3402 1539 prepterea

1828 1556 2004 1609 minus
2028 1556 2136 1610 Deo
2163 1555 2332 1611 invisa
2359 1566 2503 1623 sunt,
2527 1559 2775 1612 minusve
2802 1575 2967 1628 regno
2991 1561 3196 1615 caelesn
3225 1560 3406 1615 exclu-

1829 1647 1983 1702 dunt.
2017 1648 2196 1704 Facile
2222 1651 2509 1705 03tendere
2541 1667 2822 1719 possemus
2848 1667 2944 1706 cur
2971 1654 3097 1706 talia
3139 1663 3407 1721 nequeant

1830 1738 1896 1790 ab
1941 1737 2245 1794 hominibus
2274 1741 2454 1808 plecti,
2484 1741 2528 1796 si
2575 1743 2672 1795 hoc
2703 1749 2981 1810 ageretur;
3013 1743 3144 1797 satis
3170 1743 3270 1796 erit
3320 1742 3407 1795 di-

121 1848 243 1902 QUO
295 1833 400 1885 Vim
432 1841 592 1899 a“lue
629 1829 921 1882 efficaciam
962 1840 1111 1880 suam
1155 1830 1426 1878 exserant.
1466 1821 1724 1874 Mirunme
1759 1820 1802 1878 Β
1831 1828 1975 1880 xisse
2003 1828 2144 1896 leges
2165 1830 2348 1884 civiles
2374 1844 2494 1885 esse
2523 1830 2794 1884 hominum
2823 1831 3117 1885 c0nditioni
3148 1840 3407 1900 attempe-

123 1939 268 1993 (ιι-ιο
313 1933 404 1976 aut
434 1922 670 1991 iniquum
725 1919 893 1973 videri
935 1925 1110 1987 potest
1155 1917 1374 1971 concedi
1425 1915 1722 1968 animorum

125 2015 352 2069 morbis
399 2028 600 2067 moram
631 2012 860 2080 aliquam
894 2019 950 2063 ut
990 2010 1282 2063 curentur?
1324 2007 1535 2062 Nemini
1573 2020 1723 2071 sane,

122 2103 233 2156 nisi
269 2111 448 2157 semet
473 2104 640 2170 ipsum
664 2101 950 2170 ignoranti.
972 2099 1039 2153 At
1063 2114 1209 2166 saepe
1236 2097 1476 2168 contigit,
1496 2097 1723 2166 inquies,

120 2194 448 2247 diutissime
487 2207 698 2246 errores
740 2191 957 2260 fulgenti
1003 2190 1210 2244 veritati
1251 2189 1545 2252 restitisse;
1582 2187 1723 2256 quod

121 2287 311 2354 liquet
351 2286 650 2340 ethnicismi
692 2283 959 2350 exemplo,
1000 2283 1088 2352 qui
1128 2282 1180 2335 in
1220 2282 1447 2350 imperio
1483 2280 1724 2334 Romano

118 2385 362 2430 centum
421 2375 695 2444 minimum
739 2374 893 2427 annis
942 2381 1060 2441 post
1097 2373 1429 2427 Constantini
1478 2381 1722 2439 tempora

119 2475 422 2533 superstes
445 2466 557 2530 fuit,
595 2480 693 2518 nec
718 2464 852 2519 forte
877 2478 1105 2532 unquam
1138 2464 1520 2518 intermortuus
1549 2470 1719 2526 esset,

120 2555 227 2608 nisi
264 2555 322 2608 vi
351 2556 525 2624 legum
549 2555 733 2609 fuisset
757 2563 1107 2624 expugnatus.
1129 2556 1308 2624 Atego
1331 2554 1450 2608 illas
1477 2554 1620 2621 ipsas
1650 2554 1724 2606 le-

115 2659 216 2712 ges
243 2645 623 2699 diuturnitatis
662 2645 862 2700 erroris
901 2657 1088 2699 causas
1129 2645 1318 2712 partim
1367 2644 1533 2697 fuisse
1577 2644 1723 2696 exis-

119 2740 302 2802 timo;
351 2737 496 2805 quod
529 2738 774 2791 homines
810 2736 1020 2790 soleant
1051 2750 1144 2792 eas
1174 2736 1453 2804 opiniones
1485 2737 1720 2803 pertina-

113 2831 242 2882 cius
278 2826 468 2881 fovere
498 2841 618 2896 qua:
649 2827 697 2879 vi
743 2835 1139 2895 oppugnantur.
1185 2825 1388 2879 Deinde
1424 2839 1530 2878 non
1577 2839 1724 2878 mera

115 2923 207 2976 lux
245 2920 530 2989 Evangelii
557 2919 792 2974 tenebris
818 2919 1117 2973 ethnicismi
1136 2917 1522 2987 Opponebatur,
1551 2931 1725 2985 neque

112 3026 288 3068 mera
337 3019 482 3064 recta
532 3008 672 3064 ratio
725 3024 962 3064 errorem
1000 3008 1360 3078 oppugnabat.
1410 3009 1572 3061 Multa
1614 3003 1722 3075 jam

115 3114 300 3160 erant
327 3117 396 3156 eo
425 3110 665 3170 tempore
695 3101 749 3156 in
781 3101 1116 3170 dogmatibus
1149 3100 1443 3170 ritibusque
1473 3110 1526 3155 et
1555 3099 1724 3154 mori-

1831 1927 1992 1980 ratas,
2026 1933 2124 1972 nec
2147 1919 2214 1972 ab
2245 1919 2311 1973 iis
2339 1920 2587 1974 eximiam
2613 1921 2895 1989 quamdam
2920 1922 3252 1975 sanctitatem
3284 1935 3407 1988 pos-

1831 2010 2017 2073 tulare,
2067 2009 2160 2062 sed
2211 2018 2415 2063 tantum
2462 2026 2578 2064 eam
2611 2011 2860 2065 virtutem
2914 2012 3032 2066 sine
3071 2027 3171 2080 qna
3211 2011 3406 2066 civium

1829 2100 2057 2152 societas
2102 2100 2384 2154 incolumis
2429 2114 2550 2155 esse
2606 2116 2709 2154 non
2760 2111 2953 2167 potest.
3005 2102 3263 2158 Similiter
3306 2117 3406 2156 nec

1829 2189 2106 2254 Opiniones
2154 2189 2431 2257 subjacent
2487 2191 2661 2259 legum
2715 2191 2950 2244 civilium
3003 2195 3223 2261 ptBniS,
3284 2192 3405 2261 quia

1828 2279 2090 2345 aequiores
2112 2294 2300 2336 omnes
2323 2281 2654 2349 legislatorcs
2688 2297 2754 2336 ea
2783 2292 2986 2337 tantum
3019 2285 3258 2354 plectunt
3285 2299 3405 2352 qure

1826 2370 2154 2437 experientia
2180 2372 2490 2439 quotidiana
2512 2382 2722 2426 constat
2744 2389 2860 2427 esse
2890 2376 3050 2445 mala,
3083 2375 3314 2445 taliaque
3340 2375 3404 2429 ah

1827 2460 2074 2516 omnibus
2121 2462 2403 2529 habentur,
2437 2464 2528 2532 qui
2557 2465 2771 2533 quidem
2806 2475 2930 2518 sunt
2957 2466 3038 2520 sui
3086 2474 3402 2534 compotes:

1827 2552 2004 2620 qualia
2047 2563 2188 2619 sunt,
2222 2554 2420 2619 cmdes,
2454 2555 2673 2620 furtum,
2716 2555 3036 2609 adulterium
3079 2565 3132 2610 et
3179 2557 3405 2621 similia;

1827 2657 1947 2709 qua:
1974 2643 2017 2695 si
2043 2643 2454 2711 negligerentur,
2482 2654 2624 2698 stare
2649 2647 2876 2698 societas
2906 2646 3134 2700 humana
3160 2664 3263 2700 non
3286 2661 3407 2715 pos-

1828 2740 1929 2784 set.
1955 2731 2184 2800 ldeoque
2207 2734 2407 2787 nullum
2454 2742 2534 2788 est
2575 2734 2966 2788 ratiocinationi
3006 2737 3408 2804 Augustinianat

1830 2821 2057 2889 pondus.
2102 2822 2157 2876 Si
2213 2824 2506 2877 Donatista:
2539 2823 2834 2891 probabant
2871 2826 3128 2893 supplicia
3166 2829 3408 2881 ethnico-

1830 2926 1972 2974 rum,
2017 2912 2160 2980 digni
2189 2928 2319 2966 sane
2359 2914 2625 2982 erantqui
2667 2924 2719 2968 et
2758 2914 2854 2982 ipsi
2889 2927 3238 2980 vexarentur;
3287 2933 3409 2973 nam

1829 3001 1967 3068 quod
2009 3004 2110 3057 sibi
2153 3018 2258 3057 non
2299 3004 2413 3058 fieri
2448 3005 2765 3073 cupiebant,
2805 3005 2854 3060 id
2889 3007 3006 3061 aliis
3056 3008 3171 3062 fieri
3211 3023 3409 3077 cupere

1829 3108 1934 3145 non
1964 3093 2065 3146 nisi
2108 3094 2286 3163 inique
2332 3103 2594 3160 poterant.
2628 3095 2771 3149 inter
2801 3099 3069 3151 veneficos
3099 3108 3150 3152 et
3191 3100 3407 3154 hmreti-

116 3198 226 3252 bus
259 3191 690 3248 Christianorum
716 3209 833 3263 qua:
865 3194 1053 3247 merito
1081 3192 1229 3263 (quid
1258 3195 1397 3247 enini
1423 3208 1562 3248 nunc
1587 3208 1725 3262 pra:-
1752 3177 1797 3240 C
1828 3199 1921 3238 cos
1950 3184 2094 3238 nulla
2123 3195 2207 3238 est
2233 3185 2558 3251 similitudo;
2592 3200 2712 3240 nam
2735 3187 2958 3242 venefici
2988 3189 3218 3243 convicti
3246 3188 3407 3243 fateri.

115 3286 330 3341 sertim
349 3297 447 3339 nos
470 3291 609 3338 vetat
636 3299 821 3338 verum
846 3283 1069 3352 fateri?)
1089 3282 1429 3338 ollendebant
1455 3283 1718 3340 ethnicos.

114 3375 300 3443 Saepe
326 3373 486 3428 etiam
504 3372 790 3428 Christiani
808 3373 1074 3442 doctores,
1105 3375 1193 3442 qui
1214 3381 1295 3427 sat
1324 3375 1457 3428 bene
1477 3375 1723 3429 ethnicos

116 3478 363 3521 errores
394 3465 720 3529 avertebant,
747 3465 885 3517 male
914 3472 1076 3533 atque
1121 3464 1367 3534 imperite
1408 3466 1722 3532 religionem

117 3553 503 3610 Christianam
533 3554 834 3608 tuebantur.
868 3555 1049 3623 Itaque
1070 3554 1358 3622 caligantes
1387 3555 1723 3610 ethnicorum

116 3645 314 3708 oculi,
366 3642 490 3697 dum
541 3644 663 3698 hinc
716 3645 956 3699 veritatis
1004 3645 1120 3699 luce
1165 3647 1715 3715 prmstringebantur,

117 3740 292 3793 illinc
320 3750 604 3803 pravarum
645 3747 804 3805 atque
841 3737 1091 3790 falsarum
1123 3737 1588 3792 ratiocinationum
1629 3755 1724 3794 ne-

121 3832 284 3886 bulis
307 3830 793 3899 praepediebantur,
831 3845 1040 3899 unaque
1080 3846 1200 3884 cum
1236 3832 1606 3899 paralogismis
1636 3832 1722 3886 lir-

117 3922 412 3977 missimas
453 3920 884 3974 ratiocinationes
915 3922 1230 3975 miscebant.
1273 3922 1534 3976 Videbam
1561 3923 1720 3976 etiam

119 4011 423 4064 hominum
454 4010 716 4077 quoddam
749 4024 934 4078 genus,
965 4025 994 4063 a
1034 4025 1138 4077 quo
1181 4011 1412 4065 maxime
1450 4027 1723 4081 oppugna-

119 4103 362 4166 bantur,
394 4113 588 4168 cupere
624 4108 679 4154 ut
707 4101 1015 4168 religionem
1046 4099 1402 4153 Christianam
1437 4102 1722 4168 amplecte-

118 4199 352 4253 rentur,
388 4203 490 4242 non
522 4200 723 4242 tantum
749 4191 926 4242 animo
954 4189 1080 4256 ip~is
1106 4191 1400 4256 benevolo;
1433 4191 1527 4244 sed
1560 4193 1720 4248 etiam

116 4284 286 4351 quia,
317 4290 478 4334 aucto
504 4279 930 4334 Christianorum
957 4295 1201 4345 numero,
1227 4281 1359 4334 fines
1381 4281 1528 4350 regni
1553 4283 1725 4350 cujus.

116 4379 253 4432 dam
284 4373 412 4428 novi
443 4374 655 4442 generis
678 4372 817 4441 quod
845 4373 920 4426 illi
954 4372 1198 4427 homines
1229 4372 1571 4441 possidebant
1596 4390 1722 4443 pro-

117 4467 473 4529 ferebantur;
506 4479 739 4532 Opesque
757 4471 812 4517 et
837 4463 1128 4517 auctet-itas
1153 4478 1335 4518 eorum
1366 4465 1714 4533 augebantur.

1830 3283 1916 3327 tur
1957 3288 2013 3327 se
2043 3284 2226 3328 contra
2253 3275 2342 3344 jus
2365 3285 2417 3329 et
2440 3275 2517 3330 fas
2548 3291 2750 3330 vtnena
2783 3279 3118 3346 propinasse,
3168 3293 3268 3332 nec
3320 3293 3406 3333 res

1829 3365 1934 3418 ulla
1960 3363 2286 3419 obscuritate
2317 3366 2525 3420 laborat
2557 3382 2572 3419 :
2604 3367 2697 3420 sed
2730 3367 2816 3421 ubi
2862 3369 3042 3422 sertiio
3087 3377 3172 3422 est
3198 3369 3264 3420 de
3292 3371 3407 3435 opi-

1827 3454 2095 3520 nionibus,
2122 3468 2253 3523 quas
2283 3456 2370 3521 qui
2408 3465 2702 3521 sequuntur
2737 3456 2964 3509 credunt
2992 3472 3111 3511 esse
3149 3472 3324 3523 veras,
3355 3467 3407 3512 et

1829 3553 2045 3612 pmpter
2060 3558 2193 3611 quas
2211 3545 2262 3596 in
2292 3545 2488 3596 nullam
2521 3545 2729 3597 civilem
2755 3546 2921 3611 legem
2941 3545 3281 3613 delinquunt,
3307 3547 3408 3599 ini-

1827 3635 2100 3704 quissimae
2139 3643 2276 3688 sunt
2297 3648 2489 3700 parum,
2522 3635 2592 3687 ob
2623 3637 2854 3690 rationes
2880 3646 3033 3689 antea
3071 3637 3278 3690 allatas.
3323 3641 3403 3690 An

1827 3731 1977 3796 forte,
2007 3725 2220 3794 subjicit
2255 3725 2601 3795 Augustinus,
2624 3742 2714 3778 net:
2741 3728 2864 3781 talia
2887 3736 3155 3792 potestates
3177 3728 3288 3780 ista:
3310 3731 3406 3780 ltu-

1827 3834 1994 3872 mante
2022 3820 2391 3873 constitutionis
2415 3821 2776 3886 permittuntur
2802 3823 3023 3874 curare?
3052 3820 3267 3891 PrOpter
3282 3823 3404 3890 quid

1827 3927 1946 3982 ergo
1972 3913 2202 3980 gladium
2234 3922 2396 3978 portat
2426 3912 2513 3980 qui
2553 3912 2715 3966 dictus
2747 3923 2818 3966 est
2849 3915 3074 3966 minister
3108 3913 3196 3967 Ue‘i
3219 3916 3406 3969 vindex

1827 4005 1878 4057 in
1905 4005 2034 4058 iram
2055 4006 2125 4058 eis
2146 4007 2233 4074 qui
2254 4005 2384 4059 male
2406 4007 2601 4074 agunt?
2622 4005 2676 4060 Si
2705 4005 2822 4060 talia
2847 4015 3132 4075 potestates
3158 4007 3404 4061 humana)

1825 4097 1875 4151 vi
1903 4107 1956 4151 et
1987 4099 2148 4152 armis
2174 4107 2384 4160 curant,
2419 4099 2534 4150 sine
2565 4097 2725 4151 dubio
2775 4110 2965 4166 praeter
2993 4100 3079 4164 jus
3108 4107 3162 4152 et
3201 4099 3278 4154 fas
3311 4117 3404 4168 pn-

1828 4190 1989 4241 tentia
2033 4203 2127 4241 sua
2169 4189 2492 4250 abutuntur;
2538 4202 2709 4252 neque
2737 4190 2877 4242 enim
2909 4190 3027 4242 talia
3071 4190 3118 4241 vi
3148 4200 3200 4244 et
3237 4193 3401 4244 armis

1824 4294 2098 4334 curantur.
2125 4279 2457 4346 Defendenda
2479 4279 2658 4349 religio
2675 4289 2768 4345 est,
2800 4278 3071 4349 inquiebat
3101 4282 3405 4334 Lactantius

1826 4373 1918 4436 lib.
1943 4387 1996 4436 v,
2029 4385 2145 4440 cap.
2184 4373 2267 4434 19,
2292 4387 2392 4424 non
2424 4372 2717 4434 occidendo,
2742 4375 2827 4424 sed
2859 4374 3151 4432 moriendo:
3180 4388 3278 4424 non
3299 4382 3399 4424 str-

1823 4466 1964 4526 uitia,
1998 4463 2088 4516 sed
2130 4464 2410 4527 patientia;
2455 4479 2556 4515 non
2587 4465 2789 4527 scelere,
2827 4465 2914 4517 sed
2957 4465 3077 4531 ﬁde.
3132 4462 3234 4514 Illa
3270 4464 3404 4514 enim

116 4558 221 4614 Ha:
247 4555 478 4623 aliazque
506 4553 710 4608 similes
738 4555 884 4608 fuere
927 4569 1172 4620 remora},
1200 4570 1320 4623 qua:
1342 4554 1567 4622 objecta:
1595 4566 1717 4611 sunt
1748 4541 1800 4600 D
1827 4553 2081 4606 malorum
2109 4564 2246 4617 sunt,
2276 4552 2383 4605 Ιιανε
2411 4555 2676 4616 bonorum,
2698 4565 2799 4607 etc.
2835 4555 2980 4607 A'i/tit
3008 4563 3078 4607 est
3109 4563 3210 4604 tam
3232 4554 3403 4603 volun-

117 4648 395 4712 ethnicis,
446 4661 514 4701 ne
556 4647 944 4714 quamprimum
991 4643 1349 4699 Christianam
1402 4645 1716 4715 religionem

116 4740 610 4808 amplecterentur,
640 4751 746 4788 non
773 4735 912 4804 quod
938 4734 1110 4788 edicta
1145 4750 1252 4788 non
1283 4736 1413 4790 satis
1442 4736 1633 4791 acerba
1655 4751 1717 4791 ac

114 4829 375 4886 crudelia
405 4836 592 4881 contra
619 4842 711 4881 eos
734 4826 1063 4895 promulgata
1097 4825 1320 4889 fuerint;
1350 4836 1443 4881 aut
1473 4830 1614 4897 quod
1636 4830 1719 4883 di-

117 4922 273 4974 vina:
311 4917 576 4980 veritatis,
613 4929 734 4970 eum
779 4917 891 4969 sola
939 4915 1123 4982 fulget,
1168 4914 1370 4981 exiguae
1398 4915 1502 4969 sint
1551 4919 1715 4982 vires,

118 5008 357 5082 quando
400 5007 543 5060 nulla
587 5007 666 5059 vis
698 5016 840 5061 vetat
878 5009 1162 5075 quominus
1205 5005 1425 5075 fulgeat.
1468 5006 1572 5061 Sed
1606 5007 1720 5063 haec

118 5104 271 5158 satis
301 5114 572 5170 superque
604 5100 703 5152 hac
731 5099 798 5152 de
823 5114 898 5150 re.

200 5192 346 5248 Ibid.
383 5191 526 5246 Illud
554 5206 744 5260 qurere,
770 5204 883 5241 cum
909 5189 1174 5257 manifeste
1218 5199 1473 5244 enumerat
1504 5190 1720 5261 Aposto-

124 5283 221 5340 lus
267 5298 424 5351 opera
467 5283 657 5344 carnis,
689 5280 816 5344 Qua:
865 5287 1021 5342 sunt,
1064 5279 1257 5346 inquit,
1319 5279 1719 5348 fornicationes,

128 5375 523 5442 immunditia',
551 5372 950 5437 contentiones,
980 5372 1343 5426 aemulationes
1364 5411 1378 5436 ,
1409 5373 1719 5425 animosita-

131 5478 248 5536 tes,
282 5466 668 5528 dissensiones,
719 5465 972 5527 liaereses,
1021 5461 1251 5526 invidiae,
1283 5463 1589 5528 ebrietates,
1620 5479 1714 5518 co-

131 5556 438 5614 mestiones
467 5565 512 5609 et
541 5556 620 5609 Itis
649 5556 869 5620 similia;
896 5554 1017 5622 quid
1039 5554 1145 5605 istis
1167 5553 1411 5620 videatur,
1445 5563 1498 5607 ut
1526 5556 1716 5607 crimen

123 5647 453 5702 idololatriw
501 5655 678 5713 putent
712 5648 865 5716 juxta
905 5644 967 5696 ab
1012 5644 1399 5710 imperatoribus
1432 5646 1717 5708 uindicari;

123 5746 229 5795 aut
269 5739 313 5791 si
342 5754 432 5792 nec
460 5737 551 5791 hoc
588 5735 790 5802 volunt,
818 5751 904 5790 cur
932 5735 1274 5806 in_veneﬁcos
1305 5736 1523 5803 rigorem
1553 5738 1716 5806 legum

1827 4639 2013 4695 larium
2059 4659 2209 4711 quam
2254 4642 2475 4712 religio;
2507 4645 2559 4696 in
2598 4661 2698 4713 qua
2739 4645 2783 4697 si
2827 4646 3026 4697 animus
3067 4643 3401 4705 sacriﬁcantls

1824 4753 2027 4790 aversus
2065 4746 2160 4802 est,
2195 4739 2309 4807 jam
2338 4737 2562 4802 sublata,
2598 4738 2708 4804 iam
2754 4737 2895 4789 nulla
2918 4747 3007 4789 est.
3043 4733 3263 4788 Gladius
3293 4749 3399 4787 non

1824 4827 2070 4881 estdatus
2099 4827 2427 4896 principibus
2455 4829 2553 4881 nisi
2580 4828 2630 4880 in
2663 4840 2756 4880 eos
2778 4827 2829 4878 in
2856 4839 2989 4893 quos
3011 4824 3300 4892 exlegibus
3325 4826 3400 4880 ci-

1823 4920 2015 4973 vilibus
2045 4919 2216 4986 gladio
2238 4918 2683 4979 animadvertere,
2709 4925 2925 4982 propter
2952 4915 3184 4970 facinora
3203 4919 3396 4987 quibus

1823 5009 1994 5062 civilis
2033 5008 2261 5061 societas
2302 5008 2551 5070 violatur,
2580 5005 2871 5075 iubentur;
2922 5023 3027 5062 non
3068 5009 3119 5062 in
3153 5024 3246 5064 eos
3283 5012 3393 5080 qui,

1819 5108 2017 5153 caetera
2041 5099 2261 5162 innoxii,
2296 5114 2323 5151 a
2357 5098 2516 5152 rectis
2548 5099 2830 5152 sententiis
2857 5099 3138 5165 aberrant,
3170 5114 3400 5175 suntque

1825 5192 2171 5265 persuasione
2202 5201 2254 5247 et
2297 5192 2703 5247 mansuetudine
2742 5192 2806 5246 ad
2841 5203 3037 5248 rectam
3069 5195 3204 5248 viam
3247 5211 3400 5249 revo-

1824 5285 2001 5340 candi.
2035 5285 2138 5337 Fac
2167 5282 2491 5337 contrarium
2514 5296 2632 5337 esse
2659 5297 2869 5350 verum,
2897 5284 3021 5352 quid
3050 5285 3194 5338 dices
3224 5285 3399 5336 etimi-

1824 5375 1902 5428 cis
1944 5372 2363 5441 magistratibus,
2412 5373 2502 5441 qui
2542 5373 2774 5426 rationes
2805 5380 2922 5426 tuas
2961 5373 3144 5427 audire
3175 5374 3397 5426 uolent?

1829 5466 1966 5533 Quid
1996 5465 2322 5534 reposuisset
2351 5467 2674 5536 Augustinus
2704 5466 3017 5520 Constantio
3038 5467 3235 5520 Ariano
3260 5464 3398 5522 tnale

1831 5557 2046 5610 habenti
2091 5555 2279 5626 synodi
2310 5556 2539 5610 Nicacnae
2583 5556 2915 5610 sectatores?
2943 5555 3075 5620 Quid
3124 5554 3397 5624 Vandalis,

1828 5646 1939 5713 qui,
1984 5660 2090 5699 non
2123 5647 2192 5699 ita
2223 5646 2389 5699 multo
2415 5653 2534 5715 post
2560 5644 2675 5712 ej’us
2702 5654 2936 5710 aetatem,
2971 5661 3035 5700 ex
3067 5645 3246 5700 Africa
3273 5660 3397 5700 exeo

1826 5745 2016 5804 gerunt
2046 5736 2323 5806 episcopos
2353 5737 2687 5792 decretorum
2710 5734 3044 5792 Nicaenorum
3076 5736 3413 5801 tenaciores,
