3900 6316
530 293 622 347 531

1413 278 1963 337 SUPPLEMENTUM
2007 278 2092 331 AD
2133 277 2359 333 OPERA
2398 278 2453 334 S.
2498 274 2877 333 AUGUSTINL

3652 268 3741 326 53%

532 399 843 465 plebemque
870 408 988 448 cum
1020 392 1085 444 iis
1122 392 1438 446 sentientem
1472 391 1609 445 male
1638 390 1668 442 h
1692 388 1976 443 buerunt?
2006 386 2093 439 Ni-
2122 386 2175 442 A
2201 388 2402 440 omnino
2440 386 2698 447 militavit,
2737 385 2856 436 nota
2898 377 3106 432 militari
3142 376 3399 444 privatum
3439 376 3653 447 aliquem
3686 384 3748 436 si-

533 490 746 553 mirum,
787 486 850 539 ad
896 500 1019 539 suas
1048 494 1188 537 artes
1219 482 1454 535 converti
1498 497 1617 535 eum
1658 481 2005 549 oportuisset,
2045 487 2097 531 et

535 576 854 643 palinodiam
879 590 1069 627 canere
1092 573 1323 627 crudelis
1345 572 1622 624 sontentiai
1646 570 1709 623 de
1732 569 2099 637 persecutione

534 670 696 731 licita,
747 677 801 717 ut
844 666 906 717 ad
956 666 1183 733 priorem
1229 662 1685 714 mansuetudinem
1719 667 2097 713 reverteretur.

533 759 641 813 Nos
673 771 799 810 vero
825 756 894 809 ita
918 756 1210 807 sentiamus
1236 753 1301 805 de
1321 753 1440 817 jure
1463 752 1644 804 divino
1670 760 1722 805 et
1755 754 2004 815 humano,
2045 760 2101 804 ut

536 864 802 916 nunquam
828 861 925 901 nos
954 845 1021 898 ita
1054 845 1286 896 sensisse
1318 843 1507 909 pudeat
1532 842 1911 908 pteniteatque.

606 940 768 993 Linno
806 953 860 990 ιι.
887 936 1016 1001 Cap.
1050 935 1138 988 1'5.
1174 932 1199 1000 ξ
1228 931 1316 983 29.
1350 930 1460 983 Etsi
1484 931 1640 982 laicus
1666 930 1849 998 aliquis
1874 928 2102 999 percunti

537 1030 731 1082 dederit
774 1026 1067 1079 necessitate
1093 1022 1382 1091 compulsus
1410 1021 1429 1089 (
1456 1021 1711 1087 baptisma
1741 1027 1796 1072 et
1832 1018 2105 1072 eucharis-

539 1119 687 1182 tiam,
720 1130 840 1169 nam
886 1115 970 1167 illa
1010 1114 1188 1181 juncta
1228 1120 1401 1165 erant.
1448 1110 1577 1163 Vide
1608 1119 1719 1162 not.
1763 1107 1831 1163 ad
1868 1117 1998 1162 tom.
2040 1108 2102 1174 ll,

541 1208 695 1275 epist.
733 1205 863 1273 172,
897 1204 923 1272 §
953 1204 985 1256 5
1010 1204 1051 1268 ),
1083 1202 1216 1270 quod
1257 1218 1371 1254 cum
1409 1203 1517 1268 ipse
1561 1200 1811 1267 acciperet
1855 1198 2106 1267 quomodo

542 1297 773 1349 dandum
809 1305 936 1348 esset
964 1294 1232 1356 addidictt,
1270 1296 1437 1345 nescio
1471 1306 1537 1343 an
1573 1291 1654 1361 pie
1680 1291 1944 1358 quisquam
1965 1288 2109 1341 dixe-

542 1388 610 1439 sit
634 1403 737 1439 esse
764 1384 1106 1453 repetendum.
1146 1382 1309 1435 Nulla
1338 1383 1469 1434 enim
1506 1388 1710 1449 cogente
1748 1378 2042 1439 necessitate
2066 1378 2110 1431 si

545 1482 653 1548 ﬁat,
690 1478 844 1531 alieni
872 1476 1092 1530 muneris
1129 1474 1394 1540 usurpatio
1421 1481 1525 1535 est;
1561 1473 1605 1526 si
1639 1479 1808 1524 autem
1844 1469 2111 1523 necessitas

545 1575 756 1637 urgeat,
789 1574 875 1618 aut
901 1565 1115 1625 nullum,
1160 1572 1246 1615 aut
1274 1560 1465 1614 veniale
1488 1561 1727 1614 delictum
1754 1570 1847 1613 est.
1876 1558 1896 1631 ]
1924 1559 1979 1614 Si
2012 1574 2112 1627 po-

548 1672 645 1711 nas
672 1672 733 1712 ea
760 1663 1091 1710 sacramenta
1121 1667 1238 1707 esse
1274 1652 1571 1705 necessaria
1601 1649 1667 1703 ad
1695 1649 1943 1716 salutem,
1978 1662 2111 1716 quo-

2200 489 2346 548 gnet;
2375 492 2541 529 nonne
2580 476 2665 528 ubi
2703 475 2853 544 fuerit
2896 471 3275 538 deprehensus,,
3297 468 3389 521 ille
3418 469 3638 536 signatus
3670 487 3747 537 prs

2201 569 2450 622 desertore
2486 567 2717 633 punitur,
2748 575 2793 617 et
2834 580 2891 617 eo
2930 565 3130 633 gravius
3164 577 3268 632 quo
3300 560 3518 630 'probari
3562 566 3747 619 potuerit

2201 673 2458 726 nunquam
2485 658 2689 710 omnino
2711 654 2973 715 militasse,
3002 654 3153 705 simul
3173 668 3350 705 secum
3381 654 3576 719 punito,
3600 655 3640 707 si
3657 670 3747 708 eum

2202 748 2516 818 prodiderit,
2550 746 2889 798 audacissimo
2914 746 3183 814 signatore,
3207 740 3344 812 etc.]
3374 742 3575 796 Alludit
3591 744 3651 798 ad
3675 746 3749 799 Sti~

2203 846 2374 906 gmata
2420 836 2703 899 militaria’,
2745 834 2812 887 de
2851 834 3040 902 quibus
3082 831 3201 885 vide
3243 832 3385 900 Hug.
3427 831 3656 886 Grotium
3697 835 3750 887 ad

2204 927 2322 981 Gal.
2352 941 2435 991 Vl,
2478 926 2527 978 7.
2564 925 2675 978 Lex
2700 923 2763 988 4,
2794 923 2883 978 lib.
2916 939 2977 984 ι,
3016 923 3097 975 tit.
3125 921 3184 974 21
3217 960 3232 998 ε
3281 922 3337 974 in
3376 921 3560 976 codice
3596 923 3749 978 Theo-

2205 1019 2427 1073 dosiano
2461 1036 2474 1072 :
2509 1019 2791 1088 Stigmata,
2835 1018 2929 1068 hoc
2968 1024 3068 1078 est,
3111 1022 3233 1067 nota
3285 1014 3489 1084 publica
3530 1014 3749 1081 fabricen-

2206 1110 2337 1163 sium
2367 1109 2605 1170 brachiis,
2636 1108 2701 1161 ad
2731 1108 3063 1159 imitationem
3108 1106 3337 1157 tironum
3365 1104 3634 1175 iri/ligatur,
3662 1114 3750 1161 etc.

2208 1201 2288 1257 Ad
2317 1215 2475 1270 quem
2510 1200 2681 1256 locum
2712 1199 2827 1268 lege
2868 1197 3319 1252 commentarium
3354 1196 3535 1252 Jacobi
3563 1197 3745 1253 Gotho-

2210 1292 2365 1349 fredi.
2912 1276 2926 1287 ’

2679 1377 3328 1434 ANIMADVERSIONES

2372 1488 2423 1526 IN
2454 1484 2631 1526 LIBROS
2661 1487 2725 1524 DE
2758 1482 3009 1523 ΒΑιιτιςμο
3038 1482 3249 1521 CONTRA
3285 1481 3614 1521 DONATIS'I‘AS.

2284 1564 2446 1619 [λιθιιο
2474 1580 2530 1617 ιι.
2562 1563 2689 1630 Cap.
2715 1563 2767 1628 ’5,
2794 1562 2819 1629 §
2846 1562 2898 1614 4.
2927 1561 3051 1623 Quis
3096 1568 3274 1612 autem
3324 1559 3514 1612 nesciat
3557 1565 3751 1611 sanctam

2218 1654 2540 1724 Scripturam
2565 1653 2857 1705 canonicam
2885 1660 2988 1703 tam
3019 1649 3216 1703 Veteris
3261 1665 3416 1718 quam
3455 1647 3583 1701 Novi
3614 1648 3756 1700 Testa-

548 1748 710 1802 modo
759 1748 914 1815 vulgo
964 1754 1202 1811 tempore
1255 1741 1531 1810 Augustini
1576 1741 1897 1805 sentiebant,
1946 1738 2115 1794 satius
2145 1734 2191 1793 B
2221 1744 2401 1807 menti,
2436 1744 2585 1796 certis
2612 1743 2715 1795 suis
2743 1741 2967 1795 terminis
2996 1740 3279 1805 contineri,
3330 1753 3535 1808 eamque
3566 1739 3757 1790 omailm

550 1839 787 1909 profecto
810 1845 894 1891 est
927 1851 989 1890 ea
1013 1851 1041 1888 a
1073 1835 1221 1888 laicis
1242 1832 1621 1898 adminiSIrari,
1650 1842 1704 1887 et
1742 1839 1858 1885 rata
1888 1828 2117 1895 censeri,

550 1946 730 1998 quam,
761 1938 815 1983 ut
840 1928 1053 1996 quidam
1078 1926 1165 1995 qui
1195 1924 1385 1978 similia
1414 1924 1668 1987 sentiunt,
1701 1922 1837 1976 velle
1878 1920 2120 1974 homines

552 2024 728 2092 potius
750 2022 944 2091 perire.
968 2020 1069 2074 Sed
1103 2018 1275 2073 neutri
1300 2016 1579 2071 ostendere
1605 2024 1800 2083 queant
1820 2027 1881 2067 ea
1909 2025 2028 2066 esse
2056 2010 2121 2061 ad

555 2113 779 2167 salutem
812 2110 1130 2165 necessaria.
1164 2109 1299 2162 Vide
1327 2108 1754 2161 dissertationem
1786 2103 1921 2169 Hug.
1952 2099 2122 2155 Grotii

552 2203 624 2257 de
646 2203 824 2257 Coena:
844 2200 1303 2254 administratione
1332 2196 1420 2249 ubi
1465 2206 1709 2265 pastores
1739 2207 1843 2245 non
1875 2199 2016 2253 sunt,
2045 2198 2123 2242 at-

555 2308 659 2360 que
705 2293 768 2344 ad
824 2306 939 2344 eam
994 2286 1481 2342 animadversiones
1533 2282 1774 2352 Dionysii
1823 2280 2023 2340 Petavii
2070 2286 2123 2332 et

555 2382 769 2437 llenrici
801 2379 1076 2433 Dudwelli.

628 2473 758 2526 Ibid.
792 2471 968 2540 Neque
996 2469 1100 2522 u'lo
1126 2468 1271 2520 modo
1300 2484 1388 2535 per
1409 2467 1641 2519 devotum
1671 2466 1900 2527 militem,
1932 2462 2065 2531 quod
2091 2478 2123 2513 a

558 2564 763 2619 nriratis
784 2570 1082 2629 usurpatum
1112 2568 1205 2623 est,
1234 2560 1433 2627 signum
1455 2558 1623 2627 regale
1655 2551 1977 2623 riolabitur.]
2002 2552 2124 2606 Haec

559 2656 722 2711 verba
766 2653 1046 2708 illustravit
1084 2650 1364 2719 Dionysius
1412 2648 1655 2700 Petavius
1687 2642 2123 2698 Animadversio-

562 2765 687 2803 num
731 2748 783 2801 in
827 2744 1181 2815 Epiphaniam
1231 2756 1350 2809 pag.
1398 2740 1487 2802 78,
1521 2737 1587 2790 ad
1632 2725 1822 2791 haeres.
1852 2735 1941 2799 42,
1988 2733 2127 2786 unde

559 2854 681 2906 quae
711 2838 811 2892 huc
842 2836 1042 2890 faciunt
1081 2834 1471 2897 depromemus.
1519 2829 1613 2880 Est
1651 2830 1948 2881 καθοσιώσαι
1987 2824 2129 2878 idem

562 2945 623 2984 ac
672 2943 982 2993 consecrare,
1033 2924 1221 2976 dicare.
1274 2920 1408 2972 llinc
1458 2919 1761 2974 καθοσίωσις
1812 2914 2027 2975 devotio,
2075 2920 2129 2965 et

562 3020 942 3090 καθωσιωμένος
985 3018 1189 3068 devotus
1215 3050 1231 3076 ,
1277 3024 1659 3062 consecraneus.
1699 3006 1882 3084 Quare
1929 3003 2017 3071 qui
2068 3017 2127 3057 se

2222 1835 2580 1904 posterioribus
2608 1833 2953 1902 episcOporum
3001 1830 3181 1883 litteris
3226 1830 3309 1882 ita
3346 1829 3597 1899 praeponi,
3621 1837 3669 1880 ut
3709 1826 3759 1877 de

2219 1927 2311 1979 illa
2357 1927 2559 1978 omnino
2604 1922 2820 1975 dubitari
2861 1931 2907 1974 et
2950 1919 3224 1987 disceptari
3257 1934 3363 1972 non
3401 1919 3581 1987 possit,
3618 1926 3758 1969 utrum

2220 2031 2418 2081 verum,
2444 2014 2520 2068 vel
2545 2022 2709 2066 utrum
2739 2020 2926 2065 rectum
2954 2011 3053 2079 sit,
3082 2008 3343 2077 quidquid
3372 2008 3427 2061 in
3464 2022 3523 2059 ea
3549 2006 3759 2071 scriptum

2221 2123 2329 2159 esse
2356 2104 2631 2159 constiterit
2645 2100 2691 2172 ?]
2717 2101 2856 2157 Nihil
2884 2100 3085 2166 verius,
3117 2114 3217 2154 nec
3250 2099 3322 2153 ab
3362 2098 3472 2154 ullo
3498 2096 3761 2152 Christiano

2222 2197 2275 2250 in
2305 2193 2716 2250 controversiam
2763 2191 3002 2245 revocari
3047 2191 3244 2259 potuit.
3293 2188 3401 2244 Sed
3429 2196 3483 2243 et
3523 2186 3759 2256 sequentia

2222 2295 2342 2340 sunt
2383 2298 2573 2349 aurea,
2607 2292 2661 2336 et
2704 2282 2862 2350 digna
2906 2294 3022 2349 quae
3068 2287 3340 2349 perpetuo
3385 2281 3448 2335 iis
3491 2277 3760 2333 occinantur

2221 2375 2307 2444 qui
2346 2390 2515 2443 usque
2544 2373 2677 2427 adeo
2712 2371 2991 2440 Augustini
3035 2370 3360 2427 auctoritate
3409 2369 3676 2423 abutuntur
3713 2372 3757 2418 ut

2223 2463 2383 2517 velint
2413 2476 2511 2516 nos
2539 2462 2587 2516 ei
2634 2461 2812 2530 potius
2860 2459 3083 2514 credere
3128 2474 3298 2527 quam
3345 2468 3506 2513 recta:
3554 2452 3756 2509 rationi:

2224 2555 2571 2621 episcoporum
2617 2558 2785 2603 autem
2813 2550 3031 2613 litteras,
3079 2547 3292 2617 inquit,
3325 2563 3437 2616 quae
3472 2555 3577 2615 post
3609 2542 3762 2610 con/ir-

2225 2653 2412 2695 matum
2450 2654 2691 2692 canonem
2735 2638 2812 2691 vel
2850 2636 3051 2706 scriptte
3086 2646 3235 2699 sunt,
3285 2636 3367 2689 vel
3412 2633 3694 2693 scribuntur,
3726 2637 3762 2681 et

2229 2748 2316 2800 per
2343 2746 2617 2785 sermonem
2648 2731 2780 2799 forte
2805 2729 3157 2798 sapientiorem
3185 2727 3461 2797 cujuslibet
3489 2727 3540 2778 in
3556 2738 3610 2777 ea
3629 2737 3677 2774 re
3697 2736 3762 2789 pe-

2227 2824 2443 2887 ritioris,
2473 2830 2517 2874 et
2556 2837 2644 2889 per
2673 2821 2890 2872 aliorum
2923 2818 3277 2887 episcOporum
3309 2818 3591 2890 graviorum
3624 2821 3762 2865 aucto-

2227 2916 2425 2967 ritatem
2471 2912 2842 2978 doctioremque
2883 2907 3234 2977 prudentiam,
3280 2917 3332 2963 et
3367 2922 3455 2975 per
3484 2902 3682 2959 concilia
3710 2897 3761 2952 li-

2229 3017 2341 3054 cere
2380 2998 2676 3070 reprehrndi
2700 3000 2742 3052 si
2767 2997 2887 3066 quid
2917 2997 2971 3049 in
3000 2996 3063 3049 iis
3092 2996 3220 3065 forte
3245 3012 3280 3049 α
3311 2996 3517 3050 veritate
3545 2990 3761 3044 devictum

567 3072 1138 3176 principi‘devovebant
1162 3115 1223 3153 ac
1244 3098 1499 3165 religione
1521 3070 2126 3163 aliquaiconsccrabant,
2154 3070 2198 3133 (ἶ
2232 3094 2342 3147 est?
2372 3092 2599 3158 Optime,
2639 3104 2761 3143 nam
2811 3086 3076 3155 episcopis
3118 3096 3208 3155 aut
3252 3088 3379 3141 aliis
3428 3077 3763 3140 ecclesiasucis
3858 3108 3859 3171 ἐ

563 3198 936 3266 καθωσιωμένοι
978 3193 1309 3255 dicebantur,
1361 3198 1417 3242 ut
1458 3187 1673 3241 milites.
1707 3178 2034 3253 Capitolinus
2076 3186 2128 3238 in

564 3287 848 3344 Maximino
877 3302 889 3337 :
914 3282 1278 3336 commilitones
1299 3279 1505 3337 sacrati,
1535 3278 1638 3329 imo
1656 3292 1770 3329 vero
1789 3274 2128 3327 consecranei.

565 3377 836 3447 Ejusmodi
874 3377 1019 3428 ruere
1060 3370 1327 3427 Gallorum
1366 3376 1603 3423 veterum
1646 3366 1829 3433 devoti,
1884 3380 2009 3430 quos
2052 3363 2130 3417 illi

563 3468 818 3525 soldurios
846 3463 1190 3536 appellabant,
1221 3460 1292 3513 ait
1320 3459 1497 3514 Caesar
1520 3457 1614 3511 lib.
1646 3473 1660 3511 ι
1708 3456 2133 3510 Commentario-

566 3579 705 3625 rum,
735 3560 835 3614 hoc
862 3566 939 3613 est
967 3555 1361 3623 καθωσιωμένοι,
1384 3550 1525 3619 quod
1557 3548 1730 3618 aptius
1760 3547 1888 3601 mihi
1916 3546 2131 3601 videtur

564 3667 721 3721 quam
769 3646 905 3718 quod
950 3644 1167 3699 Graecus
1205 3642 1468 3710 interpres
1500 3638 1750 3703 reddidit,
1802 3637 2126 3705 συνωμόταιζ

566 3740 773 3796 tametsi
802 3738 938 3793 idem
967 3736 1076 3790 lere
1105 3743 1185 3787 est
1214 3732 1333 3802 quia
1358 3730 1420 3785 ad
1439 3727 1808 3797 jusjurandum
1827 3725 1963 3795 adigi
1991 3726 2131 3780 sole-

566 3836 712 3886 bant.
759 3827 1035 3897 Egregium
1082 3834 1171 3883 τῆς
1221 3824 1585 3880 substantiam;
1626 3817 1923 3885 exemplum
1971 3815 2133 3870 refert

568 3923 664 3975 Dio
691 3920 781 3973 lib.
810 3932 921 3981 Llll,
949 3916 1013 3968 ad
1043 3928 1238 3967 annum
1260 3911 1417 3966 Urbis
1439 3911 1561 3976 725,
1588 3910 1671 3963 ubi
1706 3907 1920 3963 Sextum
1948 3920 2132 3975 quem-

567 4011 684 4062 dam
738 4008 1018 4062 Pacuvium
1053 4005 1134 4057 vel
1172 4001 1426 4070 Apadium
1472 4001 1735 4054 tribunum
1766 3998 1932 4067 plebis
1954 4004 2135 4050 narrat

568 4096 910 4164 semetipsum
962 4095 1197 4161 Augusto
1227 4093 1277 4145 in
1314 4101 1497 4144 senatu
1547 4091 1850 4153 devovisse,
1884 4087 2131 4156 idemque

567 4198 626 4242 nt
674 4188 760 4241 alii
791 4193 1063 4239 senatores
1094 4182 1325 4237 lacerent
1346 4191 1613 4236 auctorem
1635 4180 1826 4243 fuisse;
1858 4180 1909 4231 ὲν
1937 4184 2007 4245 τῷ
2032 4179 2134 4249 γὰρ

569 4280 814 4354 συνεδρίῳ
831 4298 881 4333 τε
907 4277 1084 4330 ἑαυτὸν
1111 4276 1155 4327 oi
1174 4277 1257 4328 τὸν
1284 4282 1380 4328 τῶν
1396 4273 1596 4346 Ἰϐήρων
1608 4270 1794 4343 τρόπον
1816 4268 2130 4329 καθωσίωσε,

568 4374 650 4425 καὶ
677 4378 781 4429 τοῖς
812 4366 970 4425 ἄλλοις
995 4364 1322 4419 συνεϐούλευε
1349 4369 1498 4415 τοῦτο
1527 4367 1751 4416 ποιῆσαι.
1773 4356 1877 4412 Sed
1898 4358 2133 4424 Augusto

570 4458 912 4521 reclamante,
964 4456 1209 4507 tribunus
1254 4449 1421 4517 plebis
1465 4448 1743 4515 prosiliens
1770 4446 1836 4500 ad
1878 4436 2128 4513 populum

570 4552 753 4604 obvios
780 4560 1017 4614 quosque
1046 4559 1107 4596 ac
1127 4551 1347 4595 caeteros
1378 4538 1567 4591 deinde
1594 4538 1741 4591 cives
1762 4535 1938 4603 coegit
1962 4536 2130 4587 καθιε·

569 4648 735 4717 ρῶσαι
755 4641 889 4710 ἀφῶς
906 4635 989 4705 [Ρ.
1016 4631 1283 4703 ἅφνωςιτῷ
1308 4625 1595 4698 Αὐγούστῳ.
1624 4625 1704 4694 ἀφ’
1731 4621 1890 4698 οὗπερ
1918 4625 2005 4676 καί
2026 4629 2129 4686 νῦν,

570 4730 961 4806 προτρεπόμενοι
1012 4724 1096 4777 τὸν
1131 4726 1434 4790 κρατοῦντα,
1463 4717 1618 4787 λέγειν
1662 4715 1895 4783 εἰώθαμεν
1935 4709 2013 4766 ὅτι
2057 4734 2136 4767 τοι

572 4802 947 4891 κᾷοωᾷιώμεθα.
976 4815 1110 4869 Hinc
1135 4810 1519 4881 καθωσιωμὲνων
1546 4802 1827 4873 appellatio
1852 4806 2135 4863 ἐπιθετικῶς

572 4926 638 4965 ex
670 4890 889 4963 formula
915 4906 1179 4975 plerisque
1201 4896 1558 4967 imperialibus
1584 4891 1770 4947 officiis
1791 4905 1852 4945 ac
1877 4890 2139 4955 ministris

572 5000 855 5063 attributa;
883 4999 1131 5061 maxime,
1162 4994 1235 5048 uti
1264 4994 1461 5046 dictum
1487 4997 1589 5054 est,
1609 4985 1942 5041 militaribus.
1969 4982 2136 5047 Quam

574 5092 627 5143 in
660 5104 773 5141 rem
805 5088 1009 5156 profert
1039 5088 1178 5140 hunc
1204 5082 1484 5153 Augustini
1517 5081 1710 5142 locum,
1739 5077 1946 5145 aliaque
1973 5074 2139 5138 addit,

574 5194 692 5249 qua:
714 5190 817 5231 non
847 5174 1167 5229 exscribam.
1198 5173 1423 5227 Monebo
1448 5180 1649 5224 tantum
1680 5169 1854 5222 locum
1883 5179 2036 5234 quem
2060 5162 2140 5216 ci-

576 5281 652 5327 tat
677 5284 745 5325 ex
768 5264 1087 5335 Capitolino,
1121 5276 1225 5315 non
1257 5271 1468 5316 exstare
1494 5263 1545 5315 in
1584 5261 1689 5313 vita
1728 5253 2018 5316 Maximini,
2049 5250 2142 5305 sed

579 5372 630 5420 i‘u
664 5365 821 5419 trium
864 5354 1269 5416 Gordianorum,
1305 5352 1393 5406 ubi
1434 5356 1608 5404 exstat
1647 5346 1819 5401 oratio
1848 5340 2141 5399 Maximini.

578 5458 677 5512 Adi
700 5462 754 5511 et
780 5446 1105 5508 Glossarium
1133 5442 1399 5497 nomicum
1422 5440 1535 5495 Jac.
1569 5434 1901 5501 Gothofredi,
1928 5431 1991 5485 ad
2022 5429 2141 5484 cod.

582 5544 1033 5599 l‘heodosianum.
1192 5590 1193 5593 η

648 5630 781 5688 Ibid.
806 5628 865 5685 Si
904 5627 1197 5697 quisquam,
1225 5621 1325 5678 sive
1371 5619 1593 5675 desertor
1629 5616 1731 5672 sive
1769 5613 1855 5680 qui
1890 5624 2144 5674 nunquam

2239 3181 2617 3250 scriptoribus,
2674 3186 2794 3248 post
2841 3176 3201 3246 apostolorum
3254 3184 3534 3243 tempora,
3582 3167 3763 3223 minimo

2237 3273 2391 3327 datus
2414 3280 2496 3326 est
2520 3270 2749 3338 Spiritus
2772 3268 2855 3335 qui
2879 3282 2963 3319 eos
2987 3267 3187 3319 duceret
3208 3266 3262 3318 in
3291 3278 3488 3319 omnem
3509 3260 3760 3338 veritam;

2233 3377 2332 3417 nec
2367 3375 2495 3414 sane
2527 3359 2739 3413 aeternis
2784 3363 2942 3410 rectae
2986 3354 3205 3408 rationis
3227 3354 3455 3424 legibus,
3498 3360 3552 3405 et
3578 3336 3763 3401 canoni-

2237 3450 2338 3505 bus
2362 3448 2544 3517 logicis
2574 3461 2635 3502 ac
2660 3442 3040 3515 grammaticis,
3069 3443 3261 3512 quibus
3288 3453 3478 3497 omnes
3505 3437 3590 3491 alii
3615 3430 3761 3497 subj:-

2239 3548 2363 3594 cent
2401 3538 2687 3605 Scriptura:
2732 3535 3082 3601 interpretes,
3128 3532 3275 3587 fuere
3314 3526 3573 3585 subtracti
3598 3537 3624 3576 a
3654 3521 3758 3573 Deo.

2235 3629 2395 3698 Igitur
2415 3626 2459 3680 si
2483 3628 2535 3678 in
2562 3625 2675 3677 haec
2709 3629 2954 3692 peccant,
2986 3620 3258 3690 ignoscere
3284 3618 3498 3688 quidem
3525 3613 3601 3667 eis
3629 3607 3765 3661 debe-

2231 3731 2367 3783 mus,
2396 3725 2452 3769 at
2491 3729 2594 3767 non
2641 3712 2917 3774 assentiri;
2956 3710 3057 3764 nisi
3102 3710 3376 3762 hominum
3422 3701 3767 3758 auctoritatem
3858 3704 3859 3707 ‘

2234 3809 2578 3880 praeferamus
2614 3804 2858 3865 veritati;
2896 3817 3001 3871 quo
3044 3800 3254 3855 stultius
3294 3808 3356 3850 a'c
3399 3793 3628 3862 nequius
3663 3783 3767 3841 nihil

2230 3876 2343 3953 fieri
2376 3904 2567 3966 potest.
2610 3892 2769 3946 Addit
2813 3889 3129 3960 Augustinus
3161 3888 3213 3942 in
3264 3882 3617 3954 sequentibus
3660 3876 3772 3943 ejus-

2231 3989 2351 4044 dem
2382 3986 2582 4056 periodi
2611 3983 2816 4047 verbis;
2859 3992 2903 4036 et
2931 3984 3039 4050 ipsa
3063 3980 3278 4032 concilia
3312 3989 3434 4048 qua:
3461 3988 3550 4041 per
3580 3966 3778 4039 singulas

2231 4083 2460 4151 regiones
2490 4078 2565 4131 vel
2597 4074 2879 4146 provincias
2905 4072 3031 4141 ﬁunt
3050 4109 3063 4134 ,
3093 4070 3449 4140 plenarioretm
3476 4060 3773 4135 conciliorum

2234 4150 2560 4233 auctoritati,
2606 4181 2718 4237 qua:
2762 4164 2887 4232 ﬁunt
2928 4178 2989 4215 ea:
3035 4160 3266 4213 universo
3312 4156 3433 4211 orbe
3478 4150 3763 4208 Christiano,

2234 4266 2343 4318 sine
2383 4262 2500 4314 ullis
2544 4257 2837 4328 ambagibus
2886 4255 3092 4313 cedere;
3136 4252 3344 4321 ipsaque
3388 4242 3615 4311 pleuaria
3658 4247 3766 4328 8a!th

2239 4356 2412 4414 priora
2441 4348 2793 4419 posterioribus
2821 4343 3106 4403 emendari;
3128 4356 3241 4393 cum
3264 4340 3434 4409 aliquo
3463 4320 3765 4419 experimento

2235 4463 2400 4505 rerum
2428 4442 2650 4511 aperitur
2677 4439 2808 4506 quod
2837 4438 3065 4489 clausum
3091 4441 3227 4497 erat,
3255 4442 3297 4483 et
3328 4424 3637 4498 cognoscitur
3655 4408 3763 4511 φιῗά

2239 4498 2420 4589 latebat
2496 4531 2604 4583 sine
2631 4498 2735 4579 ullo
2764 4526 2918 4594 typho
2945 4522 3204 4589 sacrilega:
3230 4517 3498 4584 superbire,
3538 4511 3657 4594 sine
3678 4498 3763 4594 tilla

2237 4626 2412 4691 inﬂata
2449 4618 2636 4672 cervice
2665 4612 2990 4680 arrogantiae,
3019 4611 3127 4662 sine
3157 4608 3263 4660 ulla
3293 4601 3600 4658 contentione
3626 4585 3763 4691 lioldw

2241 4712 2469 4772 incidite,
2501 4722 2614 4760 cum
2652 4712 2822 4756 sancta
2854 4700 3156 4762 humilitate,
3199 4712 3312 4749 cum
3358 4708 3480 4763 pace
3524 4676 3761 4772 €01h0’_5‘“v

2237 4818 2352 4857 cum
2399 4799 2609 4852 caritate
2636 4790 2962 4847 Christiana?
2994 4789 3090 4842 Hic
3121 4784 3313 4840 desinit
3361 4788 3551 4851 praeter
3581 4765 3761 4826 modum

2240 4889 2495 4960 produCta
2522 4882 2786 4953 periodus.
2818 4880 2890 4931 Ex
2922 4874 3207 4945 postremis
3230 4871 3409 4926 verbis
3439 4868 3596 4934 liquet
3621 4857 3764 4960 ηοαιις

2243 4938 2582 5050 provincialia
2602 5014 2617 5041 ,
2646 4986 2813 5040 neque
2841 4938 3071 5038 plenaria
3097 4964 3318 5019 concilia
3343 4960 3520 5014 habita
3548 4938 3760 5050 fuit???

2245 5030 2538 5137 Augustino
2565 5060 2761 5117 erroris
2806 5057 3042 5125 periculo
3087 5060 3332 5119 exempta
3375 5030 3758 5137 quandi-)q'uidﬂetnl

2251 5106 2322 5123 ηε.
2366 5106 2537 5121 ...,......
2567 5106 2759 5117 νην.--
2808 5106 3031 5125 ruﬁ“-
3097 5106 3131 5107 η
3244 5106 3259 5119 _
3392 5106 3409 5118 ,

2251 5111 2425 5227 ρι’ἰῗπει
2456 5168 2484 5205 a
2516 5146 2895 5219 posterioribus
2925 5140 3193 5197 emendari
3222 5151 3377 5207 posse
3405 5106 3758 5227 censebat.

2253 5194 2529 5317 praetereal
2554 5240 2659 5292 duo
2704 5236 2789 5290 hic
2818 5241 2942 5289 sunt
2968 5229 3315 5286 observanda.
3358 5227 3583 5280 Alterum
3617 5194 3759 5317 εει.ἶά

2257 5301 2713 5400 investigationem
2752 5325 2897 5388 veri,
2928 5324 2982 5375 in
3011 5337 3068 5375 re
3096 5316 3393 5389 praesertim
3422 5313 3655 5367 obscura,

2257 5374 2713 5400 ...ινπ-ομ--ν-ηω
2765 5374 2897 5388 ηρ.
2932 5374 2961 5375 η
3016 5374 3059 5375 η
3099 5374 3113 5389 .
3686 5382 3694 5392 ,
3732 5378 3738 5386 .

2255 5426 2532 5492 decunque
2564 5434 2626 5474 ea
2656 5414 2951 5471 obscuritas
2991 5412 3212 5475 oriatur,
3242 5400 3615 5481 multitudinem
3654 5374 3757 5492 ﬁt“)!

2256 5478 2461 5576 facere:
2479 5508 2572 5564 sed
2603 5513 2805 5560 tantum
2834 5502 3073 5573 peritiam
3101 5478 3285 5553 eorum
3309 5499 3397 5566 qui
3426 5478 3758 5576 congregantur

2256 5613 2310 5660 et
2335 5601 2638 5658 candorem.
2663 5596 2718 5653 Si
2747 5592 2876 5649 mihi
2920 5588 3147 5658 exempli
3176 5600 3335 5643 causa
3378 5590 3552 5640 omnes
3577 5566 3755 5626 omnino
