3900 6326
142 335 223 392 553

767 325 1120 389 VARIORUM
1153 327 1738 384 EXERCITATlONES
1777 327 1842 382 IN
1880 327 1937 382 S.
1981 325 2346 383 AUCUSTINI
2387 326 2634 383 OPERA.

3246 331 3348 386 δῖνα

145 449 302 504 Africae
325 445 453 513 episc
471 453 601 510 opos
625 453 999 510 congregzrsses
1023 442 1088 496 ad
1110 442 1363 512 judicium
1393 442 1668 498 ferendum
1701 446 1750 504 Α
1776 443 2038 496 cusatricis
2067 443 2366 496 discretione
2391 459 2637 510 personm,
2673 443 2971 510 facultatum
3010 444 3345 514 publicatione

153 541 207 592 de
230 547 368 590 sensu
393 533 490 586 loci
522 530 724 585 Veteris
763 541 853 584 aut
879 529 1008 584 Novi
1040 531 1365 588 Testamenti
1389 573 1404 596 ,
1445 547 1668 601 quorum

152 626 300 680 nullus
326 621 570 676 Hebraice
597 621 828 686 sciebat,
858 628 912 674 et
942 623 1186 689 perpauci
1217 622 1401 676 Graece
1449 629 1669 689 norant,

153 718 314 784 ingens
342 713 419 766 illa
463 710 825 779 imperitorum
865 711 1148 765 multitudo
1189 710 1417 779 ineptior
1447 720 1563 765 erat
1607 711 1674 764 ad

149 815 276 861 recte
314 801 647 872 judicandum
688 815 844 869 quam
875 800 957 855 vir
985 816 1121 855 unus
1159 802 1361 870 peritus
1405 803 1678 870 utriusque

151 896 349 963 linguae,
401 891 625 958 exempli
678 905 872 956 causa,
922 905 1076 959 quam
1127 891 1272 945 solus
1325 890 1678 960 Hieronymus

149 982 502 1046 Stridonensis,
535 981 774 1048 quamvis
807 989 950 1035 tanta
978 996 1084 1034 non
1126 981 1283 1036 fuerit
1328 981 1440 1050 ejus
1470 981 1676 1049 peritia,

150 1090 284 1145 quam
312 1074 461 1142 vulgo
509 1081 739 1140 putatur.
786 1072 916 1137 Quis
960 1072 1361 1129 dubitet.etiam
1409 1073 1681 1141 superiore

148 1166 322 1221 saeculo
349 1179 450 1218 xvu
493 1179 653 1217 unum
704 1163 839 1232 Hug.
881 1162 1154 1230 Crotium,
1187 1171 1278 1217 aut
1320 1178 1480 1217 unum
1515 1163 1678 1233 rJoan.

146 1255 398 1317 Drusium,
456 1252 653 1306 rectius
705 1251 940 1319 potuisse
993 1252 1320 1320 Scriptuiam
1373 1251 1580 1306 Veteris
1629 1263 1682 1307 et

143 1346 255 1400 Novi
281 1343 596 1399 Testamenti
641 1343 979 1412 interpretari
1021 1358 1177 1413 quam
1219 1358 1404 1398 omnes
1433 1344 1592 1397 italia:
1622 1358 1683 1397 ac

146 1435 382 1505 lispania:
437 1436 717 1503 episcopos
763 1435 920 1489 simul
962 1436 1132 1504 capita
1171 1437 1544 1491 conferentes?
1582 1436 1683 1506 lgi-

145 1537 217 1580 tur
256 1525 356 1578 sint
401 1524 640 1593 plenaria
680 1525 936 1591 concilia,
974 1534 1065 1578 aut
1113 1526 1288 1578 minus
1338 1526 1521 1593 plena,
1552 1526 1682 1580 mihi

141 1613 336 1682 perinde
361 1613 496 1678 erit,
529 1614 594 1666 ad
626 1627 775 1682 spem
807 1614 1139 1668 invenienda:
1171 1615 1411 1668 veritatis
1440 1614 1577 1683 quod
1607 1624 1686 1668 at-

141 1705 281 1768 tinet;
314 1717 409 1758 nec
436 1703 698 1772 imperius.
724 1704 1082 1771 multitudini,
1117 1719 1214 1773 pro
1240 1704 1462 1773 imperio
1484 1706 1683 1775 aliquid

1776 535 2114 597 nudarentur,
2135 541 2180 585 et
2199 533 2523 586 irrevocabile
2539 542 2832 602 paterentur
2847 534 3098 587 exsilium.
3119 534 3236 587 Fuit
3259 533 3351 587 dif-

1777 625 1970 679 ﬁcilior
1989 624 2353 677 controversia
2371 622 2484 677 haec
2501 638 2658 692 quam
2683 624 3068 693 intelligeretur
3086 622 3152 676 ab
3175 623 3354 676 Hono-

1778 716 1880 778 rio,
1901 715 2116 768 homine
2137 714 2350 782 stupido
2367 723 2419 768 et
2440 730 2503 768 ex
2527 714 2715 769 alienis
2739 714 2972 769 consiliis
2991 727 3203 782 semper
3224 727 3353 780 pen-

1779 802 1959 866 dente,
1983 801 2203 869 ejusque
2233 801 2420 855 aulicis
2454 803 2666 871 quidvis
2691 802 2831 856 aliud
2861 803 3170 855 curantibus
3193 817 3350 869 quam

1779 906 1954 946 rerum
1999 890 2256 960 ejusmodi
2300 893 2658 960 cognitionem
2709 891 2967 961 adipisci;
3018 906 3116 945 nec
3161 901 3352 961 potue-

1782 991 1906 1036 runt
1931 995 1989 1036 se
2037 982 2249 1035 lictores
2281 983 2520 1050 praebere
2562 983 2809 1035 Afrorum
2851 981 3196 1034 conciliorum
3240 982 3355 1034 sine

1785 1072 2016 1125 maxima
2063 1070 2437 1139 imprudentia.
2482 1074 2558 1124 Ac
2606 1086 2733 1125 sane
2778 1080 2832 1126 et
2881 1071 2972 1124 illo
3020 1080 3261 1139 tempore
3302 1079 3356 1123 et

1785 1171 1999 1232 postea,
2035 1175 2126 1230 per
2168 1169 2338 1215 totum
2366 1161 2639 1215 Orientem
2661 1170 2730 1232 et
2760 1160 3135 1224 Occidentem,
3177 1160 3356 1227 plures

1786 1258 1944 1310 locuti
1976 1263 2101 1310 sunt
2127 1263 2179 1309 et
2205 1262 2492 1309 senserunt
2519 1268 2642 1306 cum
2677 1253 2888 1321 Pelagio
2915 1268 3070 1321 quam
3099 1267 3218 1305 cum
3250 1253 3356 1304 Au-

1785 1347 2019 1417 guslino,
2049 1359 2230 1414 quem,
2263 1343 2417 1398 fama:
2443 1356 2602 1397 causa
2625 1383 2638 1408 ,
2673 1341 3082 1408 reverebantur,
3116 1342 3356 1410 quamvis

1785 1439 1852 1493 ab
1881 1453 1946 1493 eo
1979 1438 2338 1492 dissentirent.

1854 1527 1982 1596 Cap.
2012 1527 2074 1593 4,
2108 1527 2135 1597 §
2165 1529 2218 1582 5.
2254 1527 2364 1581 Hoc
2393 1529 2517 1596 facit
2559 1529 2751 1580 sanitas
2794 1526 2955 1596 pacis,
2985 1533 3041 1578 ut
3085 1541 3198 1577 cum
3237 1525 3356 1578 diu-

1787 1620 1888 1671 tius
1917 1618 2087 1687 aliqua
2117 1618 2408 1670 obscuriora
2439 1625 2755 1684 quieruntur,
2779 1625 2825 1668 et
2848 1625 3051 1684 propter
3072 1615 3164 1665 inv.
3185 1614 3358 1665 niendi

1789 1711 2129 1780 di/jicultatem
2156 1709 2377 1763 diversas
2407 1710 2610 1778 pariunt
2639 1709 2691 1760 in
2717 1710 2944 1777 fraterna
2987 1705 3357 1770 disceptatione

141 1793 423 1861 deﬁcienti,
469 1803 525 1848 et
573 1794 910 1848 anathemata
958 1796 1251 1862 minitanti,
1297 1810 1398 1851 nec
1452 1798 1684 1853 rationes
1715 1801 1762 1860 B
1787 1802 2078 1865 sententias,
2111 1801 2268 1854 donec
2305 1800 2372 1852 ad
2397 1815 2567 1852 verum
2608 1799 2856 1866 liquidum
2885 1796 3224 1864 perveniatur,
3249 1795 3358 1847 vin-

139 1885 274 1951 ullas,
300 1894 387 1940 aut
417 1900 509 1941 eas
533 1900 746 1954 pravas,
778 1900 888 1941 sua:
918 1885 1244 1942 deﬁnitionis
1272 1887 1545 1952 efferenti,
1575 1906 1687 1943 ma-

137 1977 204 2043 gis
238 1977 475 2044 credam,
506 1990 665 2044 quam
696 1977 967 2045 pauculis,
1012 1985 1102 2030 aut
1141 1979 1251 2032 uni.
1299 1977 1407 2033 lmo
1441 1989 1566 2032 vero
1594 1981 1684 2034 uni

138 2067 238 2121 viro
265 2066 418 2122 docto
465 2076 776 2138 argumenta
804 2067 953 2122 ﬁrma
987 2067 1280 2136 proferenti
1321 2069 1575 2125 continuo
1601 2085 1688 2126 as-

136 2158 330 2222 sentiar,
366 2173 485 2212 cum
538 2173 601 2213 ea
654 2158 1006 2224 intellexero,
1053 2172 1150 2212 nec
1195 2160 1529 2215 adversarios
1571 2162 1687 2230 ejus

137 2259 346 2314 unquam
392 2247 707 2302 numerabo.
750 2247 1014 2302 Numerus
1043 2250 1182 2302 enim
1224 2249 1355 2303 nihil
1384 2249 1449 2304 ad
1494 2251 1688 2307 verita-

136 2342 226 2387 tem
252 2333 400 2400 facit,
424 2343 480 2390 et
506 2350 648 2404 saepe
674 2336 834 2390 etiam
863 2351 966 2405 quo
997 2337 1175 2406 plures
1204 2349 1591 2408 congregantur
1620 2340 1685 2394 ad

136 2437 234 2476 eam
260 2424 622 2480 deliniendam
645 2466 660 2491 ,
693 2441 758 2480 eo
785 2427 965 2495 plures
994 2427 1252 2495 imperiti,
1285 2443 1350 2482 eo
1395 2429 1571 2497 plures
1613 2432 1688 2484 fa-

137 2514 268 2568 ctiosi
296 2516 652 2585 colliguntur;
686 2517 776 2586 qui
810 2531 978 2586 neque
1007 2519 1184 2571 sciunt
1213 2518 1337 2585 quid
1370 2520 1439 2572 sit
1467 2535 1683 2589 verum,

136 2619 286 2674 neque
312 2617 581 2676 qua‘runt,
617 2608 711 2661 sed
742 2617 944 2661 tantum
985 2611 1108 2678 quid
1150 2609 1251 2662 sibi
1279 2611 1562 2678 expediat,
1601 2621 1689 2664 aut

137 2697 368 2764 expedire
410 2698 674 2751 videatur.
707 2697 1010 2752 Conventus
1063 2699 1138 2751 illi
1181 2699 1524 2753 ecclesiastici
1567 2710 1692 2753 sunt

137 2786 186 2838 ad
211 2788 444 2842 civilium
488 2802 727 2842 normam
759 2788 1008 2855 formati,
1036 2798 1091 2842 et
1119 2789 1242 2855 quia
1283 2805 1386 2857 quo
1416 2790 1593 2857 plures
1637 2791 1688 2843 in

136 2873 273 2932 hosce
300 2879 661 2944 conveniunt,
689 2893 753 2933 eo
784 2879 955 2946 major
996 2887 1079 2933 est
1125 2894 1310 2934 eorum
1357 2882 1646 2936 auctoritas
1675 2900 1687 2933 :

137 2970 286 3026 simile
309 2973 378 3028 de
421 2973 803 3028 ecclesiasticis
834 2973 1058 3027 cmtibus
1086 2973 1344 3040 judicium
1393 2974 1580 3028 fertur.
1623 2981 1692 3028 At

137 3057 180 3114 in
217 3061 453 3119 civilibus
505 3063 733 3119 coetibus
780 3071 1006 3132 aguntur
1045 3078 1131 3118 res
1171 3063 1236 3116 ad
1281 3064 1481 3119 hancce
1527 3065 1688 3120 vitam

1788 1890 1956 1945 culum
1984 1899 2277 1961 permaneat
2304 1891 2534 1953 unitatis,
2563 1906 2623 1942 ne
2663 1890 2728 1942 in'
2756 1897 2899 1957 parte
2943 1887 3153 1954 praecisa
3194 1902 3358 1939 rema—

1787 1989 1901 2033 neat
1940 1979 2223 2033 insanabile
2249 1978 2432 2032 vulnus
2462 1976 2694 2046 erroris.]
2726 1977 3005 2046 Egregium
3036 1990 3163 2030 sar‘e
3189 1976 3358 2030 moni-

1789 2078 1898 2123 tum
1950 2077 2109 2138 atque
2157 2067 2388 2123 ofﬁcium
2465 2068 2604 2137 quod
2651 2068 2842 2121 merito
2895 2067 3142 2135 exigebat
3180 2081 3209 2119 a
3258 2067 3359 2118 Do-

1789 2159 2026 2226 natistis;
2061 2160 2153 2214 sed
2185 2161 2269 2214 cui
2315 2175 2373 2213 se
2413 2160 2526 2229 ipse
2574 2161 2889 2215 subtrahere
2936 2173 3038 2211 non
3082 2156 3264 2210 debuit
3305 2157 3359 2210 in

1789 2251 1999 2319 negotio
2051 2249 2454 2317 Pelagianismi;
2501 2251 2553 2303 in
2598 2263 2703 2315 quo
2749 2247 2880 2301 nihil
2929 2258 3032 2300 tam
3074 2247 3356 2314 quaesitum

1789 2347 2051 2407 estquam
2088 2348 2142 2392 ut
2165 2339 2524 2407 prmcipitibus
2557 2338 2842 2391 multarum
2875 2337 3199 2406 synodorum
3240 2348 3358 2388 sen-

1788 2432 1965 2486 tentiis
2006 2432 2372 2487 irrevocabilia
2415 2433 2752 2486 anathemata
2775 2473 2790 2497 ,
2838 2446 3108 2499 nunquam
3134 2475 3146 2497 ,
3181 2439 3237 2484 ut
3265 2445 3360 2498 par

1787 2531 1931 2586 erat,
1979 2523 2176 2576 auditis
2236 2523 2524 2587 fratribus,
2581 2524 2910 2578 dicerentur.
2967 2523 3192 2576 Docebit
3248 2521 3360 2576 haec

1788 2610 1940 2663 Joan.
1974 2610 2260 2666 Garnerius
2309 2615 2361 2666 in
2411 2615 2812 2666 enumeratione
2855 2614 3198 2666 conciliorum
3241 2627 3359 2679 qua:

1788 2713 1969 2757 coiitra
2002 2703 2309 2772 Pelagianos
2355 2714 2669 2772 congregata
2712 2714 2853 2756 sunt.
2891 2708 3134 2755 Attamen
3183 2703 3357 2754 faten-

1790 2791 1915 2845 dum
1945 2793 2040 2844 fuit
2071 2807 2181 2846 rem
2213 2806 2352 2857 esse,
2385 2808 2501 2860 qua:
2531 2808 2630 2845 non
2660 2792 2850 2845 medio'
2872 2791 3018 2843 ribus
3045 2799 3245 2844 tantum
3279 2792 3360 2842 iu-

1791 2881 1979 2948 geniis,
2011 2881 2105 2935 sed
2151 2890 2204 2936 et
2248 2880 2699 2949 praestantissimis
2747 2881 3044 2950 quibusque
3091 2881 3359 2948 negotium

1792 2969 2104 3025 incesseret.
2584 2961 2588 2964 Α

1861 3060 1990 3129 Cap.
2027 3062 2077 3128 7,
2112 3060 2139 3131 §
2170 3061 2250 3115 12.
2287 3061 2436 3115 Hanc
2475 3077 2593 3130 ergo
2621 3047 3007 3115 saluberrimam
3047 3062 3362 3114 consuetudi~

139 3150 369 3207 duntaxat
429 3156 796 3223 pertinentes,
857 3168 1041 3222 eaeque
1099 3152 1403 3208 hominibus
1466 3154 1682 3209 notissi-
1714 3143 1758 3205 C
1790 3169 1902 3207 nem
1932 3169 2020 3220 per
2067 3154 2401 3223 Agrippinum
2431 3155 2848 3220 prwdecessorem
2891 3169 3038 3206 suum
3086 3154 3206 3205 dicit
3247 3169 3364 3205 san-

138 3254 246 3308 mae,
269 3253 318 3298 et
342 3246 522 3299 multis
553 3243 932 3299 mutationibus
958 3245 1241 3310 obnoxiae;
1271 3259 1496 3314 quarum
1525 3245 1685 3299 etiam

139 3346 290 3387 rerum
339 3334 589 3390 homines
634 3334 833 3389 domini
879 3342 1035 3402 sunt,
1080 3343 1133 3388 et
1179 3333 1230 3388 in
1285 3348 1418 3404 quas
1468 3334 1689 3403 proinde

137 3425 432 3481 multitudini
464 3427 642 3496 majus
683 3427 797 3481 sine
837 3425 998 3480 dubio
1043 3425 1128 3494 jus
1166 3433 1246 3479 est
1285 3440 1441 3494 quam
1483 3428 1685 3492 paucis.

136 3512 465 3578 Quamobrem
503 3527 657 3572 recte
695 3525 1059 3570 convocantnr
1099 3514 1362 3583 primores
1402 3514 1594 3567 civium
1631 3513 1691 3567 ii-

138 3618 224 3672 que
251 3622 434 3678 magno
463 3621 722 3672 numero,
755 3607 820 3660 ad
849 3621 941 3661 eas
981 3606 1242 3675 regendas
1273 3612 1328 3658 et
1364 3618 1691 3672 componen-

139 3690 244 3759 das,
272 3697 622 3766 pluribusque
661 3694 925 3764 suffragiis
953 3695 1151 3749 cedunt
1187 3694 1456 3762 pauciora.
1493 3693 1687 3746 Verum

138 3783 211 3836 ubi
249 3787 477 3841 ctelestis
506 3785 712 3841 veritas
755 3786 946 3854 agitur,
978 3799 1133 3853 quam
1181 3798 1337 3838 nemo
1380 3783 1477 3836 nisi
1520 3782 1694 3836 studio

138 3882 182 3925 et
224 3878 509 3932 attentione
568 3875 820 3930 adhibitis
867 3877 1039 3940 novit,
1079 3890 1195 3944 quae
1242 3875 1372 3928 nulli
1419 3873 1693 3927 mutationi

140 3964 340 4019 obnoxia
369 3977 480 4035 est,
511 3966 670 4034 cujus
701 3979 857 4019 nemo
889 3972 972 4020 est
1015 3965 1292 4028 dominus,
1326 3972 1380 4017 et
1408 3963 1563 4032 cujus
1603 3963 1697 4016 de-

141 4052 364 4112 ﬁniendae
403 4060 672 4129 majorem
701 4070 729 4111 a
760 4057 868 4111 Deo
899 4065 1214 4124 potestatem
1248 4056 1427 4124 plures
1477 4070 1583 4108 non
1612 4068 1698 4109 ac-

143 4156 402 4216 ceperunt,
427 4163 593 4220 quam
621 4149 928 4219 pauciores;
953 4163 1057 4201 non
1091 4156 1213 4202 sunt
1242 4147 1566 4202 numeranda
1591 4146 1698 4201 sui-

143 4233 306 4305 lragia,
337 4241 426 4296 sed
459 4240 692 4308 singulis
721 4240 1086 4309 expendenda:
1116 4238 1485 4308 suffragiorum
1526 4240 1695 4294 ratio-

144 4338 243 4380 nes.
273 4330 374 4386 Res
399 4343 481 4387 est
511 4333 661 4387 clara
682 4371 697 4395 ,
729 4331 823 4385 sed
851 4331 916 4384 de
945 4345 1005 4384 ea
1028 4369 1044 4395 ,
1087 4344 1184 4398 pro
1230 4329 1344 4397 ejus
1373 4329 1598 4384 utilitate
1636 4344 1698 4384 ac

144 4423 461 4489 praestantia,
509 4437 673 4492 agere
723 4422 809 4476 hic
862 4436 966 4475 non
1022 4435 1322 4489 possumus.
1373 4421 1548 4487 Quare
1599 4435 1696 4474 nec

1789 3253 1896 3297 ctus
1921 3242 2226 3313 Cyprianus,
2258 3245 2405 3313 quasi
2431 3246 2635 3313 coepisse
2657 3242 2888 3313 corrigi.]
2921 3244 3036 3312 Ipse
3070 3242 3364 3312 Cyprianus

1788 3335 2013 3403 epistola
2051 3321 2123 3388 ad
2163 3335 2479 3388 Jubaianum
2509 3336 2576 3388 75
2620 3335 2775 3389 docet
2807 3335 3150 3402 Agrippinum
3188 3333 3366 3399 proxi-

1792 3442 1934 3480 mum
1966 3425 2414 3493 praedecessorem
2437 3439 2588 3478 suum
2620 3440 2727 3478 non
2758 3425 2936 3476 fuisse.
2966 3424 3116 3488 Apud
3143 3440 3233 3474 nos
3262 3440 3359 3476 au-

1794 3524 1922 3578 tem,
1955 3515 2158 3580 inquit,
2193 3531 2290 3566 non
2323 3528 2449 3565 nova
2479 3523 2565 3565 aut
2590 3514 2849 3579 repentina
2875 3529 2953 3564 res
2979 3523 3080 3574 est,
3113 3523 3166 3562 ut
3194 3513 3363 3576 bapti-

1793 3604 1981 3656 zandos
2026 3604 2302 3656 sentiamus
2343 3617 2425 3655 eos
2470 3603 2554 3667 qui
2600 3603 2662 3654 ab
2710 3602 2956 3653 Inereticis
2996 3603 3062 3653 ml
3104 3601 3364 3655 ecclesiam

1795 3694 2028 3755 veniunt,
2057 3693 2259 3760 quando
2304 3691 2450 3744 multi
2487 3695 2602 3762 jam
2630 3693 2752 3744 anni
2791 3700 2906 3743 sunt
2961 3706 3006 3744 et
3050 3694 3201 3760 longa
3241 3703 3363 3746 a'tas

1795 3800 1858 3837 ea:
1881 3800 1980 3852 quo
2008 3783 2098 3835 sub
2127 3783 2426 3851 Agrippino,
2459 3785 2600 3835 bona:
2629 3782 2882 3834 memoria:
2910 3783 3036 3848 viro,
3071 3783 3367 3836 convenien-

1797 3885 1867 3928 tes
1887 3875 1937 3926 in
1970 3889 2125 3925 unum
2153 3873 2370 3942 episcopi
2400 3873 2606 3940 plurimi
2631 3872 2727 3926 hoc
2756 3874 3047 3936 statuerint,
3085 3884 3234 3942 atque
3277 3890 3367 3927 ea:-

1797 3966 1916 4018 inde
1961 3965 2015 4016 in
2067 3963 2370 4016 hodiernum
2418 3972 2486 4015 tot
2534 3963 2698 4014 millia
2745 3961 3097 4014 liwreticorum
3148 3964 3198 4015 in
3248 3980 3368 4032 pro-

1799 4056 1978 4108 vinciis
2020 4054 2207 4107 nostris
2254 4054 2321 4107 ad
2367 4054 2630 4108 ecclesiam
2676 4054 2931 4120 conversi,
2976 4070 3075 4107 non
3117 4057 3370 4125 aspernati

1797 4148 1926 4211 sint,
1956 4156 2039 4201 etc

2251 4232 2897 4291 ANIMADVERSIONES

2049 4341 2097 4379 IN
2125 4339 2302 4379 LIBROS
2328 4340 2530 4379 CONTRA
2561 4340 2818 4378 LITTERAS
2846 4339 3124 4378 PETILIANI.

1872 4413 2031 4468 Ltnno
2060 4430 2097 4479 l,
2123 4415 2252 4482 Cap.
2278 4416 2331 4480 9,
2360 4416 2386 4484 ᾗ
2421 4416 2503 4468 19.
2533 4413 2660 4468 Cum
2699 4415 2955 4468 audierit:
2987 4415 3084 4480 Qui
3131 4414 3366 4482 baptiza-

147 4519 248 4572 qnze
286 4512 444 4582 objici
484 4521 708 4583 possent
751 4512 814 4566 iis
854 4526 973 4580 quae
1007 4525 1036 4564 a
1083 4509 1235 4566 nobis
1274 4510 1413 4565 dicta
1453 4520 1576 4564 sunt
1617 4511 1698 4565 di-
1726 4499 1776 4559 D
1805 4511 1886 4554 tur
1933 4519 1963 4555 a
2008 4512 2215 4557 mortuo
2269 4518 2373 4556 non
2414 4504 2462 4557 ei
2511 4503 2721 4571 prodest
2771 4504 2964 4556 lavatio
3011 4503 3126 4571 ejus
3177 4503 3365 4571 (Εσίίὶ.

147 4597 350 4662 luemus.

206 4694 459 4763 Alterum,
486 4697 631 4767 quod
658 4697 744 4752 hic
772 4697 1042 4752 observari
1070 4695 1395 4758 volebamus,
1430 4708 1530 4749 noc
1554 4705 1698 4748 erat-

149 4782 409 4853 nimirum,
457 4802 582 4843 cum
631 4787 852 4840 cnncilia
902 4787 1009 4840 sint
1059 4786 1228 4840 errori
1279 4785 1541 4849 obnoxna,
1597 4798 1700 4837 non

149 4885 254 4928 esse
301 4878 664 4936 ἁϐασανίστῶς
717 4891 900 4930 eorum
954 4876 1184 4930 decretis
1234 4874 1594 4938 credendum,
1641 4888 1704 4926 ac

152 4964 372 5032 proinde,
388 4983 456 5022 ne
473 4968 608 5021 alias
627 4975 861 5034 repetam
881 4965 1114 5019 rationes
1132 4977 1264 5032 quas
1285 4963 1338 5016 in
1361 4962 1504 5015 hisce
1522 4961 1707 5015 Anim-

152 5054 541 5112 adversionibus
597 5058 791 5124 smpius
840 5056 1021 5125 attigi,
1070 5055 1288 5108 minime
1326 5066 1446 5106 esse
1500 5067 1702 5105 vexan-

152 5139 236 5197 dos
263 5159 352 5199 eos
380 5147 471 5215 qui
512 5161 695 5199 verum
728 5159 832 5198 non
863 5160 981 5198 esse
1013 5150 1196 5212 putant
1235 5141 1377 5209 quod
1403 5155 1431 5192 a
1463 5140 1704 5193 conciliis

153 5240 222 5283 est
245 5233 546 5300 deﬁnitum,
577 5239 620 5291 si
651 5236 840 5300 modo,
883 5236 932 5288 in
963 5235 1119 5288 rebus
1152 5231 1420 5297 civilibus,
1455 5231 1701 5285 omnibus

155 5317 392 5378 honorum
422 5324 617 5379 civium
643 5324 835 5379 officiis
873 5323 1245 5391 delungantur.
1277 5321 1456 5389 inique
1485 5333 1612 5386 ergo
1641 5333 1703 5372 ac

152 5411 420 5466 crudeliter
448 5415 624 5467 vexati
663 5425 787 5468 sunt
831 5414 1091 5482 Pelagius,
1123 5411 1402 5466 Caelestius
1433 5419 1487 5464 et
1519 5424 1703 5463 eorum

153 5495 410 5570 discipuli,
437 5516 561 5556 cum
604 5505 656 5557 in
710 5517 803 5557 eos
834 5503 1158 5570 propositum
1199 5508 1280 5554 est
1321 5499 1554 5553 edictum
1601 5513 1706 5567 quo

154 5582 196 5634 iu
223 5588 461 5643 exsilium
493 5592 599 5645 acti
643 5603 766 5646 sunt
808 5600 860 5645 ct
900 5591 1053 5644 bonis
1091 5589 1342 5644 omnibus
1384 5589 1624 5657 spoliati;
1656 5597 1710 5642 ct

150 5672 346 5739 quidem
377 5694 408 5731 a
436 5693 736 5749 quocunque
766 5679 1084 5733 traherentur
1111 5680 1177 5732 ad
1217 5677 1462 5744 iudicem,
1493 5677 1599 5730 sine
1626 5693 1709 5731 ac-

1807 4608 1985 4658 xxxsv,
2015 4594 2127 4662 '50),
2159 4593 2515 4662 respondebit:
2557 4593 2686 4646 Vivit
2715 4593 2964 4655 Christus,
2981 4595 3095 4662 jans
3132 4608 3230 4645 non
3262 4609 3372 4663 mo-

1804 4684 1952 4746 ritur,
1978 4693 2023 4736 et
2071 4700 2204 4738 mors
2241 4685 2285 4737 ei
2325 4684 2460 4738 ultra
2510 4700 2608 4737 non
2655 4682 3020 4748 dominabitur,
3050 4679 3179 4750 etc.]
3229 4682 3371 4736 Loco

1805 4776 1896 4830 illo
1929 4775 2283 4832 Ecclesiastici
2309 4777 2659 4831 abutebantur
2686 4774 2995 4833 Donatistae,
3030 4782 3085 4825 ut
3116 4775 3366 4826 ostende-

1807 4874 1926 4918 rent
1955 4865 2270 4933 baptismum
2311 4866 2561 4920 collatum
2593 4877 2624 4915 a
2652 4863 2793 4915 malo
2827 4861 3125 4929 sacerdote,
3157 4877 3251 4916 seu
3284 4866 3370 4931 qui

1810 4962 2038 5005 mortuus
2057 4961 2200 5007 esset
2224 4954 2276 5005 in
2307 4952 2553 5019 peccatis,
2589 4965 2691 5004 non
2725 4950 2994 5018 prodesse.
3019 4953 3212 5007 Nescio
3241 4963 3370 5022 quot

1807 5043 1978 5097 modis
2024 5057 2083 5096 se
2124 5051 2333 5110 torquet
2377 5041 2700 5111 Augustinus
2746 5050 2804 5095 ut
2849 5043 3092 5098 ostendat
3139 5059 3202 5099 ex
3252 5046 3370 5098 loco

1805 5134 1932 5187 nihil
1964 5147 2121 5202 posse
2165 5132 2312 5196 elici;
2346 5148 2463 5186 cum
2499 5131 2720 5186 deberet
2761 5133 2983 5190 irridere
3035 5135 3358 5198 Donatistas,

1805 5224 1943 5293 quod
1993 5222 2078 5276 hic
2123 5222 2424 5291 baptismum
2466 5222 2822 5277 Christianum
2869 5233 3201 5292 quaererent,
3247 5238 3363 5276 cum

1805 5316 1906 5367 alia
1935 5314 2089 5381 plane
2118 5327 2269 5365 mens
2292 5322 2434 5367 esset
2453 5314 2681 5368 auctoris
2705 5314 3079 5368 Ecclesiastici.
3104 5309 3231 5366 Haec
3254 5316 3372 5378 ejus

1810 5414 1892 5459 est
1927 5403 2186 5458 sententia
2226 5404 2465 5472 integra:
2507 5406 2871 5476 Βαπτιζὸμενος
2904 5406 3006 5459 ἀπὸ
3047 5407 3249 5474 νεκροῦ,
3291 5411 3375 5455 καὶ

1810 5499 1956 5552 πάλιν
1978 5497 2258 5566 ἁπτόμενος
2278 5499 2449 5562 αὐτοῦ,
2470 5499 2522 5555 τί
2541 5497 2787 5568 ὠφέλησαν
2811 5498 2858 5549 ἐν
2879 5504 2949 5565 τῷ
2971 5496 3167 5569 λουτρῷ
3189 5497 3372 5560 αὐτοῦ,

1815 5587 1916 5640 hoc
1956 5593 2068 5652 est,
2101 5587 2157 5639 Is
2185 5588 2271 5655 qui
2309 5587 2531 5641 abluitur
2570 5596 2834 5656 postauam
2879 5586 3036 5654 tetigit
3067 5586 3298 5650 cadaver,
3331 5598 3376 5639 et

1811 5676 1994 5730 iterum
2020 5677 2072 5730 id
2103 5676 2289 5748 tangit,
2316 5676 2438 5746 quid
2465 5677 2596 5748 capit
2621 5672 2856 5729 utititatis
2881 5690 2942 5728 sx
2965 5691 3058 5729 sua
3087 5675 3376 5730 nblutione.’
