3900 6328
525 270 627 323 555

1409 272 1965 329 SUPPLEMENTUM
2005 274 2094 329 AD
2132 274 2355 331 OPERA
2395 278 2454 333 S.
2491 277 2875 339 AUCUSTINI.

3212 184 3235 199 Δ

3660 283 3744 341 536

522 383 799 452 Liquidum
830 391 909 435 est
949 383 1139 452 respici
1177 383 1243 438 ad
1282 384 1583 439 ablutiones
1614 385 1827 455 legales,
1860 401 1979 454 qua:
2003 386 2094 440 de-
2119 390 2167 448 Α
2199 389 2304 443 rint
2331 400 2574 449 oratores
2619 393 2899 463 pupillares
2924 393 3125 450 criticis
3162 396 3343 453 omnis
3389 410 3452 453 ac
3480 397 3740 459 dialectica:

521 478 716 530 hebant
746 477 856 532 lleri
904 488 1022 547 post
1050 487 1247 533 tactum
1278 478 1525 542 cadaver,
1557 494 1620 532 ex
1662 478 1912 532 mandato
1939 478 2090 545 legis,

521 567 680 621 Num.
709 583 794 620 ιιι
816 608 829 631 ,
854 566 915 619 11
942 610 956 632 ,
986 577 1041 622 et
1068 584 1185 636 qum
1216 569 1344 621 nihil
1389 582 1608 637 prorsus
1649 567 1849 621 faciunt
1890 568 1955 621 ad
1997 568 2093 621 ha-

520 662 771 723 ptismum
800 660 1180 714 t..hri~tianum.
1216 660 1321 715 Sed
1368 661 1410 713 si
1443 660 1586 728 legas
1614 661 1914 728 sequentia,
1947 659 2092 715 vide-

520 751 602 804 bis
645 752 781 804 banc
841 764 959 804 esse
1006 751 1235 817 priorem
1280 760 1485 818 partem
1540 749 1933 814 similitudinis;
1978 750 2092 806 haec

518 844 657 895 enim
686 842 845 895 verba
886 849 1201 909 sequuntur,
1232 855 1349 907 qua:
1383 842 1605 895 alteram
1644 840 1921 903 continent
1948 858 1959 892 :
1989 841 2059 895 Οὔ

517 952 616 991 τως
643 928 901 1005 ἅνθρωπος
938 933 1190 987 νηστεύων
1220 932 1301 983 ἰπίί
1339 936 1439 984 τῶν
1480 929 1742 1001 ἁμαρτιῶν
1784 930 1965 990 αὐτοῦ,
2005 935 2091 983 καὶ

516 1024 662 1077 πάλιν
697 1023 1029 1099 πορευόμενος
1069 1023 1155 1074 καὶ
1181 1022 1243 1073 τὰ
1280 1023 1413 1074 αὐτὰ
1448 1028 1622 1078 ποιῶν.
1650 1028 1740 1078 τῆς
1782 1025 2091 1091 προσευχῆς

515 1115 664 1167 αὐτοῦ
695 1118 772 1172 τίς
819 1114 1212 1173 εἰσακούσεταις
1246 1116 1327 1164 καὶ
1364 1113 1414 1165 τί
1443 1110 1689 1181 ωφέλησεν
1718 1112 1766 1163 ἐν
1805 1117 1877 1181 τῷ
1914 1129 2089 1163 ταπει-

514 1205 727 1259 νωθῆναι
752 1201 922 1265 «erit;
952 1201 1022 1252 sic
1052 1200 1267 1253 hominis
1292 1201 1380 1269 qni
1408 1201 1604 1271 jejnnat
1641 1201 1701 1250 ob
1730 1206 1933 1265 peccata
1961 1213 2084 1259 sua,

515 1304 561 1345 et
590 1294 773 1345 iterum
814 1293 951 1344 inea
982 1291 1063 1343 del
1098 1308 1217 1361 psus
1256 1292 1431 1343 eodem
1469 1291 1623 1359 facit,
1654 1290 1767 1358 quis
1810 1288 2088 1340 orationem

514 1382 857 1435 erandiverit?
889 1381 1068 1447 quidve
1095 1381 1325 1433 utilitatis
1355 1380 1518 1446 capiet
1547 1395 1610 1433 ea:
1637 1393 1731 1431 sua
1762 1376 2089 1430 humilitate!

513 1473 650 1526 Nihil
682 1474 793 1525 hmc
838 1471 902 1525 ad
938 1471 1292 1537 baptismum,
1333 1470 1574 1539 quamvis
1614 1468 1913 1538 Cyprianus
1956 1482 2079 1534 quo~

512 1579 614 1628 que
642 1577 706 1617 eo
736 1562 908 1615 locum
956 1561 1095 1615 hunc
1127 1562 1329 1623 trahat,
1363 1576 1518 1630 quem
1550 1561 1681 1614 citat
1726 1558 1884 1613 etiam
1928 1558 2086 1612 dimi-

513 1653 743 1720 diatum,
775 1650 927 1719 epist.
957 1652 1046 1706 7|.
1086 1650 1192 1706 Sed
1234 1652 1353 1714 ille,
1393 1662 1450 1704 ut
1489 1661 1636 1705 recte
1664 1648 1986 1704 observavit
2015 1647 2081 1701 ad

2196 480 2446 548 imperiti.
2483 478 2612 535 Dum
2655 485 2797 538 enim
2831 484 3024 538 nullam
3056 487 3358 553 regularum
3403 488 3667 557 utriusque
3690 493 3738 546 ilo

2193 572 2294 626 lius
2334 572 2461 627 artis
2510 576 2771 629 rationein
2820 576 3049 642 habent,
3079 577 3275 647 ubique
3317 581 3536 648 quosvis
3576 596 3738 640 sensus

2191 665 2577 732 quaesiverunt,
2610 676 2663 721 et
2692 682 2760 720 ex
2792 667 2905 720 soni
2933 667 3284 723 similitudine
3315 671 3495 723 omnia
3536 673 3736 739 probare

2189 767 2247 808 se
2289 769 2445 823 posse
2498 756 2874 823 crediderunt,
2920 758 3059 813 unde
3104 758 3404 814 innumerae
3451 761 3576 817 rixa:
3619 775 3737 820 nata:

2189 852 2332 897 sunt.
2375 845 2443 897 At
2490 845 2616 898 olim
2662 844 2928 914 ejusmodi
2976 847 3250 912 homines,
3296 859 3513 917 propter
3552 851 3737 908 dicendi

2190 932 2525 1000 facultatem,
2554 944 2647 988 aut
2676 936 2740 988 ad
2770 938 3045 1004 primarius
3083 948 3207 991 sunt
3243 939 3405 992 sedes
3441 942 3632 1004 evecti,
3660 952 3736 999 aut

2190 1023 2245 1076 in
2274 1025 2492 1095 synodis
2519 1041 2737 1094 regnum
2775 1027 3039 1094 quoddam
3066 1027 3440 1082 obtinuerunt.
3474 1029 3620 1084 Plura
3645 1048 3735 1086 non

2187 1110 2393 1176 dicam,
2436 1121 2560 1165 nota
2602 1113 2745 1168 enim
2787 1114 2901 1168 haec
2943 1122 3067 1168 sunt
3106 1115 3488 1171 ecclesiasticus
3529 1119 3734 1175 historia:

2188 1200 2391 1268 peritis,
2429 1210 2478 1255 et
2510 1202 2597 1271 qui
2634 1203 2888 1272 judicium
2930 1206 2984 1258 in
3019 1220 3081 1259 ea
3130 1206 3363 1274 legenda
3388 1208 3731 1266 adhibuerunt.

2186 1289 2300 1344 Non
2334 1307 2513 1345 moror
2536 1303 2758 1349 caeteros
2784 1295 3141 1364 dissimulare,
3182 1298 3424 1365 mentiri,
3457 1310 3508 1354 ct
3538 1315 3729 1372 carpere

2184 1384 2297 1437 veri
2328 1393 2568 1439 amantes
2594 1400 2805 1455 semper
2836 1400 3066 1455 paratos.

2257 1474 2418 1528 Ltnno
2446 1491 2522 1530 tu.
2548 1477 2673 1545 Cap.
2696 1477 2785 1543 25,
2819 1477 2845 1548 §
2872 1481 2959 1535 30.
2994 1479 3119 1533 Cum
3144 1496 3244 1552 ego
3273 1479 3613 1537 Mediolanum
3638 1497 3735 1539 ante

2185 1563 2467 1620 Bautonem
2508 1570 2767 1623 consulem
2809 1572 3054 1636 venerim,
3096 1571 3249 1640 eique
3294 1574 3498 1626 consuli
3538 1578 3731 1629 colendis

2182 1655 2446 1709 Ianuariis
2476 1657 2704 1723 laudem,
2739 1674 2832 1725 pro
2870 1675 2982 1712 mea
3021 1669 3139 1714 tunc
3177 1660 3444 1714 rhetorica
3493 1667 3734 1732 professio-

512 1762 631 1799 etun
684 1747 855 1799 locum
901 1745 1151 1806 Nicolaus
1196 1744 1472 1813 Rigaltius,
1507 1758 1906 1813 smpcnumero,
1937 1753 1994 1796 ut
2023 1751 2076 1796 et
2109 1743 2151 1802 Β
2179 1760 2268 1808 ne,
2308 1744 2665 1817 recitaverim.]
2706 1746 2882 1816 Hujus
2907 1748 3070 1804 moris
3108 1749 3337 1818 publica
3383 1751 3731 1806 laudandorum

511 1836 598 1889 alii
648 1837 834 1890 Patres
871 1834 1056 1904 arripit
1086 1835 1152 1888 de
1197 1834 1488 1902 Scripturis
1525 1833 1782 1903 quidquid
1836 1832 1914 1886 vel
1963 1830 2076 1885 solo

511 1927 794 1980 verborum
835 1941 968 1981 sono
1016 1912 1192 1981 facere
1232 1926 1298 1979 ad
1330 1925 1657 1995 propositum
1704 1925 1934 1988 videtur,
1979 1921 2077 1976 etsi

512 2015 665 2080 Iunge
693 2016 798 2067 alio
828 2015 896 2068 sit
926 2015 1330 2084 intelligendum
1352 2028 1533 2069 sensu.
1565 2014 1697 2068 Tam
1726 2013 1975 2080 frequens
1998 2021 2078 2065 est

511 2108 611 2159 hoc
637 2104 688 2158 itt
738 2105 1026 2174 Cypriane,
1054 2106 1344 2174 Augustino
1369 2114 1423 2159 et
1444 2104 1585 2165 aliis,
1614 2114 1673 2157 ut
1702 2103 1919 2155 minime
1944 2115 2077 2169 opus

510 2198 576 2250 sit
604 2210 866 2262 quzerere,
893 2211 1010 2249 cum
1053 2196 1166 2248 viro
1193 2194 1524 2256 doctissimo,
1556 2194 1696 2261 quod
1739 2206 1832 2246 eos
1863 2191 1913 2244 iu
1945 2193 2077 2245 cita-

510 2288 653 2339 tione
705 2287 858 2354 hujus
906 2286 1006 2338 loci
1045 2295 1297 2351 excuset,
1345 2298 1463 2336 cum
1512 2282 1757 2335 excusari
1809 2289 2074 2349 nequeant

510 2378 667 2428 multa
695 2375 793 2427 alia
827 2375 1039 2426 similia.
1072 2374 1167 2424 Vix
1202 2373 1479 2439 quisquam
1509 2371 1688 2423 dicere
1722 2369 1888 2436 possit
1912 2382 2070 2434 quam

513 2482 644 2518 verit:
673 2464 1031 2530 intelligentia:
1060 2462 1350 2529 Scripturae
1372 2470 1423 2513 et.
1453 2460 1566 2527 paci
1595 2458 1848 2511 Ecclesia:
1873 2471 2074 2510 nocue-

2184 1833 2458 1888 consulum
2489 1836 2724 1890 caiendis
2753 1834 3019 1905 Januarii,
3046 1837 3246 1905 quibus
3277 1841 3631 1908 magistratum
3658 1842 3733 1895 iui-

2183 1923 2341 1989 bant,
2372 1932 2531 1977 testes
2554 1934 2675 1978 sunt
2700 1925 3008 1994 Panegyrici
3037 1928 3384 1996 consulares,
3414 1937 3625 1997 utraque
3650 1930 3735 1982 liu-

2183 2031 2317 2084 gua,
2342 2025 2450 2069 tum
2481 2031 2669 2081 versu,
2693 2026 2801 2071 tum
2847 2018 3017 2071 soluta
3045 2020 3302 2075 oratione
3328 2020 3455 2075 dicti
3482 2037 3509 2074 a
3541 2023 3733 2075 Mamer-

2186 2105 2315 2169 tino,
2358 2106 2597 2174 Libanio,
2633 2108 2955 2172 Themistio,
2985 2109 3321 2177 Claudiano,
3362 2112 3593 2166 Sidonio.
3630 2112 3731 2166 llaec

2184 2192 2454 2247 adnotavit
2484 2196 2595 2249 Jac.
2624 2198 2968 2266 Sirmoudus,
3011 2197 3244 2251 adducto
3294 2208 3476 2269 postea
3504 2201 3613 2254 loco
3650 2200 3732 2253 huc

2182 2284 2485 2351 Augustini,
2509 2286 2575 2338 ad
2610 2286 2777 2353 Epist.
2800 2286 3005 2341 Sidonii
3034 2288 3126 2344 lib.
3157 2304 3281 2356 vnt,
3320 2292 3477 2361 epist.
3501 2290 3552 2357 6,
3572 2290 3649 2344 ubi
3671 2290 3729 2345 Si-

2181 2372 2370 2427 donius
2399 2374 2562 2430 moris
2593 2375 2747 2445 hujus
2776 2378 3038 2433 meminit.

515 2572 3717 2598 MM

1590 2678 1696 2749 IN
1751 2674 1976 2745 TOM
1994 2675 2153 2744 UM
2212 2678 2738 2751 DECIMUM.

713 2892 1015 2951 ΙΟᾹΝΝΕΒ
1054 2891 1503 2947 ΙῚΙΕῐΗλΖΡΟΝυδ
1543 2890 1855 2946 LECTORI.

574 2988 733 3041 Multa
767 2989 818 3039 iu
859 2986 997 3037 hun-r
1024 2985 1266 3035 ultimum
1290 2984 1564 3051 Augustini
1596 2991 1793 3035 tomum
1819 2981 2073 3035 adnotare

507 3080 655 3133 facile
686 3078 1066 3145 potuissemus,
1099 3074 1191 3127 sed
1218 3073 1322 3126 duo
1345 3082 1433 3127 aut
1465 3075 1563 3126 tria
1587 3074 1909 3126 obstiterunt
1930 3088 1995 3126 ne
2022 3075 2070 3126 id

2176 2891 2364 2953 lector,
2395 2905 2514 2958 qua:
2542 2900 2863 2960 sequuntur;
2895 2899 2988 2945 aut
3024 2892 3138 2959 ipse
3177 2895 3446 2949 calamum
3475 2893 3656 2961 arripe,
3680 2902 3724 2947 ut

2177 2983 2342 3036 labori
2376 2998 2493 3036 meo
2522 2983 2772 3051 suppleas
2804 2985 2943 3053 quod
2972 2985 3151 3049 deest;
3184 2986 3281 3041 sed
3327 2996 3589 3041 memento
3624 2993 3725 3037 ante

2174 3072 2347 3125 omnii
2392 3074 2561 3126 solius
2589 3074 2853 3141 veritatis,
2899 3076 2985 3130 cui
3031 3075 3122 3130 uni
3166 3075 3328 3135 litare
3360 3086 3577 3134 conatus
3603 3088 3720 3139 sum,

506 3176 902 3235 praestaremus,
934 3180 1051 3230 quin
1077 3172 1148 3227 te,
1180 3163 1367 3225 lector,
1402 3162 1597 3216 rescire
1620 3173 1799 3215 nostra
1831 3164 2068 3218 nonnihil
2099 3192 2141 3248 (Δ
2176 3164 2435 3216 rationem
2463 3165 2679 3219 habere.
2718 3164 2865 3220 Vale.

506 3256 746 3311 interest.
781 3255 1011 3307 Primum
1035 3260 1117 3305 est
1147 3252 1413 3304 festinatio
1447 3252 1916 3320 typographorum,
1949 3254 2066 3320 qui-

505 3348 619 3412 bus,
650 3346 846 3398 dudum
871 3344 1013 3397 edito
1042 3344 1248 3411 integro
1275 3343 1569 3411 Augustino
1598 3359 1696 3396 una
1720 3359 1839 3400 cum
1870 3344 2062 3409 indice,

504 3437 710 3507 longum
733 3437 1012 3490 videbatur
1032 3443 1343 3503 exspectare
1363 3436 1561 3489 diutius
1579 3436 2065 3490 animadversiones

506 3537 731 3592 nostras,
775 3540 906 3595 quas
956 3534 1059 3580 tam
1099 3527 1207 3579 cito
1247 3526 1492 3579 adornari
1535 3526 1652 3579 aliae
1697 3527 2067 3595 occupationes

505 3636 604 3676 non
629 3619 979 3685 patiebantur.
1024 3618 1288 3682 Alterum,
1319 3618 1455 3685 quod
1504 3632 1676 3687 neque
1701 3631 1917 3672 necesse
1954 3629 2069 3672 erat

505 3711 785 3781 quidquam
813 3709 896 3763 hic
927 3726 951 3757 τι
979 3708 1129 3761 nobis
1151 3704 1277 3769 dici,
1307 3715 1399 3759 aut
1433 3708 1669 3770 pluribus
1699 3707 1909 3771 diduci;
1942 3711 2065 3774 quia

503 3800 553 3855 lu
584 3801 730 3853 hisce
763 3796 1257 3859 ratiocinationibus
1288 3796 1640 3861 Hipponensis
1669 3797 1907 3865 episcopi
1938 3813 2069 3851 con-

503 3898 581 3944 tra
610 3888 939 3955 Pelagianos,
968 3887 1259 3937 innumeras
1297 3892 1419 3936 sunt
1454 3885 1819 3951 repetitiones,
1854 3902 1972 3951 nec,
2002 3889 2067 3942 ad

503 3991 759 4032 summam
789 3989 967 4027 rerum
988 3972 1126 4039 quod
1148 3973 1354 4035 attinet,
1379 3973 1662 4040 quidquam
1688 3977 1806 4029 novi
1838 3981 2068 4033 occurrit

504 4080 698 4137 praeter
726 4080 789 4119 ea
817 4079 933 4133 quae
963 4064 1099 4117 dicta
1124 4072 1279 4118 erant
1308 4063 1407 4119 hac
1431 4066 1497 4119 de
1524 4081 1583 4119 re
1616 4066 1670 4119 in
1700 4065 1972 4135 Epistolis,
2002 4072 2068 4125 ad

502 4171 633 4223 quas
669 4170 785 4223 qua:
824 4157 993 4206 visum
1034 4152 1131 4205 fuit
1168 4153 1275 4221 jam
1326 4154 1718 4210 adnotavimus.
1773 4156 1906 4212 Nam
1960 4168 2069 4214 tota

502 4243 886 4306 t‘ottlrowrsia,
919 4242 961 4294 si
1002 4243 1165 4310 probe
1195 4243 1613 4313 introspiciatur,
1648 4248 1873 4301 vertitur
1894 4248 1945 4301 in
1977 4265 2071 4305 ex-

504 4338 790 4409 plicatione
812 4334 1161 4404 quorumdam
1187 4335 1474 4404 Scriptura:
1506 4338 1764 4405 locorum,
1783 4340 1851 4397 de
1878 4342 2071 4413 quibus

501 4434 605 4503 jam
637 4433 961 4485 dixeramus.
995 4427 1107 4483 lluc
1132 4428 1417 4483 accedebat
1445 4433 1582 4500 quod
1612 4449 1707 4489 nos
1733 4449 1943 4506 quoque
1974 4436 2070 4490 ha-

2788 3255 3155 3313 PREFATIO

2243 3360 2309 3397 AD
2335 3360 2526 3400 LIBRUM
2665 3362 2841 3403 GESTIS
2870 3365 3099 3410 PELAGII,
3130 3364 3264 3404 ANNO
3292 3364 3453 3411 “DCI!
3482 3360 3666 3403 PRIIIUII

2504 3433 2699 3471 EDITUII
2725 3434 2972 3474 Αυουευς
2999 3434 3402 3476 νικοειιοοιιωι.

2241 3526 2300 3582 S.
2348 3530 2702 3598 Augustinus,-
2748 3532 3202 3588 [letractatio'num
3244 3532 3335 3587 lib.
3384 3547 3444 3597 tt,
3484 3543 3599 3598 cap.
3630 3525 3720 3579 47:

2172 3616 2275 3670 Ρυν
2316 3618 2451 3672 idem
2482 3629 2679 3688 tempus
2718 3622 2771 3674 in
2808 3621 3031 3688 Oriente,
3063 3623 3157 3675 hoc
3184 3622 3337 3676 estin
3386 3619 3564 3688 Syria,
3608 3624 3723 3674 ειη,

2171 3722 2336 3775 usque
2358 3707 2422 3761 ad
2470 3710 2616 3765 haec:
2650 3709 2755 3765 Hic
2802 3713 2925 3767 liber
2951 3714 3164 3781 incipit:
3192 3710 3531 3779 Posteaquam
3553 3709 3605 3759 in
3631 3719 3725 3757 ina-

2170 3812 2266 3857 nus
2284 3807 2505 3851 nostras.

2241 3889 2334 3942 llis
2365 3890 2568 3955 verbis,
2609 3891 2668 3947 S.
2723 3895 3051 3963 Augustinus
3086 3886 3389 3959 scriptionis
3431 3899 3648 3940 causam
3683 3890 3729 3935 et

2168 3979 2292 4034 libri
2338 3992 2711 4050 argumentum
2750 3987 3005 4053 explicat;
3030 3983 3118 4051 qui
3149 3982 3383 4035 antehac
3410 3975 3734 4029 omnes‘Au-

2170 4072 2597 4139 gusrinianorum
2628 4091 2848 4145 operum
2879 4075 3284 4145 conquisitores,
3327 4072 3478 4125 viros
3505 4067 3725 4122 doctrina

2171 4170 2224 4215 et
2254 4162 2525 4230 diligentia
2561 4176 2891 4233 prmstantes,
2927 4165 3073 4234 fugit,
3103 4178 3243 4217 nunc
3265 4163 3477 4216 demum
3510 4156 3716 4216 Fesulis,

2171 4253 2224 4307 in
2255 4255 2577 4310 bibliotheca
2608 4258 2834 4312 abbatis:
2855 4256 3035 4313 Sancti
3063 4253 3436 4310 Bartbolomasi
3458 4249 3719 4305 canonico-

2173 4360 2290 4398 rum
2324 4346 2647 4414 regulariurn
2680 4347 3138 4412 Lateranensium,
3166 4355 3429 4415 repertus.
3453 4344 3576 4410 Ejus
3595 4333 3716 4389 auti-

2172 4433 2431 4502 sraplmm
2462 4451 2582 4489 cum
2615 4436 2795 4503 Scipio
2825 4437 3175 4504 Cohellutius,
3209 4437 3276 4490 ab
3307 4433 3544 4503 epistolis
3573 4436 3621 4481 et
3645 4438 3717 4476 se-

500 4542 617 4580 rmu
642 4525 873 4578 rixarum
905 4527 1106 4574 tantum
1134 4520 1345 4574 tandem
1369 4523 1600 4591 cepisset
1626 4525 1859 4592 taedium,
1892 4536 1950 4581 ut
1979 4541 2072 4581 eas
2098 4534 2148 4594 υ
2177 4525 2337 4578 cretis
2368 4526 2561 4577 summi
2588 4525 2871 4592 pontiﬁcis,
2902 4526 3065 4578 Roma
3097 4524 3162 4577 ad
3202 4526 3436 4579 Marcum
3468 4521 3714 4575 Velscrum

499 4618 585 4669 vix
617 4631 679 4670 ac
706 4629 771 4667 ne
801 4612 884 4666 vix
913 4611 1124 4680 quidem
1154 4611 1294 4666 ferre
1322 4628 1630 4682 possemus;
1658 4630 1756 4670 nec
1777 4630 1905 4672 sane
1928 4618 2073 4686 quis~

501 4724 657 4777 quam
691 4704 997 4759 melioribus
1020 4710 1307 4770 occupatus
1338 4703 1533 4760 millies
1563 4705 1701 4759 idem
1741 4714 1833 4758 aut
1871 4707 2070 4775 legere,

500 4810 588 4851 aut
620 4796 798 4851 dicere
821 4792 1109 4858 sustineat;
1140 4795 1435 4861 praesertim
1471 4795 1516 4849 si
1545 4810 1662 4864 qua:
1702 4794 1872 4849 tribus
1894 4796 2074 4849 verbis

502 4887 707 4940 absolvi
748 4893 995 4954 poterant
1025 4883 1253 4939 millenis
1274 4884 1474 4955 aliquot
1503 4885 1766 4950 dicantur,
1800 4885 2072 4953 multaque

501 4979 673 5030 aliena
701 4974 1072 5041 inl‘arciantur,
1102 4976 1549 5044 quemadmodum
1579 4977 1678 5029 hac
1706 4977 1762 5029 in
1790 4991 1851 5031 re
1878 4975 2073 5029 factum

502 5075 606 5120 est.
630 5064 726 5118 Cui
753 5078 879 5118 vero
906 5064 1062 5117 etiam
1087 5066 1339 5120 nauseam
1371 5082 1475 5121 non
1500 5078 1749 5122 moveant
1784 5078 1861 5122 tot
1886 5077 1941 5123 et
1969 5080 2074 5123 tam

504 5160 696 5225 longre,
738 5163 795 5208 ut
822 5168 952 5207 voce
993 5155 1255 5221 sequioris
1299 5158 1400 5211 aevi
1446 5167 1585 5225 utar,
1635 5160 2073 5227 rhetoricationes,

502 5257 595 5302 aut
614 5245 678 5299 ad
710 5240 1080 5298 declinandum
1109 5241 1401 5299 adversarii
1425 5247 1608 5315 ictum,
1633 5257 1725 5301 aut
1751 5250 1815 5302 ad
1840 5262 1960 5302 eum
1989 5248 2076 5303 in-

502 5336 835 5401 sectandum,
866 5339 955 5386 aut
981 5330 1208 5400 denique
1232 5332 1298 5387 ad
1331 5335 1582 5390 invidiam
1608 5337 1693 5390 vel
1737 5338 2075 5403 movendam,

503 5430 589 5483 \el
618 5424 953 5499 fugiendam?
984 5424 1107 5480 Mihi
1131 5432 1277 5479 certe
1306 5433 1508 5479 tantum
1537 5436 1810 5491 crearunt,
1835 5428 1974 5481 inter
2000 5427 2077 5480 le-

2177 4611 2339 4666 illust.
2374 4612 2542 4665 virum
2564 4612 2850 4677 Augustam
2871 4610 3262 4666 Vindelicorum
3292 4605 3713 4672 misisset;visum

2177 4701 2544 4769 pulcherrimae
2572 4715 2794 4767 gemmas
2826 4701 3087 4768 publicam
3119 4701 3293 4756 lucem
3325 4720 3429 4756 non
3461 4713 3576 4755 esse
3602 4689 3715 4747 iuvi-

2176 4789 2422 4843 dendam.
2454 4788 2720 4855 Sapientia
2747 4791 2878 4842 enim
2904 4791 3220 4857 abscondita,
3251 4801 3297 4845 et
3328 4792 3585 4845 thesaurus
3605 4778 3714 4834 invi-

2175 4897 2282 4943 sus,
2308 4895 2422 4949 qua’
2454 4879 2648 4933 utilitas
2677 4882 2730 4932 in
2756 4882 3021 4949 utrisque?
3059 4881 3243 4935 Romae
3271 4884 3487 4950 quidem
3528 4885 3577 4931 et
3613 4871 3715 4923 FIO‘

2177 4969 2369 5024 rentia:
2400 4970 2826 5024 accuratissimas
2864 4971 3147 5036 editiones,
3177 4967 3569 5025 commentariis
3613 4957 3713 5012 illu-

2177 5072 2392 5125 Stratas,
2436 5060 2681 5129 apparari
2732 5061 3051 5126 ferebantur,
3083 5071 3137 5115 et
3183 5062 3371 5116 falcem
3421 5064 3471 5115 in
3513 5056 3712 5109 alienam

2179 5167 2412 5206 messem
2463 5168 2564 5205 non
2616 5152 2925 5204 mittendam
2976 5166 3094 5206 esse
3146 5154 3599 5206 memineramus:
3636 5132 3711 5189 sed

2168 5243 2431 5311 quoniam
2464 5243 2675 5309 longum
2719 5241 2768 5294 id
2806 5242 3035 5295 futurum
3068 5243 3333 5311 negotium
3367 5260 3451 5297 res
3486 5229 3711 5303 loqueba‘

2179 5341 2285 5395 tur,
2324 5346 2493 5400 neque
2530 5330 2671 5384 enim
2719 5345 2847 5384 sane
2877 5332 3008 5385 tanti
3036 5333 3289 5386 momenti
3317 5346 3472 5386 causa
3501 5314 3707 5395 prurcipi-

2187 5425 2282 5477 tari
2313 5424 2490 5487 debet,
2522 5424 2566 5476 si
2607 5423 2819 5476 interim
2862 5424 2997 5478 nuda
3029 5424 3305 5493 Augustini
3354 5424 3508 5479 verba
3548 5403 3709 5467 utenda

505 5498 757 5583 gendum,
790 5518 1082 5582 fastidium,
1120 5523 1182 5568 ut
1221 5515 1377 5581 plane
1408 5515 1741 5568 recreatione
1789 5516 2082 5584 gratiorum
2152 5542 2157 5547 -
2190 5516 2406 5569 fruenda
2440 5531 2880 5584 proponeremus,
2914 5517 3134 5581 gratiam
3174 5532 3271 5570 nos
3302 5515 3437 5583 apud
3462 5512 3596 5565 viros
3620 5498 3709 5584 Ρῖίξί

506 5616 560 5661 et
582 5613 847 5665 utiiiorum
870 5610 1165 5677 studiorum
1194 5607 1481 5679 indigeam.
1504 5607 1629 5661 Boni
1660 5607 1817 5676 igitur
1838 5608 2079 5673 consule,

2187 5618 2238 5661 et
2298 5607 2555 5671 crttditos,
2602 5606 2831 5674 antiqua:
2886 5605 3139 5662 doctiiuac
3187 5616 3445 5673 amantes,
3494 5581 3708 5654 Roman“
