3900 6316
128 299 211 358 537

698 320 701 321 ν
761 287 1115 349 VARIORUM
1154 291 1749 351 EXERCITATIONES
1789 290 1851 345 lN
1892 291 1948 346 S.
1992 292 2354 349 AUGUSTINI
2389 294 2635 349 OPERA.

3225 296 3332 356 530

133 410 518 479 Florentlnlsque
556 408 1011 479 editoribus‘ipsis
1055 424 1157 463 non
1210 409 1409 474 invitis,
1463 409 1661 478 quippe
1692 410 1738 469 Α
1766 410 1866 463 hoc
1890 420 1983 464 tuo
2013 411 2227 465 silentio
2260 412 2499 465 nuntium
2535 413 2832 477 remiseris;
2869 414 3162 480 prmscrtim
3206 430 3330 475 cum

134 518 326 576 quorum
368 500 636 557 industria.
677 498 880 552 nullum
931 498 1055 552 hinc
1099 498 1401 561 sufﬁamen,
1430 512 1551 551 cum
1592 513 1661 552 ne

133 590 442 650 dedicationis
466 589 677 657 quidem
708 588 891 644 ﬂorem
918 591 1406 658 przecerpserimus,
1437 590 1661 642 inituros

132 684 446 755 speravimus.
478 680 795 749 Exemplum
824 681 992 735 Roma
1019 682 1239 734 missum
1280 696 1400 734 cum
1439 679 1540 733 ﬁde
1563 694 1659 733 ex-

132 775 405 847 pressimus,
434 780 488 826 et
520 771 779 828 lectiones
815 771 1087 825 variantes
1124 770 1187 824 ad
1214 784 1363 823 oram
1394 770 1657 836 ascriptaz,

131 864 235 920 inde
269 870 419 917 sunt:
458 860 554 916 sed
584 875 704 930 quae
746 859 801 913 in
838 858 942 911 ima
967 858 1153 928 pagina
1184 857 1467 926 plerasque
1496 857 1663 910 Anto-

130 958 232 1012 nius
245 954 477 1009 Velserus
497 951 790 1008 canonicus
819 948 1196 1020 Frisingensis,
1218 950 1355 1003 inter
1380 947 1658 1017 legendum

130 1025 349 1101 subitaria
369 1042 675 1110 conjectura
696 1040 992 1104 adnotavit,
1019 1053 1213 1107 paucas
1234 1039 1462 1107 aliquas.
1494 1037 1658 1091 auda-

130 1137 275 1190 ciores
320 1133 471 1203 paulo
524 1146 631 1188 non
688 1132 947 1201 agnoscit.
996 1131 1177 1186 Nullas
1223 1132 1274 1185 in
1330 1140 1659 1195 contextum,

129 1225 371 1296 quantavis
383 1224 767 1294 probabilitatis
779 1225 955 1293 specie
972 1222 1323 1287 blandientes,
1340 1223 1657 1290 recepimus.

180 1314 397 1369 Meminit
426 1322 687 1382 praeterea
735 1313 891 1383 hujus
927 1312 1049 1367 libri
1079 1312 1406 1381 Augustinus
1453 1312 1588 1366 libro
1622 1327 1660 1366 ll

124 1401 177 1458 de
199 1404 335 1457 Pecc.
361 1403 589 1470 0rigin.,
620 1417 740 1472 cap.
773 1404 836 1458 tt
860 1419 875 1456 ε
901 1402 1049 1467 Quod
1073 1384 1243 1455 autem
1269 1402 1427 1469 scitis,
1456 1409 1657 1458 etc.....

122 1494 347 1547 Aurelium
367 1492 567 1560 scripsi.

175 1580 421 1635 Possidius
458 1581 517 1634 in
547 1580 798 1647 indiculo,
827 1595 945 1651 cap.
976 1580 1032 1645 4,
1060 1590 1236 1636 contra
1268 1591 1409 1652 gesta
1452 1581 1657 1653 Pelagii

121 1671 221 1723 liber
242 1686 380 1724 unus.

1764 518 1859 557 nec
1881 504 2036 558 unius
2064 504 2232 558 libelli
2264 506 2336 558 tui
2369 506 2643 572 exemplar
2669 506 2733 559 ad
2759 522 2841 561 me
2862 506 3209 563 deferendum
3230 526 3329 566 cu-

1762 596 1985 649 raveris.
2043 596 2305 649 Caeterum
2353 611 2420 651 ne
2464 597 2652 651 ofﬁciis
2680 614 2798 668 qute
2828 614 2929 669 pro
2965 600 3086 669 jure
3130 604 3330 657 veteris

1762 686 2163 739 consuetudinis
2189 700 2218 738 a
2255 694 2309 739 te
2342 689 2741 755 exspectabam,
2782 691 2896 757 ipse
2935 692 3096 747 etiam
3139 692 3329 749 deesse

1762 775 1965 840 videar,
1998 777 2138 846 quod
2167 778 2445 845 sperabam
2492 795 2670 835 coram
2698 774 2976 850 praestare,
3014 783 3205 839 litteris
3233 799 3328 838 es-

1761 881 1977 935 sequor.
2009 868 2074 921 Et
2098 868 2334 937 quidem,
2367 871 2437 924 mi
2477 871 2713 937 Macedo,
2746 888 2852 927 non
2890 889 3008 929 sum
3052 883 3159 928 tam
3200 876 3326 929 bar-

1762 956 1863 1011 dus
1908 965 2002 1010 aut
2044 959 2291 1028 stupidus
2318 961 2446 1027 quin
2485 960 2682 1028 Optime
2725 961 3012 1031 intelligam
3062 964 3328 1019 neminem

1762 1048 2069 1102 mortalium
2116 1049 2447 1119 quantalibet
2495 1052 2729 1106 amicitia
2765 1052 3099 1107 carissimum
3129 1066 3248 1107 esse
3273 1052 3327 1109 in

1761 1152 1947 1193 amore
1995 1139 2140 1193 Divis
2188 1139 2597 1207 prteferendum.
2658 1142 2788 1196 Novi
2830 1152 2984 1198 vetus
3034 1142 3325 1212 adagium:

1760 1225 1967 1280 Amicus
1994 1242 2148 1295 usque
2173 1227 2242 1280 ad
2268 1242 2403 1280 aras.
2441 1228 2621 1297 Itaque
2653 1231 2863 1300 ineptus
2880 1230 3108 1300 judicer,
3141 1233 3185 1286 si
3215 1241 3327 1286 tan-

1762 1325 1871 1371 tum
1906 1318 2037 1372 mihi
2062 1318 2129 1372 ab
2154 1319 2326 1373 amico
2357 1319 2515 1374 tribui
2543 1320 2733 1386 velim,
2790 1330 2851 1376 ut
2887 1306 2973 1376 me
3018 1322 3134 1391 plus
3169 1337 3327 1391 quam

1760 1407 1998 1477 Superos
2027 1417 2190 1463 amet.
2221 1408 2433 1465 Utinam
2461 1422 2762 1481 susceptam
2800 1427 2894 1481 pro
2916 1413 3153 1467 doctrina
3202 1427 3324 1467 san-

1759 1507 1962 1553 ctorum
2007 1499 2192 1554 Hilarii
2220 1501 2550 1557 Arelatensis
2606 1512 2660 1556 et
2715 1502 2979 1557 Vincentii
3013 1502 3322 1557 Lerinensis

1758 1589 2121 1645 defensionem
2151 1607 2247 1661 pro
2275 1593 2463 1647 merito
2505 1594 2866 1661 praestitisses,
2906 1602 2961 1648 et
2998 1609 3062 1650 ex
3105 1596 3327 1649 vetustis

1760 1678 1953 1732 tabulis
1973 1688 2132 1747 atque
2159 1680 2475 1749 antiquioris
2501 1681 2754 1736 Ecclesia:
2776 1684 3000 1738 testibus
3020 1699 3133 1738 rem
3155 1682 3326 1738 felici-

174 1761 230 1813 Et
253 1760 460 1814 Pbotius
487 1760 541 1815 in
568 1760 815 1815 Biblioth.
847 1759 1056 1815 Andrea
1086 1761 1309 1816 Seliotto
1340 1763 1645 1829 interprete,

1759 1780 1835 1824 ter
1862 1770 2217 1825 confecisses!
2244 1771 2489 1826 Profecto
2520 1773 2713 1826 multas
2741 1772 2832 1827 tibi
2864 1774 3058 1840 gratias
3086 1789 3324 1842 agerem,

119 1866 239 1903 num.
267 1851 329 1905 5i
353 1868 367 1905 :
398 1848 641 1921 Pelagius
671 1853 722 1905 in
743 1868 802 1903 ea
828 1852 1042 1920 synodo,
1068 1863 1267 1906 etc.....
1300 1852 1391 1907 Sic
1417 1855 1654 1922 Augusti-

118 1954 193 1990 nus
234 1939 278 1991 in
298 1938 357 1992 iis
386 1955 497 2008 quae
529 1940 600 1992 ad
640 1941 903 1993 Aurelium
941 1939 1185 2010 Cartltag.
1229 1942 1379 2010 episc.
1426 1941 1649 2003 scrivsit,

118 2028 263 2094 refert.

172 2115 354 2172 Caetera
396 2119 464 2173 de
505 2119 712 2189 synodo
742 2128 796 2174 et
827 2127 935 2172 tota
971 2121 1070 2172 hac
1108 2133 1285 2182 causa,
1317 2133 1346 2171 a
1378 2119 1522 2172 card.
1557 2118 1656 2171 Ba-

116 2208 257 2271 ronio,
288 2211 371 2277 qui
404 2211 685 2279 Augustini
717 2211 907 2264 librum
938 2210 1161 2279 periis~e
1182 2210 1427 2275 credidit,
1451 2226 1511 2263 ex
1536 2211 1653 2279 ipso

116 2297 477 2366 S.‘Augustino,
507 2300 567 2356 S.
594 2302 916 2371 Hieronymo
971 2310 1025 2356 ct
1058 2301 1117 2356 S.
1147 2300 1409 2368 Prospero
1448 2303 1513 2353 ad
1556 2318 1652 2354 an-

116 2400 216 2439 num
243 2388 430 2444 Christi
474 2391 577 2447 6l5
605 2400 657 2446 et
683 2406 821 2460 seq.,
850 2399 1011 2459 atque
1056 2406 1085 2444 a
1130 2391 1390 2445 Severino
1421 2392 1575 2445 Binio
1601 2394 1650 2445 in

116 2475 257 2542 primo
278 2476 560 2533 Concilior.
596 2489 741 2534 tomo
767 2480 1050 2548 diligenter
1079 2489 1133 2534 et
1158 2482 1376 2547 cepiose
1405 2480 1649 2545 collecta,

117 2580 195 2619 non
217 2568 581 2633 exscribimus,
608 2586 676 2625 ne
704 2579 882 2623 aetum
904 2584 1141 2639 agamus.
1169 2572 1353 2625 Obiter
1374 2587 1652 2625 monemus

117 2670 160 2708 ea
183 2672 288 2726 qua:
316 2660 645 2727 Augustinus
670 2662 769 2714 sub
803 2662 960 2715 ﬁnem
988 2662 1109 2715 libri
1136 2661 1323 2714 scribit
1350 2676 1380 2713 a
1413 2663 1651 2729 Pelagia-

115 2750 177 2802 nis
201 2751 496 2805 incredibili
523 2751 744 2806 audacia
778 2760 1099 2821 perpetrata,
1135 2751 1201 2805 Ut
1224 2750 1320 2803 Dei
1346 2753 1537 2804 serviet
1563 2768 1657 2804 an-

114 2839 217 2892 cillis
246 2841 315 2893 ad
347 2831 525 2894 curam
561 2841 623 2897 S.
663 2841 969 2911 Hieronymi
1008 2841 1287 2911 presbyteri
1331 2840 1656 2909 pertinentes,

115 2932 467 2986 sceleratissima
490 2933 629 2987 crede
669 2934 1001 3003 a/ﬁcerentur,
1040 2944 1169 3000 etc.,
1217 2933 1356 2986 haud
1386 2932 1545 2985 dubie
1591 2947 1679 3011 ea

116 3016 203 3084 ipsa
228 3035 338 3077 esse
359 3036 587 3091 quorum
635 3022 973 3077 Innocentius
1013 3032 1163 3091 pont.
1208 3023 1367 3089 epist.
1415 3020 1504 3086 24,
1540 3022 1654 3075 sive

115 3106 185 3172 '52,
210 3108 268 3163 ad
300 3112 561 3172 Joannem
602 3110 999 3181 Hierosolymit.
1034 3110 1340 3179 episcopum
1372 3109 1648 3164 meminit:
1679 3105 1725 3168 C

116 3194 420 3270 Direptiones,
460 3202 643 3269 credes,
694 3202 949 3266 incendia,
993 3218 1141 3256 omne
1179 3203 1379 3271 facinus
1418 3212 1655 3255 extrema:

116 3288 359 3354 dementia,
388 3294 789 3364 generosissimw
825 3302 1014 3347 sancta:
1045 3294 1284 3363 virgines,
1324 3294 1654 3347 Eustochium

116 3389 150 3430 et
173 3380 341 3446 Parua,
371 3386 782 3457 deploraverunt,
818 3386 871 3439 in
900 3385 1024 3439 locis
1045 3384 1287 3439 Ecclesiae
1341 3395 1441 3439 tua:
1470 3401 1652 3455 perpe-

116 3480 247 3526 trasse
269 3476 539 3532 diabolum.
1274 3517 1283 3523 -

168 3561 228 3617 Et
253 3567 399 3633 epist.
433 3558 525 3635 25',
558 3569 675 3624 sive
707 3570 796 3634 5'5,
830 3568 895 3622 ad
928 3567 1309 3637 Hieronymum
1336 3585 1347 3620 :
1382 3566 1542 3620 Dolor
1571 3583 1655 3636 ge-

116 3653 330 3725 mitusque
373 3668 486 3714 tuus
529 3662 603 3714 ita
638 3662 795 3730 quatit
824 3661 1015 3713 viscera
1057 3670 1250 3724 nostra,
1285 3666 1338 3712 ut
1376 3659 1507 3712 ratio
1554 3675 1655 3711 non

115 3750 329 3806 tractandi
347 3752 747 3821 consulendique
766 3754 853 3807 sit.

640 3843 1076 3898 ADVENTOBIA

116 3936 369 3983 MllClSSISIO
398 3948 461 3987 AC
486 3948 802 3988 υοετιεειδιο
825 3950 942 3987 \‘lRO
965 3950 1011 3987 Ρ.
1038 3948 1321 3988 FRANCISCO
1346 3946 1572 3989 MACEDO.
1606 3948 1655 3985 ΙΝ

168 4009 400 4055 ΡΔΤΑΥΙΝΛ
428 4018 699 4057 ACADEHIA
730 4018 950 4057 ETIIICES
986 4020 1332 4067 INTEBPRETI;
1373 4020 1422 4057 IN
1454 4019 1554 4063 OUA
1590 4019 1656 4055 DE

168 4079 494 4127 |N>CRIPTIONE
552 4088 697 4126 LIBRI
727 4090 773 4127 8.
804 4089 1077 4127 AUGUSTI!“
1112 4089 1176 4125 DE
1204 4088 1397 4127 GRATIA
1426 4086 1653 4133 CHRISTI,

170 4151 365 4201 ALBINB,
395 4156 603 4196 PINIANE
642 4158 709 4195 ET
739 4158 964 4197 ΜΕιΑΝΙΑ
985 4158 1287 4195 DISSERITUR
1339 4159 1402 4196 ΑΒ
1431 4156 1654 4194 HENBICO

168 4215 296 4258 Μ)ιίῐὸ
319 4225 601 4265 VERONENSI
649 4228 1051 4275 AUGUSTINIANO,
1094 4228 1141 4263 IN
1180 4226 1443 4265 ACADEMIA
1474 4226 1655 4264 PISANA

168 4285 561 4335 εεειεδιιετιειε
586 4286 851 4335 uisionis:
883 4295 1232 4334 rnorcssons.

227 4382 692 4445 Reverendissime
719 4406 781 4446 ac
809 4391 1116 4445 doctissime
1140 4399 1292 4457 pater
1312 4430 1327 4454 ,

1757 1860 1935 1928 plures
1961 1860 2121 1915 etiam
2150 1861 2423 1927 deberem,
2456 1862 2649 1932 quippe
2670 1864 2755 1931 qui
2784 1864 2919 1918 duos
2939 1866 3320 1921 celeberrimos

1758 1951 1941 2005 Patres
1962 1952 2241 2020 Augusﬁni
2262 1961 2585 2018 coaetaneos,
2607 1952 2779 2009 eidem
2803 1955 2859 2011 S.
2880 1956 3083 2011 doctori
3106 1957 3159 2011 in
3183 1958 3325 2012 nullo

1755 2042 2003 2112 dogmate
2045 2044 2397 2108 adversatos,
2436 2045 2527 2100 sed
2579 2060 2672 2112 per
2722 2046 2899 2101 omnia
2931 2050 3326 2103 consentientes

1755 2134 2112 2198 ostendisses;
2142 2134 2277 2187 nihil
2320 2135 2462 2189 eniin
2502 2136 2671 2204 magis
2709 2137 2763 2190 in
2792 2137 2929 2191 votis
2961 2138 3131 2193 habeo
3165 2143 3326 2208 quam

1757 2226 2196 2292 Augustinianam
2224 2223 2523 2279 doctrinam
2548 2229 2922 2282 communibus
2960 2229 3176 2283 Patrum
3217 2231 3326 2284 suis

1753 2314 1933 2383 fragiis
1980 2314 2391 2382 comprobatam,
2418 2316 2728 2370 monstrari.
2767 2322 2835 2371 At
2876 2333 2998 2372 cum
3025 2320 3233 2372 videant
3270 2330 3322 2373 te

1753 2408 1949 2474 passim
1978 2405 2317 2469 rhetoricari,
2337 2407 2549 2461 omissis
2570 2417 2809 2463 veterum
2828 2410 3191 2477 monimentis,
3219 2411 3324 2465 tuis
3368 2428 3373 2431 ·

1753 2497 2218 2565 imaginationibus
2248 2498 2546 2567 indulgere,
2579 2513 2642 2553 ac
2681 2514 2776 2568 pro
2806 2501 3027 2556 historia
3057 2503 3199 2556 entia
3233 2518 3320 2556 ra-

1754 2586 1933 2651 tionis,
1964 2596 2019 2641 et
2043 2588 2305 2642 secundas
2335 2588 2677 2654 intentiones,
2718 2600 2775 2644 ut
2811 2591 3008 2655 dicitis,
3051 2608 3143 2646 seu
3189 2609 3322 2647 vana

1754 2677 1996 2742 quaedam
2023 2687 2123 2730 tuae
2144 2679 2339 2730 mentis
2362 2677 2501 2730 idola
2518 2680 2805 2733 obtrudere
2822 2697 2835 2744 ;
2855 2696 2960 2733 non
2980 2696 3191 2746 possum
3216 2698 3323 2738 non

1757 2774 1874 2818 tuas
1902 2765 2044 2819 vices
2071 2765 2280 2834 dolere,
2311 2767 2398 2835 qui
2442 2768 2598 2821 bona;
2626 2783 2801 2822 causa:
2822 2782 2928 2823 non
2956 2784 3106 2837 aeque
3134 2772 3324 2827 bonam
3350 2782 3353 2783 '

1754 2856 2153 2910 advocationem
2188 2858 2559 2913 commodasti.
2607 2858 2746 2913 lntra
2797 2874 2889 2914 ses
2919 2863 2999 2916 vel
3030 2870 3152 2915 octo
3181 2862 3320 2929 dies,

1756 2947 2076 3014 nuperrimaa
2099 2956 2202 3000 tua:
2221 2949 2479 3015 apologis:
2499 2949 2916 3006 conlutationem
2937 2952 3001 3006 ad
3016 2953 3323 3007 umbilicum

1759 3036 2039 3100 deducam,
2072 3044 2127 3090 et
2155 3038 2325 3106 palam
2353 3037 2544 3092 faciam
2571 3049 2623 3095 te
2644 3040 2850 3106 Dallazi,
2880 3040 3161 3111 Blondelli;
3190 3044 3323 3098 alio-

1756 3141 1977 3195 rumque
1990 3129 2387 3196 protestantium
2403 3131 2717 3189 sententiam
2734 3134 2903 3201 sequi,
2920 3135 3323 3204 munire,ex:tg-

1755 3228 1976 3284 gerare;
2008 3217 2216 3269 Baronii
2248 3216 2610 3273 defensionem
2642 3222 2803 3275 verbo
2832 3229 2985 3277 tenus
3013 3223 3109 3277 abs
3139 3232 3190 3277 te
3229 3224 3317 3292 ja-

1755 3307 1913 3372 ctari,
1955 3322 2074 3362 cum
2109 3310 2318 3373 eidem,
2372 3312 2533 3365 etiam
2576 3326 2697 3366 cum
2745 3315 3093 3382 patrocinium
3132 3331 3324 3386 magno

1756 3396 1899 3451 hiatu
1922 3400 2206 3466 promittis,
2235 3400 2542 3469 adversere,
2567 3412 2622 3457 et
2645 3406 2897 3473 neglectis
2920 3418 3155 3461 veterum
3178 3409 3315 3463 scri-

1758 3498 1970 3555 ptorum
2008 3491 2368 3543 voluminibus
2394 3532 2408 3553 ,
2457 3507 2623 3546 novas
2660 3497 2860 3561 passim
2903 3497 3170 3564 historias,
3222 3499 3324 3554 hoc

1757 3587 1836 3630 est
1867 3592 2024 3644 puras
2049 3588 2201 3645 putas
2231 3579 2436 3632 fabulas
2460 3582 2737 3635 venditari.
2759 3584 2833 3638 Ne
2858 3593 3033 3638 tamen
3062 3586 3127 3639 ad
3153 3602 3321 3656 popu-

1756 3668 1862 3722 lum
1892 3668 2137 3735 phaleras
2169 3668 2312 3737 loqui
2345 3670 2548 3732 videar,
2583 3669 2819 3726 universi
2844 3673 2915 3727 lui
2949 3676 3125 3741 operis
3152 3677 3324 3743 Speci-

1755 3773 1875 3812 men
1909 3760 1958 3813 in
1984 3773 2084 3811 una
2113 3767 2168 3813 et
2195 3759 2362 3813 altera
2390 3760 2579 3828 pagina
2625 3761 2816 3828 capitis
2860 3764 3071 3832 septimi
3118 3766 3169 3820 in
3220 3765 3321 3820 hac

1757 3851 1982 3917 epistola
2011 3851 2259 3914 exhibeo,
2283 3867 2402 3906 cum
2426 3866 2494 3906 ne
2524 3852 2658 3908 forte
2688 3853 2754 3907 iis
2780 3855 2869 3921 qui
2901 3869 2971 3910 ne
3000 3855 3186 3912 leviter
3210 3858 3326 3926 qui-

1754 3940 1875 3994 dem
1924 3941 1974 3995 in
2018 3940 2377 3996 ecclesiastica
2420 3943 2641 3997 historia
2687 3944 2885 3997 versati
2944 3954 3101 4011 sunt,
3148 3947 3324 4001 fucum

1758 4030 1942 4094 facias,
1971 4039 2081 4084 tum
2106 4032 2266 4085 etiam
2292 4042 2348 4086 ut
2374 4032 2699 4087 adventoria!
2725 4032 2842 4086 loco
2863 4043 2914 4087 te
2943 4035 2995 4086 in
3021 4035 3163 4090 Urbe
3192 4050 3324 4090 con-

1758 4121 1960 4185 veniat;
1992 4137 2061 4176 ne
2081 4122 2168 4190 qui
2196 4123 2248 4176 in
2270 4137 2454 4177 amore
2474 4138 2598 4192 erga
2630 4131 2683 4177 te
2713 4123 2911 4177 nemini
2935 4125 3087 4191 cedo,
3120 4127 3323 4179 amico-

1759 4228 1877 4267 rum
1940 4223 2185 4274 tuorum,
2236 4227 2460 4279 quorum
2513 4214 2779 4267 centurias
2826 4214 3007 4267 Romae
3051 4229 3325 4280 numeras,

1756 4303 1945 4357 ofﬁciis
1972 4317 2212 4370 superer.
2239 4303 2444 4356 Etenim
2472 4303 2615 4356 nulla
2640 4302 2779 4357 inter
2800 4304 2999 4358 amicos
3019 4303 3191 4355 ofﬁcia
3214 4303 3325 4355 lau-

1762 4393 2020 4447 dabiliora
2051 4403 2331 4445 versantur
2360 4434 2375 4458 ,
2437 4408 2594 4461 quam
2641 4407 2762 4446 cum
2792 4408 2915 4446 suas
2958 4392 3097 4459 apud
3124 4393 3326 4445 amicos

172 4471 466 4546 Acceperam
504 4483 573 4536 ab
596 4482 996 4535 atnicolitteras
1027 4482 1216 4551 quibus
1233 4480 1567 4549 signiﬁcabat
1599 4488 1648 4534 te
1677 4454 1728 4513 D
1752 4483 1999 4550 querelas
2026 4481 2143 4535 sine
2162 4491 2439 4551 sequestro
2460 4484 2753 4550 deponunt,
2782 4483 2945 4537 animi
2980 4496 3172 4537 arcana
3198 4494 3323 4548 pro-

120 4556 317 4623 Venetiis
343 4569 639 4626 Bononiam
671 4587 857 4626 versus
877 4572 1136 4637 solvisse;
1170 4571 1373 4624 nescire
1395 4580 1571 4622 autem
1593 4583 1652 4623 se

119 4665 248 4717 quam
273 4659 321 4711 in
346 4662 531 4717 urbem
550 4664 901 4730 improvisam
930 4664 1065 4716 hanc
1090 4673 1229 4715 tuam
1264 4660 1652 4731 peregrinatio-

122 4754 217 4797 nem
240 4747 576 4809 destinasses.
609 4753 754 4807 idem
786 4753 944 4807 etiam
994 4753 1233 4807 libellum
1280 4767 1436 4821 quem
1484 4764 1651 4818 nuper

121 4828 311 4892 Verona:
330 4843 586 4899 adversus
618 4858 793 4899 meam
819 4844 887 4898 de
912 4844 1264 4914 quorumdam
1290 4855 1526 4898 veterum
1552 4844 1650 4896 Le-

122 4921 373 5005 rinensium
415 4934 660 4991 doctrina
711 4936 1031 4991 sententiam
1076 4935 1309 4999 edidisti,
1339 4934 1647 4988 transmisit.

121 5015 176 5069 At
206 5020 308 5088 ipse
350 5028 605 5085 volumen
648 5028 776 5084 illud
810 5029 966 5084 avide
1007 5028 1210 5098 legere,
1243 5028 1526 5097 diligenter
1554 5042 1651 5081 ex-

124 5108 337 5179 Pendere,
367 5128 613 5175 accurate
641 5128 847 5175 notare.
887 5118 1095 5173 Etenim
1128 5119 1407 5188 sperabam
1437 5115 1551 5170 fore
1574 5128 1651 5181 ut,

124 5204 348 5265 Superatis
375 5208 644 5275 Apennini
672 5209 834 5278 jugis,
867 5208 933 5262 de
955 5208 1195 5276 proximo
1217 5206 1539 5263 Florentium
1564 5222 1656 5263 ve-

123 5282 261 5354 "1'85.
279 5307 440 5361 eaque
466 5298 753 5354 occasione
775 5308 829 5353 et
856 5299 1064 5353 sincere
1096 5306 1151 5352 et
1191 5299 1361 5353 amice
1391 5299 1653 5367 aperirem

126 5376 228 5437 quid
256 5380 305 5435 in
332 5383 509 5441 libello
539 5393 636 5442 tuo
665 5388 799 5443 albis
845 5387 1087 5453 calculis,
1137 5387 1262 5456 quid
1315 5388 1465 5455 nigro
1512 5388 1654 5441 theta

125 5464 402 5532 signandum
431 5492 733 5533 censerem.
751 5480 950 5535 Verum
981 5494 1099 5532 cum
1127 5479 1453 5533 Florentiam
1477 5493 1657 5534 acces—

126 5552 278 5623 Siises.
319 5566 599 5622 adventum
632 5577 781 5625 tuum
815 5579 919 5625 tam
972 5569 1211 5624 studiose
1255 5568 1384 5623 mihi
1428 5570 1653 5623 celatum

124 5645 326 5719 Willis“.
359 5665 415 5711 ut
444 5673 579 5728 pene
609 5675 800 5719 verear
831 5677 898 5719 ne
924 5661 1158 5731 antiqua:
1183 5669 1378 5718 nostra:
1410 5660 1654 5715 amicitiae

1758 4573 1910 4638 dunt,
1936 4573 2172 4642 nihilque
2208 4573 2351 4641 quod
2388 4573 2601 4629 illorum
2651 4589 2763 4627 rem
2808 4574 3039 4637 attinet,
3089 4570 3321 4624 celatum

1756 4662 1967 4723 volunt;
1999 4674 2053 4717 et
2080 4662 2124 4716 si
2156 4663 2473 4732 quandoque
2501 4678 2529 4716 a
2563 4662 2951 4727 benevolentia,
2977 4659 3323 4727 humanitate,

1756 4770 1820 4809 ac
1838 4756 2065 4810 veritate
2091 4755 2394 4821 deﬂectant,
2427 4757 2644 4811 eosdem
2677 4757 2811 4809 intra
2853 4753 3053 4807 orbitas
3096 4764 3325 4821 ponunt,

1755 4856 1809 4899 et
1834 4845 1898 4898 ad
1930 4845 2162 4899 ofﬁcium
2186 4856 2457 4901 revocant.
2493 4847 2615 4899 Haec
2645 4845 2851 4912 integro
2888 4842 3157 4896 volumine
3185 4858 3325 4910 pra:-

1755 4936 1933 5000 Stabo,
1978 4936 2116 5003 quod
2168 4937 2318 4989 brevi
2362 4945 2510 4989 extra
2563 4934 2764 4987 Italiam
2816 4933 3136 5001 (Florentini
3182 4937 3325 4990 enim

1759 5022 2073 5094 typographi
2102 5024 2263 5077 variis
2290 5024 2436 5078 libris
2466 5022 2759 5091 libellisque
2781 5023 3148 5091 imprimendis
3164 5040 3328 5079 occu-

1765 5109 1986 5182 pantur)
2020 5111 2358 5166 nitidissimis
2394 5111 2793 5168 characteribus
2836 5129 3123 5182 excusum,
3164 5115 3230 5169 ad
3276 5123 3329 5169 te

1762 5206 2150 5268 transmittam,
2181 5204 2421 5270 quamvis
2453 5211 2506 5257 tu
2536 5202 2801 5259 Florentia
2832 5206 3098 5260 transiens
3127 5204 3326 5259 nullam

1760 5295 1888 5349 mihi
1924 5293 2091 5348 libelli
2122 5293 2193 5346 tui
2226 5292 2433 5360 legendi
2464 5293 2671 5361 c0piam
2702 5293 2874 5350 facere
2895 5295 3164 5359 volueris;
3201 5306 3325 5345 cum

1760 5394 1939 5439 tamen
1971 5382 2182 5451 plurimi
2214 5397 2331 5438 mea
2361 5383 2643 5439 interesset
2678 5398 2899 5439 noscere
2955 5399 3050 5453 per
3087 5392 3139 5436 te
3179 5395 3330 5435 erro-

1760 5491 1871 5542 res,
1897 5490 2034 5545 quos
2066 5476 2328 5545 fugerem,
2356 5489 2579 5531 cernere
2607 5474 2908 5540 veritatem,
2943 5488 3100 5543 quam
3139 5484 3326 5528 conse-

1758 5578 1841 5620 eta
1851 5581 1957 5620 rer.
2674 5612 2677 5613 ,

1836 5657 1891 5712 In
1922 5656 2098 5727 capite
2121 5653 2347 5726 septimo
2379 5656 2573 5725 prioris
2601 5661 3067 5713 commentationis
3104 5667 3199 5723 pro
3227 5653 3328 5709 do-
