3900 6320
490 347 595 405 5'59

1374 328 1929 387 SUPPLEMENI’UM
1968 328 2059 381 AD
2096 326 2325 383 OPERA
2365 325 2422 381 S.
2466 324 2850 382 AUGUSTINI.

3640 322 3751 379 540

490 462 658 518 ctrina
688 454 1055 511 Lerinensium
1081 464 1109 503 a
1142 458 1192 503 te
1231 447 1657 516 ingeniosissime
1708 448 2060 508 conciuuatm,
2094 446 2142 499 Α
2171 460 2349 496 oorare
2387 443 2623 496 debemus
2670 444 2731 494 de
2790 439 2978 508 regulis
3018 437 3412 492 derivandorum
3460 437 3747 503 nominum,

495 550 681 621 pagina
713 547 801 609 5|,
847 544 1046 598 veritus
1077 556 1141 594 ne
1168 540 1426 593 brevioris
1454 540 1695 606 opusculi
1726 538 1884 591 lectio
1916 537 2069 591 fasti-

495 641 582 693 dio
613 636 901 707 proximior
933 634 1103 692 ﬁeret.
1135 629 1359 697 lepidam
1394 628 1519 681 mihi
1580 628 1646 681 de
1697 629 1889 681 Albino
1919 642 2068 694 quae-

496 729 719 782 stionem
753 725 1006 782 facturus,
1044 735 1107 773 ex
1137 733 1258 771 arce
1291 732 1466 770 causie
1499 717 1562 768 ad
1595 716 1754 770 exilia
1787 725 1838 769 et
1866 716 2066 768 ludicra

498 817 737 887 quaedam
794 811 1096 873 descendis,
1155 817 1212 861 ut
1274 823 1359 861 me
1416 807 1678 860 universis
1724 804 2069 859 deridendum

499 909 778 963 exhibeas.
801 905 905 959 Sed
926 919 1058 965 ecce,
1079 901 1270 968 inquis,
1288 908 1343 951 ut
1361 899 1621 951 molestum
1640 897 1735 949 hoc
1756 913 1882 964 apus
1906 899 2073 965 lepore

499 998 673 1067 aliqua
705 1005 751 1049 et
793 1009 975 1061 sapore
1016 992 1269 1050 condiam,
1302 989 1474 1041 incido
1515 990 1564 1040 in
1594 990 1762 1039 locum
1806 985 1987 1051 Naris,
2019 986 2073 1038 in

502 1103 602 1157 quo
641 1086 869 1140 desidero
919 1080 1326 1150 grammaticam.
1377 1076 1528 1144 Quod
1561 1085 1735 1130 autem
1769 1076 1868 1129 hoc
1900 1077 2072 1143 ipsum

503 1185 645 1234 esset
675 1190 738 1229 ex
770 1172 1048 1241 praecipuis
1077 1185 1193 1239 qua:
1225 1169 1277 1221 in
1322 1177 1412 1221 tuo
1440 1182 1601 1235 opere
1646 1167 1933 1220 lectoribus
1972 1164 2069 1217 ob-

502 1266 760 1323 servanda
788 1265 1032 1325 duceres,
1050 1264 1100 1316 in
1126 1261 1297 1315 indice
1313 1258 1573 1328 scripsisti
1596 1275 1607 1311 :
1630 1257 1785 1311 Naris
1806 1256 2075 1326 imperitia:

504 1358 848 1431 grammatica:
870 1355 1119 1426 arguitur.
1150 1352 1241 1406 Nm
1267 1360 1544 1419 postquam
1578 1348 1769 1403 ibidem
1802 1348 1856 1401 in
1897 1346 2076 1415 proxi-

508 1465 591 1505 ma
621 1449 833 1518 pagina,
860 1462 920 1500 ex
951 1446 1118 1498 sacris
1148 1444 1514 1510 theologorum
1548 1441 1857 1505 academiis,
1901 1455 1986 1493 me
2009 1438 2074 1492 ad

506 1539 863 1605 chronologos
888 1534 1182 1590 amandasﬁ
1218 1576 1231 1596 ,
1280 1533 1459 1587 statim
1499 1533 1565 1586 ad
1608 1532 2075 1600 grammaticorum

505 1628 759 1683 subsellia
792 1628 855 1681 ab
889 1620 1107 1688 Orbilio,
1133 1634 1189 1679 ut
1212 1623 1407 1692 inquis,
1440 1622 1792 1692 castigandum
1812 1619 2074 1675 detrudis.

504 1717 766 1787 Equidem
794 1718 1020 1771 lectores
1042 1724 1189 1769 tanto
1212 1715 1306 1767 abs
1331 1723 1379 1767 te
1406 1713 1574 1783 lepore
1595 1723 1639 1765 et
1666 1728 1849 1779 sapore
1875 1712 2079 1765 condita

506 1808 702 1876 scripta
731 1806 1061 1868 evolventes,
1084 1819 1203 1859 cum
1228 1804 1480 1857 Terentio
1510 1811 1751 1870 repetent
1782 1819 1797 1854 :

597 1915 797 1978 Facete,
820 1915 1009 1977 lepide,
1032 1914 1185 1976 laute,
1214 1912 1331 1962 nihil
1350 1924 1515 1973 supra.
1540 1912 1579 1962 Ο
1602 1913 1865 1985 capitulum
1882 1911 2084 1968 lepidis-

1666 1974 1669 1975 ⁷
1808 1974 2020 2034 [simum.

1448 2035 1497 2083 In
1532 2034 1653 2085 Eun.
1681 2046 1751 2096 ιιι,
1778 2036 1824 2093 1,
1848 2035 1898 2084 ὅ.

508 2139 631 2208 Ipse
658 2146 836 2193 autem
859 2137 1150 2192 doctissimi
1175 2154 1323 2206 aeque
1345 2153 1405 2191 ac
1428 2139 1747 2192 sanctissimi
1770 2138 1956 2192 Nolani
1986 2153 2082 2191 an-

512 2228 697 2284 tistitis
728 2229 793 2283 ad
820 2228 1110 2283 Ausonium
1147 2228 1210 2281 V.
1232 2228 1291 2282 C.
1316 2229 1551 2281 carmina
1593 2229 1684 2282 tibi
1710 2229 1892 2296 iugero
1924 2246 1936 2281 :

630 2338 775 2386 Mults
798 2338 916 2399 locis
936 2343 1164 2398 pateant;
1190 2337 1335 2386 liceat
1355 2351 1549 2399 quoque
1573 2338 1748 2386 ludere
1775 2339 1912 2386 fictis.

628 2399 726 2461 ξω
749 2399 911 2461 lingua
934 2399 1178 2461 mulcente
1206 2411 1403 2461 gravem
1424 2399 1716 2461 interlidere
1735 2403 1953 2461 dentem,

628 2457 822 2506 Ludere
835 2457 1088 2507 blanditiis
1106 2460 1388 2517 urentibus,
1416 2466 1460 2505 et
1490 2459 1613 2506 male
1637 2459 1808 2509 dulces

629 2518 954 2567 Fermentare
973 2520 1107 2576 jocos
1130 2527 1300 2575 satvrte
1344 2520 1578 2567 mordacis
1601 2529 1758 2578 aceto,

629 2580 773 2641 Saepe
798 2586 1066 2640 poetarum,
1092 2592 1333 2641 nunquam
1355 2581 1502 2629 decet
1522 2593 1632 2629 esse
1657 2586 1928 2643 parentum.

578 2679 693 2734 Non
718 2688 807 2734 tua
834 2680 1026 2747 scripta
1052 2680 1236 2748 lepore
1263 2681 1472 2748 condis,
1500 2684 1567 2734 mi
1594 2691 1761 2750 pater,
1794 2683 1885 2736 sed
1913 2696 2083 2736 meam

508 2770 639 2826 mihi
670 2780 869 2833 cutem,
898 2784 1002 2822 non
1041 2785 1196 2824 secus
1226 2785 1289 2824 ac
1322 2772 1738 2839 eleptiantinam,
1785 2781 1889 2825 tam
1922 2772 2087 2825 multo

508 2863 621 2917 sale
644 2861 933 2929 perfundis,
950 2872 1009 2915 ut
1030 2878 1150 2915 cum
1183 2878 1268 2915 me
1293 2863 1655 2919 amicissimam
1685 2863 1879 2917 ibidem
1906 2878 2083 2926 voces,

510 2954 690 3022 procul
718 2953 880 3008 dubio
905 2951 1155 3006 habearis

1000 3063 1161 3123 Magni
1185 3062 1376 3111 delator
1401 3064 1555 3111 amici.

1091 3124 1282 3183 .10sz.,
1307 3130 1396 3173 sat.
1425 3125 1468 3182 1,
1496 3126 1557 3172 55

584 3224 831 3293 .uiquiori
880 3232 1056 3278 autem
1107 3225 1224 3278 loco
1271 3241 1355 3280 me
1387 3235 1560 3280 tecum
1610 3228 1858 3297 congredi
1902 3228 2079 3296 jubes,

515 3316 642 3369 dum
677 3315 742 3369 ad
790 3315 1195 3384 grammaticam
1229 3331 1504 3384 provocas,
1538 3333 1655 3385 qum
1685 3328 1830 3371 tuum
1864 3335 2082 3388 regnum

514 3414 613 3472 est,
648 3406 699 3459 in
730 3421 834 3474 quo
862 3405 953 3459 tibi
995 3405 1205 3475 plaudis
1243 3421 1305 3460 ac
1352 3408 1669 3475 triumphas.
1717 3409 1922 3462 Etenim
1963 3426 2085 3464 cum

513 3514 615 3568 ego
643 3498 879 3552 nondum
904 3512 1189 3551 mammam
1217 3507 1376 3567 atque
1407 3509 1565 3553 tatam
1594 3501 1863 3570 loquerer,
1900 3509 1950 3553 tu
1975 3502 2088 3554 elo-

514 3588 743 3659 quentiae
771 3589 1020 3658 magister
1051 3588 1261 3656 publice
1292 3590 1498 3643 Madriti
1529 3591 1849 3644 rhetoricam
1875 3591 2087 3661 profite-

516 3681 677 3747 baris,
708 3681 793 3734 cui
821 3696 850 3734 a
887 3681 1087 3735 teneris
1114 3680 1414 3749 unguiculis
1437 3691 1729 3745 strenuam,
1753 3694 1911 3752 atque
1935 3685 2085 3738 inde-

515 3772 707 3825 fessam
738 3785 957 3838 Operam
986 3785 1306 3835 navaveras,
1338 3787 1445 3824 non
1477 3786 1632 3825 secus
1661 3788 1722 3825 ac
1752 3774 1861 3838 ille,

636 3904 789 3965 Quem
815 3908 952 3962 pater
970 3904 1184 3965 ardentis
1208 3917 1374 3952 massae
1398 3903 1602 3963 fuligine
1636 3905 1794 3965 lippus

640 3964 674 4025 A
694 3964 923 4025 carbone.
942 3968 1000 4025 _et
1023 3962 1309 4025 forcipibus.
1336 3962 1621 4025 gladiosque
1645 3962 1845 4025 parante

639 4021 836 4084 lncude,
864 4029 916 4070 et
942 4021 1072 4070 luteo
1101 4021 1312 4071 volcano
1336 4026 1392 4071 ad
1420 4021 1611 4073 rhetora
1636 4021 1779 4078 misit.

1158 4084 1329 4135 Juveu.
1350 4092 1440 4135 sol.
1462 4086 1537 4146 10,
1566 4089 1641 4135 50.

589 4181 834 4237 Proiecto
868 4199 1134 4253 nunquam
1176 4186 1243 4241 ab
1277 4190 1583 4243 amicissimo
1620 4188 1752 4256 viro,
1803 4192 2011 4259 qualem
2040 4203 2091 4250 te

516 4275 854 4340 contestaris,
892 4283 1095 4329 tantum
1139 4293 1259 4332 meo
1312 4288 1459 4347 tergo
1510 4281 1732 4348 periculi
1767 4283 2086 4349 timuissem,

518 4373 573 4419 ut
598 4363 664 4417 ab
684 4364 872 4419 eodem
900 4373 1083 4419 cantra
1114 4383 1198 4421 me
1224 4370 1614 4439 stringerentur
1634 4371 1826 4426 Orbilii
1850 4375 2089 4442 scuticze,

640 4472 933 4537 Ferulzeque
957 4476 1140 4535 tristes,
1163 4486 1353 4541 sceptra
1378 4481 1771 4541 prtiagogorum.

1198 4540 1377 4598 ΜΛἎΤ..
1404 4540 1485 4589 lib.
1516 4557 1565 4598 Χ,
1591 4540 1652 4591 62

588 4658 735 4711 itane
759 4671 787 4709 a
812 4674 930 4713 meo
958 4659 1261 4726 Macedone,
1286 4678 1442 4731 quem
1470 4665 1519 4718 in
1550 4666 1709 4721 editis
1731 4669 2092 4729 voluminibus

516 4750 675 4803 toties
706 4750 931 4804 summis
960 4749 1175 4805 laudum
1196 4754 1476 4820 prmeoniis
1499 4756 1686 4819 extuli,

576 4860 935 4923 Discipulorum
952 4862 1083 4911 inter
1102 4863 1280 4924 jubeor
1306 4863 1497 4925 plorare
1518 4865 1814 4914 cathedras?

1467 4926 1673 4989 Hom-tn,
1696 4934 1789 4978 sal.
1818 4928 1894 4981 10.

590 5039 774 5101 Libeat
804 5042 1083 5114 Augustini
1107 5051 1426 5105 sententiam
1459 5053 1644 5108 solida:
1686 5058 1945 5127 apologiae
1974 5044 2090 5114 loco

521 5131 612 5184 tibi
642 5145 898 5197 reponere
921 5134 1013 5187 lib.
1048 5151 1083 5187 ιι
1114 5150 1297 5192 contra
1339 5141 1705 5211 Cresconium,
1744 5162 1861 5216 cap.
1898 5150 1921 5203 1
1971 5167 1982 5202 :
2028 5150 2090 5205 Si

518 5220 673 5283 enim,
717 5217 906 5287 inquit,
944 5219 1302 5280 Demosthenes
1333 5229 1650 5286 clarissimus
1690 5248 1967 5302 oratorum,
2004 5242 2087 5293 cui

517 5309 779 5362 uerborum
801 5319 942 5362 tanta
969 5312 1065 5381 fuit
1095 5328 1217 5365 cura
1239 5329 1425 5381 quanta
1454 5338 1619 5375 rerum
1670 5328 1961 5381 auctoribus
2000 5347 2091 5381 no—

518 5408 653 5465 stris,
678 5415 792 5465 cum
818 5412 986 5455 tamen
1008 5402 1052 5455 ei
1070 5406 1368 5459 nonnullam
1394 5414 1637 5465 orationis
1657 5414 1982 5471 insolentiam
2003 5421 2091 5472 ob-

516 5489 713 5555 ,ecisset
741 5487 1036 5555 zEschines,
1067 5486 1264 5563 negavit
1288 5495 1375 5549 ille
1410 5498 1464 5551 in
1502 5516 1560 5554 eo
1590 5503 1787 5570 positas
1832 5524 1938 5561 esse
1981 5511 2089 5577 for-

521 5582 667 5660 tunas
694 5577 925 5645 Graecia,
959 5581 1137 5649 illane,
1164 5599 1231 5635 an
1257 5584 1347 5638 illo
1384 5588 1531 5642 verba
1557 5607 1677 5644 usus
1719 5593 1892 5660 fuerit,
1937 5608 1983 5651 et
2021 5615 2089 5651 an

522 5657 638 5723 huc,
659 5680 727 5716 an
753 5666 878 5722 illuc
900 5685 999 5723 mat
1019 5686 1048 5731 ν.
1066 5689 1092 5725 u
1135 5678 1411 5735 porrexerit
1446 5695 1463 5732 :
1494 5693 1682 5737 quanto
1706 5657 1988 5742 minus—nos
2012 5691 2087 5743 la-

2118 4492 2169 4550 D

2170 532 2375 600 quando
2404 533 2506 585 sive
2536 531 2650 593 hoc,
2693 531 2795 583 sive
2831 529 2963 581 illud
2997 527 3242 589 dicamus,
3283 526 3585 596 intelligitur
3638 528 3749 579 sine

2171 623 2499 692 ambiguitate
2527 622 2664 691 quod
2688 622 2926 684 dicimus,
2976 634 3188 687 quorum
3217 634 3317 670 non
3349 618 3402 670 in
3435 615 3750 678 expolitione

2172 714 2439 777 sermonis,
2470 714 2559 766 sed
2587 713 2639 764 in
2663 711 3087 764 demonstratione
3116 709 3339 762 veritatis
3367 716 3441 761 est
3475 709 3643 772 maior
3668 708 3749 759 in-

2174 804 2349 857 tentio.
2381 801 2604 856 Interim
2636 817 2704 855 ne
2745 816 2832 855 me
2870 800 3081 863 timeas,
3117 800 3201 852 cui
3227 798 3363 852 uides
3406 799 3753 851 accesserim

2174 912 2280 949 esse
2325 897 2728 965 grammaticam.
2774 891 2879 947 Sed
2928 906 2995 946 ne
3040 906 3125 945 me
3176 889 3515 959 tergiversari
3566 902 3750 958 putes,

2175 985 2641 1054 grammaticorum
2670 983 2908 1037 scholam
2935 981 2997 1036 ab
3040 980 3235 1034 Orbilio
3264 979 3592 1049 castigandus
3614 1015 3635 1045 ,
3698 988 3756 1034 ut

2176 1075 2463 1139 minitaris,
2494 1073 2784 1143 ingredior.

2248 1167 2382 1221 Cum
2411 1167 2504 1219 lib.
2534 1182 2550 1219 ι
2585 1166 2720 1219 llist.
2770 1163 3089 1233 Pelagianae,
3120 1176 3240 1232 cap.
3272 1162 3360 1227 15,
3390 1160 3754 1231 expenderent

2178 1257 2583 1325 inscriptionem
2625 1256 2883 1310 librorum
2920 1254 2979 1309 S.
3009 1252 3289 1322 Augustini
3324 1253 3391 1306 de
3406 1252 3757 1307 GratiaChri-

2180 1350 2268 1412 sti,
2295 1357 2349 1403 et
2372 1348 2438 1402 de
2458 1348 2686 1402 Peccato
2707 1345 2977 1414 originali,
2996 1360 3189 1413 nempe
3217 1362 3229 1398 :
3263 1344 3611 1398 Sincerissimi
3641 1344 3757 1413 fra-

2180 1450 2298 1504 tres,
2330 1443 2502 1494 dilecti
2531 1457 2561 1492 a
2590 1439 2716 1503 Deo,
2755 1438 2960 1501 Albine,
2994 1437 3234 1501 Piniane,
3264 1446 3312 1489 et
3364 1435 3616 1499 Melania,
3641 1449 3755 1489 non

2180 1530 2371 1592 admisi
2393 1528 2777 1584 correctionem
2807 1526 3038 1593 Baronii,
3070 1526 3159 1596 qui
3190 1540 3276 1579 an.
3310 1524 3416 1580 409
3446 1539 3543 1592 pro
3571 1524 3755 1577 Albine

2182 1621 2395 1689 putavit
2422 1620 2605 1672 Albina
2634 1617 3023 1687 reponendum,
3045 1617 3166 1680 nisi,
3190 1615 3337 1669 addit
3363 1614 3589 1673 ibidem.
3615 1630 3756 1681 pra!-

2182 1722 2255 1765 ter
2280 1711 2514 1764 Albinam
2541 1719 2759 1763 matrem
2782 1709 2934 1777 fuerit
2963 1707 3069 1761 illic
3099 1706 3313 1759 Albinus
3355 1704 3518 1772 ﬁlius.
3544 1703 3753 1757 Etenim

2109 1795 2154 1854 Β
2180 1816 2241 1855 ea
2265 1808 2422 1854 aetate
2443 1799 2759 1853 feminarum
2798 1796 3016 1851 nomina
3072 1809 3179 1849 non
3238 1808 3448 1862 semper
3494 1792 3755 1849 feminina

2188 1891 2564 1948 terminatione
2584 1889 2960 1945 efferebantur.
2993 1885 3170 1941 Paulae
3201 1886 3305 1939 lilia
3332 1892 3536 1939 neutra
3571 1885 3757 1939 terrui»

2188 1988 2423 2041 nationis
2448 1998 2746 2055 cognomen
2778 1982 2985 2046 habuit,
3013 1995 3207 2050 nempe
3236 1978 3607 2034 Eustochium.
3650 1978 3758 2032 Imo

2186 2076 2472 2130 mulierum
2493 2075 2710 2129 nomina
2729 2088 2756 2126 a
2770 2073 2968 2128 sanctis
2985 2071 3227 2126 Patribns
3237 2084 3360 2124 cum
3381 2068 3761 2124 terminatione

2188 2167 2484 2221 masculina
2526 2165 2578 2219 id
2612 2164 2871 2233 temporis
2905 2161 3132 2233 exprimi
3160 2162 3313 2217 solita
3347 2160 3635 2216 afﬁrmavi.
3692 2160 3761 2215 lta

2187 2259 2427 2312 Albinam
2455 2258 2686 2325 junioris
2715 2257 2955 2311 Melania;
2978 2264 3203 2311 matrem
3236 2256 3434 2323 passim
3465 2254 3685 2308 Albinus
3714 2253 3762 2308 in

2186 2360 2337 2404 recto
2362 2358 2748 2404 casnvocatam
2794 2348 3043 2404 iudicavi.
3094 2345 3420 2417 Augustinus
3456 2354 3657 2414 praeter
3684 2346 3763 2399 in-

2188 2441 2537 2505 scriptionem
2568 2440 2688 2494 libri
2717 2438 2784 2494 de
2811 2439 2991 2493 Gratia
3023 2438 3220 2493 Christi
3249 2439 3390 2491 hunc
3419 2436 3626 2491 titulum
3653 2437 3763 2503 epi-

2185 2531 2334 2584 stola:
2358 2528 2461 2583 227
2491 2528 2668 2584 dedit:
2721 2528 2924 2594 Albino,
2973 2527 3195 2582 Piniano
3238 2538 3286 2582 et
3339 2525 3588 2580 Meliano.
3665 2526 3763 2581 Ubi

2186 2630 2392 2674 certum
2437 2628 2521 2673 est
2568 2618 2850 2689 legendum
2907 2632 3027 2673 esse
3078 2617 3337 2670 Melaniae.
3407 2617 3763 2683 Hieronymus

2186 2714 2346 2779 epist.
2371 2713 2437 2768 79
2460 2713 2565 2765 ait:
2598 2711 2833 2773 Albinus,
2859 2709 3130 2775 Pinianus,
3158 2711 3382 2764 Melania
3403 2712 3633 2764 salutant
3654 2728 3759 2765 vos.

2194 2803 2470 2857 Possidius
2496 2802 2829 2857 Calamensis
2866 2801 2917 2855 in
2942 2801 3117 2856 indice
3149 2802 3402 2855 librorum
3435 2801 3494 2856 S.
3527 2800 3764 2855 doctoris

2190 2894 2545 2961 Ilipponensis
2557 2895 2743 2947 scribit
2769 2894 2933 2947 libros
2953 2892 3020 2948 de
3040 2892 3218 2948 Gratia
3237 2892 3431 2947 Christi
3450 2902 3505 2948 et
3532 2885 3760 2948 Peccato

2187 2983 2431 3050 originali
2456 2983 2652 3037 missos
2676 2983 2744 3034 ad
2769 2982 3067 3049 Pinianum,
3107 2980 3346 3035 Albinum
3371 2992 3419 3036 et
3464 2982 3763 3036 Melanium.

2188 3073 2246 3126 S.
2279 3074 2532 3127 Paulinus
2564 3075 2723 3141 epist.
2756 3072 2846 3137 44,
2888 3089 3008 3143 qua:
3046 3075 3186 3129 inter
3222 3072 3636 3142 Angustinianas
3690 3084 3766 3128 est

2111 3146 2156 3207 C
2186 3163 2314 3229 2m,
2351 3163 2575 3217 Melania
2594 3178 2688 3231 pro
2707 3163 2927 3218 Melania
2963 3163 3155 3229 posuit.
3180 3163 3252 3218 Ita
3285 3163 3490 3227 Patres,
3516 3164 3602 3233 qui
3624 3177 3766 3217 anno

2181 3255 2287 3308 400
2342 3254 2621 3321 tiorrbant,
2675 3254 2886 3310 Albinae
2935 3254 3281 3311 nobilissimte
3310 3254 3525 3310 feminas
3569 3269 3762 3311 nomen

2185 3344 2475 3410 scripsere.

2256 3435 2416 3499 Mira,
2445 3436 2618 3505 inquis
2643 3436 2661 3507 (
2685 3454 2802 3508 pag.
2827 3437 2940 3508 52),
2978 3446 3110 3493 certe
3137 3440 3269 3493 ratio
3297 3440 3608 3510 exponendi,
3632 3455 3767 3493 noro

2186 3537 2232 3581 et
2258 3528 2519 3595 incognita
2542 3530 2764 3598 antiquis
2791 3528 3090 3593 Priscianis,
3114 3540 3161 3584 et
3193 3528 3433 3597 Donatis,
3463 3539 3512 3583 et
3559 3533 3767 3599 nuperis

2186 3618 2560 3689 Despauteriis,
2607 3628 2653 3673 et
2682 3618 2961 3683 Nebrissis,
3002 3636 3151 3691 quam
3194 3620 3337 3673 nulla
3368 3631 3600 3688 tempora
3638 3622 3768 3674 talea

2186 3716 2328 3769 runt,
2359 3719 2417 3760 ut
2460 3709 2619 3762 libera
2660 3718 2787 3762 esset
2828 3710 3093 3763 nominum
3130 3712 3359 3779 inﬂantia,
3392 3720 3439 3765 et
3478 3713 3770 3780 promiscue

2186 3799 2468 3852 masculina
2492 3808 2541 3850 et
2562 3800 2806 3867 feminina
2827 3800 3205 3855 declinarentur
3226 3817 3245 3855 :
3272 3810 3423 3871 atque
3438 3805 3566 3855 adeo
3585 3803 3770 3856 Albino

2188 3905 2283 3959 pro
2311 3890 2513 3955 Albino,
2543 3900 2588 3944 et
2628 3889 2878 3945 Melanius
2908 3908 3001 3963 pro
3027 3892 3255 3947 Melania
3279 3903 3570 3963 poneretur.

2261 3980 2478 4036 Rectius
2506 3982 2758 4048 dixisses,
2782 3984 2994 4038 Albinus
3031 4001 3123 4055 pro
3152 3985 3367 4051 Albino,
3416 3995 3463 4039 et
3508 3984 3770 4039 Metaurus

2191 4088 2282 4141 pro
2308 4070 2532 4124 Melania
2558 4083 2847 4141 poneretur.
2872 4074 2977 4129 Sed
3006 4075 3107 4130 hoc
3128 4077 3348 4141 omisso,
3377 4077 3443 4131 ad
3467 4078 3681 4143 Donati,
3707 4078 3769 4132 ad

2192 4163 2331 4231 quod
2368 4165 2666 4231 provocasti
2701 4165 2932 4219 tribunal
2963 4168 3150 4221 vador.
3182 4168 3379 4224 Scribit
3402 4168 3498 4222 lib.
3529 4186 3561 4222 v
3586 4170 3654 4223 de
3681 4185 3771 4237 ge-

2194 4254 2413 4308 neribus
2438 4269 2452 4308 :
2490 4254 2631 4310 Sunt
2659 4266 2903 4327 praterea
2940 4259 3046 4312 alia
3073 4276 3196 4313 sono
3225 4263 3534 4327 masculina,
3565 4263 3769 4317 intelle-

2196 4353 2279 4395 ctu
2313 4345 2576 4412 feminina,
2610 4355 2661 4397 ut
2685 4344 2966 4401 Eunuchus
2983 4350 3247 4411 comoedia.
3277 4351 3477 4405 Orestes
3496 4354 3768 4423 tragoedia,

2196 4434 2482 4490 Centaurus
2501 4454 2663 4491 navis.
2692 4438 2809 4491 Alia
2836 4456 2963 4493 sono
2994 4451 3197 4507 neutra,
3218 4443 3475 4497 intellectu
3498 4445 3769 4513 feminina,

2196 4534 2249 4577 ut
2284 4524 2638 4593 Phronesium,
2666 4525 2978 4597 Glycerium,
3004 4530 3373 4600 Saphronium,
3395 4548 3510 4601 quae
3535 4536 3770 4588 mulieres

2194 4626 2331 4669 sunt.
2361 4616 2541 4685 Itaque
2572 4618 2776 4672 Donato
2803 4620 2980 4688 judice
3003 4662 3018 4687 ,
3065 4638 3257 4677 nomen
3291 4624 3546 4678 desinens
3608 4627 3663 4681 in
3693 4645 3768 4693 us,

2192 4705 2326 4759 alias
2356 4707 2667 4761 masculinae
2700 4712 3106 4777 terminationis,
3133 4714 3175 4767 si
3199 4716 3273 4769 rei
3302 4713 3573 4770 feminina:
3596 4718 3768 4786 impo-

2195 4806 2370 4863 natur,
2405 4807 2609 4852 retenta
2645 4801 3019 4858 terminatione
3049 4805 3368 4869 masculina,
3415 4805 3769 4877 signiﬁcatio-

2196 4903 2316 4940 nem
2346 4888 2648 4944 femininam
2681 4893 2866 4946 induit.
2899 4894 2969 4947 Ita
3016 4895 3292 4950 Eunuchus
3325 4914 3518 4954 nomen
3561 4910 3651 4956 est
3674 4904 3767 4957 viri

2195 4976 2399 5032 exsecti
2428 4981 2732 5034 masculinze
2763 4983 3146 5038 terminationis
3176 4998 3229 5041 et
3256 4989 3699 5059 signiﬁcationis;
3722 5000 3768 5046 at

2196 5068 2239 5121 si
2270 5068 2575 5135 imponatur
2595 5072 2681 5124 uni
2716 5087 2779 5124 ex
2810 5075 3089 5130 commdiis
3109 5078 3365 5144 Terentii,
3395 5096 3499 5135 non
3551 5094 3757 5138 mutata

2200 5158 2589 5223 terminatione,
2624 5161 2817 5215 variata
2848 5173 3025 5220 tamen
3046 5168 3448 5237 significatione,
3474 5170 3529 5225 fit
3550 5178 3765 5241 generis

2200 5248 2456 5311 feminini,
2491 5250 2788 5306 etdicimus
2816 5255 3035 5324 lepidam
3065 5257 3367 5313 Eunuchum
3389 5262 3648 5318 Terentii.
3678 5266 3770 5320 Αἰ·

2198 5344 2389 5405 gyptus
2420 5338 2686 5394 feminina:
2722 5342 3126 5411 significationis
3150 5358 3340 5404 nomen
3366 5362 3445 5406 est
3467 5368 3482 5417 ;
3507 5365 3561 5406 at
3583 5355 3628 5407 si
3662 5356 3769 5407 viro

2200 5426 2430 5493 cuipiam
2473 5427 2524 5480 id
2572 5431 2801 5487 nominis
2847 5434 3170 5504 imponatur,
3223 5442 3501 5497 masculini
3556 5444 3769 5513 generis

2200 5515 2394 5568 evadit.
2431 5514 2628 5572 ﬂorum
2660 5523 2795 5575 ratio
2822 5534 2922 5588 est,
2954 5528 3074 5594 quia
3125 5532 3430 5586 terminatio
3477 5534 3528 5587 in
3582 5551 3645 5588 us
3691 5544 3768 5589 est

2203 5613 2404 5658 tantum
2434 5609 2654 5662 materia
2679 5613 3077 5671 ctsubstratum
3122 5621 3383 5686 nominis;
3436 5622 3549 5676 sola
3592 5633 3764 5676 autem

2198 5695 2533 5765 significatio,
2580 5700 2786 5758 Donato
2816 5705 3095 5774 magistro,
3116 5711 3339 5767 sortitur
3372 5713 3635 5768 rationein
3665 5712 3762 5766 lor-
