3900 6316
155 299 244 355 su
806 295 1161 370 VARIORUM
1201 300 1795 359 EXERClTATlONES
1835 304 1900 362 IN
1938 307 1992 362 S.
2038 307 2397 366 AUGUSTINI
2435 312 2683 371 OPERA.

3272 331 3376 387 54‘!

165 423 274 464 me.
303 405 518 476 Appello
542 412 730 460 testem
759 409 902 462 omni
940 399 1535 478 exceptione'maiorem
1568 415 1696 469 Vos—
1730 418 1786 478 Λ
1811 435 1944 485 rum,
1978 430 2081 473 tum
2107 424 2410 489 feminarum
2442 430 2651 494 propria
2687 437 2830 484 erant
2864 447 2882 485 :
2917 444 3039 501 puta
3065 437 3368 510 Dynacium,

166 503 308 567 slum,
336 498 419 566 qui
441 497 530 551 lib.
588 513 644 551 ιιι
683 498 997 565 Grammat.,
1029 503 1122 557 lib.
1165 503 1266 558 ide
1288 506 1547 572 analogia,
1581 521 1700 574 cap.

167 591 246 652 24,
276 588 478 642 laudato
505 586 654 655 prius
681 589 985 656 Quintiliani
1031 594 1352 659 testimonio,
1385 596 1459 647 ait
1488 613 1497 645 :
1531 595 1703 649 Voluit

165 679 306 747 Igitur
329 674 515 730 Fabius
544 693 712 746 parem
743 695 847 731 esse
870 682 1115 733 rationem
1145 684 1194 734 in
1229 683 1282 734 Μ
1289 701 1460 736 urwna
1490 696 1534 737 et
1579 684 1705 754 Gly-

167 761 356 834 cerium,
380 784 530 840 eoque
558 777 609 822 ut
631 771 774 824 virile
801 780 874 824 est
905 771 1137 827 Mur-ama
1164 791 1396 829 rnorrsu
1423 793 1702 831 SlGNlFlCA-

167 872 362 926 'rtousu,
403 861 495 913 etsi
534 862 814 914 terminatio
851 862 993 915 aliud
1041 866 1292 933 requirere
1334 867 1560 919 videatur
1588 884 1604 920 :
1631 869 1704 922 ita

166 950 432 1020 Glycerium
454 966 558 1003 esse
585 951 848 1018 muliebre,
880 954 994 1006 licet
1025 955 1088 1008 sit
1129 958 1369 1010 neutralis
1398 960 1700 1013 terminatio.

163 1041 316 1105 Quare
342 1039 462 1094 licet
491 1039 594 1093 hoc
624 1055 917 1108 cognomen
941 1043 1155 1098 Albinus
1201 1046 1270 1098 sit
1316 1048 1705 1103 terminatioiiis

163 1129 469 1196 masculina;
525 1144 590 1184 eo
618 1130 733 1198 ipso
762 1132 902 1199 quod
953 1133 1160 1188 lemina:
1206 1136 1526 1202 imponatur,
1573 1154 1704 1206 quo-

160 1219 301 1273 modo
323 1234 506 1288 reapse
546 1234 577 1273 a
618 1227 693 1274 tot
733 1221 975 1276 Patribus
1022 1224 1328 1292 impositum
1363 1225 1482 1294 fuit,
1513 1228 1704 1296 signiti-

160 1309 401 1363 cationem
441 1308 750 1363 lemininam
779 1311 939 1376 subit,
982 1329 1098 1381 quae
1128 1317 1330 1382 Optime
1368 1331 1486 1369 cum
1520 1319 1702 1371 termi-

158 1400 348 1454 natione
369 1400 658 1454 masculina
683 1401 938 1456 cohaeret.
971 1403 1251 1472 Equidem,
1300 1408 1368 1459 mi
1396 1407 1703 1462 dulcissime

158 1487 372 1554 Macedo,
407 1487 725 1544 Heribertus
757 1491 1090 1560 Rosweydus
1132 1493 1277 1548 hisce
1305 1495 1406 1548 tuis
1443 1497 1701 1564 scrupulis

156 1592 247 1631 non
278 1577 606 1646 tangebatur,
629 1592 747 1633 cum
779 1579 832 1632 in
858 1581 1165 1647 praefatione
1187 1583 1251 1635 ad
1275 1581 1368 1637 lib.
1395 1599 1485 1637 vm
1514 1585 1580 1638 de
1609 1585 1701 1638 V'i-

158 1667 217 1718 tis
255 1665 495 1732 Patrum,
539 1682 688 1720 num.
728 1667 780 1730 6,
821 1667 937 1722 hmo
983 1670 1177 1724 notavit
1219 1687 1231 1722 :
1282 1671 1448 1726 Proba
1487 1673 1700 1726 Barom’i

1808 509 2056 580 Pegnium
2086 515 2306 566 uirorum
2324 529 2344 577 ;
2361 514 2713 583 Eustochium,
2737 519 3022 590 Glycerium
3048 509 3374 590 feminarum.

1807 599 1928 652 Non
1957 611 2063 654 erat
2092 603 2245 670 igitur
2275 604 2430 657 libera
2478 623 2567 659 nec
2614 611 2899 676 promiscua
2942 612 3035 666 illa
3074 616 3367 683 declinatio,

1803 693 1892 746 sed
1913 696 2190 747 necessaria
2211 700 2564 765 grammatices
2589 705 2916 757 constructio.

1873 783 2138 838 Memento
2189 795 2240 839 te
2277 787 2328 839 in
2369 791 2832 856 grammaticorum
2873 795 3056 849 schola
3093 799 3296 852 versari
3332 815 3362 854 a

1804 873 1995 941 quibus
2052 876 2363 942 vapularent
2390 879 2633 949 discipuli
2665 885 2751 950 qui
2795 885 3140 941 Eustochium
3188 906 3370 944 nomen

1803 964 2073 1031 proprium
2099 965 2317 1033 virginis
2344 967 2602 1036 dicerent,
2635 981 2749 1025 erat
2771 974 2910 1028 enim
2934 991 3226 1043 cognomen
3251 978 3369 1032 tiliae

1805 1055 2013 1109 Toxotii
2037 1066 2090 1110 et
2109 1056 2312 1124 Paulae;
2339 1058 2477 1114 illius
2496 1070 2672 1114 autem
2701 1078 2891 1118 nomen
2911 1065 3043 1119 Julia
3065 1077 3195 1120 erat.
3218 1068 3366 1122 Scri-

1802 1144 1882 1200 bit
1931 1147 2288 1216 Hieronymus
2341 1150 2408 1204 de
2455 1151 2514 1203 D.
2563 1152 2722 1207 Paula
2752 1156 2907 1222 epist.
2933 1155 3002 1209 27
3037 1174 3050 1211 :
3083 1157 3269 1210 Juncta
3294 1167 3366 1212 est

1806 1235 2043 1302 Toxotio,
2076 1239 2161 1305 qui
2180 1237 2362 1293 /Enete
2382 1250 2426 1294 et
2455 1241 2716 1297 Iuliorum
2739 1246 3044 1301 altissimum
3075 1252 3368 1319 sanguinem

1804 1329 1976 1397 trahit,
2005 1331 2140 1382 unde
2179 1334 2332 1384 etiam
2369 1332 2481 1397 filia
2521 1336 2630 1403 ejus
2670 1337 2810 1406 virgo
2855 1338 3188 1392 Eustochium
3225 1341 3370 1394 Julia

1802 1428 2147 1486 nuncupatur.
2207 1421 2281 1472 Ex
2334 1420 2524 1488 quibus
2566 1425 2778 1493 corrigo
2827 1423 3232 1497 Glandorpium,
3278 1427 3369 1497 qui

1801 1508 2056 1564 Toxotios
2110 1511 2282 1565 Juniis
2336 1514 2610 1567 accensuit
2669 1517 2721 1568 in
2778 1516 3138 1573 Onomastico.
3215 1520 3367 1585 Quod

1801 1600 1959 1653 etiam
2007 1617 2074 1655 ex
2108 1601 2408 1668 Capitolino
2437 1604 2488 1657 in
2519 1606 2718 1674 juniori
2753 1609 3038 1664 Maximino
3069 1620 3232 1679 patet.
3270 1613 3368 1666 De-

1802 1699 2061 1759 sponsata,
2087 1690 2277 1760 inquit,
2310 1691 2389 1744 illi
2423 1705 2531 1746 erat
2569 1694 2716 1750 Julia
2753 1695 2956 1750 Fadilla
2980 1702 3239 1769 proneptis
3261 1705 3369 1754 An-

154 1757 373 1810 divinatio
390 1773 410 1819 ,'
454 1757 552 1811 sed
605 1774 705 1811 non
749 1775 947 1813 necesse
977 1762 1209 1815 Albinam
1226 1780 1317 1832 pro
1341 1765 1524 1818 Albino
1555 1766 1700 1818 resti—
1731 1764 1779 1822 B
1807 1757 1990 1841 ιρηξηί,
2013 1757 2173 1850 quam.
2191 1792 2362 1850 postea
2388 1786 2577 1852 accepit
2612 1785 2857 1841 Toaolius
2892 1757 3116 1857 ejusdem
3139 1757 3368 1858 'familire

154 1858 288 1902 tuere.
341 1846 589 1903 Consnr
636 1851 768 1903 enim
809 1853 901 1905 illo
940 1855 1125 1907 steculo
1156 1858 1458 1924 feminarum
1489 1859 1698 1911 nomina

154 1939 284 1991 etiam
320 1940 614 1992 masculinis
644 1942 1077 1996 terminationibus
1097 1946 1400 2014 quandoque
1421 1948 1576 1999 elata.
1607 1948 1699 2001 Sic

154 2028 207 2080 de
221 2028 400 2094 femina
427 2045 564 2082 nunc
606 2029 882 2096 Melanius,
918 2048 1052 2085 nunc
1079 2034 1358 2088 Melanium
1389 2037 1528 2104 apud
1567 2047 1698 2090 vete-

154 2134 219 2170 res
241 2120 468 2173 occurrit.
530 2119 644 2173 Hoc
690 2122 861 2189 ipsum
891 2133 1072 2190 postea
1103 2125 1260 2177 etiam
1284 2125 1615 2178 confirmavit
1646 2127 1696 2179 in

154 2210 275 2262 notis
301 2209 365 2263 ad
395 2211 672 2278 epistolam
705 2209 772 2265 44
797 2211 854 2266 S.
886 2212 1106 2277 Paulini,
1146 2215 1233 2266 ubi
1262 2215 1333 2267 ait
1360 2231 1372 2266 :
1405 2215 1648 2269 llisumo
1681 2234 1692 2268 :

153 2297 365 2370 intelligit
392 2300 557 2368 ipsam
600 2299 896 2367 Melanium,
925 2318 1041 2370 qua:
1082 2319 1225 2357 nunc
1273 2303 1518 2371 Mefania,
1565 2321 1698 2358 nunc

154 2385 407 2453 Melanius,
438 2404 574 2442 nunc
603 2389 886 2444 Melanium
915 2393 1069 2445 dicta.
1101 2391 1187 2444 Ita
1209 2393 1403 2446 videtur
1423 2395 1699 2462 capiendus

153 2475 439 2546 Augustinus
467 2478 680 2546 epistola
720 2479 823 2533 227
848 2497 859 2531 :
883 2479 1187 2536 Carissimis
1207 2482 1455 2537 fratribus
1480 2484 1695 2547 Albino,

154 2564 350 2619 Piniano
380 2577 432 2620 et
456 2566 684 2620 Melanio
716 2583 728 2618 :
758 2565 838 2620 Ita
882 2568 991 2637 lego
1024 2585 1116 2638 pro
1164 2569 1410 2622 Meliano.
1445 2569 1696 2642 Intelligit

154 2655 366 2708 Albinam
392 2665 439 2709 et
475 2656 752 2708 Melanium
773 2696 786 2720 ,
821 2674 936 2709 cum
963 2661 1099 2728 apud
1141 2660 1382 2728 Alypium
1411 2663 1699 2730 episc0pum

154 2744 363 2814 TagasttB
393 2746 446 2798 in
478 2746 652 2813 Africa
696 2758 1027 2802 versarentur.
1062 2749 1246 2802 Viden’
1280 2758 1335 2801 nt
1377 2758 1519 2802 totus
1551 2764 1701 2802 meus

154 2844 219 2888 est
243 2835 622 2904 Rosweydus?
651 2851 808 2903 quem
842 2851 970 2891 sane
999 2847 1119 2891 ante
1148 2837 1333 2891 oculos
1373 2838 1550 2902 habui,
1579 2852 1699 2892 cum

155 2924 225 2977 illa
247 2926 560 2988 scriberem,
593 2933 646 2978 et
673 2925 885 2978 Baronii
913 2928 1300 2981 correctionem
1327 2942 1432 2981 non
1461 2928 1704 2982 admitte-

155 3027 265 3067 rem.
296 3014 374 3068 Tu
405 3029 534 3067 vero
564 3014 736 3080 inquis
773 3016 913 3083 (pag.
947 3015 1037 3084 55)
1073 3035 1085 3068 :
1131 3018 1171 3068 Α
1208 3015 1560 3070 Grammaticis
1589 3016 1702 3070 No-

157 3103 211 3155 ris
234 3104 453 3157 dissentit
476 3103 539 3156 ab
562 3103 754 3157 Orbilio
781 3107 1126 3174 castigandus,
1154 3123 1244 3158 nec
1266 3106 1493 3159 Baronio
1517 3108 1699 3159 timen-
1726 3098 1770 3157 C

158 3191 256 3257 dus,
277 3209 420 3260 quem
445 3193 606 3246 obiter
628 3209 853 3264 pungere
875 3194 1048 3258 voluit,
1068 3205 1114 3246 et
1137 3211 1226 3264 ego
1249 3196 1524 3247 vindicare.
1540 3197 1696 3261 Quid,

159 3283 320 3348 amice,
368 3298 488 3337 cum
539 3283 842 3354 Rosweydo
872 3287 1031 3354 ages?
1085 3286 1347 3341 Memento
1377 3287 1518 3341 hunc
1548 3289 1696 3341 illum

159 3380 257 3421 esse
293 3386 442 3437 quem
494 3385 620 3440 pag.
667 3373 770 3426 150
802 3383 1060 3426 auctorem
1100 3376 1496 3428 eruditissimum
1526 3385 1572 3428 et
1599 3376 1698 3430 ele-

157 3461 476 3525 gantissimum
501 3463 859 3530 nuncupasti;
890 3465 942 3518 in
973 3465 1148 3519 indice
1180 3465 1370 3520 scribis
1401 3484 1414 3520 :
1459 3467 1698 3536 Roswey-

156 3549 233 3599 dus
258 3562 428 3605 auctor
444 3554 879 3624 elegantissimus.
940 3559 1016 3609 An
1065 3557 1220 3619 forte,
1253 3573 1318 3610 ne
1350 3557 1478 3610 mihi
1515 3559 1694 3626 plagas

155 3639 414 3706 condones,
450 3657 558 3697 una
591 3658 794 3697 mecum
838 3644 1194 3713 Rosweydum
1223 3646 1288 3699 ab
1311 3647 1513 3700 Orbilio
1535 3647 1696 3700 casmi-

155 3729 355 3792 gandum
397 3731 590 3786 dices?
639 3733 778 3787 Cave
824 3732 914 3787 tibi
969 3750 997 3788 a
1028 3745 1104 3788 tot
1143 3734 1327 3789 ferulis
1374 3751 1503 3803 quas
1552 3737 1696 3791 docti

154 3816 405 3891 ltosvveydi
431 3823 654 3878 sodales
680 3823 732 3876 in
765 3824 960 3880 scholis
989 3827 1273 3894 stringunt.
1309 3827 1401 3880 Vel
1431 3828 1698 3896 elegantis-

153 3908 247 3962 simi
275 3911 472 3968 titulum
502 3929 780 3983 expunge,
818 3915 862 3968 si
894 3917 943 3968 in
976 3918 1189 3971 homine
1216 3933 1423 3986 quoque
1446 3919 1698 3986 quemad—

153 4000 338 4056 modum
365 4005 419 4060 in
448 4021 568 4068 me,
596 4006 990 4074 grammaticam
1022 4007 1311 4061 desideras.
1340 4008 1433 4062 Vel
1463 4009 1505 4062 si
1533 4019 1697 4062 teme-

153 4087 271 4144 ritati
314 4093 364 4146 id
412 4094 723 4162 proximum
770 4095 1014 4163 judicas,
1062 4111 1146 4150 me
1175 4112 1404 4165 quoque,
1436 4099 1522 4164 qui
1557 4098 1692 4151 Ros-

154 4179 299 4241 wevdi
327 4184 741 4254 verbisblocutus
769 4199 905 4252 sum,
930 4185 1112 4239 Orbilii
1147 4187 1324 4240 lerulis
1349 4188 1541 4241 exime.
1575 4188 1685 4240 lloc

152 4265 332 4325 interim
368 4275 501 4330 scias
531 4275 674 4328 mibi
705 4275 976 4330 decretum
1017 4292 1165 4341 esse,
1210 4278 1367 4330 malle
1406 4293 1524 4330 cum
1554 4278 1687 4331 Ros-

153 4360 314 4426 weydo
341 4365 635 4433 vapulare,
663 4379 818 4430 quam
851 4367 1218 4434 grammaticas
1265 4367 1565 4420 Macedonis
1606 4383 1694 4422 re—

155 4447 280 4512 gulas
300 4451 517 4508 discere.
554 4453 777 4508 Falleris
806 4463 1004 4516 tamen,
1032 4457 1075 4510 si
1107 4472 1264 4508 unum
1297 4472 1324 4510 a
1360 4472 1443 4510 me
1473 4458 1562 4510 tibi
1593 4459 1696 4512 lle-
1726 4448 1776 4504 Ι)

160 4535 384 4593 ribertum
423 4542 624 4612 opponi
658 4553 829 4610 putas.
890 4544 1069 4598 Habeo
1114 4546 1292 4612 plures
1321 4555 1429 4598 tum
1462 4557 1690 4611 veteres,

162 4632 252 4680 tum
280 4642 536 4698 recentes,
566 4645 678 4688 tum
712 4633 951 4702 Grmcos,
977 4643 1084 4687 tum
1140 4635 1352 4689 Latinos
1384 4639 1692 4704 scriptores,

162 4717 323 4780 quibus
347 4737 440 4790 pro
463 4738 546 4776 me
567 4723 928 4790 loquentibus,
959 4735 1012 4776 tu
1041 4741 1105 4778 ne
1128 4725 1334 4779 hiscere
1358 4728 1568 4792 quidem
1597 4744 1692 4780 au-

165 4804 303 4869 dcas;
333 4812 421 4864 sed
463 4813 661 4866 mirere
697 4821 919 4878 tantum,
951 4823 1004 4867 et
1033 4814 1253 4868 forsitan
1280 4816 1490 4882 dolens;
1520 4833 1690 4886 neque

165 4904 282 4947 cnim

215 5000 316 5054 llaec
335 5009 434 5056 rixa
459 5015 552 5068 est,
572 5009 656 5058 ubi
678 5014 726 5059 tu
763 5011 940 5073 pulsas,
967 5025 1060 5072 ego
1092 5011 1261 5071 vapulo
1286 5020 1466 5058 tantum

1005 5074 1175 5121 .luven.
1199 5079 1290 5121 sat.
1308 5076 1356 5132 5,
1385 5074 1491 5121 228.

227 5164 526 5236 Exemplum,
558 5172 730 5241 inquis
762 5179 901 5242 (pag.
950 5173 1062 5242 55),
1098 5175 1357 5228 Eustochii
1399 5176 1459 5226 ab
1503 5192 1557 5228 re
1599 5186 1690 5242 est,

167 5263 259 5302 cum
285 5253 607 5312 Eustochium
630 5263 780 5329 fuerit
811 5279 989 5314 nomen
1018 5266 1280 5332 proprium
1314 5266 1518 5334 virginis
1548 5267 1692 5320 Pau-

169 5337 219 5389 la‘
242 5343 371 5410 filice,
397 5365 508 5416 qum
530 5350 803 5405 Eus'ochia
831 5354 931 5405 dici
958 5370 1058 5405 non
1102 5357 1262 5422 potuit
1285 5393 1301 5418 ,
1344 5372 1455 5407 cum
1503 5354 1692 5410 Eusto-

168 5428 310 5518 €_hium
347 5439 557 5507 deberet,
600 5445 1024 5510 quemadmodum
1075 5461 1164 5497 nec
1213 5445 1499 5516 Glycerium
1551 5452 1689 5518 apud

170 5511 423 5576 Terentium
467 5531 517 5580 in
562 5529 755 5583 Andria
810 5531 1041 5600 Glycerio
1094 5511 1470 5603 uocarivpotuit
1504 5553 1520 5588 :
1548 5511 1691 5591 erant

170 5607 328 5677 quippe
355 5624 481 5669 certa
509 5623 710 5674 nomina
738 5624 1006 5675 termina'a
1038 5625 1087 5676 in
1115 5641 1218 5691 um,
1265 5643 1375 5688 autc
1420 5639 1523 5682 tum
1562 5629 1690 5685 uiro-

1800 1882 2024 1927 senator.
2052 1871 2205 1926 Errat
2233 1882 2410 1927 autem
2441 1874 2723 1941 Gruterus,
2750 1879 2837 1946 qui
2859 1878 3073 1932 Juniam
3103 1879 3362 1935 Fadillam

1799 1961 1944 2030 legit.
1974 1962 2080 2016 Sed
2109 1962 2174 2015 de
2214 1963 2296 2016 his
2325 1964 2495 2029 alias;
2532 1981 2705 2035 neque
2739 1969 2879 2022 enim
2919 1978 2990 2035 te,
3043 1971 3131 2040 qui
3173 1986 3367 2027 nomen

1800 2051 2022 2120 virginis
2053 2067 2148 2120 pro
2194 2055 2512 2122 cognomine
2553 2059 2796 2124 posuisti,
2819 2060 3005 2114 Orhilii
3037 2062 3216 2116 ferula:
3243 2066 3368 2118 sub-

1799 2142 2015 2210 jiciam;
2053 2159 2157 2196 non
2188 2158 2303 2197 sum
2334 2160 2456 2215 erga
2488 2148 2714 2201 amicum
2744 2157 2849 2202 tam
2882 2151 3081 2218 rigidus
3107 2152 3156 2204 in
3187 2167 3364 2220 gram-

1799 2235 1988 2285 matica
2013 2247 2206 2287 censor
2249 2234 2460 2302 qualem
2511 2245 2563 2290 te
2600 2252 2724 2306 erga
2754 2253 2838 2292 me
2886 2241 3171 2308 proliteris.
3205 2241 3364 2296 Notat

1798 2319 2097 2374 Cliit'tlctius
2129 2337 2249 2390 pag.
2279 2324 2350 2376 45
2387 2334 2629 2379 notarum
2666 2328 2716 2380 in
2757 2329 3006 2396 epistolas
3035 2331 3238 2384 Paulini
3261 2331 3367 2384 No-

1797 2411 1903 2465 lani
1933 2413 1985 2464 in
2013 2412 2171 2466 editis
2202 2410 2563 2469 voluminibus
2595 2419 2646 2470 in
2673 2420 2816 2473 calce
2843 2421 3084 2488 epistolae
3113 2423 3177 2476 ad
3210 2423 3366 2476 Pam-

1798 2503 2065 2556 machium
2098 2502 2430 2558 Eustochium
2462 2507 2583 2574 legi,
2622 2525 2734 2561 cum
2761 2511 3013 2578 alioquin,
3043 2513 3231 2580 inquit,
3262 2513 3368 2566 Eu-

1798 2593 1990 2643 stochia
2014 2594 2262 2645 scribatur
2282 2596 2334 2645 in
2357 2611 2475 2648 mss.
2495 2596 2725 2650 Puteano
2745 2610 2790 2650 et
2808 2599 3098 2654 Viennensi.
3115 2602 3367 2656 Codicem

1801 2695 1928 2734 vero
1959 2681 2248 2733 Puteanum
2280 2692 2435 2736 vocat
2476 2700 2596 2752 pag.
2640 2687 2694 2750 8,
2743 2703 2983 2756 perquam
3017 2693 3283 2753 antiquum
3319 2702 3369 2745 et

1803 2771 2006 2836 optima!
2031 2780 2178 2822 noue.
2211 2771 2448 2825 Transeo
2478 2773 2541 2826 ad
2573 2773 2878 2842 Glycerium
2911 2778 3180 2843 Terentii;
3210 2780 3370 2834 video

1800 2857 1945 2911 enim
1973 2867 2024 2911 te
2053 2873 2238 2926 parum
2270 2869 2508 2914 veterum
2542 2864 2866 2917 monimenta
2921 2868 3139 2933 callere,
3164 2878 3217 2923 et
3237 2886 3370 2936 prm-

1801 2947 1982 2999 scrtim
2013 2947 2290 3012 Prisciani,
2333 2965 2489 3017 quem
2521 2951 2749 3005 alterum
2790 2964 2972 3008 contra
3005 2972 3087 3011 me
3111 2958 3367 3026 judicem,

1802 3051 1895 3090 seu
1924 3047 2110 3092 testem
2142 3040 2397 3106 appellas.
2431 3039 2589 3096 Notat
2628 3043 2933 3099 Priscianus
2968 3048 3180 3102 nomina
3222 3050 3370 3104 femi-

1804 3143 1988 3181 narum
2018 3129 2312 3182 desinentia
2358 3131 2408 3183 in
2451 3148 2535 3184 um
2578 3133 2817 3201 ﬁgurate,
2861 3150 2964 3188 non
2995 3151 3122 3190 vero
3153 3139 3369 3207 proprie

1799 3218 1875 3272 sic
1897 3219 2051 3272 elata.
2086 3219 2159 3272 Do
2189 3220 2422 3288 ejusdem
2468 3223 2622 3278 verba
2669 3239 2734 3278 ex
2777 3225 2866 3279 lib.
2915 3242 2963 3279 vi
2991 3226 3361 3282 :Inveniuntur

1799 3318 1984 3374 tamen,
2017 3310 2214 3377 inquit,
2246 3311 2385 3380 apud
2409 3315 2624 3367 comicos
2653 3316 2812 3368 multa
2841 3317 3190 3388 hujuscemodi
3217 3320 3365 3374 Grae-

1799 3415 1974 3452 corum
2005 3402 2207 3452 nomina
2236 3403 2417 3470 quibus
2449 3405 2687 3457 articulos
2715 3407 2944 3474 feminini
2977 3411 3169 3476 generis
3196 3427 3367 3466 neces-

1798 3491 1933 3543 sario
1961 3492 2344 3559 signiﬁcationis
2374 3497 2538 3560 gratia
2569 3511 2860 3563 pra'ponere
2896 3500 3077 3564 solent,
3106 3504 3135 3558 ἡ
3168 3502 3368 3574 Δὸρκιον

1797 3580 1904 3632 Ιιωο
1945 3580 2210 3644 Dorcium,
2260 3585 2292 3639 ἡ
2335 3583 2595 3656 Γλυκέριον
2634 3586 2739 3636 Itazc
2783 3584 3105 3653 Glycerium;
3131 3589 3225 3640 hoc
3269 3608 3366 3642 au-

1797 3682 1896 3726 tem
1923 3674 2045 3726 solet
2067 3673 2179 3741 fieri
2199 3675 2505 3727 adulationis
2527 3692 2700 3742 causa,
2731 3677 2832 3729 sive
2863 3677 3213 3732 diminutionis
3239 3692 3366 3733 teta-

1799 3764 1883 3817 tis.
1909 3763 2050 3817 ldcm
2083 3764 2172 3818 lib.
2204 3780 2236 3817 v
2261 3764 2444 3817 scribit
2469 3766 2678 3819 nomina
2706 3766 3018 3821 feminarum
3041 3768 3284 3823 desinere
3315 3772 3367 3827 in

1796 3870 1864 3906 un
1897 3855 2131 3923 ﬁgurate,
2153 3864 2205 3907 ut
2227 3853 2519 3924 Glycerium
2565 3870 2695 3923 mea,
2725 3857 2968 3911 Dorcium
2991 3869 3038 3912 et
3059 3857 3358 3914 Philotium.

1797 3945 1970 4008 Quare
1999 3944 2295 4014 siGlyceria
2323 3960 2416 4011 per
2442 3946 2787 4000 imitationem
2822 3955 3024 4001 tantum
3054 3949 3363 4004 Grmcorum

1799 4051 1825 4087 a
1854 4036 2055 4089 Latinis
2082 4036 2383 4105 Glycerium
2413 4036 2515 4090 dici
2546 4038 2716 4105 potuit
2739 4038 2952 4106 proprie
2993 4048 3045 4092 et
3079 4049 3243 4107 recte,
3263 4039 3365 4094 hoc

1798 4135 1878 4179 est
1912 4127 2097 4180 Latine
2137 4127 2422 4195 loquendo,
2462 4127 2730 4196 Glyceria,
2777 4143 2880 4182 non
2922 4128 3223 4199 Glycerium
3260 4131 3364 4185 dici

1798 4217 1998 4270 debuit.
2032 4217 2165 4283 Quid
2192 4232 2320 4286 ergo
2349 4219 2426 4271 ais
2451 4235 2464 4269 :
2491 4217 2602 4270 Nec
2625 4217 2912 4288 Glycerium
2940 4217 3176 4290 Glycerio
3197 4223 3364 4274 vocari

1802 4311 1964 4379 potuit
1987 4312 2010 4362 ?
2034 4311 2144 4363 lmo
2160 4311 2355 4378 passim
2385 4311 2521 4378 apud
2548 4312 2767 4368 Latinos
2796 4314 2936 4367 illius
2963 4315 3193 4367 nominis
3212 4313 3363 4368 femi-

1803 4416 1923 4453 nam
1965 4399 2236 4469 Glyceram
2283 4403 2604 4470 appellatam
2650 4404 2828 4460 video.
2876 4405 3129 4459 Martialis
3180 4403 3271 4458 lib.
3303 4419 3360 4470 ιι,

1803 4492 1972 4560 epigr.
2009 4492 2097 4553 ll,
2126 4492 2196 4542 ait
2232 4508 2245 4544 :

1986 4579 2250 4639 Respondit
2277 4581 2492 4643 Glycerae
2519 4585 2690 4635 dolere
2712 4587 2906 4634 dentes.

1804 4665 2045 4718 Horatius
2077 4666 2166 4719 lib.
2195 4682 2239 4731 I,
2272 4666 2373 4718 ode
2406 4667 2470 4720 l9
2507 4685 2518 4718 :

1989 4754 2094 4804 (irit
2118 4769 2196 4801 me
2223 4755 2441 4816 Glycerae
2466 4759 2608 4811 nitor,

1985 4815 2296 4876 Splendentis
2321 4815 2465 4864 Pario
2486 4829 2725 4864 marmore
2752 4816 2931 4875 purior.

1799 4895 1910 4950 Ode
1941 4895 2007 4948 50
2041 4914 2054 4947 :

1983 4982 2021 5043 Ο
2049 4982 2232 5038 Venus.
2257 4985 2426 5041 regina
2450 4983 2606 5038 Gnidi,
2638 4983 2904 5043 Paphique,

1982 5042 2170 5098 Sperne
2191 5044 2411 5090 dilectam
2433 5043 2638 5102 Cypron,
2665 5053 2707 5090 et
2733 5042 2942 5094 voeantss

1985 5102 2154 5162 Thure
2174 5108 2222 5149 te
2248 5103 2397 5149 multo
2418 5102 2633 5162 Glycera:
2651 5107 2876 5152 decoram

1981 5161 2207 5210 Transfer
2234 5165 2278 5210 ia
2307 5163 2478 5213 aedem.

1870 5262 2102 5329 ldipsum
2132 5277 2192 5314 ex
2221 5262 2458 5329 pluribus
2482 5264 2909 5333 inscriptionibus
2925 5275 3163 5337 apparet.
3191 5266 3362 5320 Unam

1799 5360 1852 5406 et
1890 5352 2112 5406 alteram
2153 5351 2452 5406 subiiciam.
2484 5353 2664 5408 Romae
2693 5357 2757 5410 ad
2804 5358 2864 5411 ι).
2895 5356 3181 5410 Clementis
3212 5373 3224 5406 :

1798 5482 2048 5530 FLAVIA.
2074 5481 2443 5532 DOMITILLA.
2481 5484 2664 5534 FlLlA.
2705 5487 2967 5535 FLAVI/ﬁ.
3007 5483 3363 5540 DOMITILLA!

1799 5552 1932 5612 1Μί).
1958 5564 2317 5613 CAESARIS...
2346 5563 2470 5620 AM.
2497 5565 2732 5614 NEP’l'lS.
2762 5564 2957 5614 FECIT.
2987 5563 3302 5614 GLYCElirE.
3328 5565 3364 5612 ῐ.

1800 5642 1897 5694 ΕΤ.
1924 5640 2223 5694 LlBEll'l'lS.
2268 5634 2712 5704 LlBIili'l‘ABV'SQ.
2749 5643 3111 5695 POS'l'EBlS‘l.
3156 5643 3366 5702 LORVM
