3900 6306
461 305 565 366 5i?)

460 419 639 477 Altera
670 419 807 488 apud
839 417 1122 476 Gruterum
1158 437 1274 489 pag.
1314 423 1498 475 MVIII.
1521 425 1575 477 (3.

1161 513 1219 564 D.
1264 514 1328 565 Μ.

901 603 1218 657 FLAVIU.
1265 605 1591 660 SEVERO

758 756 759 759 η
952 696 1145 749 FlLlU.
1190 696 1550 751 KARISSIMO

778 786 913 852 QUI.
958 787 1159 841 vnxn.
1200 788 1357 842 ANN.
1402 789 1485 843 vt.
1528 790 1595 843 M.
1644 792 1703 845 v.

742 878 1055 933 FLAVIUS.
1102 879 1383 935 VITALIS.
1428 882 1627 936 EVOK.
1671 884 1758 938 ΕΤ

885 970 1226 1026 GLYCERA.
1269 972 1624 1029 PARENTES

1003 1061 1487 1119 INFELICISSIMI.
1964 1124 1968 1129 _

534 1150 611 1204 Ex
642 1149 725 1203 his
753 1149 1005 1219 intelligis
1040 1168 1233 1206 nomen
1271 1154 1501 1223 Glycera:
1533 1156 1791 1212 familiare
1832 1158 2034 1213 Latinis

463 1241 647 1295 fuisse.
692 1241 841 1295 Unde
870 1250 925 1295 ct
955 1242 1005 1295 in
1051 1243 1200 1297 fastis
1223 1244 1476 1299 Romana:
1506 1246 1757 1301 Ecclesiae
1787 1250 1852 1301 ad
1891 1250 2033 1303 diem

466 1331 532 1385 15
557 1331 673 1384 Maii
718 1332 862 1397 legcs
892 1350 904 1383 :
936 1331 1199 1385 Heraclea:
1239 1334 1299 1388 S.
1333 1333 1583 1404 Glyceria:
1621 1340 1879 1408 martyris.
1925 1340 2035 1394 lmo

464 1436 569 1476 non
601 1423 759 1476 modo
785 1424 923 1491 apud
968 1424 1220 1489 Latinos,
1248 1441 1431 1479 verum
1459 1428 1619 1481 etiam
1648 1430 1784 1497 apud
1817 1427 2035 1484 Graecos

465 1513 788 1582 Glycerium,
822 1529 915 1569 seu
962 1512 1244 1585 Glyceram
1278 1517 1521 1584 legimus.
1582 1519 1849 1573 Laudatur
1889 1536 1919 1573 a
1952 1520 2036 1575 Si-

463 1615 692 1659 mocatta
719 1606 811 1659 lib.
854 1621 869 1660 ι
912 1616 965 1660 et
994 1622 1082 1660 vnt
1115 1606 1181 1661 de
1216 1609 1377 1663 rebus
1418 1610 1651 1665 Mauricii
1695 1610 2035 1679 imperatoris

462 1696 636 1750 cultus
686 1699 958 1771 Γλυκερίας
1002 1708 1093 1759 τῆς
1140 1701 1439 1776 μάρτυρος,
1487 1700 1734 1770 Glycerio:
1772 1704 2030 1772 martyris.

1324 309 1877 367 surmeunnrun
1916 314 2005 367 AD
2043 314 2265 371 orcus
2311 318 2368 375 s.
2414 298 2801 382 AUGUSTINI.

3595 340 3695 401 5H

2060 430 2110 488 A
2140 434 2428 491 Menander
2454 444 2705 496 amasium
2735 445 2924 501 fabulae
2952 447 3205 517 inseruit,
3250 458 3695 523 quemadmodum

2137 538 2317 582 noster
2340 529 2485 584 Maro
2524 547 2677 585 suum
2702 535 2890 590 Alexin
2913 539 2962 590 in
2981 542 3211 596 secunda
3242 548 3421 617 ecloga
3450 556 3697 610 cantavit.

2140 616 2200 669 Et
2224 621 2463 686 quamvis
2490 624 2630 677 malo
2655 623 2855 680 Graecae
2884 630 3060 696 poesis
3083 631 3187 687 fato
3211 616 3487 694 Menandri
3506 656 3700 701 contine

2136 707 2237 761 diae
2266 700 2585 777 interierint,
2615 717 2786 780 palam
2812 716 2869 771 fit
2893 734 2958 773 ex
2986 720 3423 791 interpretatione
3444 729 3702 800 Terentii,

2136 798 2427 869 Glycerium
2454 804 2505 857 in
2535 804 2718 860 Graeca
2748 807 2918 864 fabula
2949 814 3289 882 appellatam,
3337 834 3498 888 quam
3541 798 3703 879 Athe

2138 905 2283 943 mnus
2316 891 2583 961 Glyceram
2616 900 2932 955 nominavit.
2975 903 3112 970 Quid
3156 920 3282 975 ergo
3324 910 3520 965 scribis
3550 930 3566 969 :
3601 914 3704 970 Nec

2138 980 2426 1049 Glycerium
2451 987 2588 1055 apud
2616 987 2902 1044 Terentium
2948 993 3003 1046 in
3032 996 3227 1050 Andria
3258 997 3497 1069 Glyceria
3540 1008 3704 1061 vocari

2137 1075 2339 1143 potuit?
2366 1075 2588 1132 Claudat
2617 1094 2803 1150 agmen
2844 1082 2929 1137 vir
2957 1086 3231 1157 utriusque
3258 1088 3527 1147 idiomatis
3573 1096 3703 1162 peri-

2139 1164 2377 1218 tissimus
2400 1164 2691 1223 Gentianus
2716 1170 2995 1241 llervetus,
3017 1175 3168 1244 cujus
3189 1179 3427 1234 eruditas
3448 1183 3702 1254 interpre-

2138 1254 2366 1309 tationes
2394 1258 2594 1324 poteris
2624 1274 2720 1328 per
2757 1260 2921 1316 Otium
2956 1263 3132 1333 legere
3172 1269 3309 1335 apud
3339 1269 3700 1329 Possevinum.

2139 1343 2234 1433 llic
2292 1347 2491 1414 primus
2539 1348 2850 1407 Lausiacam
2896 1352 3169 1411 historiam
3212 1358 3434 1416 Palladii
3472 1365 3705 1433 episcopi

2138 1432 2561 1504 ilelenOpolitani
2593 1440 2796 1496 Latinis
2816 1446 3033 1500 auribus
3060 1447 3301 1506 donavit.
3325 1452 3493 1508 Porro
3514 1432 3705 1512 scribit

2136 1540 2254 1596 cap.
2298 1529 2366 1584 86
2399 1545 2413 1582 :
2457 1530 2578 1585 Illic
2606 1532 2863 1603 Evagrius
2905 1539 3153 1607 excipitur
3188 1559 3221 1595 a
3263 1543 3408 1599 beata
3455 1545 3701 1602 Melania.

2138 1617 2326 1673 Postea
2356 1637 2368 1671 :
2398 1619 2535 1674 Dicit
2556 1623 2602 1675 ei
2629 1623 2774 1677 beata
2799 1625 3102 1683 Melanium.
3128 1630 3271 1686 Idem
3293 1647 3413 1703 cap.
3435 1634 3505 1690 97
3530 1654 3543 1689 :
3572 1637 3704 1693 Huic

2136 1710 2416 1791 aliquando
2438 1711 2716 1767 Melanium
2731 1717 2912 1786 junior
2935 1735 3136 1789 magna:
3159 1722 3399 1779 Melania:
3422 1728 3617 1797 neptis,
3644 1730 3705 1785 de

2221 1777 2228 1779 _
2731 1777 2749 1786 ,
3022 1777 3045 1789 .,
3359 1777 3388 1779 --
3646 1777 3701 1785 η-

462 1786 750 1841 Athenaeus
779 1787 870 1841 lib.
924 1804 1013 1842 xui
1053 1791 1194 1843 inter
1238 1790 1469 1844 famosas
1499 1791 1749 1846 mulieres
1790 1800 2035 1847 recenset
2068 1777 2110 1835 Β
2135 1786 2236 1871 qna
2262 1803 2428 1857 dicam
2455 1816 2658 1874 postea,
2684 1809 2821 1862 misit
2850 1812 3147 1879 quingentos
3175 1830 3428 1870 nummos.
3466 1777 3707 1889 ﬁenique

462 1884 551 1937 τὴν
588 1881 855 1954 Γλυκέραν,
897 1880 1197 1950 Glyccrcm,
1230 1898 1387 1951 quam
1429 1883 1496 1936 ab
1537 1883 1767 1953 Harpalo
1797 1883 2035 1940 Athenas

463 1969 685 2022 accitam
712 1970 916 2023 scribit.
944 1971 1207 2026 Lucianus
1222 1972 1289 2026 de
1318 1972 1609 2026 thetorum
1639 1982 1891 2042 prmcept.
1916 1990 2034 2028 cum

464 2057 668 2112 Thaide
690 2098 705 2121 ,
750 2069 803 2113 et
834 2061 1093 2115 Malthace
1124 2064 1389 2136 Γλυκέραν,
1432 2062 1731 2132 Glyceram,
1773 2064 2035 2119 nominat.

464 2148 691 2203 Notabat
734 2161 912 2205 autem
943 2152 1185 2207 laudatus
1215 2153 1518 2207 Priscianus
1548 2155 1638 2208 lib.
1674 2171 1726 2209 vt
1756 2154 2034 2226 Glyceram

464 2240 713 2293 feminam
755 2256 851 2310 per
898 2243 1180 2309 quamdam
1224 2244 1581 2297 adulationem
1614 2246 1749 2313 (ipse
1801 2248 2031 2301 dicerem

465 2327 835 2398 festivitatem)
877 2333 1103 2386 neutrali
1137 2333 1369 2387 nominis
1402 2336 1773 2388 terminatione
1816 2352 2039 2403 expres-

464 2430 599 2469 sam.
650 2416 724 2470 lta
757 2420 1051 2474 Athenaeus
1088 2421 1284 2475 ibidem
1322 2438 1389 2477 ex
1431 2423 1688 2478 Macbone
1723 2433 1881 2493 poeta
1923 2428 2035 2481 tunc

462 2507 696 2560 carmina
726 2509 950 2565 recitat:

587 2597 877 2665 Glycerium,
895 2613 1038 2662 quam
1063 2602 1125 2649 ab
1143 2610 1356 2652 amatore
1380 2609 1637 2665 acceperat

586 2659 851 2716 Corinthio,
876 2659 1091 2711 aestivam
1116 2672 1313 2713 vestem.
1327 2668 1488 2715 statim

584 2717 772 2769 Fulloui
809 2723 1014 2771 tradidit.

536 2825 801 2881 Lucianus
848 2829 1005 2883 etiam
1035 2830 1087 2883 in
1137 2830 1358 2900 dialogis
1400 2833 1741 2887 meretricum
1778 2836 2041 2909 Γλυκέριον

466 2917 754 2989 Glycerium
777 2922 1033 2974 nominat.
1064 2920 1131 2974 Et
1154 2922 1365 2990 quidem
1388 2926 1704 2980 meretrices
1724 2941 1752 2979 a
1776 2926 1962 2981 Plauto
1986 2929 2037 2981 in

468 3010 651 3064 Graeca
688 3011 1058 3064 terminatione
1088 3010 1401 3066 efferuntur.
1434 3012 1506 3065 Ita
1532 3015 1868 3081 appellantur
1902 3017 2039 3069 Sile-

466 3094 610 3154 ni'um
658 3111 710 3155 et
756 3099 1092 3169 Gymnasium
1138 3101 1189 3154 in
1220 3101 1544 3166 Cistellaria;
1596 3103 2037 3158 Philocomasium
2066 3119 2111 3181 C

466 3198 520 3242 et
557 3189 948 3242 Acroteleutium
972 3191 1023 3243 in
1072 3189 1264 3255 Milite;
1301 3190 1619 3245 Phoenicium
1648 3193 1699 3246 in
1744 3193 2036 3261 Pseudolo,

468 3290 572 3334 etc.
605 3279 678 3331 ita
705 3280 863 3333 etiam
893 3288 1191 3349 scortorum
1217 3282 1430 3335 nomina
1451 3282 1667 3338 exhibet
1686 3283 2041 3340 Aristaenetus

468 3371 562 3425 lib.
590 3387 627 3438 ι,
657 3372 816 3441 epist.
841 3372 906 3427 M
932 3385 983 3429 et
1010 3374 1099 3439 24;
1132 3374 1226 3430 lib.
1254 3392 1313 3443 ll,
1343 3378 1500 3446 epist.
1526 3378 1612 3432 l5.
1638 3374 1793 3445 Vide,
1826 3381 1894 3433 mi
1926 3381 2039 3434 Ma-

469 3463 624 3529 cedo,
655 3464 841 3533 quales
862 3464 1025 3520 libros
1049 3476 1135 3521 tua
1159 3467 1246 3522 illa
1275 3482 1498 3523 censura
1528 3468 1761 3525 historiae
1784 3470 2042 3526 ecclesia-

470 3555 617 3609 sticte
644 3556 998 3624 professorem
1027 3557 1295 3627 appellare
1324 3562 1510 3628 cogat!

541 3645 667 3711 Sed,
717 3645 790 3701 uti
819 3662 876 3701 es
906 3656 1065 3702 acuto
1095 3657 1150 3704 et
1178 3648 1357 3703 subtili
1388 3649 1618 3717 ingenio,
1653 3666 1878 3721 repones
1921 3668 2040 3706 mu-

472 3735 659 3791 lierem
690 3752 809 3806 quae.
846 3738 987 3805 apud
1019 3738 1324 3793 Terentium
1348 3738 1641 3808 Glycerium
1666 3742 1877 3808 dicitur,
1902 3759 2041 3798 nun-

472 3841 629 3893 quam
660 3826 937 3896 Glyceram
988 3830 1225 3894 potuisse
1266 3829 1590 3897 nuncupari,
1622 3832 1775 3886 sicuti
1800 3849 1899 3888 nec
1923 3850 2042 3903 qua:

476 3914 698 3982 Glycera
732 3915 1135 3978 nominabatur,
1169 3916 1471 3984 Glycerium
1516 3920 1569 3971 in
1606 3932 1754 3975 recto
1785 3939 1909 3978 casu
1937 3925 2042 3979 dici
2114 3970 2115 3973 η

475 4002 729 4071 potuisse.
761 4003 866 4057 Sed
890 4018 1076 4071 parum
1100 4004 1262 4060 hocce
1293 4014 1345 4060 te
1373 4007 1623 4077 eﬂugium
1651 4013 1818 4078 juvat.
1849 4014 2042 4083 Relege

473 4102 797 4147 memoratos
822 4093 1063 4163 dialogos
1093 4096 1309 4150 Luciani
1335 4112 1348 4149 :
1380 4098 1585 4154 videbis
1612 4101 1701 4154 uni
1730 4103 1936 4157 illorum
1975 4106 2043 4159 ab

471 4190 691 4236 auctore
730 4182 939 4238 titulum
968 4183 1079 4240 dari
1108 4198 1378 4243 ΓΛΥΚΕΡΔ
1405 4198 1501 4243 xAt
1538 4197 1694 4256 ΘΔΙΣ,
1743 4190 1958 4260 Glycera
1994 4203 2043 4248 et

473 4273 661 4339 Thais;
690 4284 744 4331 at
775 4276 829 4329 in
865 4274 1074 4343 dialogo
1119 4279 1369 4334 scribitur
1392 4282 1688 4359 Γλυκέριον,
1730 4283 2040 4354 Glycerium.

474 4369 549 4423 Ita
599 4367 792 4437 legitur
842 4368 893 4422 in
923 4369 1081 4423 editis
1127 4371 1443 4437 codicibus,
1471 4383 1526 4429 et
1576 4376 1624 4428 in
1656 4375 1863 4431 duobus
1910 4392 2042 4432 mss.

2137 1907 2254 1959 cap.
2290 1894 2392 1948 “8
2433 1912 2447 1947 :
2486 1894 2613 1949 Cum
2640 1907 2837 1963 autem,
2865 1901 3051 1970 inquit,
3096 1918 3240 1956 suam
3280 1922 3473 1975 quoque
3510 1921 3711 1978 neptem

2138 1982 2453 2052 Melanium,
2505 1996 2611 2044 etc.
2640 1988 2790 2053 Quod
2823 1998 2877 2044 tu
2910 2008 3012 2045 non
3060 1992 3210 2047 licere
3242 1998 3478 2067 usurpari
3534 1999 3667 2055 dicis
3691 2042 3708 2067 ,

2138 2072 2404 2129 Hervetus
2446 2093 2550 2131 non
2581 2086 2786 2133 tantum
2818 2082 3007 2147 semel,
3051 2083 3145 2138 sed
3176 2084 3399 2153 iterum,
3444 2102 3509 2142 ac
3554 2090 3711 2145 tertio

2138 2167 2439 2235 usurpavit,
2467 2169 2709 2223 eamdem
2743 2172 2987 2227 feminam
3010 2175 3313 2242 Melanium,
3340 2187 3396 2234 et
3426 2179 3714 2237 Melaniam

2138 2259 2439 2324 promiscue
2492 2276 2839 2329 nuncupans,
2883 2277 3212 2324 cumtamen
3252 2269 3307 2324 in
3332 2280 3480 2327 textu
3521 2274 3714 2330 Grazco

2138 2347 2356 2401 Palladii
2392 2366 2660 2417 nunquam
2682 2354 2966 2409 Melanium
2992 2358 3309 2426 inveniatur,
3339 2363 3435 2417 sed
3459 2363 3716 2422 feminina

2138 2437 2513 2493 terminatione
2539 2440 2677 2495 idei'n
2709 2446 2947 2500 mulieris
2976 2462 3165 2502 nomen
3194 2463 3407 2519 semper
3434 2454 3714 2512 efferatur.

2138 2527 2207 2581 At
2238 2538 2290 2581 tu
2321 2529 2549 2586 Herveto
2574 2532 2834 2586 eruditior
2860 2537 3050 2591 scribis
3082 2551 3097 2591 :
3130 2538 3254 2593 Non
3277 2542 3389 2597 erat
3411 2543 3595 2611 libera,
3625 2564 3717 2601 nec

2141 2621 2429 2685 promiscua
2458 2621 2553 2675 illa
2580 2624 2883 2690 declinatio,
2928 2630 3017 2681 sed
3045 2634 3324 2686 necessaria
3356 2639 3717 2706 grammatices

2140 2711 2470 2764 constructio.
2500 2712 2803 2769 Audebisne
2837 2719 2995 2773 tantis
3034 2721 3383 2790 scriptoribus
3411 2728 3719 2795 oppetiere?

2142 2801 2286 2871 Itane
2315 2802 2627 2868 Martialem,
2669 2805 2942 2862 Horatium
2965 2850 2981 2875 ,
3011 2810 3333 2879 Lucianum,
3370 2817 3717 2887 Athenaeum,

2140 2899 2194 2944 et
2240 2891 2557 2961 interpretes
2595 2895 2879 2967 Micyllum,
2909 2908 2962 2954 et
3003 2888 3365 2971 Benedictum,
3400 2907 3720 2977 llervetum,

2142 2982 2521 3053 Rosweydum,
2553 2995 2603 3041 et
2630 2987 2673 3040 si
2696 2991 2901 3057 superis
2932 2991 3124 3059 placet,
3150 3008 3395 3063 magnum
3422 2997 3722 3059 Baronium

2140 3073 2202 3124 ab
2227 3068 2421 3127 Urbilio
2439 3077 2761 3147 castigandos
2786 3082 3171 3148 pronuntiabis,
3192 3093 3245 3138 et
3259 3086 3525 3155 imperitia:
3543 3106 3724 3161 gram-

2142 3163 2344 3217 matica:
2375 3166 2686 3220 accusabis?
2718 3168 2972 3239 Expunge
3000 3173 3172 3239 potius
3200 3176 3529 3246 praecipitem
3570 3191 3723 3237 tuam

2144 3252 2286 3306 illam
2332 3269 2614 3311 censuram
2636 3297 2652 3325 ,
2684 3273 2713 3312 a
2740 3274 2843 3329 qua
2865 3301 2880 3325 ,
2920 3261 2966 3316 si
2992 3263 3184 3318 melius
3227 3274 3468 3324 veterum
3512 3273 3725 3340 scripta

2116 3340 2446 3408 'lustrasses,
2477 3360 2581 3401 non
2608 3348 2790 3402 dubito
2816 3352 2941 3419 quin
2969 3351 3349 3423 abstinuisses,
3380 3372 3449 3413 ne
3477 3359 3727 3417 insulsus

2139 3432 2327 3488 aliena:
2370 3439 2729 3504 grammaticae
2773 3443 3059 3510 castigator
3105 3444 3385 3502 haberere.
3435 3448 3495 3504 Si
3532 3459 3725 3509 tamen

2142 3537 2301 3590 roges
2331 3539 2425 3578 cur
2453 3526 2637 3582 Patres
2680 3544 2814 3598 quos
2842 3532 2991 3586 initio
3022 3532 3251 3600 laudavi,
3294 3550 3389 3605 pro
3416 3539 3609 3594 Albino
3675 3553 3729 3599 et

2141 3613 2365 3669 Melania
2397 3619 2930 3685 posuerintAlbinum
2969 3633 3023 3678 et
3072 3624 3388 3681 Melanium?
3413 3630 3636 3686 docebit
3678 3644 3729 3689 te

2143 3706 2475 3777 Roswcydus
2496 3710 2551 3763 iu
2570 3712 2708 3764 notis
2730 3714 2795 3765 ad
2815 3715 3094 3783 epistolam
3126 3717 3194 3770 44
3215 3719 3273 3772 S.
3301 3718 3529 3785 Paulini,
3560 3724 3732 3792 cujus

2143 3798 2302 3869 verba
2337 3814 2442 3853 non
2482 3801 2638 3857 laudo
2661 3845 2676 3869 ,
2720 3806 2863 3872 quod
2899 3807 3057 3863 v'elim
3106 3808 3253 3864 bibas
3280 3824 3344 3864 ex
3374 3809 3544 3868 fonte.
3596 3814 3728 3871 lam

2142 3892 2311 3958 vides,
2331 3893 2439 3960 jam
2470 3896 2655 3958 sentis,
2678 3898 2870 3965 amice,
2899 3906 3042 3953 tuam
3067 3900 3210 3954 illam
3226 3916 3530 3969 censuram,
3556 3921 3729 3975 quam

2143 3983 2306 4037 veluti
2337 3984 2541 4054 insigne
2570 3986 2643 4040 tui
2675 3989 2853 4055 operis
2892 3989 3265 4045 documentum
3313 3991 3366 4046 in
3412 3993 3599 4051 indice
3651 4002 3731 4054 sic

2144 4075 2376 4128 exarasti
2409 4090 2422 4127 :
2457 4074 2617 4130 Naris
2666 4079 2933 4146 imperitia:
2973 4081 3313 4151 grammatica:
3339 4084 3606 4151 arguitur,
3654 4097 3729 4143 tot

2145 4167 2570 4222 testimoniorum
2601 4170 2836 4237 pondere
2871 4171 3053 4225 elisam
3080 4172 3281 4239 jacere.
3315 4174 3390 4229 Ne
3421 4184 3609 4232 tamen
3644 4196 3729 4234 m-

2148 4255 2413 4311 humanus
2456 4273 2696 4326 censear,
2732 4261 3028 4329 sepulcrale
3064 4262 3237 4317 eidem
3258 4278 3444 4318 saxum
3474 4267 3727 4337 impono,

2146 4345 2326 4400 addito
2346 4348 2617 4417 epitaphio
2649 4364 2753 4418 quo
2788 4350 2931 4418 justa
2958 4351 3099 4405 illius
3122 4354 3397 4420 oppressio
3417 4355 3729 4412 uncialibus

473 4459 802 4515 screnissimi
831 4459 1004 4528 Magni
1030 4460 1186 4515 Ducis
1217 4463 1267 4515 in
1294 4464 1473 4529 pluteo
1502 4465 1590 4520 57.
1616 4467 1789 4535 Atque
1818 4467 1889 4521 ita
1920 4482 2038 4522 om-
2064 4465 2119 4526 D
2149 4438 2545 4535 ﬂ'afac'eribus
2596 4440 2948 4509 exprimam"
3003 4440 3082 4495 Ex
3133 4439 3465 4498 Gruteriani“
3512 4450 3730 4502 metm

474 4552 600 4607 nino
621 4553 1034 4622 interpretantur
1064 4553 1159 4607 viri
1192 4554 1482 4610 ductissimi
1508 4557 1738 4611 Jacobus
1768 4560 2036 4629 Micyllus,

473 4654 527 4697 et
550 4643 779 4698 Joannes
806 4641 1145 4709 Benedictus,
1176 4643 1227 4696 in
1259 4645 1409 4699 titulo
1436 4662 1450 4700 :
1476 4646 1693 4715 Glycera
1713 4657 1759 4699 ct
1783 4648 1957 4715 Thais,
1986 4650 2038 4703 in

474 4742 619 4788 textu
648 4731 934 4803 Glycerium
960 4742 1247 4787 vertentes.
1278 4734 1495 4803 Magnus
1526 4734 1785 4789 Baronius
1816 4738 1869 4789 in
1901 4740 2039 4792 uotis

473 4823 539 4876 ad
570 4824 708 4877 diem
764 4825 829 4878 l5
858 4824 999 4891 Maii,
1050 4824 1129 4876 lit.
1161 4822 1200 4877 C
1240 4825 1314 4876 ait
1340 4823 1587 4893 Glycerio:
1610 4865 1625 4889 ,
1668 4827 1768 4879 sive
1794 4826 2036 4897 Glycerii.

475 4912 615 4966 Idem
635 4912 688 4965 in
716 4914 1024 4978 Annalibus,
1051 4928 1139 4967 an.
1166 4913 1287 4978 175,
1311 4912 1601 4983 Glyceriam
1623 4924 1907 4985 martyrem
1931 4917 2043 4969 lau-

472 5001 586 5063 dat,
618 5016 734 5067 qua:
763 5002 813 5054 in
845 5003 1083 5069 ejusdem
1120 5006 1247 5059 tomi
1297 5005 1472 5059 iudice
1500 5004 1790 5074 Glycerium
1825 5007 2037 5061 dicitur.

475 5088 656 5155 Redeo
680 5089 743 5143 ad
768 5088 1069 5158 Glycerium
1093 5093 1351 5149 Terentii.
1377 5096 1493 5151 Scis
1519 5096 1773 5151 Andriam
1805 5097 2041 5152 Terentii

473 5194 594 5235 esse
616 5179 883 5233 Menandri
911 5180 1250 5243 commdiam,
1272 5198 1428 5251 quam
1448 5185 1535 5238 ille
1562 5185 1710 5253 Latio
1735 5200 1793 5240 se
1813 5186 2042 5240 donasse

474 5282 698 5330 testatur
727 5272 780 5326 in
815 5271 1055 5341 prologo.

595 5371 865 5435 Menander
882 5382 997 5432 fecit
1020 5381 1245 5433 Andriam
1267 5392 1319 5435 et
1342 5387 1660 5436 Perinthiam.

543 5486 611 5541 At
657 5485 935 5558 Glyceram
983 5488 1318 5543 meretricem
1369 5487 1623 5541 dilectam
1672 5504 1700 5542 a
1758 5489 2043 5546 Menandro

470 5575 760 5632 Athenaeus
786 5577 878 5632 lib.
912 5592 1007 5631 xm
1036 5584 1261 5647 testatur
1294 5594 1307 5630 :
1348 5574 1620 5648 Glyceran:
1666 5590 1892 5633 amatam
1933 5581 2047 5637 Me-

472 5665 670 5721 nandro
715 5679 901 5722 norunt
928 5686 1116 5724 omnes.
1162 5671 1348 5726 Grmcc
1376 5671 1623 5739 Γλυκέραν
1668 5671 1832 5740 leges.
1873 5673 2044 5739 Quare

2146 4526 2275 4579 illud
2301 4537 2521 4597 experto
2549 4545 2562 4582 :

2703 4606 3133 4695 SATVRNINVS

2602 4707 2867 4765 SEVERI.
2914 4708 2974 4766 V.
3018 4712 3080 4766 F.
3118 4713 3246 4768 SIBI

2582 4798 2670 4852 ET
2709 4801 2918 4855 RAMO.
2959 4803 3280 4859 VRSVLAE

2628 4888 2780 4942 CON.
2821 4890 3233 4946 KARISSIMAE

2543 4979 2850 5035 ACCEPTO
2890 4982 2952 5036 F.
2991 4983 3147 5040 ANN.
3187 4983 3313 5039 VIII.

2536 5069 2853 5125 MASGVLO
2892 5071 2953 5126 F.
2994 5074 3154 5129 ANN.
3196 5075 3326 5129 Xlll.

2221 5220 2422 5289 Legem
2457 5223 2657 5289 posteri
2687 5231 2803 5291 post
2826 5223 3114 5294 Josepbum
3144 5224 3468 5295 Scaligerum
3498 5241 3621 5296 cap.
3655 5227 3721 5282 19

2153 5312 2338 5365 indicis
2373 5312 2673 5366 Gruteriani
2700 5357 2715 5380 ,
2760 5310 2993 5370 liAMVS
3027 5314 3312 5369 VRSVLA.
3349 5315 3543 5370 Verum
3584 5319 3632 5370 si
3664 5327 3721 5371 tu

2151 5417 2279 5457 saxo
2307 5401 2490 5456 durior
2512 5403 2563 5456 in
2592 5404 2754 5458 semel
2776 5413 3031 5474 concepta
3054 5406 3181 5460 crisi
3205 5406 3482 5474 perduras,
3506 5407 3720 5475 abjecto

2150 5494 2374 5559 calamo,
2420 5494 2736 5548 excisorium
2764 5496 3028 5565 scalprum
3056 5505 3111 5552 et
3138 5498 3440 5553 malleolum
3474 5498 3717 5567 stringe,

2150 5600 2211 5639 ac
2239 5598 2336 5654 pro
2363 5584 2554 5639 RAMO
2584 5584 2788 5638 incidas
2818 5586 3083 5653 RAMAE,
3113 5596 3172 5642 ut
3203 5588 3288 5644 vel
3318 5589 3538 5643 silentes
3564 5601 3717 5642 mor-

2152 5682 2359 5729 tuorum
2391 5688 2574 5730 manes
2591 5688 2620 5730 c
2638 5673 2917 5742 sepulcrali
2940 5675 3111 5745 lapide
3134 5687 3274 5735 tuam
3296 5680 3348 5735 in
3369 5677 3718 5749 grammatica
