  <div class='ocr_page' id='page_1' title='image "/cluster/home/n/w/nwhite01/storage/ocr_20150623/47/uva.x000827107/280.png"; bbox 0 0 3900 6304; ppageno 0'>
   <div class='ocr_carea' id='block_1_1' title="bbox 141 312 233 366">
    <p class='ocr_par' dir='ltr' id='par_1_1' title="bbox 141 312 233 366">
     <span class='ocr_line' id='line_1_1' title="bbox 141 312 233 366; baseline 0.011 -2"><span class='ocrx_word' id='word_1_1' title='bbox 141 312 233 366; x_wconf 78' lang='grc'><strong>515</strong></span> 
     </span>
    </p>
   </div>
   <div class='ocr_carea' id='block_1_2' title="bbox 795 301 3364 362">
    <p class='ocr_par' dir='ltr' id='par_1_2' title="bbox 795 301 3364 362">
     <span class='ocr_line' id='line_1_2' title="bbox 795 301 3364 362; baseline -0.001 -2"><span class='ocrx_word' id='word_1_2' title='bbox 795 306 1143 362; x_wconf 76' lang='grc' dir='ltr'><strong>νΑιιιΟιιυΜ</strong></span> <span class='ocrx_word' id='word_1_3' title='bbox 1185 303 1776 360; x_wconf 70' lang='lat' dir='ltr'><strong>EXERCITATIONES</strong></span> <span class='ocrx_word' id='word_1_4' title='bbox 1815 303 1875 356; x_wconf 81' lang='lat' dir='ltr'><strong>IN</strong></span> <span class='ocrx_word' id='word_1_5' title='bbox 1917 302 1970 358; x_wconf 89' lang='lat' dir='ltr'><strong>S.</strong></span> <span class='ocrx_word' id='word_1_6' title='bbox 2015 301 2382 357; x_wconf 71' lang='lat' dir='ltr'><strong>AL&#39;GUSTINI</strong></span> <span class='ocrx_word' id='word_1_7' title='bbox 2421 301 2647 354; x_wconf 72' lang='lat' dir='ltr'><strong>OI’ERA</strong></span> <span class='ocrx_word' id='word_1_8' title='bbox 3262 303 3364 359; x_wconf 69' lang='lat'><strong>536</strong></span> 
     </span>
    </p>
   </div>
   <div class='ocr_carea' id='block_1_3' title="bbox 145 413 3368 488">
    <p class='ocr_par' dir='ltr' id='par_1_3' title="bbox 145 413 3368 488">
     <span class='ocr_line' id='line_1_3' title="bbox 145 413 3368 488; baseline -0.001 -13"><span class='ocrx_word' id='word_1_9' title='bbox 145 418 497 478; x_wconf 79' lang='lat' dir='ltr'><strong>excellentiam</strong></span> <span class='ocrx_word' id='word_1_10' title='bbox 528 419 829 487; x_wconf 84' lang='lat' dir='ltr'><strong>loquantur,</strong></span> <span class='ocrx_word' id='word_1_11' title='bbox 861 429 914 473; x_wconf 91' lang='lat' dir='ltr'><strong>et</strong></span> <span class='ocrx_word' id='word_1_12' title='bbox 944 436 1009 474; x_wconf 90' lang='lat' dir='ltr'><strong>ne</strong></span> <span class='ocrx_word' id='word_1_13' title='bbox 1037 435 1255 488; x_wconf 79' lang='lat' dir='ltr'><strong>usquam</strong></span> <span class='ocrx_word' id='word_1_14' title='bbox 1294 419 1530 488; x_wconf 86' lang='lat' dir='ltr'><strong>gentium</strong></span> <span class='ocrx_word' id='word_1_15' title='bbox 1569 433 1688 470; x_wconf 87' lang='lat' dir='ltr'><strong>mu-</strong></span> <span class='ocrx_word' id='word_1_16' title='bbox 1720 422 1769 477; x_wconf 83' lang='grc' dir='ltr'><strong>Α</strong></span> <span class='ocrx_word' id='word_1_17' title='bbox 1801 417 2059 469; x_wconf 83' lang='lat' dir='ltr'><strong>llervetus</strong></span> <span class='ocrx_word' id='word_1_18' title='bbox 2100 417 2512 483; x_wconf 89' lang='lat' dir='ltr'><strong>interpretatur,</strong></span> <span class='ocrx_word' id='word_1_19' title='bbox 2547 413 2741 488; x_wconf 88' lang='lat' dir='ltr'><strong>nolide</strong></span> <span class='ocrx_word' id='word_1_20' title='bbox 2787 427 3002 469; x_wconf 85' lang='lat' dir='ltr'><strong>nomine</strong></span> <span class='ocrx_word' id='word_1_21' title='bbox 3040 416 3368 487; x_wconf 85' lang='lat' dir='ltr'><strong>proﬂigatam</strong></span> 
     </span>
    </p>
   </div>
   <div class='ocr_carea' id='block_1_4' title="bbox 141 507 1692 564">
    <p class='ocr_par' dir='ltr' id='par_1_4' title="bbox 141 507 1692 564">
     <span class='ocr_line' id='line_1_4' title="bbox 141 507 1692 564; baseline -0.002 0"><span class='ocrx_word' id='word_1_22' title='bbox 141 511 276 564; x_wconf 87' lang='lat' dir='ltr'><strong>licris</strong></span> <span class='ocrx_word' id='word_1_23' title='bbox 304 522 493 562; x_wconf 85' lang='lat' dir='ltr'><strong>nomen</strong></span> <span class='ocrx_word' id='word_1_24' title='bbox 525 507 815 561; x_wconf 86' lang='lat' dir='ltr'><strong>masculina</strong></span> <span class='ocrx_word' id='word_1_25' title='bbox 861 510 1231 563; x_wconf 79' lang='lat' dir='ltr'><strong>terminatione</strong></span> <span class='ocrx_word' id='word_1_26' title='bbox 1280 509 1476 562; x_wconf 89' lang='lat' dir='ltr'><strong>clatum</strong></span> <span class='ocrx_word' id='word_1_27' title='bbox 1530 509 1692 561; x_wconf 67' lang='lat' dir='ltr'><strong>fuisse</strong></span> 
     </span>
    </p>
   </div>
   <div class='ocr_carea' id='block_1_5' title="bbox 146 600 394 652">
    <p class='ocr_par' dir='ltr' id='par_1_5' title="bbox 146 600 394 652">
     <span class='ocr_line' id='line_1_5' title="bbox 146 600 394 652; baseline -0.012 0"><span class='ocrx_word' id='word_1_28' title='bbox 146 600 394 652; x_wconf 84' lang='lat' dir='ltr'><strong>videatur.</strong></span> 
     </span>
    </p>
   </div>
   <div class='ocr_carea' id='block_1_6' title="bbox 205 689 1692 756">
    <p class='ocr_par' dir='ltr' id='par_1_6' title="bbox 205 689 1692 756">
     <span class='ocr_line' id='line_1_6' title="bbox 205 689 1692 756; baseline -0.001 -12"><span class='ocrx_word' id='word_1_29' title='bbox 205 690 376 744; x_wconf 87' lang='lat' dir='ltr'><strong>Sentio</strong></span> <span class='ocrx_word' id='word_1_30' title='bbox 405 698 578 742; x_wconf 87' lang='lat' dir='ltr'><strong>tamen</strong></span> <span class='ocrx_word' id='word_1_31' title='bbox 611 690 798 743; x_wconf 84' lang='lat' dir='ltr'><strong>iterum</strong></span> <span class='ocrx_word' id='word_1_32' title='bbox 831 704 913 744; x_wconf 91' lang='lat' dir='ltr'><strong>me</strong></span> <span class='ocrx_word' id='word_1_33' title='bbox 959 689 1011 743; x_wconf 88' lang='lat' dir='ltr'><strong>in</strong></span> <span class='ocrx_word' id='word_1_34' title='bbox 1042 704 1254 744; x_wconf 91' lang='lat' dir='ltr'><strong>arenam</strong></span> <span class='ocrx_word' id='word_1_35' title='bbox 1287 690 1380 744; x_wconf 91' lang='lat' dir='ltr'><strong>abs</strong></span> <span class='ocrx_word' id='word_1_36' title='bbox 1412 697 1462 743; x_wconf 92' lang='lat' dir='ltr'><strong>te</strong></span> <span class='ocrx_word' id='word_1_37' title='bbox 1495 705 1692 756; x_wconf 41' lang='lat' dir='ltr'><strong>provo‘</strong></span> 
     </span>
    </p>
   </div>
   <div class='ocr_carea' id='block_1_7' title="bbox 143 779 1696 851">
    <p class='ocr_par' dir='ltr' id='par_1_7' title="bbox 143 779 1696 851">
     <span class='ocr_line' id='line_1_7' title="bbox 143 779 1696 851; baseline -0.002 -16"><span class='ocrx_word' id='word_1_38' title='bbox 143 782 258 836; x_wconf 87' lang='lat' dir='ltr'><strong>cari.</strong></span> <span class='ocrx_word' id='word_1_39' title='bbox 291 780 393 835; x_wconf 89' lang='lat' dir='ltr'><strong>Sed</strong></span> <span class='ocrx_word' id='word_1_40' title='bbox 419 782 692 847; x_wconf 89' lang='lat' dir='ltr'><strong>mittamus,</strong></span> <span class='ocrx_word' id='word_1_41' title='bbox 717 784 888 849; x_wconf 79' lang='lat' dir='ltr'><strong>inquis</strong></span> <span class='ocrx_word' id='word_1_42' title='bbox 921 785 1057 851; x_wconf 88' lang='lat' dir='ltr'><strong>(pag.</strong></span> <span class='ocrx_word' id='word_1_43' title='bbox 1112 779 1188 848; x_wconf 77' lang='grc'><strong>5),</strong></span> <span class='ocrx_word' id='word_1_44' title='bbox 1218 785 1322 834; x_wconf 59' lang='lat' dir='ltr'><strong>hac</strong></span> <span class='ocrx_word' id='word_1_45' title='bbox 1348 783 1502 834; x_wconf 71' lang='lat' dir='ltr'><strong>exilia</strong></span> <span class='ocrx_word' id='word_1_46' title='bbox 1534 798 1696 848; x_wconf 88' lang='lat' dir='ltr'><strong>quan-</strong></span> 
     </span>
    </p>
   </div>
   <div class='ocr_carea' id='block_1_8' title="bbox 144 873 1696 941">
    <p class='ocr_par' dir='ltr' id='par_1_8' title="bbox 144 873 1696 941">
     <span class='ocr_line' id='line_1_8' title="bbox 144 873 1696 941; baseline 0 -17"><span class='ocrx_word' id='word_1_47' title='bbox 144 889 284 941; x_wconf 88' lang='lat' dir='ltr'><strong>quam</strong></span> <span class='ocrx_word' id='word_1_48' title='bbox 330 889 430 924; x_wconf 90' lang='lat' dir='ltr'><strong>non</strong></span> <span class='ocrx_word' id='word_1_49' title='bbox 483 874 843 926; x_wconf 88' lang='lat' dir='ltr'><strong>contemnenda</strong></span> <span class='ocrx_word' id='word_1_50' title='bbox 876 917 891 940; x_wconf 90' lang='lat'><strong>,</strong></span> <span class='ocrx_word' id='word_1_51' title='bbox 943 890 1005 925; x_wconf 89' lang='lat' dir='ltr'><strong>ne</strong></span> <span class='ocrx_word' id='word_1_52' title='bbox 1049 875 1305 926; x_wconf 86' lang='lat' dir='ltr'><strong>videamur</strong></span> <span class='ocrx_word' id='word_1_53' title='bbox 1352 873 1404 924; x_wconf 88' lang='lat' dir='ltr'><strong>in</strong></span> <span class='ocrx_word' id='word_1_54' title='bbox 1455 874 1696 924; x_wconf 76' lang='lat' dir='ltr'><strong>titivtlitio</strong></span> 
     </span>
    </p>
   </div>
   <div class='ocr_carea' id='block_1_9' title="bbox 147 961 1691 1030">
    <p class='ocr_par' dir='ltr' id='par_1_9' title="bbox 147 961 1691 1030">
     <span class='ocr_line' id='line_1_9' title="bbox 147 961 1691 1030; baseline 0 -16"><span class='ocrx_word' id='word_1_55' title='bbox 147 964 410 1014; x_wconf 86' lang='lat' dir='ltr'><strong>immorari.</strong></span> <span class='ocrx_word' id='word_1_56' title='bbox 438 961 646 1016; x_wconf 86' lang='lat' dir='ltr'><strong>Utinam</strong></span> <span class='ocrx_word' id='word_1_57' title='bbox 675 978 790 1030; x_wconf 80' lang='lat' dir='ltr'><strong>qua:</strong></span> <span class='ocrx_word' id='word_1_58' title='bbox 820 977 927 1029; x_wconf 79' lang='lat' dir='ltr'><strong>pra:</strong></span> <span class='ocrx_word' id='word_1_59' title='bbox 949 963 1180 1016; x_wconf 84' lang='lat' dir='ltr'><strong>exilitate</strong></span> <span class='ocrx_word' id='word_1_60' title='bbox 1208 963 1323 1014; x_wconf 93' lang='lat' dir='ltr'><strong>mill</strong></span> <span class='ocrx_word' id='word_1_61' title='bbox 1349 977 1372 1014; x_wconf 90' lang='lat' dir='ltr'><strong>s</strong></span> <span class='ocrx_word' id='word_1_62' title='bbox 1395 961 1691 1027; x_wconf 83' lang='lat' dir='ltr'><strong>omisisses,</strong></span> 
     </span>
    </p>
   </div>
   <div class='ocr_carea' id='block_1_10' title="bbox 146 1053 1695 1135">
    <p class='ocr_par' dir='ltr' id='par_1_10' title="bbox 146 1053 1695 1135">
     <span class='ocr_line' id='line_1_10' title="bbox 146 1053 1695 1135; baseline -0.001 -28"><span class='ocrx_word' id='word_1_63' title='bbox 146 1055 364 1135; x_wconf 52' lang='lat' dir='ltr'><strong>pgiecto</strong></span> <span class='ocrx_word' id='word_1_64' title='bbox 407 1053 648 1108; x_wconf 88' lang='lat' dir='ltr'><strong>securius</strong></span> <span class='ocrx_word' id='word_1_65' title='bbox 685 1053 1090 1122; x_wconf 64' lang='lat' dir='ltr'><strong>encyclowedia:</strong></span> <span class='ocrx_word' id='word_1_66' title='bbox 1124 1063 1256 1115; x_wconf 68' lang='lat' dir='ltr'><strong>“NB,</strong></span> <span class='ocrx_word' id='word_1_67' title='bbox 1301 1054 1452 1120; x_wconf 79' lang='lat' dir='ltr'><strong>cujus</strong></span> <span class='ocrx_word' id='word_1_68' title='bbox 1500 1065 1550 1105; x_wconf 90' lang='lat' dir='ltr'><strong>te</strong></span> <span class='ocrx_word' id='word_1_69' title='bbox 1591 1066 1695 1106; x_wconf 92' lang='lat' dir='ltr'><strong>non</strong></span> 
     </span>
    </p>
   </div>
   <div class='ocr_carea' id='block_1_11' title="bbox 145 1135 1696 1210">
    <p class='ocr_par' dir='ltr' id='par_1_11' title="bbox 145 1135 1696 1210">
     <span class='ocr_line' id='line_1_11' title="bbox 145 1135 1696 1210; baseline -0.002 -13"><span class='ocrx_word' id='word_1_70' title='bbox 145 1135 297 1197; x_wconf 72' lang='lat' dir='ltr'><strong>setn‘el</strong></span> <span class='ocrx_word' id='word_1_71' title='bbox 336 1144 604 1209; x_wconf 81' lang='lat' dir='ltr'><strong>Specimen</strong></span> <span class='ocrx_word' id='word_1_72' title='bbox 651 1142 880 1196; x_wconf 75' lang='lat' dir='ltr'><strong>edidisse</strong></span> <span class='ocrx_word' id='word_1_73' title='bbox 911 1142 960 1195; x_wconf 89' lang='lat' dir='ltr'><strong>in</strong></span> <span class='ocrx_word' id='word_1_74' title='bbox 1006 1142 1312 1210; x_wconf 65' lang='lat' dir='ltr'><strong>prmi-alone</strong></span> <span class='ocrx_word' id='word_1_75' title='bbox 1359 1142 1696 1203; x_wconf 87' lang='lat' dir='ltr'><strong>subindicas,</strong></span> 
     </span>
    </p>
   </div>
   <div class='ocr_carea' id='block_1_12' title="bbox 143 1231 1697 1300">
    <p class='ocr_par' dir='ltr' id='par_1_12' title="bbox 143 1231 1697 1300">
     <span class='ocr_line' id='line_1_12' title="bbox 143 1231 1697 1300; baseline 0 -16"><span class='ocrx_word' id='word_1_76' title='bbox 143 1233 505 1286; x_wconf 70' lang='lat' dir='ltr'><strong>consuluisses.</strong></span> <span class='ocrx_word' id='word_1_77' title='bbox 540 1231 706 1284; x_wconf 81' lang='lat' dir='ltr'><strong>Exilia</strong></span> <span class='ocrx_word' id='word_1_78' title='bbox 735 1247 892 1285; x_wconf 85' lang='lat' dir='ltr'><strong>vocas</strong></span> <span class='ocrx_word' id='word_1_79' title='bbox 921 1247 1038 1300; x_wconf 83' lang='lat' dir='ltr'><strong>qua:</strong></span> <span class='ocrx_word' id='word_1_80' title='bbox 1065 1233 1192 1284; x_wconf 82' lang='lat' dir='ltr'><strong>nihil</strong></span> <span class='ocrx_word' id='word_1_81' title='bbox 1222 1233 1415 1285; x_wconf 90' lang='lat' dir='ltr'><strong>rectius</strong></span> <span class='ocrx_word' id='word_1_82' title='bbox 1451 1232 1697 1284; x_wconf 81' lang='lat' dir='ltr'><strong>dixisses.</strong></span> 
     </span>
    </p>
   </div>
   <div class='ocr_carea' id='block_1_13' title="bbox 145 1321 1695 1391">
    <p class='ocr_par' dir='ltr' id='par_1_13' title="bbox 145 1321 1695 1391">
     <span class='ocr_line' id='line_1_13' title="bbox 145 1321 1695 1391; baseline -0.001 -14"><span class='ocrx_word' id='word_1_83' title='bbox 145 1322 285 1377; x_wconf 87' lang='lat' dir='ltr'><strong>Certe</strong></span> <span class='ocrx_word' id='word_1_84' title='bbox 312 1321 437 1374; x_wconf 92' lang='lat' dir='ltr'><strong>mihi</strong></span> <span class='ocrx_word' id='word_1_85' title='bbox 464 1324 702 1391; x_wconf 84' lang='lat' dir='ltr'><strong>gaudeo,</strong></span> <span class='ocrx_word' id='word_1_86' title='bbox 735 1323 934 1376; x_wconf 89' lang='lat' dir='ltr'><strong>utinam</strong></span> <span class='ocrx_word' id='word_1_87' title='bbox 962 1333 1016 1376; x_wconf 89' lang='lat' dir='ltr'><strong>et</strong></span> <span class='ocrx_word' id='word_1_88' title='bbox 1065 1323 1157 1376; x_wconf 86' lang='lat' dir='ltr'><strong>tibi</strong></span> <span class='ocrx_word' id='word_1_89' title='bbox 1200 1323 1454 1390; x_wconf 87' lang='lat' dir='ltr'><strong>gratulari</strong></span> <span class='ocrx_word' id='word_1_90' title='bbox 1487 1337 1695 1390; x_wconf 84' lang='lat' dir='ltr'><strong>possem</strong></span> 
     </span>
    </p>
   </div>
   <div class='ocr_carea' id='block_1_14' title="bbox 146 1413 1702 1482">
    <p class='ocr_par' dir='ltr' id='par_1_14' title="bbox 146 1413 1702 1482">
     <span class='ocr_line' id='line_1_14' title="bbox 146 1413 1702 1482; baseline -0.003 -13"><span class='ocrx_word' id='word_1_91' title='bbox 146 1418 289 1470; x_wconf 82' lang='lat' dir='ltr'><strong>ﬁnem</strong></span> <span class='ocrx_word' id='word_1_92' title='bbox 322 1413 667 1482; x_wconf 77' lang='lat' dir='ltr'><strong>Iogomachia:</strong></span> <span class='ocrx_word' id='word_1_93' title='bbox 700 1413 910 1474; x_wconf 79' lang='lat' dir='ltr'><strong>tandem</strong></span> <span class='ocrx_word' id='word_1_94' title='bbox 942 1413 1268 1480; x_wconf 88' lang='lat' dir='ltr'><strong>impositum.</strong></span> <span class='ocrx_word' id='word_1_95' title='bbox 1300 1414 1482 1481; x_wconf 81' lang='lat' dir='ltr'><strong>Pergis</strong></span> <span class='ocrx_word' id='word_1_96' title='bbox 1515 1430 1527 1466; x_wconf 89' lang='lat'><strong>:</strong></span> <span class='ocrx_word' id='word_1_97' title='bbox 1565 1413 1702 1466; x_wconf 75' lang='lat' dir='ltr'><strong>Exa-</strong></span> 
     </span>
    </p>
   </div>
   <div class='ocr_carea' id='block_1_15' title="bbox 1795 487 3371 572">
    <p class='ocr_par' dir='ltr' id='par_1_15' title="bbox 1795 487 3371 572">
     <span class='ocr_line' id='line_1_15' title="bbox 1795 487 3371 572; baseline 0.003 -13"><span class='ocrx_word' id='word_1_98' title='bbox 1795 506 1938 559; x_wconf 86' lang='lat' dir='ltr'><strong>Iitem</strong></span> <span class='ocrx_word' id='word_1_99' title='bbox 1986 503 2307 571; x_wconf 90' lang='lat' dir='ltr'><strong>restaurare)</strong></span> <span class='ocrx_word' id='word_1_100' title='bbox 2350 521 2452 556; x_wconf 87' lang='lat' dir='ltr'><strong>una</strong></span> <span class='ocrx_word' id='word_1_101' title='bbox 2481 520 2593 554; x_wconf 87' lang='lat' dir='ltr'><strong>cum</strong></span> <span class='ocrx_word' id='word_1_102' title='bbox 2634 487 2745 572; x_wconf 64' lang='lat' dir='ltr'><strong>ejus</strong></span> <span class='ocrx_word' id='word_1_103' title='bbox 2784 506 2966 557; x_wconf 86' lang='lat' dir='ltr'><strong>marito</strong></span> <span class='ocrx_word' id='word_1_104' title='bbox 3008 505 3227 560; x_wconf 78' lang='lat' dir='ltr'><strong>Piniano</strong></span> <span class='ocrx_word' id='word_1_105' title='bbox 3254 549 3268 572; x_wconf 95' lang='lat'><strong>,</strong></span> <span class='ocrx_word' id='word_1_106' title='bbox 3323 521 3371 563; x_wconf 87' lang='lat' dir='ltr'><strong>et</strong></span> 
     </span>
    </p>
   </div>
   <div class='ocr_carea' id='block_1_16' title="bbox 1797 593 3372 659">
    <p class='ocr_par' dir='ltr' id='par_1_16' title="bbox 1797 593 3372 659">
     <span class='ocr_line' id='line_1_16' title="bbox 1797 593 3372 659; baseline 0.001 -11"><span class='ocrx_word' id='word_1_107' title='bbox 1797 596 2040 648; x_wconf 82' lang='lat' dir='ltr'><strong>catechesi</strong></span> <span class='ocrx_word' id='word_1_108' title='bbox 2063 595 2354 647; x_wconf 80' lang='lat' dir='ltr'><strong>instituisset</strong></span> <span class='ocrx_word' id='word_1_109' title='bbox 2379 593 2612 645; x_wconf 83' lang='lat' dir='ltr'><strong>Albinam</strong></span> <span class='ocrx_word' id='word_1_110' title='bbox 2636 611 2820 645; x_wconf 81' lang='lat' dir='ltr'><strong>nurum</strong></span> <span class='ocrx_word' id='word_1_111' title='bbox 2843 612 3007 659; x_wconf 87' lang='lat' dir='ltr'><strong>suam,</strong></span> <span class='ocrx_word' id='word_1_112' title='bbox 3040 612 3249 649; x_wconf 74' lang='lat' dir='ltr'><strong>uxorem</strong></span> <span class='ocrx_word' id='word_1_113' title='bbox 3279 615 3372 650; x_wconf 85' lang='lat' dir='ltr'><strong>au-</strong></span> 
     </span>
    </p>
   </div>
   <div class='ocr_carea' id='block_1_17' title="bbox 1799 686 3371 761">
    <p class='ocr_par' dir='ltr' id='par_1_17' title="bbox 1799 686 3371 761">
     <span class='ocr_line' id='line_1_17' title="bbox 1799 686 3371 761; baseline 0.006 -23"><span class='ocrx_word' id='word_1_114' title='bbox 1799 696 1894 738; x_wconf 83' lang='lat' dir='ltr'><strong>tem</strong></span> <span class='ocrx_word' id='word_1_115' title='bbox 1927 687 2022 752; x_wconf 80' lang='lat' dir='ltr'><strong>ﬁlii</strong></span> <span class='ocrx_word' id='word_1_116' title='bbox 2045 687 2146 752; x_wconf 86' lang='lat' dir='ltr'><strong>sui,</strong></span> <span class='ocrx_word' id='word_1_117' title='bbox 2177 695 2222 738; x_wconf 92' lang='lat' dir='ltr'><strong>et</strong></span> <span class='ocrx_word' id='word_1_118' title='bbox 2257 686 2583 753; x_wconf 72' lang='lat' dir='ltr'><strong>persuasisset</strong></span> <span class='ocrx_word' id='word_1_119' title='bbox 2623 687 2698 738; x_wconf 88' lang='lat' dir='ltr'><strong>his</strong></span> <span class='ocrx_word' id='word_1_120' title='bbox 2735 688 2967 740; x_wconf 85' lang='lat' dir='ltr'><strong>omnibus</strong></span> <span class='ocrx_word' id='word_1_121' title='bbox 3007 692 3215 744; x_wconf 82' lang='lat' dir='ltr'><strong>vendere</strong></span> <span class='ocrx_word' id='word_1_122' title='bbox 3260 710 3371 761; x_wconf 77' lang='lat' dir='ltr'><strong>qutc</strong></span> 
     </span>
    </p>
   </div>
   <div class='ocr_carea' id='block_1_18' title="bbox 1796 759 3444 847">
    <p class='ocr_par' dir='ltr' id='par_1_18' title="bbox 1796 759 3444 847">
     <span class='ocr_line' id='line_1_18' title="bbox 1796 759 3444 847; baseline 0.005 -19"><span class='ocrx_word' id='word_1_123' title='bbox 1796 777 2062 838; x_wconf 82' lang='lat' dir='ltr'><strong>habebant,</strong></span> <span class='ocrx_word' id='word_1_124' title='bbox 2099 776 2260 828; x_wconf 82' lang='lat' dir='ltr'><strong>Roma</strong></span> <span class='ocrx_word' id='word_1_125' title='bbox 2286 793 2369 829; x_wconf 90' lang='lat' dir='ltr'><strong>eos</strong></span> <span class='ocrx_word' id='word_1_126' title='bbox 2401 778 2594 829; x_wconf 70' lang='lat' dir='ltr'><strong>eduxit.</strong></span> <span class='ocrx_word' id='word_1_127' title='bbox 2627 778 2805 844; x_wconf 90' lang='lat' dir='ltr'><strong>Itaque</strong></span> <span class='ocrx_word' id='word_1_128' title='bbox 2835 793 2964 831; x_wconf 87' lang='lat' dir='ltr'><strong>avus</strong></span> <span class='ocrx_word' id='word_1_129' title='bbox 3002 779 3230 847; x_wconf 88' lang='lat' dir='ltr'><strong>juttioris</strong></span> <span class='ocrx_word' id='word_1_130' title='bbox 3258 759 3369 836; x_wconf 88' lang='lat' dir='ltr'><strong>Me-</strong></span> <span class='ocrx_word' id='word_1_131' title='bbox 3439 759 3444 764; x_wconf 17' lang='lat' dir='ltr'><strong>i</strong></span> 
     </span>
    </p>
   </div>
   <div class='ocr_carea' id='block_1_19' title="bbox 1801 867 3373 926">
    <p class='ocr_par' dir='ltr' id='par_1_19' title="bbox 1801 867 3373 926">
     <span class='ocr_line' id='line_1_19' title="bbox 1801 867 3373 926; baseline 0.003 -7"><span class='ocrx_word' id='word_1_132' title='bbox 1801 868 1954 920; x_wconf 72' lang='lat' dir='ltr'><strong>lania:</strong></span> <span class='ocrx_word' id='word_1_133' title='bbox 2014 877 2130 920; x_wconf 90' lang='lat' dir='ltr'><strong>erat</strong></span> <span class='ocrx_word' id='word_1_134' title='bbox 2161 868 2379 920; x_wconf 87' lang='lat' dir='ltr'><strong>maritus</strong></span> <span class='ocrx_word' id='word_1_135' title='bbox 2408 867 2644 920; x_wconf 58' lang='lat' dir='ltr'><strong>Melania:</strong></span> <span class='ocrx_word' id='word_1_136' title='bbox 2677 870 2922 922; x_wconf 87' lang='lat' dir='ltr'><strong>senioris.</strong></span> <span class='ocrx_word' id='word_1_137' title='bbox 2954 871 3022 922; x_wconf 89' lang='lat' dir='ltr'><strong>At</strong></span> <span class='ocrx_word' id='word_1_138' title='bbox 3051 882 3250 925; x_wconf 88' lang='lat' dir='ltr'><strong>certum</strong></span> <span class='ocrx_word' id='word_1_139' title='bbox 3292 883 3373 926; x_wconf 88' lang='lat' dir='ltr'><strong>est</strong></span> 
     </span>
    </p>
   </div>
   <div class='ocr_carea' id='block_1_20' title="bbox 1799 956 3375 1024">
    <p class='ocr_par' dir='ltr' id='par_1_20' title="bbox 1799 956 3375 1024">
     <span class='ocr_line' id='line_1_20' title="bbox 1799 956 3375 1024; baseline 0.003 -13"><span class='ocrx_word' id='word_1_140' title='bbox 1799 957 2078 1024; x_wconf 84' lang='lat' dir='ltr'><strong>coajugem</strong></span> <span class='ocrx_word' id='word_1_141' title='bbox 2112 956 2352 1008; x_wconf 75' lang='lat' dir='ltr'><strong>Melania:</strong></span> <span class='ocrx_word' id='word_1_142' title='bbox 2386 958 2614 1009; x_wconf 77' lang='lat' dir='ltr'><strong>senioris</strong></span> <span class='ocrx_word' id='word_1_143' title='bbox 2645 973 2746 1010; x_wconf 90' lang='lat' dir='ltr'><strong>non</strong></span> <span class='ocrx_word' id='word_1_144' title='bbox 2781 959 2942 1012; x_wconf 81' lang='lat' dir='ltr'><strong>fuisse</strong></span> <span class='ocrx_word' id='word_1_145' title='bbox 2974 960 3025 1012; x_wconf 89' lang='lat' dir='ltr'><strong>in</strong></span> <span class='ocrx_word' id='word_1_146' title='bbox 3055 962 3190 1014; x_wconf 85' lang='lat' dir='ltr'><strong>vivis</strong></span> <span class='ocrx_word' id='word_1_147' title='bbox 3237 979 3375 1015; x_wconf 88' lang='lat' dir='ltr'><strong>anno</strong></span> 
     </span>
    </p>
   </div>
   <div class='ocr_carea' id='block_1_21' title="bbox 1801 1047 3376 1118">
    <p class='ocr_par' dir='ltr' id='par_1_21' title="bbox 1801 1047 3376 1118">
     <span class='ocr_line' id='line_1_21' title="bbox 1801 1047 3376 1118; baseline 0.004 -17"><span class='ocrx_word' id='word_1_148' title='bbox 1801 1049 1925 1102; x_wconf 78' lang='grc'><strong>575.</strong></span> <span class='ocrx_word' id='word_1_149' title='bbox 1958 1047 2091 1100; x_wconf 83' lang='lat' dir='ltr'><strong>Audi</strong></span> <span class='ocrx_word' id='word_1_150' title='bbox 2144 1048 2523 1118; x_wconf 85' lang='lat' dir='ltr'><strong>Hieronymum</strong></span> <span class='ocrx_word' id='word_1_151' title='bbox 2556 1051 2714 1117; x_wconf 85' lang='lat' dir='ltr'><strong>cpiSt.</strong></span> <span class='ocrx_word' id='word_1_152' title='bbox 2745 1050 2814 1102; x_wconf 65' lang='lat' dir='ltr'><strong>Eli</strong></span> <span class='ocrx_word' id='word_1_153' title='bbox 2849 1067 2861 1102; x_wconf 92' lang='lat'><strong>:</strong></span> <span class='ocrx_word' id='word_1_154' title='bbox 2914 1051 3106 1105; x_wconf 90' lang='lat' dir='ltr'><strong>Sancta</strong></span> <span class='ocrx_word' id='word_1_155' title='bbox 3148 1052 3376 1107; x_wconf 82' lang='lat' dir='ltr'><strong>Melania</strong></span> 
     </span>
    </p>
   </div>
   <div class='ocr_carea' id='block_1_22' title="bbox 1801 1137 3376 1206">
    <p class='ocr_par' dir='ltr' id='par_1_22' title="bbox 1801 1137 3376 1206">
     <span class='ocr_line' id='line_1_22' title="bbox 1801 1137 3376 1206; baseline 0.001 -15"><span class='ocrx_word' id='word_1_156' title='bbox 1801 1137 1984 1191; x_wconf 72' lang='lat' dir='ltr'><strong>calenti</strong></span> <span class='ocrx_word' id='word_1_157' title='bbox 2036 1138 2204 1190; x_wconf 83' lang='lat' dir='ltr'><strong>adhuc</strong></span> <span class='ocrx_word' id='word_1_158' title='bbox 2252 1140 2422 1190; x_wconf 81' lang='lat' dir='ltr'><strong>mariti</strong></span> <span class='ocrx_word' id='word_1_159' title='bbox 2463 1140 2761 1205; x_wconf 89' lang='lat' dir='ltr'><strong>corpusculo</strong></span> <span class='ocrx_word' id='word_1_160' title='bbox 2805 1149 2849 1194; x_wconf 87' lang='lat' dir='ltr'><strong>et</strong></span> <span class='ocrx_word' id='word_1_161' title='bbox 2897 1142 3080 1194; x_wconf 85' lang='lat' dir='ltr'><strong>nedum</strong></span> <span class='ocrx_word' id='word_1_162' title='bbox 3139 1143 3376 1206; x_wconf 85' lang='lat' dir='ltr'><strong>humata,</strong></span> 
     </span>
    </p>
   </div>
   <div class='ocr_carea' id='block_1_23' title="bbox 1802 1228 3379 1300">
    <p class='ocr_par' dir='ltr' id='par_1_23' title="bbox 1802 1228 3379 1300">
     <span class='ocr_line' id='line_1_23' title="bbox 1802 1228 3379 1300; baseline 0.003 -21"><span class='ocrx_word' id='word_1_163' title='bbox 1802 1229 1926 1279; x_wconf 82' lang='lat' dir='ltr'><strong>duos</strong></span> <span class='ocrx_word' id='word_1_164' title='bbox 1947 1228 2101 1279; x_wconf 85' lang='lat' dir='ltr'><strong>simul</strong></span> <span class='ocrx_word' id='word_1_165' title='bbox 2136 1228 2358 1294; x_wconf 76' lang='lat' dir='ltr'><strong>perdidit</strong></span> <span class='ocrx_word' id='word_1_166' title='bbox 2386 1229 2542 1291; x_wconf 71' lang='lat' dir='ltr'><strong>filios.</strong></span> <span class='ocrx_word' id='word_1_167' title='bbox 2589 1229 2774 1281; x_wconf 89' lang='lat' dir='ltr'><strong>Postea</strong></span> <span class='ocrx_word' id='word_1_168' title='bbox 2806 1248 2817 1281; x_wconf 92' lang='lat'><strong>:</strong></span> <span class='ocrx_word' id='word_1_169' title='bbox 2864 1231 3103 1292; x_wconf 80' lang='lat' dir='ltr'><strong>Quinimo</strong></span> <span class='ocrx_word' id='word_1_170' title='bbox 3138 1249 3236 1300; x_wconf 90' lang='lat' dir='ltr'><strong>qua</strong></span> <span class='ocrx_word' id='word_1_171' title='bbox 3265 1233 3379 1284; x_wconf 86' lang='lat' dir='ltr'><strong>illos</strong></span> 
     </span>
    </p>
   </div>
   <div class='ocr_carea' id='block_1_24' title="bbox 1800 1318 3378 1388">
    <p class='ocr_par' dir='ltr' id='par_1_24' title="bbox 1800 1318 3378 1388">
     <span class='ocr_line' id='line_1_24' title="bbox 1800 1318 3378 1388; baseline 0.003 -20"><span class='ocrx_word' id='word_1_172' title='bbox 1800 1327 1964 1370; x_wconf 88' lang='lat' dir='ltr'><strong>mente</strong></span> <span class='ocrx_word' id='word_1_173' title='bbox 2003 1320 2379 1388; x_wconf 83' lang='lat' dir='ltr'><strong>contempserit,</strong></span> <span class='ocrx_word' id='word_1_174' title='bbox 2423 1318 2473 1370; x_wconf 87' lang='lat' dir='ltr'><strong>in</strong></span> <span class='ocrx_word' id='word_1_175' title='bbox 2505 1321 2652 1370; x_wconf 72' lang='lat' dir='ltr'><strong>unico</strong></span> <span class='ocrx_word' id='word_1_176' title='bbox 2689 1330 2859 1386; x_wconf 86' lang='lat' dir='ltr'><strong>postea</strong></span> <span class='ocrx_word' id='word_1_177' title='bbox 2897 1321 3003 1386; x_wconf 83' lang='lat' dir='ltr'><strong>ﬁlio</strong></span> <span class='ocrx_word' id='word_1_178' title='bbox 3031 1322 3241 1387; x_wconf 85' lang='lat' dir='ltr'><strong>probat,</strong></span> <span class='ocrx_word' id='word_1_179' title='bbox 3296 1322 3378 1373; x_wconf 89' lang='lat' dir='ltr'><strong>cui</strong></span> 
     </span>
    </p>
   </div>
   <div class='ocr_carea' id='block_1_25' title="bbox 1802 1409 3380 1481">
    <p class='ocr_par' dir='ltr' id='par_1_25' title="bbox 1802 1409 3380 1481">
     <span class='ocr_line' id='line_1_25' title="bbox 1802 1409 3380 1481; baseline 0.004 -21"><span class='ocrx_word' id='word_1_180' title='bbox 1802 1409 1938 1460; x_wconf 89' lang='lat' dir='ltr'><strong>omni</strong></span> <span class='ocrx_word' id='word_1_181' title='bbox 1981 1425 2134 1476; x_wconf 89' lang='lat' dir='ltr'><strong>quam</strong></span> <span class='ocrx_word' id='word_1_182' title='bbox 2185 1410 2394 1462; x_wconf 76' lang='lat' dir='ltr'><strong>habebat</strong></span> <span class='ocrx_word' id='word_1_183' title='bbox 2443 1412 2756 1481; x_wconf 80' lang='lat' dir='ltr'><strong>possessione</strong></span> <span class='ocrx_word' id='word_1_184' title='bbox 2807 1427 3075 1475; x_wconf 56' lang='lat' dir='ltr'><strong>concz&#39;ssa,</strong></span> <span class='ocrx_word' id='word_1_185' title='bbox 3118 1414 3380 1481; x_wconf 82' lang='lat' dir='ltr'><strong>ingruente</strong></span> 
     </span>
    </p>
   </div>
   <div class='ocr_carea' id='block_1_26' title="bbox 145 1500 3380 1575">
    <p class='ocr_par' dir='ltr' id='par_1_26' title="bbox 145 1500 3380 1575">
     <span class='ocr_line' id='line_1_26' title="bbox 145 1500 3380 1575; baseline 0 -17"><span class='ocrx_word' id='word_1_186' title='bbox 145 1509 375 1560; x_wconf 89' lang='lat' dir='ltr'><strong>minemus</strong></span> <span class='ocrx_word' id='word_1_187' title='bbox 400 1522 644 1575; x_wconf 84' lang='lat' dir='ltr'><strong>personas</strong></span> <span class='ocrx_word' id='word_1_188' title='bbox 675 1506 856 1575; x_wconf 79' lang='lat' dir='ltr'><strong>quibus</strong></span> <span class='ocrx_word' id='word_1_189' title='bbox 893 1522 1018 1574; x_wconf 84' lang='lat' dir='ltr'><strong>Opus</strong></span> <span class='ocrx_word' id='word_1_190' title='bbox 1043 1505 1172 1558; x_wconf 86' lang='lat' dir='ltr'><strong>illud</strong></span> <span class='ocrx_word' id='word_1_191' title='bbox 1206 1522 1354 1558; x_wconf 88' lang='lat' dir='ltr'><strong>suum</strong></span> <span class='ocrx_word' id='word_1_192' title='bbox 1389 1507 1702 1573; x_wconf 82' lang='lat' dir='ltr'><strong>Augustinus</strong></span> <span class='ocrx_word' id='word_1_193' title='bbox 1793 1503 1908 1570; x_wconf 85' lang='lat' dir='ltr'><strong>jam</strong></span> <span class='ocrx_word' id='word_1_194' title='bbox 1937 1501 2118 1563; x_wconf 86' lang='lat' dir='ltr'><strong>hieme,</strong></span> <span class='ocrx_word' id='word_1_195' title='bbox 2144 1500 2521 1569; x_wconf 86' lang='lat' dir='ltr'><strong>Jerosolymam</strong></span> <span class='ocrx_word' id='word_1_196' title='bbox 2552 1503 2826 1570; x_wconf 74' lang='lat' dir='ltr'><strong>navigavit.</strong></span> <span class='ocrx_word' id='word_1_197' title='bbox 2860 1503 3001 1556; x_wconf 85' lang='lat' dir='ltr'><strong>Idem</strong></span> <span class='ocrx_word' id='word_1_198' title='bbox 3027 1518 3151 1558; x_wconf 79' lang='lat' dir='ltr'><strong>vero</strong></span> <span class='ocrx_word' id='word_1_199' title='bbox 3191 1504 3380 1559; x_wconf 83' lang='lat' dir='ltr'><strong>Hiero-</strong></span> 
     </span>
    </p>
   </div>
   <div class='ocr_carea' id='block_1_27' title="bbox 147 1596 1697 1665">
    <p class='ocr_par' dir='ltr' id='par_1_27' title="bbox 147 1596 1697 1665">
     <span class='ocr_line' id='line_1_27' title="bbox 147 1596 1697 1665; baseline -0.001 -15"><span class='ocrx_word' id='word_1_200' title='bbox 147 1599 395 1660; x_wconf 86' lang='lat' dir='ltr'><strong>dedicavit,</strong></span> <span class='ocrx_word' id='word_1_201' title='bbox 439 1606 486 1649; x_wconf 91' lang='lat' dir='ltr'><strong>et</strong></span> <span class='ocrx_word' id='word_1_202' title='bbox 523 1605 636 1649; x_wconf 90' lang='lat' dir='ltr'><strong>uter</strong></span> <span class='ocrx_word' id='word_1_203' title='bbox 673 1606 898 1650; x_wconf 86' lang='lat' dir='ltr'><strong>nostrum</strong></span> <span class='ocrx_word' id='word_1_204' title='bbox 929 1596 1109 1649; x_wconf 76' lang='lat' dir='ltr'><strong>melius</strong></span> <span class='ocrx_word' id='word_1_205' title='bbox 1149 1598 1328 1648; x_wconf 85' lang='lat' dir='ltr'><strong>sentiat</strong></span> <span class='ocrx_word' id='word_1_206' title='bbox 1357 1597 1697 1665; x_wconf 70' lang='lat' dir='ltr'><strong>experiamur.</strong></span> 
     </span>
    </p>
   </div>
   <div class='ocr_carea' id='block_1_28' title="bbox 146 1683 1699 1754">
    <p class='ocr_par' dir='ltr' id='par_1_28' title="bbox 146 1683 1699 1754">
     <span class='ocr_line' id='line_1_28' title="bbox 146 1683 1699 1754; baseline -0.002 -15"><span class='ocrx_word' id='word_1_207' title='bbox 146 1687 400 1754; x_wconf 88' lang='lat' dir='ltr'><strong>Inscriptio</strong></span> <span class='ocrx_word' id='word_1_208' title='bbox 437 1693 513 1738; x_wconf 86' lang='lat' dir='ltr'><strong>est</strong></span> <span class='ocrx_word' id='word_1_209' title='bbox 548 1685 790 1748; x_wconf 52' lang='lat' dir='ltr'><strong>:All&#39;ine,</strong></span> <span class='ocrx_word' id='word_1_210' title='bbox 827 1684 1046 1738; x_wconf 89' lang='lat' dir='ltr'><strong>Piniane</strong></span> <span class='ocrx_word' id='word_1_211' title='bbox 1075 1694 1124 1738; x_wconf 86' lang='lat' dir='ltr'><strong>et</strong></span> <span class='ocrx_word' id='word_1_212' title='bbox 1174 1683 1421 1738; x_wconf 82' lang='lat' dir='ltr'><strong>Melania.</strong></span> <span class='ocrx_word' id='word_1_213' title='bbox 1461 1683 1641 1752; x_wconf 87' lang='lat' dir='ltr'><strong>Itaque</strong></span> <span class='ocrx_word' id='word_1_214' title='bbox 1670 1699 1699 1736; x_wconf 90' lang='lat' dir='ltr'><strong>a</strong></span> 
     </span>
    </p>
   </div>
   <div class='ocr_carea' id='block_1_29' title="bbox 1803 1593 3380 1661">
    <p class='ocr_par' dir='ltr' id='par_1_29' title="bbox 1803 1593 3380 1661">
     <span class='ocr_line' id='line_1_29' title="bbox 1803 1593 3380 1661; baseline 0.003 -17"><span class='ocrx_word' id='word_1_215' title='bbox 1803 1606 1994 1661; x_wconf 82' lang='lat' dir='ltr'><strong>nymus</strong></span> <span class='ocrx_word' id='word_1_216' title='bbox 2020 1593 2070 1645; x_wconf 92' lang='lat' dir='ltr'><strong>in</strong></span> <span class='ocrx_word' id='word_1_217' title='bbox 2100 1593 2369 1646; x_wconf 87' lang='lat' dir='ltr'><strong>Chronico</strong></span> <span class='ocrx_word' id='word_1_218' title='bbox 2398 1594 2461 1646; x_wconf 87' lang='lat' dir='ltr'><strong>ad</strong></span> <span class='ocrx_word' id='word_1_219' title='bbox 2493 1609 2687 1647; x_wconf 86' lang='lat' dir='ltr'><strong>annum</strong></span> <span class='ocrx_word' id='word_1_220' title='bbox 2720 1594 2983 1648; x_wconf 88' lang='lat' dir='ltr'><strong>decimum</strong></span> <span class='ocrx_word' id='word_1_221' title='bbox 3013 1596 3249 1650; x_wconf 75' lang='lat' dir='ltr'><strong>Valentis</strong></span> <span class='ocrx_word' id='word_1_222' title='bbox 3277 1597 3380 1649; x_wconf 90' lang='lat' dir='ltr'><strong>im-</strong></span> 
     </span>
    </p>
   </div>
   <div class='ocr_carea' id='block_1_30' title="bbox 1805 1684 3383 1752">
    <p class='ocr_par' dir='ltr' id='par_1_30' title="bbox 1805 1684 3383 1752">
     <span class='ocr_line' id='line_1_30' title="bbox 1805 1684 3383 1752; baseline 0.003 -16"><span class='ocrx_word' id='word_1_223' title='bbox 1805 1684 2063 1752; x_wconf 87' lang='lat' dir='ltr'><strong>peratoris</strong></span> <span class='ocrx_word' id='word_1_224' title='bbox 2097 1685 2283 1738; x_wconf 84' lang='lat' dir='ltr'><strong>scribit</strong></span> <span class='ocrx_word' id='word_1_225' title='bbox 2319 1703 2330 1738; x_wconf 91' lang='lat'><strong>:</strong></span> <span class='ocrx_word' id='word_1_226' title='bbox 2380 1684 2604 1738; x_wconf 58' lang='lat' dir='ltr'><strong>Melania</strong></span> <span class='ocrx_word' id='word_1_227' title='bbox 2635 1687 2948 1738; x_wconf 81' lang='lat' dir='ltr'><strong>nobilissima</strong></span> <span class='ocrx_word' id='word_1_228' title='bbox 2984 1687 3249 1740; x_wconf 85' lang='lat' dir='ltr'><strong>mulierum</strong></span> <span class='ocrx_word' id='word_1_229' title='bbox 3279 1690 3383 1742; x_wconf 83' lang='lat' dir='ltr'><strong>Ro-</strong></span> 
     </span>
    </p>
   </div>
   <div class='ocr_carea' id='block_1_31' title="bbox 147 1777 3383 1847">
    <p class='ocr_par' dir='ltr' id='par_1_31' title="bbox 147 1777 3383 1847">
     <span class='ocr_line' id='line_1_31' title="bbox 147 1777 3383 1847; baseline 0 -16"><span class='ocrx_word' id='word_1_230' title='bbox 147 1778 469 1847; x_wconf 89' lang='lat' dir='ltr'><strong>grammatica</strong></span> <span class='ocrx_word' id='word_1_231' title='bbox 499 1778 567 1831; x_wconf 90' lang='lat' dir='ltr'><strong>ad</strong></span> <span class='ocrx_word' id='word_1_232' title='bbox 600 1778 875 1844; x_wconf 77' lang='lat' dir='ltr'><strong>historiam</strong></span> <span class='ocrx_word' id='word_1_233' title='bbox 919 1792 1193 1845; x_wconf 86' lang='lat' dir='ltr'><strong>provocas.</strong></span> <span class='ocrx_word' id='word_1_234' title='bbox 1232 1778 1372 1833; x_wconf 87' lang='lat' dir='ltr'><strong>Cave</strong></span> <span class='ocrx_word' id='word_1_235' title='bbox 1405 1785 1580 1830; x_wconf 90' lang='lat' dir='ltr'><strong>tamen</strong></span> <span class='ocrx_word' id='word_1_236' title='bbox 1611 1791 1697 1836; x_wconf 83' lang='lat' dir='ltr'><strong>ue.</strong></span> <span class='ocrx_word' id='word_1_237' title='bbox 1732 1777 1778 1837; x_wconf 84' lang='lat' dir='ltr'><strong>B</strong></span> <span class='ocrx_word' id='word_1_238' title='bbox 1809 1793 2082 1829; x_wconf 86' lang='lat' dir='ltr'><strong>manarum</strong></span> <span class='ocrx_word' id='word_1_239' title='bbox 2110 1787 2156 1844; x_wconf 85' lang='lat' dir='ltr'><strong>et</strong></span> <span class='ocrx_word' id='word_1_240' title='bbox 2186 1777 2475 1830; x_wconf 81' lang='lat' dir='ltr'><strong>Marcellini</strong></span> <span class='ocrx_word' id='word_1_241' title='bbox 2505 1779 2762 1846; x_wconf 82' lang='lat' dir='ltr'><strong>quandam</strong></span> <span class='ocrx_word' id='word_1_242' title='bbox 2793 1779 3015 1830; x_wconf 82' lang='lat' dir='ltr'><strong>consulis</strong></span> <span class='ocrx_word' id='word_1_243' title='bbox 3061 1778 3200 1844; x_wconf 82' lang='lat' dir='ltr'><strong>lilia,</strong></span> <span class='ocrx_word' id='word_1_244' title='bbox 3234 1781 3383 1832; x_wconf 89' lang='lat' dir='ltr'><strong>unico</strong></span> 
     </span>
    </p>
   </div>
   <div class='ocr_carea' id='block_1_32' title="bbox 147 1868 1704 1937">
    <p class='ocr_par' dir='ltr' id='par_1_32' title="bbox 147 1868 1704 1937">
     <span class='ocr_line' id='line_1_32' title="bbox 147 1868 1704 1937; baseline 0 -13"><span class='ocrx_word' id='word_1_245' title='bbox 147 1870 223 1924; x_wconf 88' lang='lat' dir='ltr'><strong>ubi</strong></span> <span class='ocrx_word' id='word_1_246' title='bbox 249 1870 302 1924; x_wconf 85' lang='lat' dir='ltr'><strong>in</strong></span> <span class='ocrx_word' id='word_1_247' title='bbox 326 1868 670 1937; x_wconf 84' lang='lat' dir='ltr'><strong>grammatica</strong></span> <span class='ocrx_word' id='word_1_248' title='bbox 702 1885 806 1925; x_wconf 84' lang='lat' dir='ltr'><strong>non</strong></span> <span class='ocrx_word' id='word_1_249' title='bbox 834 1869 1004 1924; x_wconf 89' lang='lat' dir='ltr'><strong>bonus</strong></span> <span class='ocrx_word' id='word_1_250' title='bbox 1033 1880 1304 1927; x_wconf 72' lang='lat' dir='ltr'><strong>concolor</strong></span> <span class='ocrx_word' id='word_1_251' title='bbox 1335 1868 1497 1932; x_wconf 81' lang='lat' dir='ltr'><strong>fuisti,</strong></span> <span class='ocrx_word' id='word_1_252' title='bbox 1531 1870 1704 1924; x_wconf 88' lang='lat' dir='ltr'><strong>malus</strong></span> 
     </span>
    </p>
   </div>
   <div class='ocr_carea' id='block_1_33' title="bbox 150 1958 1703 2028">
    <p class='ocr_par' dir='ltr' id='par_1_33' title="bbox 150 1958 1703 2028">
     <span class='ocr_line' id='line_1_33' title="bbox 150 1958 1703 2028; baseline -0.001 -16"><span class='ocrx_word' id='word_1_253' title='bbox 150 1961 193 2014; x_wconf 92' lang='lat' dir='ltr'><strong>in</strong></span> <span class='ocrx_word' id='word_1_254' title='bbox 223 1960 432 2014; x_wconf 49' lang='lat' dir='ltr'><strong>historia</strong></span> <span class='ocrx_word' id='word_1_255' title='bbox 463 1961 694 2028; x_wconf 73' lang='lat' dir='ltr'><strong>seriplor</strong></span> <span class='ocrx_word' id='word_1_256' title='bbox 742 1959 1008 2014; x_wconf 75' lang='lat' dir='ltr'><strong>habeatis.</strong></span> <span class='ocrx_word' id='word_1_257' title='bbox 1056 1960 1310 2028; x_wconf 82' lang='lat' dir='ltr'><strong>Equidem</strong></span> <span class='ocrx_word' id='word_1_258' title='bbox 1359 1959 1608 2013; x_wconf 83' lang='lat' dir='ltr'><strong>libentius</strong></span> <span class='ocrx_word' id='word_1_259' title='bbox 1654 1958 1703 2011; x_wconf 93' lang='lat' dir='ltr'><strong>in</strong></span> 
     </span>
    </p>
   </div>
   <div class='ocr_carea' id='block_1_34' title="bbox 151 2040 1706 2118">
    <p class='ocr_par' dir='ltr' id='par_1_34' title="bbox 151 2040 1706 2118">
     <span class='ocr_line' id='line_1_34' title="bbox 151 2040 1706 2118; baseline -0.001 -16"><span class='ocrx_word' id='word_1_260' title='bbox 151 2051 473 2104; x_wconf 82' lang='lat' dir='ltr'><strong>historiarum</strong></span> <span class='ocrx_word' id='word_1_261' title='bbox 496 2040 685 2118; x_wconf 85' lang='lat' dir='ltr'><strong>campo</strong></span> <span class='ocrx_word' id='word_1_262' title='bbox 701 2064 858 2117; x_wconf 91' lang='lat' dir='ltr'><strong>quam</strong></span> <span class='ocrx_word' id='word_1_263' title='bbox 883 2049 1016 2102; x_wconf 92' lang='lat' dir='ltr'><strong>intra</strong></span> <span class='ocrx_word' id='word_1_264' title='bbox 1046 2049 1420 2117; x_wconf 87' lang='lat' dir='ltr'><strong>grammatices</strong></span> <span class='ocrx_word' id='word_1_265' title='bbox 1441 2047 1706 2100; x_wconf 88' lang='lat' dir='ltr'><strong>cancellos</strong></span> 
     </span>
    </p>
   </div>
   <div class='ocr_carea' id='block_1_35' title="bbox 152 2138 1708 2207">
    <p class='ocr_par' dir='ltr' id='par_1_35' title="bbox 152 2138 1708 2207">
     <span class='ocr_line' id='line_1_35' title="bbox 152 2138 1708 2207; baseline -0.001 -15"><span class='ocrx_word' id='word_1_266' title='bbox 152 2149 309 2193; x_wconf 84' lang='lat' dir='ltr'><strong>tecum</strong></span> <span class='ocrx_word' id='word_1_267' title='bbox 339 2139 594 2202; x_wconf 88' lang='lat' dir='ltr'><strong>certabo;</strong></span> <span class='ocrx_word' id='word_1_268' title='bbox 623 2154 741 2192; x_wconf 89' lang='lat' dir='ltr'><strong>nam</strong></span> <span class='ocrx_word' id='word_1_269' title='bbox 769 2139 856 2193; x_wconf 91' lang='lat' dir='ltr'><strong>ubi</strong></span> <span class='ocrx_word' id='word_1_270' title='bbox 892 2149 945 2191; x_wconf 91' lang='lat' dir='ltr'><strong>tu</strong></span> <span class='ocrx_word' id='word_1_271' title='bbox 975 2138 1302 2207; x_wconf 75' lang='lat' dir='ltr'><strong>phaleratum</strong></span> <span class='ocrx_word' id='word_1_272' title='bbox 1334 2138 1589 2190; x_wconf 90' lang='lat' dir='ltr'><strong>orationis</strong></span> <span class='ocrx_word' id='word_1_273' title='bbox 1617 2151 1708 2191; x_wconf 92' lang='lat' dir='ltr'><strong>co-</strong></span> 
     </span>
    </p>
   </div>
   <div class='ocr_carea' id='block_1_36' title="bbox 153 2228 1705 2297">
    <p class='ocr_par' dir='ltr' id='par_1_36' title="bbox 153 2228 1705 2297">
     <span class='ocr_line' id='line_1_36' title="bbox 153 2228 1705 2297; baseline 0.001 -17"><span class='ocrx_word' id='word_1_274' title='bbox 153 2232 296 2296; x_wconf 88' lang='lat' dir='ltr'><strong>piam,</strong></span> <span class='ocrx_word' id='word_1_275' title='bbox 323 2237 376 2283; x_wconf 91' lang='lat' dir='ltr'><strong>et</strong></span> <span class='ocrx_word' id='word_1_276' title='bbox 396 2229 646 2282; x_wconf 80' lang='lat' dir='ltr'><strong>Tulliano</strong></span> <span class='ocrx_word' id='word_1_277' title='bbox 668 2244 761 2284; x_wconf 90' lang='lat' dir='ltr'><strong>ore</strong></span> <span class='ocrx_word' id='word_1_278' title='bbox 782 2237 1061 2297; x_wconf 87' lang='lat' dir='ltr'><strong>crepantes</strong></span> <span class='ocrx_word' id='word_1_279' title='bbox 1086 2228 1335 2296; x_wconf 90' lang='lat' dir='ltr'><strong>periodos</strong></span> <span class='ocrx_word' id='word_1_280' title='bbox 1355 2228 1705 2292; x_wconf 89' lang='lat' dir='ltr'><strong>eonscctaris,</strong></span> 
     </span>
    </p>
   </div>
   <div class='ocr_carea' id='block_1_37' title="bbox 153 2318 1708 2388">
    <p class='ocr_par' dir='ltr' id='par_1_37' title="bbox 153 2318 1708 2388">
     <span class='ocr_line' id='line_1_37' title="bbox 153 2318 1708 2388; baseline 0 -17"><span class='ocrx_word' id='word_1_281' title='bbox 153 2327 202 2371; x_wconf 89' lang='lat' dir='ltr'><strong>ut</strong></span> <span class='ocrx_word' id='word_1_282' title='bbox 232 2328 475 2388; x_wconf 87' lang='lat' dir='ltr'><strong>tympano</strong></span> <span class='ocrx_word' id='word_1_283' title='bbox 507 2319 680 2386; x_wconf 86' lang='lat' dir='ltr'><strong>pctius</strong></span> <span class='ocrx_word' id='word_1_284' title='bbox 709 2334 864 2388; x_wconf 89' lang='lat' dir='ltr'><strong>quam</strong></span> <span class='ocrx_word' id='word_1_285' title='bbox 894 2319 1068 2388; x_wconf 83' lang='lat' dir='ltr'><strong>gladio</strong></span> <span class='ocrx_word' id='word_1_286' title='bbox 1117 2334 1348 2387; x_wconf 85' lang='lat' dir='ltr'><strong>pugnes;</strong></span> <span class='ocrx_word' id='word_1_287' title='bbox 1401 2333 1502 2386; x_wconf 83' lang='lat' dir='ltr'><strong>ego</strong></span> <span class='ocrx_word' id='word_1_288' title='bbox 1548 2318 1708 2372; x_wconf 88' lang='lat' dir='ltr'><strong>rebus</strong></span> 
     </span>
    </p>
   </div>
   <div class='ocr_carea' id='block_1_38' title="bbox 154 2408 1708 2477">
    <p class='ocr_par' dir='ltr' id='par_1_38' title="bbox 154 2408 1708 2477">
     <span class='ocr_line' id='line_1_38' title="bbox 154 2408 1708 2477; baseline 0 -17"><span class='ocrx_word' id='word_1_289' title='bbox 154 2408 411 2474; x_wconf 86' lang='lat' dir='ltr'><strong>addictus,</strong></span> <span class='ocrx_word' id='word_1_290' title='bbox 449 2408 631 2464; x_wconf 83' lang='lat' dir='ltr'><strong>servio</strong></span> <span class='ocrx_word' id='word_1_291' title='bbox 659 2409 843 2474; x_wconf 80' lang='lat' dir='ltr'><strong>factis,</strong></span> <span class='ocrx_word' id='word_1_292' title='bbox 876 2424 1054 2464; x_wconf 90' lang='lat' dir='ltr'><strong>rerum</strong></span> <span class='ocrx_word' id='word_1_293' title='bbox 1083 2419 1352 2477; x_wconf 84' lang='lat' dir='ltr'><strong>gestarum</strong></span> <span class='ocrx_word' id='word_1_294' title='bbox 1386 2408 1628 2462; x_wconf 89' lang='lat' dir='ltr'><strong>notitiam</strong></span> <span class='ocrx_word' id='word_1_295' title='bbox 1655 2409 1708 2461; x_wconf 90' lang='lat' dir='ltr'><strong>in</strong></span> 
     </span>
    </p>
   </div>
   <div class='ocr_carea' id='block_1_39' title="bbox 155 2498 1709 2568">
    <p class='ocr_par' dir='ltr' id='par_1_39' title="bbox 155 2498 1709 2568">
     <span class='ocr_line' id='line_1_39' title="bbox 155 2498 1709 2568; baseline 0.003 -20"><span class='ocrx_word' id='word_1_296' title='bbox 155 2498 454 2566; x_wconf 87' lang='lat' dir='ltr'><strong>antiquioris</strong></span> <span class='ocrx_word' id='word_1_297' title='bbox 498 2500 669 2553; x_wconf 83' lang='lat' dir='ltr'><strong>:etatis</strong></span> <span class='ocrx_word' id='word_1_298' title='bbox 699 2501 982 2554; x_wconf 88' lang='lat' dir='ltr'><strong>ruderibus</strong></span> <span class='ocrx_word' id='word_1_299' title='bbox 1008 2499 1272 2568; x_wconf 87' lang='lat' dir='ltr'><strong>sepultam</strong></span> <span class='ocrx_word' id='word_1_300' title='bbox 1320 2499 1514 2567; x_wconf 85' lang='lat' dir='ltr'><strong>indago</strong></span> <span class='ocrx_word' id='word_1_301' title='bbox 1534 2539 1548 2563; x_wconf 84' lang='lat'><strong>,</strong></span> <span class='ocrx_word' id='word_1_302' title='bbox 1577 2509 1634 2553; x_wconf 92' lang='lat' dir='ltr'><strong>ut</strong></span> <span class='ocrx_word' id='word_1_303' title='bbox 1662 2499 1709 2553; x_wconf 90' lang='lat' dir='ltr'><strong>si</strong></span> 
     </span>
    </p>
   </div>
   <div class='ocr_carea' id='block_1_40' title="bbox 157 2589 1708 2663">
    <p class='ocr_par' dir='ltr' id='par_1_40' title="bbox 157 2589 1708 2663">
     <span class='ocr_line' id='line_1_40' title="bbox 157 2589 1708 2663; baseline 0.001 -23"><span class='ocrx_word' id='word_1_304' title='bbox 157 2602 244 2640; x_wconf 93' lang='lat' dir='ltr'><strong>non</strong></span> <span class='ocrx_word' id='word_1_305' title='bbox 272 2589 563 2656; x_wconf 84' lang='lat' dir='ltr'><strong>sermonis,</strong></span> <span class='ocrx_word' id='word_1_306' title='bbox 581 2589 816 2643; x_wconf 87' lang='lat' dir='ltr'><strong>veritatis</strong></span> <span class='ocrx_word' id='word_1_307' title='bbox 835 2599 1011 2663; x_wconf 74' lang='lat' dir='ltr'><strong>tamen</strong></span> <span class='ocrx_word' id='word_1_308' title='bbox 1043 2604 1226 2642; x_wconf 88' lang='lat' dir='ltr'><strong>curam</strong></span> <span class='ocrx_word' id='word_1_309' title='bbox 1249 2604 1404 2655; x_wconf 91' lang='lat' dir='ltr'><strong>quam</strong></span> <span class='ocrx_word' id='word_1_310' title='bbox 1425 2590 1708 2641; x_wconf 82' lang='lat' dir='ltr'><strong>maximam</strong></span> 
     </span>
    </p>
   </div>
   <div class='ocr_carea' id='block_1_41' title="bbox 157 2679 1712 2749">
    <p class='ocr_par' dir='ltr' id='par_1_41' title="bbox 157 2679 1712 2749">
     <span class='ocr_line' id='line_1_41' title="bbox 157 2679 1712 2749; baseline -0.001 -17"><span class='ocrx_word' id='word_1_311' title='bbox 157 2693 339 2746; x_wconf 77' lang='lat' dir='ltr'><strong>geram.</strong></span> <span class='ocrx_word' id='word_1_312' title='bbox 376 2679 638 2748; x_wconf 83' lang='lat' dir='ltr'><strong>Agedum,</strong></span> <span class='ocrx_word' id='word_1_313' title='bbox 670 2680 793 2749; x_wconf 89' lang='lat' dir='ltr'><strong>quid</strong></span> <span class='ocrx_word' id='word_1_314' title='bbox 823 2680 1021 2733; x_wconf 88' lang='lat' dir='ltr'><strong>sentias</strong></span> <span class='ocrx_word' id='word_1_315' title='bbox 1045 2679 1111 2732; x_wconf 89' lang='lat' dir='ltr'><strong>de</strong></span> <span class='ocrx_word' id='word_1_316' title='bbox 1142 2681 1381 2746; x_wconf 85' lang='lat' dir='ltr'><strong>personis</strong></span> <span class='ocrx_word' id='word_1_317' title='bbox 1422 2680 1614 2748; x_wconf 87' lang='lat' dir='ltr'><strong>quibus</strong></span> <span class='ocrx_word' id='word_1_318' title='bbox 1644 2679 1712 2731; x_wconf 92' lang='lat' dir='ltr'><strong>li-</strong></span> 
     </span>
    </p>
   </div>
   <div class='ocr_carea' id='block_1_42' title="bbox 160 2769 1712 2838">
    <p class='ocr_par' dir='ltr' id='par_1_42' title="bbox 160 2769 1712 2838">
     <span class='ocr_line' id='line_1_42' title="bbox 160 2769 1712 2838; baseline -0.001 -15"><span class='ocrx_word' id='word_1_319' title='bbox 160 2769 291 2824; x_wconf 86' lang='lat' dir='ltr'><strong>brum</strong></span> <span class='ocrx_word' id='word_1_320' title='bbox 315 2770 384 2824; x_wconf 91' lang='lat' dir='ltr'><strong>de</strong></span> <span class='ocrx_word' id='word_1_321' title='bbox 407 2770 588 2824; x_wconf 87' lang='lat' dir='ltr'><strong>Gratia</strong></span> <span class='ocrx_word' id='word_1_322' title='bbox 611 2769 805 2824; x_wconf 86' lang='lat' dir='ltr'><strong>Christi</strong></span> <span class='ocrx_word' id='word_1_323' title='bbox 828 2770 884 2824; x_wconf 91' lang='lat' dir='ltr'><strong>S.</strong></span> <span class='ocrx_word' id='word_1_324' title='bbox 905 2770 1093 2822; x_wconf 84' lang='lat' dir='ltr'><strong>doctor</strong></span> <span class='ocrx_word' id='word_1_325' title='bbox 1113 2771 1457 2837; x_wconf 89' lang='lat' dir='ltr'><strong>nuncupavit,</strong></span> <span class='ocrx_word' id='word_1_326' title='bbox 1483 2783 1712 2838; x_wconf 85' lang='lat' dir='ltr'><strong>expone.</strong></span> 
     </span>
    </p>
   </div>
   <div class='ocr_carea' id='block_1_43' title="bbox 216 2859 1717 2930">
    <p class='ocr_par' dir='ltr' id='par_1_43' title="bbox 216 2859 1717 2930">
     <span class='ocr_line' id='line_1_43' title="bbox 216 2859 1717 2930; baseline -0.001 -17"><span class='ocrx_word' id='word_1_327' title='bbox 216 2860 495 2928; x_wconf 76' lang='lat' dir='ltr'><strong>Equidem,</strong></span> <span class='ocrx_word' id='word_1_328' title='bbox 540 2860 712 2926; x_wconf 89' lang='lat' dir='ltr'><strong>inquis</strong></span> <span class='ocrx_word' id='word_1_329' title='bbox 751 2862 891 2930; x_wconf 90' lang='lat' dir='ltr'><strong>(pag.</strong></span> <span class='ocrx_word' id='word_1_330' title='bbox 924 2859 1037 2927; x_wconf 74' lang='lat'><strong>52),</strong></span> <span class='ocrx_word' id='word_1_331' title='bbox 1089 2859 1238 2911; x_wconf 88' lang='lat' dir='ltr'><strong>initio</strong></span> <span class='ocrx_word' id='word_1_332' title='bbox 1270 2860 1405 2910; x_wconf 89' lang='lat' dir='ltr'><strong>haud</strong></span> <span class='ocrx_word' id='word_1_333' title='bbox 1440 2859 1717 2927; x_wconf 80' lang='lat' dir='ltr'><strong>probabam</strong></span> 
     </span>
    </p>
   </div>
   <div class='ocr_carea' id='block_1_44' title="bbox 162 2949 1718 3020">
    <p class='ocr_par' dir='ltr' id='par_1_44' title="bbox 162 2949 1718 3020">
     <span class='ocr_line' id='line_1_44' title="bbox 162 2949 1718 3020; baseline 0 -20"><span class='ocrx_word' id='word_1_334' title='bbox 162 2953 340 3004; x_wconf 80' lang='lat' dir='ltr'><strong>nomine</strong></span> <span class='ocrx_word' id='word_1_335' title='bbox 363 2949 558 3003; x_wconf 86' lang='lat' dir='ltr'><strong>AIhine</strong></span> <span class='ocrx_word' id='word_1_336' title='bbox 595 2951 879 3019; x_wconf 82' lang='lat' dir='ltr'><strong>signiﬁcari</strong></span> <span class='ocrx_word' id='word_1_337' title='bbox 906 2950 1070 3020; x_wconf 79' lang='lat' dir='ltr'><strong>[ilium</strong></span> <span class='ocrx_word' id='word_1_338' title='bbox 1103 2949 1340 3015; x_wconf 86' lang='lat' dir='ltr'><strong>Piniani,</strong></span> <span class='ocrx_word' id='word_1_339' title='bbox 1370 2965 1432 3002; x_wconf 89' lang='lat' dir='ltr'><strong>ne</strong></span> <span class='ocrx_word' id='word_1_340' title='bbox 1455 2963 1718 3020; x_wconf 74' lang='lat' dir='ltr'><strong>ptirpone-</strong></span> 
     </span>
    </p>
   </div>
   <div class='ocr_carea' id='block_1_45' title="bbox 164 3041 780 3108">
    <p class='ocr_par' dir='ltr' id='par_1_45' title="bbox 164 3041 780 3108">
     <span class='ocr_line' id='line_1_45' title="bbox 164 3041 780 3108; baseline 0.005 -17"><span class='ocrx_word' id='word_1_341' title='bbox 164 3049 282 3093; x_wconf 82' lang='lat' dir='ltr'><strong>retur</strong></span> <span class='ocrx_word' id='word_1_342' title='bbox 304 3041 442 3108; x_wconf 74' lang='lat' dir='ltr'><strong>ﬁlius</strong></span> <span class='ocrx_word' id='word_1_343' title='bbox 467 3041 780 3108; x_wconf 83' lang='lat' dir='ltr'><strong>parentibus.</strong></span> 
     </span>
    </p>
   </div>
   <div class='ocr_carea' id='block_1_46' title="bbox 1809 1868 3385 1938">
    <p class='ocr_par' dir='ltr' id='par_1_46' title="bbox 1809 1868 3385 1938">
     <span class='ocr_line' id='line_1_46' title="bbox 1809 1868 3385 1938; baseline 0.002 -20"><span class='ocrx_word' id='word_1_344' title='bbox 1809 1869 2019 1938; x_wconf 65' lang='lat' dir='ltr'><strong>pratori</strong></span> <span class='ocrx_word' id='word_1_345' title='bbox 2047 1877 2164 1920; x_wconf 86' lang='lat' dir='ltr'><strong>tunc</strong></span> <span class='ocrx_word' id='word_1_346' title='bbox 2193 1869 2388 1920; x_wconf 87' lang='lat' dir='ltr'><strong>urbano</strong></span> <span class='ocrx_word' id='word_1_347' title='bbox 2420 1869 2526 1934; x_wconf 81' lang='lat' dir='ltr'><strong>ﬁlio</strong></span> <span class='ocrx_word' id='word_1_348' title='bbox 2554 1869 2812 1928; x_wconf 79' lang='lat' dir='ltr'><strong>derelicto,</strong></span> <span class='ocrx_word' id='word_1_349' title='bbox 2844 1868 3216 1936; x_wconf 84' lang='lat' dir='ltr'><strong>Jerosolymam</strong></span> <span class='ocrx_word' id='word_1_350' title='bbox 3246 1871 3385 1921; x_wconf 84' lang='lat' dir='ltr'><strong>naui-</strong></span> 
     </span>
    </p>
   </div>
   <div class='ocr_carea' id='block_1_47' title="bbox 1807 1959 3381 2028">
    <p class='ocr_par' dir='ltr' id='par_1_47' title="bbox 1807 1959 3381 2028">
     <span class='ocr_line' id='line_1_47' title="bbox 1807 1959 3381 2028; baseline 0.003 -19"><span class='ocrx_word' id='word_1_351' title='bbox 1807 1961 1963 2028; x_wconf 75' lang='lat' dir='ltr'><strong>gavit.</strong></span> <span class='ocrx_word' id='word_1_352' title='bbox 2001 1959 2156 2010; x_wconf 83' lang='lat' dir='ltr'><strong>Anno</strong></span> <span class='ocrx_word' id='word_1_353' title='bbox 2201 1959 2419 2026; x_wconf 78' lang='lat' dir='ltr'><strong>epocha:</strong></span> <span class='ocrx_word' id='word_1_354' title='bbox 2459 1959 2775 2012; x_wconf 78' lang='lat' dir='ltr'><strong>Christiana:</strong></span> <span class='ocrx_word' id='word_1_355' title='bbox 2805 1959 2908 2011; x_wconf 76' lang='lat'><strong>575</strong></span> <span class='ocrx_word' id='word_1_356' title='bbox 2938 1975 2964 2010; x_wconf 87' lang='lat' dir='ltr'><strong>a</strong></span> <span class='ocrx_word' id='word_1_357' title='bbox 3002 1959 3072 2012; x_wconf 73' lang='lat'><strong>9.8</strong></span> <span class='ocrx_word' id='word_1_358' title='bbox 3102 1960 3271 2013; x_wconf 81' lang='lat' dir='ltr'><strong>Martii</strong></span> <span class='ocrx_word' id='word_1_359' title='bbox 3315 1975 3381 2013; x_wconf 81' lang='lat' dir='ltr'><strong>ex</strong></span> 
     </span>
    </p>
   </div>
   <div class='ocr_carea' id='block_1_48' title="bbox 1808 2048 3384 2116">
    <p class='ocr_par' dir='ltr' id='par_1_48' title="bbox 1808 2048 3384 2116">
     <span class='ocr_line' id='line_1_48' title="bbox 1808 2048 3384 2116; baseline 0.003 -16"><span class='ocrx_word' id='word_1_360' title='bbox 1808 2048 2094 2100; x_wconf 86' lang='lat' dir='ltr'><strong>Ammiano</strong></span> <span class='ocrx_word' id='word_1_361' title='bbox 2117 2048 2422 2102; x_wconf 81' lang='lat' dir='ltr'><strong>Marcellino</strong></span> <span class='ocrx_word' id='word_1_362' title='bbox 2451 2049 2542 2101; x_wconf 91' lang='lat' dir='ltr'><strong>lib.</strong></span> <span class='ocrx_word' id='word_1_363' title='bbox 2581 2064 2724 2111; x_wconf 76' lang='lat' dir='ltr'><strong>xxvi,</strong></span> <span class='ocrx_word' id='word_1_364' title='bbox 2755 2064 2872 2116; x_wconf 89' lang='lat' dir='ltr'><strong>pag.</strong></span> <span class='ocrx_word' id='word_1_365' title='bbox 2896 2051 3018 2108; x_wconf 74' lang='lat' dir='ltr'><strong>5I5.</strong></span> <span class='ocrx_word' id='word_1_366' title='bbox 3039 2049 3168 2102; x_wconf 85' lang='lat' dir='ltr'><strong>edit.</strong></span> <span class='ocrx_word' id='word_1_367' title='bbox 3194 2050 3384 2104; x_wconf 86' lang='lat' dir='ltr'><strong>Valesii</strong></span> 
     </span>
    </p>
   </div>
   <div class='ocr_carea' id='block_1_49' title="bbox 1810 2137 3382 2207">
    <p class='ocr_par' dir='ltr' id='par_1_49' title="bbox 1810 2137 3382 2207">
     <span class='ocr_line' id='line_1_49' title="bbox 1810 2137 3382 2207; baseline 0.002 -17"><span class='ocrx_word' id='word_1_368' title='bbox 1810 2137 1875 2190; x_wconf 83' lang='lat' dir='ltr'><strong>V.</strong></span> <span class='ocrx_word' id='word_1_369' title='bbox 1906 2138 1989 2199; x_wconf 78' lang='grc' dir='ltr'><strong>Ο..</strong></span> <span class='ocrx_word' id='word_1_370' title='bbox 2017 2139 2257 2193; x_wconf 83' lang='lat' dir='ltr'><strong>decimus</strong></span> <span class='ocrx_word' id='word_1_371' title='bbox 2289 2139 2524 2192; x_wconf 82' lang='lat' dir='ltr'><strong>Valentis</strong></span> <span class='ocrx_word' id='word_1_372' title='bbox 2558 2154 2728 2192; x_wconf 88' lang='lat' dir='ltr'><strong>annus</strong></span> <span class='ocrx_word' id='word_1_373' title='bbox 2759 2140 3055 2193; x_wconf 81' lang='lat' dir='ltr'><strong>labebatur.</strong></span> <span class='ocrx_word' id='word_1_374' title='bbox 3108 2139 3186 2193; x_wconf 93' lang='lat' dir='ltr'><strong>Tu</strong></span> <span class='ocrx_word' id='word_1_375' title='bbox 3233 2155 3382 2207; x_wconf 85' lang='lat' dir='ltr'><strong>vero,</strong></span> 
     </span>
    </p>
   </div>
   <div class='ocr_carea' id='block_1_50' title="bbox 1809 2228 3386 2293">
    <p class='ocr_par' dir='ltr' id='par_1_50' title="bbox 1809 2228 3386 2293">
     <span class='ocr_line' id='line_1_50' title="bbox 1809 2228 3386 2293; baseline 0.003 -12"><span class='ocrx_word' id='word_1_376' title='bbox 1809 2228 1882 2282; x_wconf 89' lang='lat' dir='ltr'><strong>mi</strong></span> <span class='ocrx_word' id='word_1_377' title='bbox 1925 2228 2165 2291; x_wconf 83' lang='lat' dir='ltr'><strong>Macedo,</strong></span> <span class='ocrx_word' id='word_1_378' title='bbox 2213 2229 2461 2282; x_wconf 90' lang='lat' dir='ltr'><strong>maritum</strong></span> <span class='ocrx_word' id='word_1_379' title='bbox 2491 2229 2728 2282; x_wconf 84' lang='lat' dir='ltr'><strong>Melania:</strong></span> <span class='ocrx_word' id='word_1_380' title='bbox 2772 2230 3029 2293; x_wconf 89' lang='lat' dir='ltr'><strong>senioris,</strong></span> <span class='ocrx_word' id='word_1_381' title='bbox 3077 2239 3130 2284; x_wconf 91' lang='lat' dir='ltr'><strong>et</strong></span> <span class='ocrx_word' id='word_1_382' title='bbox 3169 2231 3386 2285; x_wconf 89' lang='lat' dir='ltr'><strong>alterius</strong></span> 
     </span>
    </p>
   </div>
   <div class='ocr_carea' id='block_1_51' title="bbox 1809 2320 3388 2388">
    <p class='ocr_par' dir='ltr' id='par_1_51' title="bbox 1809 2320 3388 2388">
     <span class='ocr_line' id='line_1_51' title="bbox 1809 2320 3388 2388; baseline 0.001 -16"><span class='ocrx_word' id='word_1_383' title='bbox 1809 2334 1968 2372; x_wconf 86' lang='lat' dir='ltr'><strong>avum</strong></span> <span class='ocrx_word' id='word_1_384' title='bbox 1995 2321 2336 2386; x_wconf 85' lang='lat' dir='ltr'><strong>superstitem</strong></span> <span class='ocrx_word' id='word_1_385' title='bbox 2373 2321 2499 2374; x_wconf 84' lang='lat' dir='ltr'><strong>lacis</strong></span> <span class='ocrx_word' id='word_1_386' title='bbox 2523 2335 2662 2372; x_wconf 90' lang='lat' dir='ltr'><strong>anno</strong></span> <span class='ocrx_word' id='word_1_387' title='bbox 2685 2320 2811 2385; x_wconf 79' lang='grc'><strong>418,</strong></span> <span class='ocrx_word' id='word_1_388' title='bbox 2840 2336 2944 2388; x_wconf 89' lang='lat' dir='ltr'><strong>quo</strong></span> <span class='ocrx_word' id='word_1_389' title='bbox 2971 2320 3026 2373; x_wconf 89' lang='lat' dir='ltr'><strong>S.</strong></span> <span class='ocrx_word' id='word_1_390' title='bbox 3067 2321 3388 2388; x_wconf 83' lang='lat' dir='ltr'><strong>Augustinus</strong></span> 
     </span>
    </p>
   </div>
   <div class='ocr_carea' id='block_1_52' title="bbox 1809 2409 3386 2477">
    <p class='ocr_par' dir='ltr' id='par_1_52' title="bbox 1809 2409 3386 2477">
     <span class='ocr_line' id='line_1_52' title="bbox 1809 2409 3386 2477; baseline 0.003 -16"><span class='ocrx_word' id='word_1_391' title='bbox 1809 2409 2028 2477; x_wconf 88' lang='lat' dir='ltr'><strong>scripsit</strong></span> <span class='ocrx_word' id='word_1_392' title='bbox 2053 2409 2243 2463; x_wconf 89' lang='lat' dir='ltr'><strong>librum</strong></span> <span class='ocrx_word' id='word_1_393' title='bbox 2262 2409 2329 2463; x_wconf 88' lang='lat' dir='ltr'><strong>de</strong></span> <span class='ocrx_word' id='word_1_394' title='bbox 2347 2410 2526 2464; x_wconf 88' lang='lat' dir='ltr'><strong>Gratia</strong></span> <span class='ocrx_word' id='word_1_395' title='bbox 2555 2409 2780 2475; x_wconf 91' lang='lat' dir='ltr'><strong>Christi;</strong></span> <span class='ocrx_word' id='word_1_396' title='bbox 2807 2425 2925 2462; x_wconf 92' lang='lat' dir='ltr'><strong>nam</strong></span> <span class='ocrx_word' id='word_1_397' title='bbox 2956 2411 3206 2464; x_wconf 75' lang='lat' dir='ltr'><strong>Albinum</strong></span> <span class='ocrx_word' id='word_1_398' title='bbox 3231 2427 3386 2465; x_wconf 88' lang='lat' dir='ltr'><strong>avum</strong></span> 
     </span>
    </p>
   </div>
   <div class='ocr_carea' id='block_1_53' title="bbox 1810 2499 3387 2570">
    <p class='ocr_par' dir='ltr' id='par_1_53' title="bbox 1810 2499 3387 2570">
     <span class='ocr_line' id='line_1_53' title="bbox 1810 2499 3387 2570; baseline 0.003 -17"><span class='ocrx_word' id='word_1_399' title='bbox 1810 2499 2048 2554; x_wconf 78' lang='lat' dir='ltr'><strong>Melania:</strong></span> <span class='ocrx_word' id='word_1_400' title='bbox 2075 2502 2301 2567; x_wconf 87' lang='lat' dir='ltr'><strong>junioris</strong></span> <span class='ocrx_word' id='word_1_401' title='bbox 2335 2502 2665 2570; x_wconf 85' lang='lat' dir='ltr'><strong>imaginaris,</strong></span> <span class='ocrx_word' id='word_1_402' title='bbox 2696 2505 2779 2556; x_wconf 91' lang='lat' dir='ltr'><strong>cui</strong></span> <span class='ocrx_word' id='word_1_403' title='bbox 2808 2502 2865 2556; x_wconf 92' lang='lat' dir='ltr'><strong>S.</strong></span> <span class='ocrx_word' id='word_1_404' title='bbox 2899 2503 3086 2557; x_wconf 88' lang='lat' dir='ltr'><strong>doctor</strong></span> <span class='ocrx_word' id='word_1_405' title='bbox 3117 2503 3387 2557; x_wconf 91' lang='lat' dir='ltr'><strong>laudatum</strong></span> 
     </span>
    </p>
   </div>
   <div class='ocr_carea' id='block_1_54' title="bbox 1811 2591 3389 2660">
    <p class='ocr_par' dir='ltr' id='par_1_54' title="bbox 1811 2591 3389 2660">
     <span class='ocr_line' id='line_1_54' title="bbox 1811 2591 3389 2660; baseline 0.003 -19"><span class='ocrx_word' id='word_1_406' title='bbox 1811 2592 2062 2642; x_wconf 91' lang='lat' dir='ltr'><strong>volumen</strong></span> <span class='ocrx_word' id='word_1_407' title='bbox 2111 2592 2455 2658; x_wconf 83' lang='lat' dir='ltr'><strong>nuncupavit.</strong></span> <span class='ocrx_word' id='word_1_408' title='bbox 2493 2591 2757 2644; x_wconf 76' lang='lat' dir='ltr'><strong>Palladius</strong></span> <span class='ocrx_word' id='word_1_409' title='bbox 2803 2607 2926 2660; x_wconf 88' lang='lat' dir='ltr'><strong>cap.</strong></span> <span class='ocrx_word' id='word_1_410' title='bbox 2973 2594 3071 2645; x_wconf 89' lang='lat' dir='ltr'><strong>II7</strong></span> <span class='ocrx_word' id='word_1_411' title='bbox 3102 2594 3214 2646; x_wconf 76' lang='lat' dir='ltr'><strong>haec</strong></span> <span class='ocrx_word' id='word_1_412' title='bbox 3253 2595 3326 2645; x_wconf 86' lang='lat' dir='ltr'><strong>ait</strong></span> <span class='ocrx_word' id='word_1_413' title='bbox 3373 2609 3389 2646; x_wconf 87' lang='lat'><strong>:</strong></span> 
     </span>
    </p>
   </div>
   <div class='ocr_carea' id='block_1_55' title="bbox 1815 2677 3392 2750">
    <p class='ocr_par' dir='ltr' id='par_1_55' title="bbox 1815 2677 3392 2750">
     <span class='ocr_line' id='line_1_55' title="bbox 1815 2677 3392 2750; baseline 0.003 -21"><span class='ocrx_word' id='word_1_414' title='bbox 1815 2677 1958 2730; x_wconf 83' lang='lat' dir='ltr'><strong>Inter</strong></span> <span class='ocrx_word' id='word_1_415' title='bbox 1985 2696 2111 2747; x_wconf 90' lang='lat' dir='ltr'><strong>quas</strong></span> <span class='ocrx_word' id='word_1_416' title='bbox 2134 2693 2241 2732; x_wconf 85' lang='lat' dir='ltr'><strong>erat</strong></span> <span class='ocrx_word' id='word_1_417' title='bbox 2263 2682 2412 2732; x_wconf 88' lang='lat' dir='ltr'><strong>etiant</strong></span> <span class='ocrx_word' id='word_1_418' title='bbox 2436 2682 2722 2733; x_wconf 87' lang='lat' dir='ltr'><strong>beatissima</strong></span> <span class='ocrx_word' id='word_1_419' title='bbox 2751 2681 2980 2734; x_wconf 83' lang='lat' dir='ltr'><strong>Melania</strong></span> <span class='ocrx_word' id='word_1_420' title='bbox 3001 2682 3250 2746; x_wconf 78' lang='lat' dir='ltr'><strong>Romana,</strong></span> <span class='ocrx_word' id='word_1_421' title='bbox 3283 2699 3392 2750; x_wconf 75' lang='lat' dir='ltr'><strong>quit:</strong></span> 
     </span>
    </p>
   </div>
   <div class='ocr_carea' id='block_1_56' title="bbox 1817 2769 3391 2841">
    <p class='ocr_par' dir='ltr' id='par_1_56' title="bbox 1817 2769 3391 2841">
     <span class='ocr_line' id='line_1_56' title="bbox 1817 2769 3391 2841; baseline 0.003 -21"><span class='ocrx_word' id='word_1_422' title='bbox 1817 2769 1915 2835; x_wconf 78' lang='lat' dir='ltr'><strong>fuit</strong></span> <span class='ocrx_word' id='word_1_423' title='bbox 1943 2770 2146 2836; x_wconf 87' lang='lat' dir='ltr'><strong>quidem</strong></span> <span class='ocrx_word' id='word_1_424' title='bbox 2187 2771 2295 2835; x_wconf 84' lang='lat' dir='ltr'><strong>[ilia</strong></span> <span class='ocrx_word' id='word_1_425' title='bbox 2333 2770 2568 2822; x_wconf 88' lang='lat' dir='ltr'><strong>Marcelli</strong></span> <span class='ocrx_word' id='word_1_426' title='bbox 2607 2772 2920 2835; x_wconf 88' lang='lat' dir='ltr'><strong>consularis,</strong></span> <span class='ocrx_word' id='word_1_427' title='bbox 2973 2789 3103 2825; x_wconf 79' lang='lat' dir='ltr'><strong>ua&#39;or</strong></span> <span class='ocrx_word' id='word_1_428' title='bbox 3127 2774 3391 2841; x_wconf 84' lang='lat' dir='ltr'><strong>cujusdam</strong></span> 
     </span>
    </p>
   </div>
   <div class='ocr_carea' id='block_1_57' title="bbox 1817 2859 3393 2931">
    <p class='ocr_par' dir='ltr' id='par_1_57' title="bbox 1817 2859 3393 2931">
     <span class='ocr_line' id='line_1_57' title="bbox 1817 2859 3393 2931; baseline 0.002 -20"><span class='ocrx_word' id='word_1_429' title='bbox 1817 2859 1912 2911; x_wconf 81' lang='lat' dir='ltr'><strong>uiri</strong></span> <span class='ocrx_word' id='word_1_430' title='bbox 1933 2863 2018 2927; x_wconf 87' lang='lat' dir='ltr'><strong>qui</strong></span> <span class='ocrx_word' id='word_1_431' title='bbox 2055 2870 2162 2912; x_wconf 89' lang='lat' dir='ltr'><strong>erat</strong></span> <span class='ocrx_word' id='word_1_432' title='bbox 2196 2861 2248 2912; x_wconf 88' lang='lat' dir='ltr'><strong>in</strong></span> <span class='ocrx_word' id='word_1_433' title='bbox 2282 2877 2466 2928; x_wconf 89' lang='lat' dir='ltr'><strong>magna</strong></span> <span class='ocrx_word' id='word_1_434' title='bbox 2493 2862 2823 2927; x_wconf 86' lang='lat' dir='ltr'><strong>auctoritate,</strong></span> <span class='ocrx_word' id='word_1_435' title='bbox 2861 2865 3009 2931; x_wconf 83' lang='lat' dir='ltr'><strong>cujus</strong></span> <span class='ocrx_word' id='word_1_436' title='bbox 3031 2863 3250 2916; x_wconf 85' lang='lat' dir='ltr'><strong>nominis</strong></span> <span class='ocrx_word' id='word_1_437' title='bbox 3293 2880 3393 2915; x_wconf 89' lang='lat' dir='ltr'><strong>non</strong></span> 
     </span>
    </p>
   </div>
   <div class='ocr_carea' id='block_1_58' title="bbox 1818 2936 3393 3021">
    <p class='ocr_par' dir='ltr' id='par_1_58' title="bbox 1818 2936 3393 3021">
     <span class='ocr_line' id='line_1_58' title="bbox 1818 2936 3393 3021; baseline 0.001 -18"><span class='ocrx_word' id='word_1_438' title='bbox 1818 2936 1949 3004; x_wconf 82' lang='lat' dir='ltr'><strong>recte</strong></span> <span class='ocrx_word' id='word_1_439' title='bbox 1975 2952 2198 3003; x_wconf 88' lang='lat' dir='ltr'><strong>memini.</strong></span> <span class='ocrx_word' id='word_1_440' title='bbox 2225 2952 2472 3006; x_wconf 81' lang='lat' dir='ltr'><strong>Profecto</strong></span> <span class='ocrx_word' id='word_1_441' title='bbox 2489 2952 2728 3021; x_wconf 90' lang='lat' dir='ltr'><strong>prodigio</strong></span> <span class='ocrx_word' id='word_1_442' title='bbox 2754 2954 2968 3021; x_wconf 87' lang='lat' dir='ltr'><strong>propius</strong></span> <span class='ocrx_word' id='word_1_443' title='bbox 2992 2963 3074 3007; x_wconf 89' lang='lat' dir='ltr'><strong>est</strong></span> <span class='ocrx_word' id='word_1_444' title='bbox 3103 2953 3393 3006; x_wconf 87' lang='lat' dir='ltr'><strong>Palladium</strong></span> 
     </span>
    </p>
   </div>
   <div class='ocr_carea' id='block_1_59' title="bbox 1820 3041 3396 3109">
    <p class='ocr_par' dir='ltr' id='par_1_59' title="bbox 1820 3041 3396 3109">
     <span class='ocr_line' id='line_1_59' title="bbox 1820 3041 3396 3109; baseline 0.001 -15"><span class='ocrx_word' id='word_1_445' title='bbox 1820 3041 2099 3109; x_wconf 82' lang='lat' dir='ltr'><strong>utriusque</strong></span> <span class='ocrx_word' id='word_1_446' title='bbox 2121 3041 2355 3095; x_wconf 72' lang='lat' dir='ltr'><strong>Melaniae</strong></span> <span class='ocrx_word' id='word_1_447' title='bbox 2393 3043 2797 3108; x_wconf 90' lang='lat' dir='ltr'><strong>amicissimum,</strong></span> <span class='ocrx_word' id='word_1_448' title='bbox 2848 3057 2910 3095; x_wconf 87' lang='lat' dir='ltr'><strong>ac</strong></span> <span class='ocrx_word' id='word_1_449' title='bbox 2939 3043 3286 3097; x_wconf 71' lang='lat' dir='ltr'><strong>nobilissime</strong></span> <span class='ocrx_word' id='word_1_450' title='bbox 3320 3043 3396 3096; x_wconf 83' lang='lat' dir='ltr'><strong>Ia-</strong></span> 
     </span>
    </p>
   </div>
   <div class='ocr_carea' id='block_1_60' title="bbox 224 3125 3394 3199">
    <p class='ocr_par' dir='ltr' id='par_1_60' title="bbox 224 3125 3394 3199">
     <span class='ocr_line' id='line_1_60' title="bbox 224 3125 3394 3199; baseline 0.001 -13"><span class='ocrx_word' id='word_1_451' title='bbox 224 3133 275 3186; x_wconf 90' lang='lat' dir='ltr'><strong>Si</strong></span> <span class='ocrx_word' id='word_1_452' title='bbox 319 3131 538 3185; x_wconf 88' lang='lat' dir='ltr'><strong>Palladii</strong></span> <span class='ocrx_word' id='word_1_453' title='bbox 580 3131 856 3185; x_wconf 89' lang='lat' dir='ltr'><strong>historiam</strong></span> <span class='ocrx_word' id='word_1_454' title='bbox 889 3130 1144 3199; x_wconf 89' lang='lat' dir='ltr'><strong>legisses,</strong></span> <span class='ocrx_word' id='word_1_455' title='bbox 1194 3145 1460 3198; x_wconf 89' lang='lat' dir='ltr'><strong>nunquam</strong></span> <span class='ocrx_word' id='word_1_456' title='bbox 1495 3129 1564 3184; x_wconf 91' lang='lat' dir='ltr'><strong>de</strong></span> <span class='ocrx_word' id='word_1_457' title='bbox 1609 3129 1716 3183; x_wconf 84' lang='lat' dir='ltr'><strong>ﬁlio</strong></span> <span class='ocrx_word' id='word_1_458' title='bbox 1746 3125 1790 3188; x_wconf 87' lang='lat' dir='ltr'><strong>C</strong></span> <span class='ocrx_word' id='word_1_459' title='bbox 1824 3134 1984 3186; x_wconf 85' lang='lat' dir='ltr'><strong>milia:</strong></span> <span class='ocrx_word' id='word_1_460' title='bbox 2006 3132 2493 3187; x_wconf 82' lang='lat' dir='ltr'><strong>t-Iientemoblitum</strong></span> <span class='ocrx_word' id='word_1_461' title='bbox 2513 3132 3108 3188; x_wconf 81' lang='lat' dir='ltr'><strong>fuissenominismariti</strong></span> <span class='ocrx_word' id='word_1_462' title='bbox 3129 3135 3394 3198; x_wconf 60' lang='lat' dir='ltr'><strong>Melaniae,</strong></span> 
     </span>
    </p>
   </div>
   <div class='ocr_carea' id='block_1_61' title="bbox 167 3222 1712 3293">
    <p class='ocr_par' dir='ltr' id='par_1_61' title="bbox 167 3222 1712 3293">
     <span class='ocr_line' id='line_1_61' title="bbox 167 3222 1712 3293; baseline -0.001 -19"><span class='ocrx_word' id='word_1_463' title='bbox 167 3222 350 3276; x_wconf 90' lang='lat' dir='ltr'><strong>Piniani</strong></span> <span class='ocrx_word' id='word_1_464' title='bbox 381 3225 701 3293; x_wconf 89' lang='lat' dir='ltr'><strong>cogitasses;</strong></span> <span class='ocrx_word' id='word_1_465' title='bbox 733 3239 851 3276; x_wconf 88' lang='lat' dir='ltr'><strong>nam</strong></span> <span class='ocrx_word' id='word_1_466' title='bbox 881 3223 1018 3276; x_wconf 90' lang='lat' dir='ltr'><strong>idem</strong></span> <span class='ocrx_word' id='word_1_467' title='bbox 1050 3237 1169 3290; x_wconf 86' lang='lat' dir='ltr'><strong>eap.</strong></span> <span class='ocrx_word' id='word_1_468' title='bbox 1214 3222 1312 3274; x_wconf 85' lang='grc'><strong>119</strong></span> <span class='ocrx_word' id='word_1_469' title='bbox 1347 3222 1458 3274; x_wconf 62' lang='lat' dir='ltr'><strong>haec</strong></span> <span class='ocrx_word' id='word_1_470' title='bbox 1481 3222 1666 3275; x_wconf 90' lang='lat' dir='ltr'><strong>scribit</strong></span> <span class='ocrx_word' id='word_1_471' title='bbox 1700 3239 1712 3274; x_wconf 87' lang='lat'><strong>:</strong></span> 
     </span>
    </p>
   </div>
   <div class='ocr_carea' id='block_1_62' title="bbox 168 3312 1717 3383">
    <p class='ocr_par' dir='ltr' id='par_1_62' title="bbox 168 3312 1717 3383">
     <span class='ocr_line' id='line_1_62' title="bbox 168 3312 1717 3383; baseline 0 -17"><span class='ocrx_word' id='word_1_472' title='bbox 168 3312 276 3368; x_wconf 86' lang='lat' dir='ltr'><strong>Cum</strong></span> <span class='ocrx_word' id='word_1_473' title='bbox 298 3315 517 3369; x_wconf 86' lang='lat' dir='ltr'><strong>Melania</strong></span> <span class='ocrx_word' id='word_1_474' title='bbox 540 3317 835 3383; x_wconf 84' lang='lat' dir='ltr'><strong>suscepisset</strong></span> <span class='ocrx_word' id='word_1_475' title='bbox 867 3316 1000 3383; x_wconf 78' lang='lat' dir='ltr'><strong>ﬁlios</strong></span> <span class='ocrx_word' id='word_1_476' title='bbox 1021 3317 1148 3368; x_wconf 87' lang='lat' dir='ltr'><strong>duos</strong></span> <span class='ocrx_word' id='word_1_477' title='bbox 1166 3358 1180 3381; x_wconf 91' lang='lat'><strong>,</strong></span> <span class='ocrx_word' id='word_1_478' title='bbox 1205 3324 1250 3366; x_wconf 87' lang='lat' dir='ltr'><strong>et</strong></span> <span class='ocrx_word' id='word_1_479' title='bbox 1273 3315 1470 3382; x_wconf 90' lang='lat' dir='ltr'><strong>utrique</strong></span> <span class='ocrx_word' id='word_1_480' title='bbox 1492 3313 1717 3382; x_wconf 86' lang='lat' dir='ltr'><strong>defuncti</strong></span> 
     </span>
    </p>
   </div>
   <div class='ocr_carea' id='block_1_63' title="bbox 167 3403 1721 3472">
    <p class='ocr_par' dir='ltr' id='par_1_63' title="bbox 167 3403 1721 3472">
     <span class='ocr_line' id='line_1_63' title="bbox 167 3403 1721 3472; baseline -0.001 -17"><span class='ocrx_word' id='word_1_481' title='bbox 167 3417 328 3472; x_wconf 82' lang='lat' dir='ltr'><strong>essent,</strong></span> <span class='ocrx_word' id='word_1_482' title='bbox 352 3407 570 3460; x_wconf 82' lang='lat' dir='ltr'><strong>venitad</strong></span> <span class='ocrx_word' id='word_1_483' title='bbox 599 3416 793 3458; x_wconf 90' lang='lat' dir='ltr'><strong>tantum</strong></span> <span class='ocrx_word' id='word_1_484' title='bbox 835 3421 925 3472; x_wconf 88' lang='lat' dir='ltr'><strong>pro</strong></span> <span class='ocrx_word' id='word_1_485' title='bbox 947 3403 1133 3458; x_wconf 84' lang='lat' dir='ltr'><strong>Christi</strong></span> <span class='ocrx_word' id='word_1_486' title='bbox 1162 3406 1364 3457; x_wconf 86' lang='lat' dir='ltr'><strong>nomine</strong></span> <span class='ocrx_word' id='word_1_487' title='bbox 1393 3405 1564 3457; x_wconf 88' lang='lat' dir='ltr'><strong>odium</strong></span> <span class='ocrx_word' id='word_1_488' title='bbox 1589 3420 1721 3470; x_wconf 85' lang='lat' dir='ltr'><strong>nup-</strong></span> 
     </span>
    </p>
   </div>
   <div class='ocr_carea' id='block_1_64' title="bbox 168 3493 1720 3564">
    <p class='ocr_par' dir='ltr' id='par_1_64' title="bbox 168 3493 1720 3564">
     <span class='ocr_line' id='line_1_64' title="bbox 168 3493 1720 3564; baseline 0.001 -20"><span class='ocrx_word' id='word_1_489' title='bbox 168 3497 352 3562; x_wconf 88' lang='lat' dir='ltr'><strong>tiarum,</strong></span> <span class='ocrx_word' id='word_1_490' title='bbox 374 3508 424 3550; x_wconf 92' lang='lat' dir='ltr'><strong>ut</strong></span> <span class='ocrx_word' id='word_1_491' title='bbox 439 3498 539 3550; x_wconf 87' lang='lat' dir='ltr'><strong>hoc</strong></span> <span class='ocrx_word' id='word_1_492' title='bbox 560 3495 780 3548; x_wconf 85' lang='lat' dir='ltr'><strong>Piniano</strong></span> <span class='ocrx_word' id='word_1_493' title='bbox 803 3497 982 3548; x_wconf 89' lang='lat' dir='ltr'><strong>marito</strong></span> <span class='ocrx_word' id='word_1_494' title='bbox 994 3512 1085 3548; x_wconf 89' lang='lat' dir='ltr'><strong>suo</strong></span> <span class='ocrx_word' id='word_1_495' title='bbox 1105 3495 1274 3548; x_wconf 90' lang='lat' dir='ltr'><strong>Severi</strong></span> <span class='ocrx_word' id='word_1_496' title='bbox 1296 3494 1584 3564; x_wconf 75' lang='lat' dir='ltr'><strong>exprtvfecti</strong></span> <span class='ocrx_word' id='word_1_497' title='bbox 1609 3493 1720 3560; x_wconf 80' lang='lat' dir='ltr'><strong>ﬁlio</strong></span> 
     </span>
    </p>
   </div>
   <div class='ocr_carea' id='block_1_65' title="bbox 167 3585 1719 3654">
    <p class='ocr_par' dir='ltr' id='par_1_65' title="bbox 167 3585 1719 3654">
     <span class='ocr_line' id='line_1_65' title="bbox 167 3585 1719 3654; baseline 0.003 -20"><span class='ocrx_word' id='word_1_498' title='bbox 167 3587 351 3651; x_wconf 82' lang='lat' dir='ltr'><strong>diceret,</strong></span> <span class='ocrx_word' id='word_1_499' title='bbox 376 3597 476 3643; x_wconf 90' lang='lat' dir='ltr'><strong>etc.</strong></span> <span class='ocrx_word' id='word_1_500' title='bbox 508 3589 697 3654; x_wconf 86' lang='lat' dir='ltr'><strong>Itaque</strong></span> <span class='ocrx_word' id='word_1_501' title='bbox 721 3589 970 3640; x_wconf 79' lang='lat' dir='ltr'><strong>Pinianus</strong></span> <span class='ocrx_word' id='word_1_502' title='bbox 998 3587 1137 3640; x_wconf 81' lang='lat' dir='ltr'><strong>filios</strong></span> <span class='ocrx_word' id='word_1_503' title='bbox 1163 3585 1412 3639; x_wconf 88' lang='lat' dir='ltr'><strong>amiserat</strong></span> <span class='ocrx_word' id='word_1_504' title='bbox 1436 3596 1719 3654; x_wconf 87' lang='lat' dir='ltr'><strong>antequam</strong></span> 
     </span>
    </p>
   </div>
   <div class='ocr_carea' id='block_1_66' title="bbox 169 3677 1720 3745">
    <p class='ocr_par' dir='ltr' id='par_1_66' title="bbox 169 3677 1720 3745">
     <span class='ocr_line' id='line_1_66' title="bbox 169 3677 1720 3745; baseline 0 -17"><span class='ocrx_word' id='word_1_505' title='bbox 169 3692 220 3728; x_wconf 74' lang='lat' dir='ltr'><strong>ex</strong></span> <span class='ocrx_word' id='word_1_506' title='bbox 246 3678 381 3731; x_wconf 85' lang='lat' dir='ltr'><strong>Italia</strong></span> <span class='ocrx_word' id='word_1_507' title='bbox 410 3678 738 3741; x_wconf 84' lang='lat' dir='ltr'><strong>discederet,</strong></span> <span class='ocrx_word' id='word_1_508' title='bbox 762 3688 814 3731; x_wconf 90' lang='lat' dir='ltr'><strong>et</strong></span> <span class='ocrx_word' id='word_1_509' title='bbox 839 3678 1098 3730; x_wconf 88' lang='lat' dir='ltr'><strong>castitatis</strong></span> <span class='ocrx_word' id='word_1_510' title='bbox 1122 3677 1448 3745; x_wconf 84' lang='lat' dir='ltr'><strong>prapositum</strong></span> <span class='ocrx_word' id='word_1_511' title='bbox 1470 3690 1569 3729; x_wconf 91' lang='lat' dir='ltr'><strong>una</strong></span> <span class='ocrx_word' id='word_1_512' title='bbox 1599 3691 1720 3729; x_wconf 91' lang='lat' dir='ltr'><strong>cum</strong></span> 
     </span>
    </p>
   </div>
   <div class='ocr_carea' id='block_1_67' title="bbox 169 3767 1723 3835">
    <p class='ocr_par' dir='ltr' id='par_1_67' title="bbox 169 3767 1723 3835">
     <span class='ocr_line' id='line_1_67' title="bbox 169 3767 1723 3835; baseline 0.002 -18"><span class='ocrx_word' id='word_1_513' title='bbox 169 3781 314 3822; x_wconf 74' lang='lat' dir='ltr'><strong>uxore</strong></span> <span class='ocrx_word' id='word_1_514' title='bbox 357 3769 586 3824; x_wconf 88' lang='lat' dir='ltr'><strong>Melania</strong></span> <span class='ocrx_word' id='word_1_515' title='bbox 638 3768 901 3822; x_wconf 89' lang='lat' dir='ltr'><strong>indueret.</strong></span> <span class='ocrx_word' id='word_1_516' title='bbox 953 3767 1191 3835; x_wconf 89' lang='lat' dir='ltr'><strong>Scriptor</strong></span> <span class='ocrx_word' id='word_1_517' title='bbox 1219 3768 1340 3820; x_wconf 82' lang='lat' dir='ltr'><strong>vitae</strong></span> <span class='ocrx_word' id='word_1_518' title='bbox 1390 3767 1448 3822; x_wconf 89' lang='lat' dir='ltr'><strong>S.</strong></span> <span class='ocrx_word' id='word_1_519' title='bbox 1483 3767 1723 3821; x_wconf 84' lang='lat' dir='ltr'><strong>Melaniae</strong></span> 
     </span>
    </p>
   </div>
   <div class='ocr_carea' id='block_1_68' title="bbox 169 3857 1720 3921">
    <p class='ocr_par' dir='ltr' id='par_1_68' title="bbox 169 3857 1720 3921">
     <span class='ocr_line' id='line_1_68' title="bbox 169 3857 1720 3921; baseline 0.001 -11"><span class='ocrx_word' id='word_1_520' title='bbox 169 3859 286 3921; x_wconf 81' lang='lat' dir='ltr'><strong>apud</strong></span> <span class='ocrx_word' id='word_1_521' title='bbox 334 3860 554 3916; x_wconf 88' lang='lat' dir='ltr'><strong>Surium</strong></span> <span class='ocrx_word' id='word_1_522' title='bbox 597 3859 683 3914; x_wconf 90' lang='lat' dir='ltr'><strong>die</strong></span> <span class='ocrx_word' id='word_1_523' title='bbox 715 3859 777 3913; x_wconf 89' lang='grc'><strong>’51</strong></span> <span class='ocrx_word' id='word_1_524' title='bbox 831 3859 1168 3920; x_wconf 87' lang='lat' dir='ltr'><strong>Decembris,</strong></span> <span class='ocrx_word' id='word_1_525' title='bbox 1219 3866 1399 3912; x_wconf 89' lang='lat' dir='ltr'><strong>narrat</strong></span> <span class='ocrx_word' id='word_1_526' title='bbox 1443 3857 1720 3912; x_wconf 75' lang='lat' dir='ltr'><strong>Melanium</strong></span> 
     </span>
    </p>
   </div>
   <div class='ocr_carea' id='block_1_69' title="bbox 170 3948 1722 4018">
    <p class='ocr_par' dir='ltr' id='par_1_69' title="bbox 170 3948 1722 4018">
     <span class='ocr_line' id='line_1_69' title="bbox 170 3948 1722 4018; baseline 0.005 -24"><span class='ocrx_word' id='word_1_527' title='bbox 170 3949 295 4010; x_wconf 70' lang='lat' dir='ltr'><strong>prius</strong></span> <span class='ocrx_word' id='word_1_528' title='bbox 331 3950 584 4004; x_wconf 77' lang='lat' dir='ltr'><strong>feminam</strong></span> <span class='ocrx_word' id='word_1_529' title='bbox 615 3948 910 4018; x_wconf 88' lang='lat' dir='ltr'><strong>peperisse,</strong></span> <span class='ocrx_word' id='word_1_530' title='bbox 958 3957 1137 4016; x_wconf 90' lang='lat' dir='ltr'><strong>postea</strong></span> <span class='ocrx_word' id='word_1_531' title='bbox 1162 3949 1346 4002; x_wconf 88' lang='lat' dir='ltr'><strong>tilium.</strong></span> <span class='ocrx_word' id='word_1_532' title='bbox 1376 3950 1566 4015; x_wconf 80' lang='lat' dir='ltr'><strong>Atque,</strong></span> <span class='ocrx_word' id='word_1_533' title='bbox 1615 3949 1722 4011; x_wconf 89' lang='lat' dir='ltr'><strong>ait,</strong></span> 
     </span>
    </p>
   </div>
   <div class='ocr_carea' id='block_1_70' title="bbox 170 4041 1725 4111">
    <p class='ocr_par' dir='ltr' id='par_1_70' title="bbox 170 4041 1725 4111">
     <span class='ocr_line' id='line_1_70' title="bbox 170 4041 1725 4111; baseline 0.005 -24"><span class='ocrx_word' id='word_1_534' title='bbox 170 4041 284 4102; x_wconf 88' lang='lat' dir='ltr'><strong>quod</strong></span> <span class='ocrx_word' id='word_1_535' title='bbox 312 4051 477 4096; x_wconf 88' lang='lat' dir='ltr'><strong>ttatum</strong></span> <span class='ocrx_word' id='word_1_536' title='bbox 518 4043 736 4111; x_wconf 80' lang='lat' dir='ltr'><strong>quidem</strong></span> <span class='ocrx_word' id='word_1_537' title='bbox 771 4044 958 4111; x_wconf 75' lang='lat' dir='ltr'><strong>fuerat,</strong></span> <span class='ocrx_word' id='word_1_538' title='bbox 997 4051 1103 4094; x_wconf 89' lang='lat' dir='ltr'><strong>erat</strong></span> <span class='ocrx_word' id='word_1_539' title='bbox 1147 4042 1521 4107; x_wconf 85' lang='lat' dir='ltr'><strong>masculinum,</strong></span> <span class='ocrx_word' id='word_1_540' title='bbox 1571 4044 1725 4096; x_wconf 82' lang='lat' dir='ltr'><strong>simul</strong></span> 
     </span>
    </p>
   </div>
   <div class='ocr_carea' id='block_1_71' title="bbox 171 4133 1724 4203">
    <p class='ocr_par' dir='ltr' id='par_1_71' title="bbox 171 4133 1724 4203">
     <span class='ocr_line' id='line_1_71' title="bbox 171 4133 1724 4203; baseline 0.001 -20"><span class='ocrx_word' id='word_1_541' title='bbox 171 4135 298 4192; x_wconf 76' lang='lat' dir='ltr'><strong>atque</strong></span> <span class='ocrx_word' id='word_1_542' title='bbox 316 4142 477 4186; x_wconf 86' lang='lat' dir='ltr'><strong>autem</strong></span> <span class='ocrx_word' id='word_1_543' title='bbox 515 4142 732 4195; x_wconf 79' lang='lat' dir='ltr'><strong>natam,</strong></span> <span class='ocrx_word' id='word_1_544' title='bbox 758 4140 804 4184; x_wconf 90' lang='lat' dir='ltr'><strong>et</strong></span> <span class='ocrx_word' id='word_1_545' title='bbox 838 4142 1014 4184; x_wconf 86' lang='lat' dir='ltr'><strong>sancto</strong></span> <span class='ocrx_word' id='word_1_546' title='bbox 1037 4133 1283 4199; x_wconf 81' lang='lat' dir='ltr'><strong>baptismo</strong></span> <span class='ocrx_word' id='word_1_547' title='bbox 1313 4133 1412 4200; x_wconf 80' lang='lat' dir='ltr'><strong>fuit</strong></span> <span class='ocrx_word' id='word_1_548' title='bbox 1458 4147 1724 4203; x_wconf 89' lang='lat' dir='ltr'><strong>regenera-</strong></span> 
     </span>
    </p>
   </div>
   <div class='ocr_carea' id='block_1_72' title="bbox 173 4221 1724 4291">
    <p class='ocr_par' dir='ltr' id='par_1_72' title="bbox 173 4221 1724 4291">
     <span class='ocr_line' id='line_1_72' title="bbox 173 4221 1724 4291; baseline 0.007 -26"><span class='ocrx_word' id='word_1_549' title='bbox 173 4226 260 4270; x_wconf 88' lang='lat' dir='ltr'><strong>tum</strong></span> <span class='ocrx_word' id='word_1_550' title='bbox 285 4264 297 4284; x_wconf 88' lang='lat'><strong>,</strong></span> <span class='ocrx_word' id='word_1_551' title='bbox 345 4222 402 4273; x_wconf 90' lang='lat' dir='ltr'><strong>ab</strong></span> <span class='ocrx_word' id='word_1_552' title='bbox 432 4223 532 4276; x_wconf 80' lang='lat' dir='ltr'><strong>hoc</strong></span> <span class='ocrx_word' id='word_1_553' title='bbox 569 4224 758 4275; x_wconf 88' lang='lat' dir='ltr'><strong>mundo</strong></span> <span class='ocrx_word' id='word_1_554' title='bbox 805 4221 1066 4276; x_wconf 83' lang='lat' dir='ltr'><strong>discedens</strong></span> <span class='ocrx_word' id='word_1_555' title='bbox 1086 4263 1100 4286; x_wconf 97' lang='lat'><strong>,</strong></span> <span class='ocrx_word' id='word_1_556' title='bbox 1129 4223 1195 4275; x_wconf 88' lang='lat' dir='ltr'><strong>ad</strong></span> <span class='ocrx_word' id='word_1_557' title='bbox 1221 4238 1336 4276; x_wconf 89' lang='lat' dir='ltr'><strong>eum</strong></span> <span class='ocrx_word' id='word_1_558' title='bbox 1364 4222 1452 4291; x_wconf 91' lang='lat' dir='ltr'><strong>qui</strong></span> <span class='ocrx_word' id='word_1_559' title='bbox 1500 4223 1606 4277; x_wconf 90' lang='lat' dir='ltr'><strong>illic</strong></span> <span class='ocrx_word' id='word_1_560' title='bbox 1654 4235 1724 4278; x_wconf 87' lang='lat' dir='ltr'><strong>est</strong></span> 
     </span>
    </p>
   </div>
   <div class='ocr_carea' id='block_1_73' title="bbox 174 4311 1190 4382">
    <p class='ocr_par' dir='ltr' id='par_1_73' title="bbox 174 4311 1190 4382">
     <span class='ocr_line' id='line_1_73' title="bbox 174 4311 1190 4382; baseline 0.01 -26"><span class='ocrx_word' id='word_1_561' title='bbox 174 4313 521 4367; x_wconf 86' lang='lat' dir='ltr'><strong>transmittitur.</strong></span> <span class='ocrx_word' id='word_1_562' title='bbox 578 4312 924 4380; x_wconf 84' lang='lat' dir='ltr'><strong>Progrederis</strong></span> <span class='ocrx_word' id='word_1_563' title='bbox 953 4311 1142 4382; x_wconf 89' lang='lat' dir='ltr'><strong>(lbid.)</strong></span> <span class='ocrx_word' id='word_1_564' title='bbox 1175 4329 1190 4366; x_wconf 91' lang='lat'><strong>:</strong></span> 
     </span>
    </p>
   </div>
   <div class='ocr_carea' id='block_1_74' title="bbox 235 4397 1725 4466">
    <p class='ocr_par' dir='ltr' id='par_1_74' title="bbox 235 4397 1725 4466">
     <span class='ocr_line' id='line_1_74' title="bbox 235 4397 1725 4466; baseline 0.005 -17"><span class='ocrx_word' id='word_1_565' title='bbox 235 4397 458 4454; x_wconf 84' lang='lat' dir='ltr'><strong>Placebat</strong></span> <span class='ocrx_word' id='word_1_566' title='bbox 492 4412 592 4455; x_wconf 81' lang='lat' dir='ltr'><strong>aut</strong></span> <span class='ocrx_word' id='word_1_567' title='bbox 633 4403 817 4455; x_wconf 89' lang='lat' dir='ltr'><strong>mutari</strong></span> <span class='ocrx_word' id='word_1_568' title='bbox 860 4419 1038 4456; x_wconf 85' lang='lat' dir='ltr'><strong>nomen</strong></span> <span class='ocrx_word' id='word_1_569' title='bbox 1063 4403 1252 4456; x_wconf 87' lang='lat' dir='ltr'><strong>Albine</strong></span> <span class='ocrx_word' id='word_1_570' title='bbox 1293 4404 1345 4456; x_wconf 88' lang='lat' dir='ltr'><strong>in</strong></span> <span class='ocrx_word' id='word_1_571' title='bbox 1385 4403 1607 4466; x_wconf 83' lang='lat' dir='ltr'><strong>Albina,</strong></span> <span class='ocrx_word' id='word_1_572' title='bbox 1651 4407 1725 4456; x_wconf 90' lang='lat' dir='ltr'><strong>uti</strong></span> 
     </span>
    </p>
   </div>
   <div class='ocr_carea' id='block_1_75' title="bbox 1821 3227 3396 3299">
    <p class='ocr_par' dir='ltr' id='par_1_75' title="bbox 1821 3227 3396 3299">
     <span class='ocr_line' id='line_1_75' title="bbox 1821 3227 3396 3299; baseline 0.003 -19"><span class='ocrx_word' id='word_1_573' title='bbox 1821 3227 1956 3280; x_wconf 89' lang='lat' dir='ltr'><strong>illud</strong></span> <span class='ocrx_word' id='word_1_574' title='bbox 1988 3241 2159 3280; x_wconf 88' lang='lat' dir='ltr'><strong>veroa</strong></span> <span class='ocrx_word' id='word_1_575' title='bbox 2182 3236 2232 3281; x_wconf 91' lang='lat' dir='ltr'><strong>te</strong></span> <span class='ocrx_word' id='word_1_576' title='bbox 2256 3227 2667 3295; x_wconf 87' lang='lat' dir='ltr'><strong>postdnodeeim</strong></span> <span class='ocrx_word' id='word_1_577' title='bbox 2683 3237 2732 3282; x_wconf 89' lang='lat' dir='ltr'><strong>et</strong></span> <span class='ocrx_word' id='word_1_578' title='bbox 2756 3229 2986 3295; x_wconf 88' lang='lat' dir='ltr'><strong>amplius</strong></span> <span class='ocrx_word' id='word_1_579' title='bbox 2999 3231 3190 3284; x_wconf 71' lang='lat' dir='ltr'><strong>smcula</strong></span> <span class='ocrx_word' id='word_1_580' title='bbox 3217 3231 3396 3299; x_wconf 87' lang='lat' dir='ltr'><strong>prodi;</strong></span> 
     </span>
    </p>
   </div>
   <div class='ocr_carea' id='block_1_76' title="bbox 1819 3316 3396 3386">
    <p class='ocr_par' dir='ltr' id='par_1_76' title="bbox 1819 3316 3396 3386">
     <span class='ocr_line' id='line_1_76' title="bbox 1819 3316 3396 3386; baseline 0.004 -17"><span class='ocrx_word' id='word_1_581' title='bbox 1819 3316 1982 3384; x_wconf 91' lang='lat' dir='ltr'><strong>quod,</strong></span> <span class='ocrx_word' id='word_1_582' title='bbox 2011 3332 2223 3386; x_wconf 87' lang='lat' dir='ltr'><strong>nempe,</strong></span> <span class='ocrx_word' id='word_1_583' title='bbox 2255 3319 2480 3372; x_wconf 88' lang='lat' dir='ltr'><strong>Albinus</strong></span> <span class='ocrx_word' id='word_1_584' title='bbox 2506 3318 2791 3372; x_wconf 89' lang='lat' dir='ltr'><strong>diceretur.</strong></span> <span class='ocrx_word' id='word_1_585' title='bbox 2815 3319 2920 3373; x_wconf 90' lang='lat' dir='ltr'><strong>Sed</strong></span> <span class='ocrx_word' id='word_1_586' title='bbox 2951 3335 3047 3374; x_wconf 89' lang='lat' dir='ltr'><strong>nec</strong></span> <span class='ocrx_word' id='word_1_587' title='bbox 3072 3332 3215 3374; x_wconf 86' lang='lat' dir='ltr'><strong>recte</strong></span> <span class='ocrx_word' id='word_1_588' title='bbox 3231 3321 3396 3375; x_wconf 81' lang='lat' dir='ltr'><strong>asset-i</strong></span> 
     </span>
    </p>
   </div>
   <div class='ocr_carea' id='block_1_77' title="bbox 1819 3408 3397 3476">
    <p class='ocr_par' dir='ltr' id='par_1_77' title="bbox 1819 3408 3397 3476">
     <span class='ocr_line' id='line_1_77' title="bbox 1819 3408 3397 3476; baseline 0.002 -16"><span class='ocrx_word' id='word_1_589' title='bbox 1819 3416 1996 3476; x_wconf 86' lang='lat' dir='ltr'><strong>potest</strong></span> <span class='ocrx_word' id='word_1_590' title='bbox 2021 3408 2250 3461; x_wconf 85' lang='lat' dir='ltr'><strong>Albinus</strong></span> <span class='ocrx_word' id='word_1_591' title='bbox 2288 3424 2417 3461; x_wconf 88' lang='lat' dir='ltr'><strong>avus</strong></span> <span class='ocrx_word' id='word_1_592' title='bbox 2450 3409 2686 3471; x_wconf 86' lang='lat' dir='ltr'><strong>Piniani;</strong></span> <span class='ocrx_word' id='word_1_593' title='bbox 2722 3423 2842 3461; x_wconf 89' lang='lat' dir='ltr'><strong>nam</strong></span> <span class='ocrx_word' id='word_1_594' title='bbox 2873 3410 3010 3460; x_wconf 84' lang='lat' dir='ltr'><strong>circa</strong></span> <span class='ocrx_word' id='word_1_595' title='bbox 3037 3424 3232 3462; x_wconf 82' lang='lat' dir='ltr'><strong>annuat</strong></span> <span class='ocrx_word' id='word_1_596' title='bbox 3261 3411 3397 3473; x_wconf 77' lang='grc'><strong>400,</strong></span> 
     </span>
    </p>
   </div>
   <div class='ocr_carea' id='block_1_78' title="bbox 1822 3496 3397 3566">
    <p class='ocr_par' dir='ltr' id='par_1_78' title="bbox 1822 3496 3397 3566">
     <span class='ocr_line' id='line_1_78' title="bbox 1822 3496 3397 3566; baseline 0.001 -17"><span class='ocrx_word' id='word_1_597' title='bbox 1822 3506 1880 3549; x_wconf 89' lang='lat' dir='ltr'><strong>ut</strong></span> <span class='ocrx_word' id='word_1_598' title='bbox 1909 3497 2216 3559; x_wconf 87' lang='lat' dir='ltr'><strong>ostendam,</strong></span> <span class='ocrx_word' id='word_1_599' title='bbox 2246 3497 2498 3549; x_wconf 87' lang='lat' dir='ltr'><strong>Pinianus</strong></span> <span class='ocrx_word' id='word_1_600' title='bbox 2525 3507 2578 3550; x_wconf 90' lang='lat' dir='ltr'><strong>et</strong></span> <span class='ocrx_word' id='word_1_601' title='bbox 2607 3496 2830 3550; x_wconf 89' lang='lat' dir='ltr'><strong>Melania</strong></span> <span class='ocrx_word' id='word_1_602' title='bbox 2860 3498 3120 3552; x_wconf 83' lang='lat' dir='ltr'><strong>castitatis</strong></span> <span class='ocrx_word' id='word_1_603' title='bbox 3152 3501 3397 3566; x_wconf 85' lang='lat' dir='ltr'><strong>proposi-</strong></span> 
     </span>
    </p>
   </div>
   <div class='ocr_carea' id='block_1_79' title="bbox 1824 3589 3396 3654">
    <p class='ocr_par' dir='ltr' id='par_1_79' title="bbox 1824 3589 3396 3654">
     <span class='ocr_line' id='line_1_79' title="bbox 1824 3589 3396 3654; baseline 0.004 -16"><span class='ocrx_word' id='word_1_604' title='bbox 1824 3595 1934 3638; x_wconf 92' lang='lat' dir='ltr'><strong>tum</strong></span> <span class='ocrx_word' id='word_1_605' title='bbox 1987 3596 2385 3652; x_wconf 67' lang='lat' dir='ltr'><strong>SUSCBPCI‘IIDI,</strong></span> <span class='ocrx_word' id='word_1_606' title='bbox 2438 3601 2680 3652; x_wconf 86' lang='lat' dir='ltr'><strong>magnam</strong></span> <span class='ocrx_word' id='word_1_607' title='bbox 2739 3596 3079 3654; x_wconf 88' lang='lat' dir='ltr'><strong>paternorum</strong></span> <span class='ocrx_word' id='word_1_608' title='bbox 3136 3589 3396 3644; x_wconf 74' lang='lat' dir='ltr'><strong>bOIIOI‘DII</strong></span> 
     </span>
    </p>
   </div>
   <div class='ocr_carea' id='block_1_80' title="bbox 1823 3676 3395 3746">
    <p class='ocr_par' dir='ltr' id='par_1_80' title="bbox 1823 3676 3395 3746">
     <span class='ocr_line' id='line_1_80' title="bbox 1823 3676 3395 3746; baseline 0.003 -17"><span class='ocrx_word' id='word_1_609' title='bbox 1823 3685 2029 3746; x_wconf 89' lang='lat' dir='ltr'><strong>partem</strong></span> <span class='ocrx_word' id='word_1_610' title='bbox 2070 3676 2123 3730; x_wconf 92' lang='lat' dir='ltr'><strong>in</strong></span> <span class='ocrx_word' id='word_1_611' title='bbox 2164 3690 2426 3743; x_wconf 90' lang='lat' dir='ltr'><strong>pauperes</strong></span> <span class='ocrx_word' id='word_1_612' title='bbox 2470 3685 2772 3745; x_wconf 84' lang='lat' dir='ltr'><strong>erogautes.</strong></span> <span class='ocrx_word' id='word_1_613' title='bbox 2806 3677 2958 3741; x_wconf 86' lang='lat' dir='ltr'><strong>Quod</strong></span> <span class='ocrx_word' id='word_1_614' title='bbox 3001 3692 3120 3731; x_wconf 93' lang='lat' dir='ltr'><strong>cum</strong></span> <span class='ocrx_word' id='word_1_615' title='bbox 3162 3679 3395 3734; x_wconf 80' lang='lat' dir='ltr'><strong>Severus</strong></span> 
     </span>
    </p>
   </div>
   <div class='ocr_carea' id='block_1_81' title="bbox 1825 3757 3399 3838">
    <p class='ocr_par' dir='ltr' id='par_1_81' title="bbox 1825 3757 3399 3838">
     <span class='ocr_line' id='line_1_81' title="bbox 1825 3757 3399 3838; baseline 0.004 -19"><span class='ocrx_word' id='word_1_616' title='bbox 1825 3766 2031 3819; x_wconf 88' lang='lat' dir='ltr'><strong>Piniani</strong></span> <span class='ocrx_word' id='word_1_617' title='bbox 2067 3757 2234 3820; x_wconf 75' lang='lat' dir='ltr'><strong>frater</strong></span> <span class='ocrx_word' id='word_1_618' title='bbox 2265 3766 2646 3832; x_wconf 82' lang='lat' dir='ltr'><strong>intellexisset,</strong></span> <span class='ocrx_word' id='word_1_619' title='bbox 2679 3782 2741 3820; x_wconf 93' lang='lat' dir='ltr'><strong>ac</strong></span> <span class='ocrx_word' id='word_1_620' title='bbox 2771 3766 3189 3834; x_wconf 90' lang='lat' dir='ltr'><strong>locupletissimo</strong></span> <span class='ocrx_word' id='word_1_621' title='bbox 3234 3773 3399 3838; x_wconf 84' lang='lat' dir='ltr'><strong>patri-</strong></span> 
     </span>
    </p>
   </div>
   <div class='ocr_carea' id='block_1_82' title="bbox 1823 3856 3390 3928">
    <p class='ocr_par' dir='ltr' id='par_1_82' title="bbox 1823 3856 3390 3928">
     <span class='ocr_line' id='line_1_82' title="bbox 1823 3856 3390 3928; baseline 0.003 -18"><span class='ocrx_word' id='word_1_622' title='bbox 1823 3858 2005 3911; x_wconf 90' lang='lat' dir='ltr'><strong>monio</strong></span> <span class='ocrx_word' id='word_1_623' title='bbox 2052 3856 2302 3911; x_wconf 76' lang='lat' dir='ltr'><strong>familiam</strong></span> <span class='ocrx_word' id='word_1_624' title='bbox 2345 3856 2547 3910; x_wconf 86' lang='lat' dir='ltr'><strong>Piniani</strong></span> <span class='ocrx_word' id='word_1_625' title='bbox 2591 3858 2786 3926; x_wconf 87' lang='lat' dir='ltr'><strong>pietate</strong></span> <span class='ocrx_word' id='word_1_626' title='bbox 2833 3857 3098 3926; x_wconf 90' lang='lat' dir='ltr'><strong>privatam</strong></span> <span class='ocrx_word' id='word_1_627' title='bbox 3148 3860 3390 3928; x_wconf 87' lang='lat' dir='ltr'><strong>doleret,</strong></span> 
     </span>
    </p>
   </div>
   <div class='ocr_carea' id='block_1_83' title="bbox 1823 3948 3400 4018">
    <p class='ocr_par' dir='ltr' id='par_1_83' title="bbox 1823 3948 3400 4018">
     <span class='ocr_line' id='line_1_83' title="bbox 1823 3948 3400 4018; baseline 0.004 -18"><span class='ocrx_word' id='word_1_628' title='bbox 1823 3948 2004 4000; x_wconf 88' lang='lat' dir='ltr'><strong>insano</strong></span> <span class='ocrx_word' id='word_1_629' title='bbox 2044 3949 2287 4001; x_wconf 69' lang='lat' dir='ltr'><strong>daemonis</strong></span> <span class='ocrx_word' id='word_1_630' title='bbox 2317 3949 2580 4014; x_wconf 89' lang='lat' dir='ltr'><strong>instinctu,</strong></span> <span class='ocrx_word' id='word_1_631' title='bbox 2614 3949 2786 4018; x_wconf 89' lang='lat' dir='ltr'><strong>inquit</strong></span> <span class='ocrx_word' id='word_1_632' title='bbox 2812 3959 2998 4002; x_wconf 88' lang='lat' dir='ltr'><strong>auctor</strong></span> <span class='ocrx_word' id='word_1_633' title='bbox 3027 3949 3148 4005; x_wconf 81' lang='lat' dir='ltr'><strong>vita:</strong></span> <span class='ocrx_word' id='word_1_634' title='bbox 3197 3951 3254 4007; x_wconf 93' lang='lat' dir='ltr'><strong>S.</strong></span> <span class='ocrx_word' id='word_1_635' title='bbox 3289 3953 3400 4006; x_wconf 91' lang='lat' dir='ltr'><strong>Me-</strong></span> 
     </span>
    </p>
   </div>
   <div class='ocr_carea' id='block_1_84' title="bbox 1826 4040 3400 4114">
    <p class='ocr_par' dir='ltr' id='par_1_84' title="bbox 1826 4040 3400 4114">
     <span class='ocr_line' id='line_1_84' title="bbox 1826 4040 3400 4114; baseline 0.003 -21"><span class='ocrx_word' id='word_1_636' title='bbox 1826 4040 2008 4107; x_wconf 67' lang='lat' dir='ltr'><strong>laniae,</strong></span> <span class='ocrx_word' id='word_1_637' title='bbox 2037 4042 2340 4110; x_wconf 86' lang='lat' dir='ltr'><strong>inspiratus,</strong></span> <span class='ocrx_word' id='word_1_638' title='bbox 2383 4057 2648 4112; x_wconf 81' lang='lat' dir='ltr'><strong>aggressus</strong></span> <span class='ocrx_word' id='word_1_639' title='bbox 2676 4051 2748 4094; x_wconf 90' lang='lat' dir='ltr'><strong>est</strong></span> <span class='ocrx_word' id='word_1_640' title='bbox 2789 4041 3004 4108; x_wconf 76' lang='lat' dir='ltr'><strong>fratrem</strong></span> <span class='ocrx_word' id='word_1_641' title='bbox 3034 4043 3267 4096; x_wconf 86' lang='lat' dir='ltr'><strong>molestia</strong></span> <span class='ocrx_word' id='word_1_642' title='bbox 3292 4046 3400 4114; x_wconf 61' lang='lat' dir='ltr'><strong>agi-</strong></span> 
     </span>
    </p>
   </div>
   <div class='ocr_carea' id='block_1_85' title="bbox 1826 4131 3402 4200">
    <p class='ocr_par' dir='ltr' id='par_1_85' title="bbox 1826 4131 3402 4200">
     <span class='ocr_line' id='line_1_85' title="bbox 1826 4131 3402 4200; baseline 0.003 -17"><span class='ocrx_word' id='word_1_643' title='bbox 1826 4146 1959 4194; x_wconf 90' lang='lat' dir='ltr'><strong>cere,</strong></span> <span class='ocrx_word' id='word_1_644' title='bbox 1989 4146 2138 4200; x_wconf 87' lang='lat' dir='ltr'><strong>agros</strong></span> <span class='ocrx_word' id='word_1_645' title='bbox 2160 4131 2401 4195; x_wconf 87' lang='lat' dir='ltr'><strong>avellens,</strong></span> <span class='ocrx_word' id='word_1_646' title='bbox 2445 4132 2641 4200; x_wconf 79' lang='lat' dir='ltr'><strong>[ructus</strong></span> <span class='ocrx_word' id='word_1_647' title='bbox 2670 4131 2953 4200; x_wconf 85' lang='lat' dir='ltr'><strong>abripiens,</strong></span> <span class='ocrx_word' id='word_1_648' title='bbox 2986 4133 3216 4186; x_wconf 90' lang='lat' dir='ltr'><strong>omnibus</strong></span> <span class='ocrx_word' id='word_1_649' title='bbox 3239 4137 3402 4188; x_wconf 89' lang='lat' dir='ltr'><strong>modis</strong></span> 
     </span>
    </p>
   </div>
   <div class='ocr_carea' id='block_1_86' title="bbox 1825 4221 3401 4292">
    <p class='ocr_par' dir='ltr' id='par_1_86' title="bbox 1825 4221 3401 4292">
     <span class='ocr_line' id='line_1_86' title="bbox 1825 4221 3401 4292; baseline 0.004 -19"><span class='ocrx_word' id='word_1_650' title='bbox 1825 4223 2110 4283; x_wconf 69' lang='lat' dir='ltr'><strong>insultans,</strong></span> <span class='ocrx_word' id='word_1_651' title='bbox 2152 4231 2198 4273; x_wconf 88' lang='lat' dir='ltr'><strong>et</strong></span> <span class='ocrx_word' id='word_1_652' title='bbox 2235 4223 2334 4274; x_wconf 82' lang='lat' dir='ltr'><strong>vim</strong></span> <span class='ocrx_word' id='word_1_653' title='bbox 2355 4221 2594 4287; x_wconf 68' lang='lat' dir='ltr'><strong>a/ferens.</strong></span> <span class='ocrx_word' id='word_1_654' title='bbox 2633 4221 2776 4276; x_wconf 87' lang='lat' dir='ltr'><strong>Idem</strong></span> <span class='ocrx_word' id='word_1_655' title='bbox 2808 4223 3148 4292; x_wconf 89' lang='lat' dir='ltr'><strong>neqttissimis</strong></span> <span class='ocrx_word' id='word_1_656' title='bbox 3193 4226 3401 4280; x_wconf 79' lang='lat' dir='ltr'><strong>I’iniatti</strong></span> 
     </span>
    </p>
   </div>
   <div class='ocr_carea' id='block_1_87' title="bbox 1828 4313 3401 4382">
    <p class='ocr_par' dir='ltr' id='par_1_87' title="bbox 1828 4313 3401 4382">
     <span class='ocr_line' id='line_1_87' title="bbox 1828 4313 3401 4382; baseline 0.002 -18"><span class='ocrx_word' id='word_1_657' title='bbox 1828 4314 1982 4364; x_wconf 87' lang='lat' dir='ltr'><strong>servis</strong></span> <span class='ocrx_word' id='word_1_658' title='bbox 2003 4313 2285 4380; x_wconf 88' lang='lat' dir='ltr'><strong>persuasit,</strong></span> <span class='ocrx_word' id='word_1_659' title='bbox 2319 4321 2372 4364; x_wconf 91' lang='lat' dir='ltr'><strong>ut</strong></span> <span class='ocrx_word' id='word_1_660' title='bbox 2410 4329 2508 4364; x_wconf 89' lang='lat' dir='ltr'><strong>non</strong></span> <span class='ocrx_word' id='word_1_661' title='bbox 2539 4313 2702 4365; x_wconf 88' lang='lat' dir='ltr'><strong>solum</strong></span> <span class='ocrx_word' id='word_1_662' title='bbox 2729 4314 2950 4380; x_wconf 82' lang='lat' dir='ltr'><strong>seipsos,</strong></span> <span class='ocrx_word' id='word_1_663' title='bbox 2979 4315 3069 4367; x_wconf 90' lang='lat' dir='ltr'><strong>sed</strong></span> <span class='ocrx_word' id='word_1_664' title='bbox 3095 4331 3180 4366; x_wconf 88' lang='lat' dir='ltr'><strong>eos</strong></span> <span class='ocrx_word' id='word_1_665' title='bbox 3210 4332 3401 4382; x_wconf 86' lang='lat' dir='ltr'><strong>quoque</strong></span> 
     </span>
    </p>
   </div>
   <div class='ocr_carea' id='block_1_88' title="bbox 1828 4403 3400 4470">
    <p class='ocr_par' dir='ltr' id='par_1_88' title="bbox 1828 4403 3400 4470">
     <span class='ocr_line' id='line_1_88' title="bbox 1828 4403 3400 4470; baseline 0.003 -18"><span class='ocrx_word' id='word_1_666' title='bbox 1828 4418 1978 4470; x_wconf 90' lang='lat' dir='ltr'><strong>agros</strong></span> <span class='ocrx_word' id='word_1_667' title='bbox 2001 4403 2052 4454; x_wconf 90' lang='lat' dir='ltr'><strong>in</strong></span> <span class='ocrx_word' id='word_1_668' title='bbox 2075 4403 2253 4470; x_wconf 87' lang='lat' dir='ltr'><strong>quibus</strong></span> <span class='ocrx_word' id='word_1_669' title='bbox 2271 4403 2580 4468; x_wconf 84' lang='lat' dir='ltr'><strong>habitabant,</strong></span> <span class='ocrx_word' id='word_1_670' title='bbox 2611 4403 2784 4458; x_wconf 86' lang='lat' dir='ltr'><strong>Severi</strong></span> <span class='ocrx_word' id='word_1_671' title='bbox 2820 4421 2924 4457; x_wconf 89' lang='lat' dir='ltr'><strong>esse</strong></span> <span class='ocrx_word' id='word_1_672' title='bbox 2945 4405 3197 4468; x_wconf 86' lang='lat' dir='ltr'><strong>dicerent,</strong></span> <span class='ocrx_word' id='word_1_673' title='bbox 3237 4414 3284 4456; x_wconf 91' lang='lat' dir='ltr'><strong>et</strong></span> <span class='ocrx_word' id='word_1_674' title='bbox 3314 4420 3400 4456; x_wconf 87' lang='lat' dir='ltr'><strong>eos</strong></span> 
     </span>
    </p>
   </div>
   <div class='ocr_carea' id='block_1_89' title="bbox 180 4474 3399 4565">
    <p class='ocr_par' dir='ltr' id='par_1_89' title="bbox 180 4474 3399 4565">
     <span class='ocr_line' id='line_1_89' title="bbox 180 4474 3399 4565; baseline 0.002 -28"><span class='ocrx_word' id='word_1_675' title='bbox 180 4489 267 4540; x_wconf 74' lang='lat' dir='ltr'><strong>vult</strong></span> <span class='ocrx_word' id='word_1_676' title='bbox 299 4493 546 4548; x_wconf 82' lang='lat' dir='ltr'><strong>Baronius</strong></span> <span class='ocrx_word' id='word_1_677' title='bbox 567 4535 581 4558; x_wconf 90' lang='lat'><strong>,</strong></span> <span class='ocrx_word' id='word_1_678' title='bbox 613 4503 668 4547; x_wconf 88' lang='lat' dir='ltr'><strong>ut</strong></span> <span class='ocrx_word' id='word_1_679' title='bbox 699 4496 762 4547; x_wconf 89' lang='lat' dir='ltr'><strong>sit</strong></span> <span class='ocrx_word' id='word_1_680' title='bbox 797 4494 982 4548; x_wconf 81' lang='lat' dir='ltr'><strong>Albina</strong></span> <span class='ocrx_word' id='word_1_681' title='bbox 1011 4511 1205 4558; x_wconf 88' lang='lat' dir='ltr'><strong>socrus,</strong></span> <span class='ocrx_word' id='word_1_682' title='bbox 1237 4505 1322 4547; x_wconf 89' lang='lat' dir='ltr'><strong>aut</strong></span> <span class='ocrx_word' id='word_1_683' title='bbox 1351 4497 1553 4550; x_wconf 88' lang='lat' dir='ltr'><strong>retineri</strong></span> <span class='ocrx_word' id='word_1_684' title='bbox 1581 4498 1727 4550; x_wconf 88' lang='lat' dir='ltr'><strong>Alhi-</strong></span> <span class='ocrx_word' id='word_1_685' title='bbox 1757 4474 1806 4532; x_wconf 69' lang='grc' dir='ltr'><strong>Β</strong></span> <span class='ocrx_word' id='word_1_686' title='bbox 1830 4498 1941 4565; x_wconf 83' lang='lat' dir='ltr'><strong>ejus</strong></span> <span class='ocrx_word' id='word_1_687' title='bbox 1969 4497 2307 4550; x_wconf 86' lang='lat' dir='ltr'><strong>nominarent.</strong></span> <span class='ocrx_word' id='word_1_688' title='bbox 2351 4495 2425 4547; x_wconf 84' lang='lat' dir='ltr'><strong>Ex</strong></span> <span class='ocrx_word' id='word_1_689' title='bbox 2456 4495 2648 4562; x_wconf 86' lang='lat' dir='ltr'><strong>quibus</strong></span> <span class='ocrx_word' id='word_1_690' title='bbox 2679 4502 2821 4560; x_wconf 82' lang='lat' dir='ltr'><strong>patet</strong></span> <span class='ocrx_word' id='word_1_691' title='bbox 2853 4509 2958 4547; x_wconf 90' lang='lat' dir='ltr'><strong>non</strong></span> <span class='ocrx_word' id='word_1_692' title='bbox 3000 4493 3158 4546; x_wconf 84' lang='lat' dir='ltr'><strong>modo</strong></span> <span class='ocrx_word' id='word_1_693' title='bbox 3207 4507 3358 4545; x_wconf 88' lang='lat' dir='ltr'><strong>avum</strong></span> <span class='ocrx_word' id='word_1_694' title='bbox 3384 4533 3399 4557; x_wconf 97' lang='lat'><strong>,</strong></span> 
     </span>
    </p>
   </div>
   <div class='ocr_carea' id='block_1_90' title="bbox 185 4585 1728 4652">
    <p class='ocr_par' dir='ltr' id='par_1_90' title="bbox 185 4585 1728 4652">
     <span class='ocr_line' id='line_1_90' title="bbox 185 4585 1728 4652; baseline 0.003 -18"><span class='ocrx_word' id='word_1_695' title='bbox 185 4593 291 4634; x_wconf 86' lang='lat' dir='ltr'><strong>num</strong></span> <span class='ocrx_word' id='word_1_696' title='bbox 314 4602 399 4652; x_wconf 89' lang='lat' dir='ltr'><strong>pro</strong></span> <span class='ocrx_word' id='word_1_697' title='bbox 425 4603 599 4640; x_wconf 88' lang='lat' dir='ltr'><strong>socero</strong></span> <span class='ocrx_word' id='word_1_698' title='bbox 622 4595 705 4638; x_wconf 84' lang='lat' dir='ltr'><strong>aut</strong></span> <span class='ocrx_word' id='word_1_699' title='bbox 726 4601 819 4638; x_wconf 87' lang='lat' dir='ltr'><strong>avo</strong></span> <span class='ocrx_word' id='word_1_700' title='bbox 836 4587 984 4638; x_wconf 89' lang='lat' dir='ltr'><strong>unius</strong></span> <span class='ocrx_word' id='word_1_701' title='bbox 1005 4585 1225 4640; x_wconf 85' lang='lat' dir='ltr'><strong>duorum</strong></span> <span class='ocrx_word' id='word_1_702' title='bbox 1247 4585 1455 4640; x_wconf 88' lang='lat' dir='ltr'><strong>Piniani</strong></span> <span class='ocrx_word' id='word_1_703' title='bbox 1485 4597 1531 4641; x_wconf 86' lang='lat' dir='ltr'><strong>et</strong></span> <span class='ocrx_word' id='word_1_704' title='bbox 1563 4587 1728 4642; x_wconf 73' lang='lat' dir='ltr'><strong>Mela-</strong></span> 
     </span>
    </p>
   </div>
   <div class='ocr_carea' id='block_1_91' title="bbox 185 4671 981 4744">
    <p class='ocr_par' dir='ltr' id='par_1_91' title="bbox 185 4671 981 4744">
     <span class='ocr_line' id='line_1_91' title="bbox 185 4671 981 4744; baseline 0.014 -26"><span class='ocrx_word' id='word_1_705' title='bbox 185 4671 268 4721; x_wconf 85' lang='lat' dir='ltr'><strong>nia:</strong></span> <span class='ocrx_word' id='word_1_706' title='bbox 291 4689 307 4725; x_wconf 90' lang='lat'><strong><em>:</em></strong></span> <span class='ocrx_word' id='word_1_707' title='bbox 335 4685 376 4726; x_wconf 90' lang='lat' dir='ltr'><strong>et</strong></span> <span class='ocrx_word' id='word_1_708' title='bbox 402 4675 494 4728; x_wconf 82' lang='lat' dir='ltr'><strong>hoc</strong></span> <span class='ocrx_word' id='word_1_709' title='bbox 521 4677 777 4729; x_wconf 89' lang='lat' dir='ltr'><strong>arridebat</strong></span> <span class='ocrx_word' id='word_1_710' title='bbox 801 4677 981 4744; x_wconf 88' lang='lat' dir='ltr'><strong>magis.</strong></span> 
     </span>
    </p>
   </div>
   <div class='ocr_carea' id='block_1_92' title="bbox 250 4761 1728 4834">
    <p class='ocr_par' dir='ltr' id='par_1_92' title="bbox 250 4761 1728 4834">
     <span class='ocr_line' id='line_1_92' title="bbox 250 4761 1728 4834; baseline 0.003 -20"><span class='ocrx_word' id='word_1_711' title='bbox 250 4761 297 4814; x_wconf 93' lang='lat' dir='ltr'><strong>Id</strong></span> <span class='ocrx_word' id='word_1_712' title='bbox 343 4776 666 4832; x_wconf 88' lang='lat' dir='ltr'><strong>postremum</strong></span> <span class='ocrx_word' id='word_1_713' title='bbox 690 4807 703 4830; x_wconf 94' lang='lat'><strong>,</strong></span> <span class='ocrx_word' id='word_1_714' title='bbox 749 4765 888 4834; x_wconf 90' lang='lat' dir='ltr'><strong>quod</strong></span> <span class='ocrx_word' id='word_1_715' title='bbox 918 4766 1196 4820; x_wconf 90' lang='lat' dir='ltr'><strong>ridiculum</strong></span> <span class='ocrx_word' id='word_1_716' title='bbox 1229 4775 1371 4820; x_wconf 88' lang='lat' dir='ltr'><strong>esset</strong></span> <span class='ocrx_word' id='word_1_717' title='bbox 1399 4807 1414 4831; x_wconf 92' lang='lat'><strong>,</strong></span> <span class='ocrx_word' id='word_1_718' title='bbox 1459 4766 1728 4820; x_wconf 83' lang='lat' dir='ltr'><strong>arridebat</strong></span> 
     </span>
    </p>
   </div>
   <div class='ocr_carea' id='block_1_93' title="bbox 190 4856 1729 4928">
    <p class='ocr_par' dir='ltr' id='par_1_93' title="bbox 190 4856 1729 4928">
     <span class='ocr_line' id='line_1_93' title="bbox 190 4856 1729 4928; baseline 0.005 -24"><span class='ocrx_word' id='word_1_719' title='bbox 190 4856 354 4922; x_wconf 84' lang='lat' dir='ltr'><strong>magis.</strong></span> <span class='ocrx_word' id='word_1_720' title='bbox 389 4858 494 4915; x_wconf 89' lang='lat' dir='ltr'><strong>lloc</strong></span> <span class='ocrx_word' id='word_1_721' title='bbox 521 4868 581 4914; x_wconf 92' lang='lat' dir='ltr'><strong>ut</strong></span> <span class='ocrx_word' id='word_1_722' title='bbox 602 4858 796 4913; x_wconf 88' lang='lat' dir='ltr'><strong>clarius</strong></span> <span class='ocrx_word' id='word_1_723' title='bbox 829 4858 1119 4928; x_wconf 86' lang='lat' dir='ltr'><strong>intelligas,</strong></span> <span class='ocrx_word' id='word_1_724' title='bbox 1145 4869 1195 4913; x_wconf 90' lang='lat' dir='ltr'><strong>et</strong></span> <span class='ocrx_word' id='word_1_725' title='bbox 1221 4868 1334 4912; x_wconf 87' lang='lat' dir='ltr'><strong>tuas</strong></span> <span class='ocrx_word' id='word_1_726' title='bbox 1363 4859 1520 4912; x_wconf 88' lang='lat' dir='ltr'><strong>hasce</strong></span> <span class='ocrx_word' id='word_1_727' title='bbox 1562 4859 1729 4927; x_wconf 56' lang='lat' dir='ltr'><strong>phan-</strong></span> 
     </span>
    </p>
   </div>
   <div class='ocr_carea' id='block_1_94' title="bbox 191 4945 1730 5018">
    <p class='ocr_par' dir='ltr' id='par_1_94' title="bbox 191 4945 1730 5018">
     <span class='ocr_line' id='line_1_94' title="bbox 191 4945 1730 5018; baseline 0.007 -27"><span class='ocrx_word' id='word_1_728' title='bbox 191 4945 329 4999; x_wconf 84' lang='lat' dir='ltr'><strong>lasias</strong></span> <span class='ocrx_word' id='word_1_729' title='bbox 373 4963 455 5002; x_wconf 92' lang='lat' dir='ltr'><strong>me</strong></span> <span class='ocrx_word' id='word_1_730' title='bbox 485 4950 742 5018; x_wconf 74' lang='lat' dir='ltr'><strong>magistro</strong></span> <span class='ocrx_word' id='word_1_731' title='bbox 791 4962 994 5014; x_wconf 87' lang='lat' dir='ltr'><strong>exuas,</strong></span> <span class='ocrx_word' id='word_1_732' title='bbox 1045 4951 1178 5002; x_wconf 84' lang='lat' dir='ltr'><strong>scito</strong></span> <span class='ocrx_word' id='word_1_733' title='bbox 1225 4948 1463 5000; x_wconf 77' lang='lat' dir='ltr'><strong>Melania:</strong></span> <span class='ocrx_word' id='word_1_734' title='bbox 1501 4949 1730 5002; x_wconf 85' lang='lat' dir='ltr'><strong>senioris</strong></span> 
     </span>
    </p>
   </div>
   <div class='ocr_carea' id='block_1_95' title="bbox 193 5031 1727 5107">
    <p class='ocr_par' dir='ltr' id='par_1_95' title="bbox 193 5031 1727 5107">
     <span class='ocr_line' id='line_1_95' title="bbox 193 5031 1727 5107; baseline 0.008 -25"><span class='ocrx_word' id='word_1_735' title='bbox 193 5031 336 5088; x_wconf 89' lang='lat' dir='ltr'><strong>tilium</strong></span> <span class='ocrx_word' id='word_1_736' title='bbox 377 5039 616 5093; x_wconf 86' lang='lat' dir='ltr'><strong>Albinam</strong></span> <span class='ocrx_word' id='word_1_737' title='bbox 649 5040 1037 5094; x_wconf 83' lang='lat' dir='ltr'><strong>nobilissimam</strong></span> <span class='ocrx_word' id='word_1_738' title='bbox 1073 5037 1319 5093; x_wconf 80' lang='lat' dir='ltr'><strong>feminam</strong></span> <span class='ocrx_word' id='word_1_739' title='bbox 1353 5039 1727 5107; x_wconf 81' lang='lat' dir='ltr'><strong>chponsasse,</strong></span> 
     </span>
    </p>
   </div>
   <div class='ocr_carea' id='block_1_96' title="bbox 193 5130 1732 5200">
    <p class='ocr_par' dir='ltr' id='par_1_96' title="bbox 193 5130 1732 5200">
     <span class='ocr_line' id='line_1_96' title="bbox 193 5130 1732 5200; baseline 0.002 -21"><span class='ocrx_word' id='word_1_740' title='bbox 193 5138 246 5176; x_wconf 81' lang='lat' dir='ltr'><strong>ex</strong></span> <span class='ocrx_word' id='word_1_741' title='bbox 274 5142 365 5195; x_wconf 90' lang='lat' dir='ltr'><strong>qua</strong></span> <span class='ocrx_word' id='word_1_742' title='bbox 396 5131 670 5185; x_wconf 84' lang='lat' dir='ltr'><strong>Mclaniam</strong></span> <span class='ocrx_word' id='word_1_743' title='bbox 699 5131 965 5198; x_wconf 86' lang='lat' dir='ltr'><strong>juninrcm</strong></span> <span class='ocrx_word' id='word_1_744' title='bbox 999 5131 1201 5184; x_wconf 81' lang='lat' dir='ltr'><strong>Piniatti</strong></span> <span class='ocrx_word' id='word_1_745' title='bbox 1240 5140 1422 5200; x_wconf 80' lang='lat' dir='ltr'><strong>postea</strong></span> <span class='ocrx_word' id='word_1_746' title='bbox 1452 5130 1732 5198; x_wconf 87' lang='lat' dir='ltr'><strong>conjugem</strong></span> 
     </span>
    </p>
   </div>
   <div class='ocr_carea' id='block_1_97' title="bbox 195 5220 1732 5282">
    <p class='ocr_par' dir='ltr' id='par_1_97' title="bbox 195 5220 1732 5282">
     <span class='ocr_line' id='line_1_97' title="bbox 195 5220 1732 5282; baseline 0.007 -20"><span class='ocrx_word' id='word_1_747' title='bbox 195 5220 423 5282; x_wconf 69' lang='lat' dir='ltr'><strong>suscepit.</strong></span> <span class='ocrx_word' id='word_1_748' title='bbox 454 5222 573 5275; x_wconf 75' lang='lat' dir='ltr'><strong>IItnc</strong></span> <span class='ocrx_word' id='word_1_749' title='bbox 598 5223 755 5276; x_wconf 89' lang='lat' dir='ltr'><strong>tradit</strong></span> <span class='ocrx_word' id='word_1_750' title='bbox 787 5222 1047 5275; x_wconf 86' lang='lat' dir='ltr'><strong>Palladius</strong></span> <span class='ocrx_word' id='word_1_751' title='bbox 1079 5223 1316 5276; x_wconf 73' lang='lat' dir='ltr'><strong>Melania:</strong></span> <span class='ocrx_word' id='word_1_752' title='bbox 1344 5220 1567 5275; x_wconf 87' lang='lat' dir='ltr'><strong>senioris</strong></span> <span class='ocrx_word' id='word_1_753' title='bbox 1597 5221 1732 5272; x_wconf 91' lang='lat' dir='ltr'><strong>ami-</strong></span> 
     </span>
    </p>
   </div>
   <div class='ocr_carea' id='block_1_98' title="bbox 195 5311 1731 5379">
    <p class='ocr_par' dir='ltr' id='par_1_98' title="bbox 195 5311 1731 5379">
     <span class='ocr_line' id='line_1_98' title="bbox 195 5311 1731 5379; baseline 0.008 -29"><span class='ocrx_word' id='word_1_754' title='bbox 195 5314 274 5353; x_wconf 89' lang='lat' dir='ltr'><strong>cus</strong></span> <span class='ocrx_word' id='word_1_755' title='bbox 297 5321 355 5360; x_wconf 87' lang='lat' dir='ltr'><strong>ex</strong></span> <span class='ocrx_word' id='word_1_756' title='bbox 395 5325 509 5379; x_wconf 90' lang='lat' dir='ltr'><strong>cap.</strong></span> <span class='ocrx_word' id='word_1_757' title='bbox 546 5311 610 5366; x_wconf 88' lang='grc'><strong>10</strong></span> <span class='ocrx_word' id='word_1_758' title='bbox 641 5312 931 5374; x_wconf 71' lang='lat' dir='ltr'><strong>Lausiacre,</strong></span> <span class='ocrx_word' id='word_1_759' title='bbox 965 5323 1018 5366; x_wconf 86' lang='lat' dir='ltr'><strong>et</strong></span> <span class='ocrx_word' id='word_1_760' title='bbox 1039 5312 1274 5366; x_wconf 78' lang='lat' dir='ltr'><strong>Melania:</strong></span> <span class='ocrx_word' id='word_1_761' title='bbox 1295 5352 1311 5374; x_wconf 83' lang='lat'><strong>,</strong></span> <span class='ocrx_word' id='word_1_762' title='bbox 1359 5326 1420 5365; x_wconf 92' lang='lat' dir='ltr'><strong>ac</strong></span> <span class='ocrx_word' id='word_1_763' title='bbox 1448 5312 1651 5365; x_wconf 88' lang='lat' dir='ltr'><strong>Piniani</strong></span> <span class='ocrx_word' id='word_1_764' title='bbox 1682 5313 1731 5364; x_wconf 88' lang='lat' dir='ltr'><strong>in</strong></span> 
     </span>
    </p>
   </div>
   <div class='ocr_carea' id='block_1_99' title="bbox 199 5388 1732 5473">
    <p class='ocr_par' dir='ltr' id='par_1_99' title="bbox 199 5388 1732 5473">
     <span class='ocr_line' id='line_1_99' title="bbox 199 5388 1732 5473; baseline 0.01 -33"><span class='ocrx_word' id='word_1_765' title='bbox 199 5388 327 5448; x_wconf 87' lang='lat' dir='ltr'><strong>Italia</strong></span> <span class='ocrx_word' id='word_1_766' title='bbox 349 5399 564 5468; x_wconf 88' lang='lat' dir='ltr'><strong>hospes,</strong></span> <span class='ocrx_word' id='word_1_767' title='bbox 593 5418 710 5456; x_wconf 94' lang='lat' dir='ltr'><strong>eum</strong></span> <span class='ocrx_word' id='word_1_768' title='bbox 756 5404 806 5456; x_wconf 92' lang='lat' dir='ltr'><strong>in</strong></span> <span class='ocrx_word' id='word_1_769' title='bbox 838 5417 995 5458; x_wconf 87' lang='lat' dir='ltr'><strong>causa</strong></span> <span class='ocrx_word' id='word_1_770' title='bbox 1025 5404 1081 5457; x_wconf 89' lang='lat' dir='ltr'><strong>S.</strong></span> <span class='ocrx_word' id='word_1_771' title='bbox 1113 5402 1330 5456; x_wconf 83' lang='lat' dir='ltr'><strong>Joannis</strong></span> <span class='ocrx_word' id='word_1_772' title='bbox 1364 5401 1732 5473; x_wconf 77' lang='lat' dir='ltr'><strong>ChrySOstomi</strong></span> 
     </span>
    </p>
   </div>
   <div class='ocr_carea' id='block_1_100' title="bbox 200 5479 1734 5564">
    <p class='ocr_par' dir='ltr' id='par_1_100' title="bbox 200 5479 1734 5564">
     <span class='ocr_line' id='line_1_100' title="bbox 200 5479 1734 5564; baseline 0.007 -28"><span class='ocrx_word' id='word_1_773' title='bbox 200 5479 378 5549; x_wconf 75' lang='lat' dir='ltr'><strong>legatus</strong></span> <span class='ocrx_word' id='word_1_774' title='bbox 397 5490 610 5547; x_wconf 79' lang='lat' dir='ltr'><strong>Romam</strong></span> <span class='ocrx_word' id='word_1_775' title='bbox 641 5496 801 5561; x_wconf 84' lang='lat' dir='ltr'><strong>venit,</strong></span> <span class='ocrx_word' id='word_1_776' title='bbox 827 5506 882 5548; x_wconf 94' lang='lat' dir='ltr'><strong>ut</strong></span> <span class='ocrx_word' id='word_1_777' title='bbox 907 5495 1043 5548; x_wconf 82' lang='lat' dir='ltr'><strong>idem</strong></span> <span class='ocrx_word' id='word_1_778' title='bbox 1069 5503 1287 5548; x_wconf 85' lang='lat' dir='ltr'><strong>testatur</strong></span> <span class='ocrx_word' id='word_1_779' title='bbox 1304 5509 1419 5564; x_wconf 89' lang='lat' dir='ltr'><strong>cap.</strong></span> <span class='ocrx_word' id='word_1_780' title='bbox 1458 5493 1578 5548; x_wconf 66' lang='grc'><strong>1⁸21.</strong></span> <span class='ocrx_word' id='word_1_781' title='bbox 1610 5493 1734 5546; x_wconf 79' lang='lat' dir='ltr'><strong>IIth</strong></span> 
     </span>
    </p>
   </div>
   <div class='ocr_carea' id='block_1_101' title="bbox 201 5568 1731 5654">
    <p class='ocr_par' dir='ltr' id='par_1_101' title="bbox 201 5568 1731 5654">
     <span class='ocr_line' id='line_1_101' title="bbox 201 5568 1731 5654; baseline 0.005 -27"><span class='ocrx_word' id='word_1_782' title='bbox 201 5568 407 5640; x_wconf 72' lang='lat' dir='ltr'><strong>loquitur</strong></span> <span class='ocrx_word' id='word_1_783' title='bbox 454 5581 690 5640; x_wconf 80' lang='lat' dir='ltr'><strong>laudatus</strong></span> <span class='ocrx_word' id='word_1_784' title='bbox 729 5586 956 5654; x_wconf 86' lang='lat' dir='ltr'><strong>scriptor</strong></span> <span class='ocrx_word' id='word_1_785' title='bbox 997 5599 1115 5654; x_wconf 87' lang='lat' dir='ltr'><strong>cap.</strong></span> <span class='ocrx_word' id='word_1_786' title='bbox 1163 5585 1262 5640; x_wconf 81' lang='grc'><strong>118</strong></span> <span class='ocrx_word' id='word_1_787' title='bbox 1320 5601 1331 5634; x_wconf 93' lang='lat'><strong>:</strong></span> <span class='ocrx_word' id='word_1_788' title='bbox 1385 5585 1512 5638; x_wconf 88' lang='lat' dir='ltr'><strong>Cum</strong></span> <span class='ocrx_word' id='word_1_789' title='bbox 1563 5592 1731 5637; x_wconf 87' lang='lat' dir='ltr'><strong>autent</strong></span> 
     </span>
    </p>
   </div>
   <div class='ocr_carea' id='block_1_102' title="bbox 204 5658 1728 5747">
    <p class='ocr_par' dir='ltr' id='par_1_102' title="bbox 204 5658 1728 5747">
     <span class='ocr_line' id='line_1_102' title="bbox 204 5658 1728 5747; baseline 0.01 -33"><span class='ocrx_word' id='word_1_790' title='bbox 204 5658 404 5725; x_wconf 75' lang='lat' dir='ltr'><strong>Melania</strong></span> <span class='ocrx_word' id='word_1_791' title='bbox 444 5673 617 5731; x_wconf 87' lang='lat' dir='ltr'><strong>senior</strong></span> <span class='ocrx_word' id='word_1_792' title='bbox 659 5693 799 5731; x_wconf 88' lang='lat' dir='ltr'><strong>suam</strong></span> <span class='ocrx_word' id='word_1_793' title='bbox 829 5694 1025 5734; x_wconf 84' lang='lat' dir='ltr'><strong>auoaue</strong></span> <span class='ocrx_word' id='word_1_794' title='bbox 1067 5687 1261 5747; x_wconf 84' lang='lat' dir='ltr'><strong>neptem</strong></span> <span class='ocrx_word' id='word_1_795' title='bbox 1310 5677 1589 5731; x_wconf 85' lang='lat' dir='ltr'><strong>Melanium</strong></span> <span class='ocrx_word' id='word_1_796' title='bbox 1635 5677 1728 5741; x_wconf 91' lang='lat' dir='ltr'><strong>(ita</strong></span> 
     </span>
    </p>
   </div>
   <div class='ocr_carea' id='block_1_103' title="bbox 1831 4582 3398 4654">
    <p class='ocr_par' dir='ltr' id='par_1_103' title="bbox 1831 4582 3398 4654">
     <span class='ocr_line' id='line_1_103' title="bbox 1831 4582 3398 4654; baseline -0.002 -16"><span class='ocrx_word' id='word_1_797' title='bbox 1831 4603 2012 4638; x_wconf 69' lang='lat' dir='ltr'><strong>Verum</strong></span> <span class='ocrx_word' id='word_1_798' title='bbox 2037 4587 2191 4638; x_wconf 87' lang='lat' dir='ltr'><strong>etiam</strong></span> <span class='ocrx_word' id='word_1_799' title='bbox 2221 4597 2423 4654; x_wconf 86' lang='lat' dir='ltr'><strong>patrem</strong></span> <span class='ocrx_word' id='word_1_800' title='bbox 2461 4586 2662 4639; x_wconf 87' lang='lat' dir='ltr'><strong>Piniani</strong></span> <span class='ocrx_word' id='word_1_801' title='bbox 2691 4586 2743 4638; x_wconf 91' lang='lat' dir='ltr'><strong>id</strong></span> <span class='ocrx_word' id='word_1_802' title='bbox 2773 4584 3026 4652; x_wconf 90' lang='lat' dir='ltr'><strong>temporis</strong></span> <span class='ocrx_word' id='word_1_803' title='bbox 3055 4598 3156 4634; x_wconf 89' lang='lat' dir='ltr'><strong>non</strong></span> <span class='ocrx_word' id='word_1_804' title='bbox 3182 4582 3398 4643; x_wconf 81' lang='lat' dir='ltr'><strong>vixisse,</strong></span> 
     </span>
    </p>
   </div>
   <div class='ocr_carea' id='block_1_104' title="bbox 1830 4667 3403 4740">
    <p class='ocr_par' dir='ltr' id='par_1_104' title="bbox 1830 4667 3403 4740">
     <span class='ocr_line' id='line_1_104' title="bbox 1830 4667 3403 4740; baseline -0.003 -10"><span class='ocrx_word' id='word_1_805' title='bbox 1830 4693 1949 4730; x_wconf 89' lang='lat' dir='ltr'><strong>cum</strong></span> <span class='ocrx_word' id='word_1_806' title='bbox 1987 4676 2216 4730; x_wconf 86' lang='lat' dir='ltr'><strong>Severus</strong></span> <span class='ocrx_word' id='word_1_807' title='bbox 2248 4675 2448 4728; x_wconf 81' lang='lat' dir='ltr'><strong>Piniani</strong></span> <span class='ocrx_word' id='word_1_808' title='bbox 2503 4667 2679 4729; x_wconf 78' lang='lat' dir='ltr'><strong>fratris</strong></span> <span class='ocrx_word' id='word_1_809' title='bbox 2709 4677 2843 4728; x_wconf 86' lang='lat' dir='ltr'><strong>bona</strong></span> <span class='ocrx_word' id='word_1_810' title='bbox 2875 4689 2966 4740; x_wconf 90' lang='lat' dir='ltr'><strong>per</strong></span> <span class='ocrx_word' id='word_1_811' title='bbox 2999 4673 3100 4724; x_wconf 89' lang='lat' dir='ltr'><strong>vim</strong></span> <span class='ocrx_word' id='word_1_812' title='bbox 3140 4687 3403 4740; x_wconf 81' lang='lat' dir='ltr'><strong>occup..re</strong></span> 
     </span>
    </p>
   </div>
   <div class='ocr_carea' id='block_1_105' title="bbox 1833 4761 3401 4834">
    <p class='ocr_par' dir='ltr' id='par_1_105' title="bbox 1833 4761 3401 4834">
     <span class='ocr_line' id='line_1_105' title="bbox 1833 4761 3401 4834; baseline -0.004 -14"><span class='ocrx_word' id='word_1_813' title='bbox 1833 4776 2078 4830; x_wconf 82' lang='lat' dir='ltr'><strong>tentaret,</strong></span> <span class='ocrx_word' id='word_1_814' title='bbox 2113 4775 2168 4819; x_wconf 89' lang='lat' dir='ltr'><strong>et</strong></span> <span class='ocrx_word' id='word_1_815' title='bbox 2201 4765 2452 4819; x_wconf 84' lang='lat' dir='ltr'><strong>Pinianus</strong></span> <span class='ocrx_word' id='word_1_816' title='bbox 2479 4781 2631 4834; x_wconf 84' lang='lat' dir='ltr'><strong>agros</strong></span> <span class='ocrx_word' id='word_1_817' title='bbox 2659 4777 2707 4818; x_wconf 90' lang='lat' dir='ltr'><strong>el</strong></span> <span class='ocrx_word' id='word_1_818' title='bbox 2731 4778 2913 4832; x_wconf 84' lang='lat' dir='ltr'><strong>servos</strong></span> <span class='ocrx_word' id='word_1_819' title='bbox 2939 4761 3276 4823; x_wconf 85' lang='lat' dir='ltr'><strong>distraheret,</strong></span> <span class='ocrx_word' id='word_1_820' title='bbox 3304 4775 3401 4814; x_wconf 90' lang='lat' dir='ltr'><strong>an-</strong></span> 
     </span>
    </p>
   </div>
   <div class='ocr_carea' id='block_1_106' title="bbox 1833 4851 3401 4926">
    <p class='ocr_par' dir='ltr' id='par_1_106' title="bbox 1833 4851 3401 4926">
     <span class='ocr_line' id='line_1_106' title="bbox 1833 4851 3401 4926; baseline -0.003 -13"><span class='ocrx_word' id='word_1_821' title='bbox 1833 4869 2042 4926; x_wconf 82' lang='lat' dir='ltr'><strong>tequam</strong></span> <span class='ocrx_word' id='word_1_822' title='bbox 2075 4859 2126 4910; x_wconf 93' lang='lat' dir='ltr'><strong>in</strong></span> <span class='ocrx_word' id='word_1_823' title='bbox 2150 4857 2379 4910; x_wconf 75' lang='lat' dir='ltr'><strong>Africam</strong></span> <span class='ocrx_word' id='word_1_824' title='bbox 2415 4859 2706 4924; x_wconf 69' lang='lat' dir='ltr'><strong>navigaret.</strong></span> <span class='ocrx_word' id='word_1_825' title='bbox 2745 4857 2823 4906; x_wconf 81' lang='lat' dir='ltr'><strong>An</strong></span> <span class='ocrx_word' id='word_1_826' title='bbox 2869 4853 3003 4906; x_wconf 92' lang='lat' dir='ltr'><strong>bona</strong></span> <span class='ocrx_word' id='word_1_827' title='bbox 3032 4851 3274 4921; x_wconf 83' lang='lat' dir='ltr'><strong>quaedam</strong></span> <span class='ocrx_word' id='word_1_828' title='bbox 3315 4869 3401 4908; x_wconf 85' lang='lat' dir='ltr'><strong>ca-</strong></span> 
     </span>
    </p>
   </div>
   <div class='ocr_carea' id='block_1_107' title="bbox 1836 4944 2763 5002">
    <p class='ocr_par' dir='ltr' id='par_1_107' title="bbox 1836 4944 2763 5002">
     <span class='ocr_line' id='line_1_107' title="bbox 1836 4944 2763 5002; baseline -0.006 0"><span class='ocrx_word' id='word_1_829' title='bbox 1836 4950 2058 5002; x_wconf 84' lang='lat' dir='ltr'><strong>strensia</strong></span> <span class='ocrx_word' id='word_1_830' title='bbox 2087 4948 2173 5000; x_wconf 88' lang='lat' dir='ltr'><strong>uni</strong></span> <span class='ocrx_word' id='word_1_831' title='bbox 2206 4949 2298 5000; x_wconf 90' lang='lat' dir='ltr'><strong>tibi</strong></span> <span class='ocrx_word' id='word_1_832' title='bbox 2324 4958 2446 5000; x_wconf 88' lang='lat' dir='ltr'><strong>nota</strong></span> <span class='ocrx_word' id='word_1_833' title='bbox 2475 4944 2763 4998; x_wconf 80' lang='lat' dir='ltr'><strong>obtrudes?</strong></span> 
     </span>
    </p>
   </div>
   <div class='ocr_carea' id='block_1_108' title="bbox 1908 5036 3404 5104">
    <p class='ocr_par' dir='ltr' id='par_1_108' title="bbox 1908 5036 3404 5104">
     <span class='ocr_line' id='line_1_108' title="bbox 1908 5036 3404 5104; baseline 0.001 -14"><span class='ocrx_word' id='word_1_834' title='bbox 1908 5039 2056 5104; x_wconf 83' lang='lat' dir='ltr'><strong>Quod</strong></span> <span class='ocrx_word' id='word_1_835' title='bbox 2089 5052 2264 5091; x_wconf 81' lang='lat' dir='ltr'><strong>autem</strong></span> <span class='ocrx_word' id='word_1_836' title='bbox 2303 5039 2575 5094; x_wconf 77' lang='lat' dir='ltr'><strong>existimas</strong></span> <span class='ocrx_word' id='word_1_837' title='bbox 2619 5038 2866 5090; x_wconf 92' lang='lat' dir='ltr'><strong>Albinum</strong></span> <span class='ocrx_word' id='word_1_838' title='bbox 2898 5036 3060 5093; x_wconf 76' lang='lat' dir='ltr'><strong>fuisse</strong></span> <span class='ocrx_word' id='word_1_839' title='bbox 3094 5041 3285 5093; x_wconf 85' lang='lat' dir='ltr'><strong>saltem</strong></span> <span class='ocrx_word' id='word_1_840' title='bbox 3322 5057 3404 5092; x_wconf 89' lang='lat' dir='ltr'><strong>so-</strong></span> 
     </span>
    </p>
   </div>
   <div class='ocr_carea' id='block_1_109' title="bbox 1838 5128 3400 5190">
    <p class='ocr_par' dir='ltr' id='par_1_109' title="bbox 1838 5128 3400 5190">
     <span class='ocr_line' id='line_1_109' title="bbox 1838 5128 3400 5190; baseline 0 -7"><span class='ocrx_word' id='word_1_841' title='bbox 1838 5147 2002 5184; x_wconf 86' lang='lat' dir='ltr'><strong>cerum</strong></span> <span class='ocrx_word' id='word_1_842' title='bbox 2060 5129 2211 5181; x_wconf 89' lang='lat' dir='ltr'><strong>unius</strong></span> <span class='ocrx_word' id='word_1_843' title='bbox 2267 5129 2525 5190; x_wconf 86' lang='lat' dir='ltr'><strong>duorum,</strong></span> <span class='ocrx_word' id='word_1_844' title='bbox 2585 5128 2768 5183; x_wconf 89' lang='lat' dir='ltr'><strong>eadem</strong></span> <span class='ocrx_word' id='word_1_845' title='bbox 2823 5130 3071 5184; x_wconf 77' lang='lat' dir='ltr'><strong>facilitate</strong></span> <span class='ocrx_word' id='word_1_846' title='bbox 3119 5131 3400 5186; x_wconf 61' lang='lat' dir='ltr'><strong>refellatur.</strong></span> 
     </span>
    </p>
   </div>
   <div class='ocr_carea' id='block_1_110' title="bbox 1840 5218 3407 5274">
    <p class='ocr_par' dir='ltr' id='par_1_110' title="bbox 1840 5218 3407 5274">
     <span class='ocr_line' id='line_1_110' title="bbox 1840 5218 3407 5274; baseline -0.001 0"><span class='ocrx_word' id='word_1_847' title='bbox 1840 5221 2045 5274; x_wconf 87' lang='lat' dir='ltr'><strong>Etenim</strong></span> <span class='ocrx_word' id='word_1_848' title='bbox 2075 5233 2231 5272; x_wconf 75' lang='lat' dir='ltr'><strong>Suecr</strong></span> <span class='ocrx_word' id='word_1_849' title='bbox 2262 5218 2498 5270; x_wconf 72' lang='lat' dir='ltr'><strong>Melania:</strong></span> <span class='ocrx_word' id='word_1_850' title='bbox 2529 5219 2816 5272; x_wconf 88' lang='lat' dir='ltr'><strong>vocabatur</strong></span> <span class='ocrx_word' id='word_1_851' title='bbox 2843 5222 3094 5274; x_wconf 82' lang='lat' dir='ltr'><strong>Severus.</strong></span> <span class='ocrx_word' id='word_1_852' title='bbox 3131 5220 3182 5272; x_wconf 90' lang='lat' dir='ltr'><strong>Id</strong></span> <span class='ocrx_word' id='word_1_853' title='bbox 3208 5221 3407 5272; x_wconf 82' lang='lat' dir='ltr'><strong>diserte</strong></span> 
     </span>
    </p>
   </div>
   <div class='ocr_carea' id='block_1_111' title="bbox 1841 5308 3403 5380">
    <p class='ocr_par' dir='ltr' id='par_1_111' title="bbox 1841 5308 3403 5380">
     <span class='ocr_line' id='line_1_111' title="bbox 1841 5308 3403 5380; baseline -0.005 -15"><span class='ocrx_word' id='word_1_854' title='bbox 1841 5313 2060 5380; x_wconf 88' lang='lat' dir='ltr'><strong>legisses</strong></span> <span class='ocrx_word' id='word_1_855' title='bbox 2098 5311 2146 5364; x_wconf 90' lang='lat' dir='ltr'><strong>in</strong></span> <span class='ocrx_word' id='word_1_856' title='bbox 2200 5309 2334 5362; x_wconf 90' lang='lat' dir='ltr'><strong>libro</strong></span> <span class='ocrx_word' id='word_1_857' title='bbox 2378 5323 2674 5363; x_wconf 83' lang='lat' dir='ltr'><strong>memorato</strong></span> <span class='ocrx_word' id='word_1_858' title='bbox 2721 5309 2940 5363; x_wconf 88' lang='lat' dir='ltr'><strong>Palladii</strong></span> <span class='ocrx_word' id='word_1_859' title='bbox 2984 5308 3403 5374; x_wconf 83' lang='lat' dir='ltr'><strong>IlelenOpolitani</strong></span> 
     </span>
    </p>
   </div>
   <div class='ocr_carea' id='block_1_112' title="bbox 1840 5398 3406 5468">
    <p class='ocr_par' dir='ltr' id='par_1_112' title="bbox 1840 5398 3406 5468">
     <span class='ocr_line' id='line_1_112' title="bbox 1840 5398 3406 5468; baseline -0.006 -12"><span class='ocrx_word' id='word_1_860' title='bbox 1840 5401 2074 5468; x_wconf 89' lang='lat' dir='ltr'><strong>episcopi</strong></span> <span class='ocrx_word' id='word_1_861' title='bbox 2104 5414 2220 5467; x_wconf 89' lang='lat' dir='ltr'><strong>cap.</strong></span> <span class='ocrx_word' id='word_1_862' title='bbox 2259 5400 2379 5462; x_wconf 86' lang='lat' dir='ltr'><strong>II9,</strong></span> <span class='ocrx_word' id='word_1_863' title='bbox 2416 5399 2503 5453; x_wconf 88' lang='lat' dir='ltr'><strong>ubi</strong></span> <span class='ocrx_word' id='word_1_864' title='bbox 2537 5401 2608 5452; x_wconf 90' lang='lat' dir='ltr'><strong>ait</strong></span> <span class='ocrx_word' id='word_1_865' title='bbox 2638 5416 2650 5451; x_wconf 87' lang='lat'><strong>:</strong></span> <span class='ocrx_word' id='word_1_866' title='bbox 2695 5400 2822 5453; x_wconf 80' lang='lat' dir='ltr'><strong>Cum</strong></span> <span class='ocrx_word' id='word_1_867' title='bbox 2853 5399 3080 5451; x_wconf 86' lang='lat' dir='ltr'><strong>Melania</strong></span> <span class='ocrx_word' id='word_1_868' title='bbox 3110 5398 3406 5464; x_wconf 87' lang='lat' dir='ltr'><strong>suscepisset</strong></span> 
     </span>
    </p>
   </div>
   <div class='ocr_carea' id='block_1_113' title="bbox 1837 5486 3408 5560">
    <p class='ocr_par' dir='ltr' id='par_1_113' title="bbox 1837 5486 3408 5560">
     <span class='ocr_line' id='line_1_113' title="bbox 1837 5486 3408 5560; baseline -0.004 -16"><span class='ocrx_word' id='word_1_869' title='bbox 1837 5493 1971 5558; x_wconf 75' lang='lat' dir='ltr'><strong>filios</strong></span> <span class='ocrx_word' id='word_1_870' title='bbox 2001 5493 2152 5559; x_wconf 82' lang='lat' dir='ltr'><strong>duos,</strong></span> <span class='ocrx_word' id='word_1_871' title='bbox 2178 5501 2222 5544; x_wconf 91' lang='lat' dir='ltr'><strong>et</strong></span> <span class='ocrx_word' id='word_1_872' title='bbox 2254 5493 2452 5560; x_wconf 89' lang='lat' dir='ltr'><strong>utrique</strong></span> <span class='ocrx_word' id='word_1_873' title='bbox 2484 5491 2710 5558; x_wconf 80' lang='lat' dir='ltr'><strong>defuncti</strong></span> <span class='ocrx_word' id='word_1_874' title='bbox 2733 5498 2911 5549; x_wconf 47' lang='lat' dir='ltr'><strong>essent,</strong></span> <span class='ocrx_word' id='word_1_875' title='bbox 2944 5489 3074 5540; x_wconf 87' lang='lat' dir='ltr'><strong>venit</strong></span> <span class='ocrx_word' id='word_1_876' title='bbox 3115 5486 3183 5537; x_wconf 90' lang='lat' dir='ltr'><strong>ad</strong></span> <span class='ocrx_word' id='word_1_877' title='bbox 3215 5494 3408 5537; x_wconf 87' lang='lat' dir='ltr'><strong>tantum</strong></span> 
     </span>
    </p>
   </div>
   <div class='ocr_carea' id='block_1_114' title="bbox 1837 5575 3410 5653">
    <p class='ocr_par' dir='ltr' id='par_1_114' title="bbox 1837 5575 3410 5653">
     <span class='ocr_line' id='line_1_114' title="bbox 1837 5575 3410 5653; baseline -0.004 -18"><span class='ocrx_word' id='word_1_878' title='bbox 1837 5601 1929 5653; x_wconf 88' lang='lat' dir='ltr'><strong>pro</strong></span> <span class='ocrx_word' id='word_1_879' title='bbox 1957 5582 2142 5636; x_wconf 90' lang='lat' dir='ltr'><strong>Christi</strong></span> <span class='ocrx_word' id='word_1_880' title='bbox 2185 5585 2387 5635; x_wconf 87' lang='lat' dir='ltr'><strong>nomine</strong></span> <span class='ocrx_word' id='word_1_881' title='bbox 2416 5583 2587 5634; x_wconf 68' lang='lat' dir='ltr'><strong>odium</strong></span> <span class='ocrx_word' id='word_1_882' title='bbox 2615 5582 2940 5648; x_wconf 87' lang='lat' dir='ltr'><strong>nuptiarum,</strong></span> <span class='ocrx_word' id='word_1_883' title='bbox 2975 5588 3030 5631; x_wconf 85' lang='lat' dir='ltr'><strong>ut</strong></span> <span class='ocrx_word' id='word_1_884' title='bbox 3061 5578 3156 5629; x_wconf 86' lang='lat' dir='ltr'><strong>hoc</strong></span> <span class='ocrx_word' id='word_1_885' title='bbox 3187 5575 3410 5629; x_wconf 86' lang='lat' dir='ltr'><strong>Piniano</strong></span> 
     </span>
    </p>
   </div>
   <div class='ocr_carea' id='block_1_115' title="bbox 1841 5671 3410 5741">
    <p class='ocr_par' dir='ltr' id='par_1_115' title="bbox 1841 5671 3410 5741">
     <span class='ocr_line' id='line_1_115' title="bbox 1841 5671 3410 5741; baseline -0.003 -13"><span class='ocrx_word' id='word_1_886' title='bbox 1841 5676 2022 5728; x_wconf 88' lang='lat' dir='ltr'><strong>marito</strong></span> <span class='ocrx_word' id='word_1_887' title='bbox 2068 5691 2162 5728; x_wconf 85' lang='lat' dir='ltr'><strong>suo</strong></span> <span class='ocrx_word' id='word_1_888' title='bbox 2207 5676 2381 5730; x_wconf 83' lang='lat' dir='ltr'><strong>Sct&#39;cri</strong></span> <span class='ocrx_word' id='word_1_889' title='bbox 2430 5676 2718 5741; x_wconf 72' lang='lat' dir='ltr'><strong>expra&#39;fecti</strong></span> <span class='ocrx_word' id='word_1_890' title='bbox 2751 5672 2860 5741; x_wconf 80' lang='lat' dir='ltr'><strong>[ilio</strong></span> <span class='ocrx_word' id='word_1_891' title='bbox 2903 5673 3109 5725; x_wconf 84' lang='lat' dir='ltr'><strong>diceret.</strong></span> <span class='ocrx_word' id='word_1_892' title='bbox 3159 5671 3410 5726; x_wconf 84' lang='lat' dir='ltr'><strong>Audin’ut</strong></span> 
     </span>
    </p>
   </div>
  </div>
