3900 6308
470 342 571 398 5η

1367 329 1913 386 SUPFLEMENTUM
1954 330 2042 383 AD
2081 329 2306 383 orans
2345 329 2401 383 s.
2443 296 2827 386 amussim.

3613 325 3714 386 5&8

470 457 700 507 Severus
733 448 889 503 fuerit
911 461 1065 501 socer
1094 445 1358 509 Melania,
1389 461 1493 497 non
1525 459 1653 496 vero
1688 453 1807 496 tuus
1838 442 1926 496 ille
1955 443 2046 494 ΑΙ-
2075 445 2117 500 Α
2151 442 2393 509 fratribus
2420 441 2645 495 Paulino
2670 450 2715 495 et
2750 439 3025 494 Therasice.
3056 439 3124 494 Et
3151 440 3202 495 in
3233 440 3409 495 medio
3440 438 3709 509 epistola:

469 542 661 597 binus?
682 540 785 594 Sed
819 553 917 593 nec
944 538 1046 591 dici
1074 547 1249 605 potest
1273 550 1429 589 socer
1468 534 1696 597 Piniani,
1745 548 1865 586 nam
1898 543 2043 599 pater

470 634 711 689 Melaniae
748 630 975 705 jpnioris
1014 626 1281 680 Publicola
1320 624 1616 690 dicebatur,
1659 624 1796 691 quod
1830 623 2041 677 discere

470 736 679 792 poteras
710 736 774 773 ex
802 720 938 772 notis
968 716 1067 770 viri
1099 714 1445 769 eruditissimi
1493 713 1635 767 Petri
1671 713 1757 766 Fr.
1789 711 2041 767 Chilﬂelii

469 820 519 870 iu
542 813 744 869 Paulini
770 810 1018 878 epistolas
1042 816 1179 876 part.
1210 806 1259 871 1,
1286 820 1403 872 cap.
1427 804 1517 868 9.4,
1543 815 1589 856 et
1618 818 1802 856 rursus
1825 811 1958 870 part.
1983 803 2037 865 2,

467 921 584 972 cap.
616 904 683 955 96
715 914 764 955 et
796 901 883 954 54.
916 898 1093 951 Mirari
1124 897 1269 949 lubet
1297 896 1560 948 undenam
1593 902 1808 957 tantam,
1836 904 1893 945 ut
1920 892 2042 945 llic-

470 996 676 1065 rOuymi
724 992 900 1048 verbis
939 999 1089 1053 utar,
1141 989 1326 1040 habeas
1370 986 1733 1038 mutandarum
1779 985 2039 1036 nominum

467 1093 783 1153 potestatem,
812 1089 866 1133 ut
897 1079 1095 1133 Severo
1123 1087 1175 1131 et
1206 1076 1493 1130 Publicola
1518 1074 1695 1129 Albini
1721 1088 1913 1127 nomen
1944 1072 2043 1125 im-

472 1175 669 1244 ponas?
702 1173 817 1225 Iloc
840 1214 853 1236 ,
890 1170 1084 1239 inquis,
1118 1168 1371 1221 arridebat
1415 1167 1603 1236 magis.
1659 1163 1932 1231 Querebar
1973 1161 2042 1216 de

466 1276 515 1319 te
542 1265 680 1333 quod
711 1277 830 1330 cap.
862 1262 915 1324 2,
948 1274 1069 1328 pag.
1104 1259 1194 1323 64,
1230 1268 1330 1311 tua
1362 1256 1618 1327 apologia
1650 1269 1735 1309 me
1766 1253 2038 1325 Pyrgopo-

467 1357 662 1424 lynicen
692 1353 951 1415 dixisses;
985 1349 1076 1403 sed
1128 1350 1179 1401 in
1210 1356 1479 1415 posterum
1507 1344 1752 1412 querelas
1797 1358 2042 1412 compes-

466 1462 603 1506 cam,
636 1460 756 1498 cum
805 1453 856 1496 le
880 1441 1089 1495 videam
1115 1449 1219 1493 tam
1250 1437 1515 1492 eruditum
1563 1437 2036 1490 nomenclatorem.

470 1536 713 1589 Nondum
742 1544 915 1587 tamen
942 1530 1069 1584 illud
1099 1543 1358 1598 agnomen
1388 1526 1656 1590 demerui,
1680 1526 1787 1579 scis
1812 1524 1952 1580 enim
1974 1540 2039 1579 ex

465 1628 652 1681 Plauto
704 1621 1112 1694 Pyrgopolynici
1138 1621 1339 1673 dictum
1388 1636 1402 1673 :
1441 1620 1705 1690 sexaginta
1736 1617 2041 1671 Macedones

464 1734 566 1769 una
590 1715 672 1767 die
703 1713 954 1767 occidisti.
985 1710 1117 1765 Cum
1146 1710 1412 1777 integrum
1450 1720 1595 1761 tuum
1620 1708 1866 1760 volumen
1908 1721 2040 1761 con—

2146 532 2324 586 Sancti
2350 536 2535 601 fratres
2554 576 2568 598 ,
2601 541 2647 585 et
2674 532 2847 584 dilecti
2880 530 3002 584 Deo.
3051 531 3106 585 lu
3137 531 3282 585 calce
3314 545 3483 585 vero:
3517 530 3717 588 Domini

2144 622 2489 684 dilectissimi,
2521 622 2879 685 sincerissimi,
2918 636 3030 673 vere
3060 619 3259 689 benigni
3283 629 3333 673 et
3382 621 3713 676 abundantis-

2140 713 2271 764 sima
2316 711 2527 764 Domini
2562 712 2725 780 gratia
2754 711 3159 779 prwstantissimi
3190 712 3393 780 fratres.
3428 711 3534 766 Ubi
3578 714 3715 768 vides

2143 802 2351 855 titulum
2398 811 2677 869 utrumque
2719 800 3000 870 conjugem
3041 802 3331 869 appellare,
3379 802 3508 855 licet
3556 818 3717 872 genus

2143 891 2418 944 nominum
2455 905 2482 941 a
2516 890 2746 958 digniori
2777 890 3110 944 desumatur.
3157 888 3230 944 Ita
3268 904 3406 943 unus
3447 890 3717 957 Pinianus,

2141 981 2280 1049 quod
2306 997 2471 1052 genus
2492 982 2702 1041 attinet.
2726 981 2811 1035 illa
2841 982 3073 1049 epitheta
3101 981 3256 1048 regit.
3285 981 3406 1035 licet
3433 998 3536 1036 una
3566 985 3717 1039 simu!

2141 1087 2349 1136 socrus,
2382 1084 2436 1127 et
2462 1088 2593 1126 uxor
2621 1073 2988 1141 designentur.
3020 1071 3185 1126 Addis
3207 1070 3395 1143 (Ibid)
3424 1090 3437 1126 :

2218 1164 2343 1228 Quis
2368 1173 2537 1217 autem
2564 1172 2689 1216 esset
2717 1163 2803 1216 ille
2829 1162 3062 1227 Albinus,
3089 1164 3229 1213 latet.
3254 1162 3349 1216 llic
3372 1162 3609 1227 Rhodus,
3634 1164 3719 1221 hic

2142 1253 2341 1317 saltus;
2376 1255 2477 1306 hoc
2505 1267 2668 1320 opus,
2711 1252 2798 1306 hic
2827 1252 3112 1326 labor.est,
3156 1266 3188 1303 ο
3218 1252 3457 1309 Macedo.
3504 1254 3718 1309 Dixeras

2142 1343 2197 1397 in
2228 1344 2381 1398 titulo
2407 1343 2631 1409 hujusce
2658 1344 2730 1396 tui
2760 1343 2949 1411 capitis
2980 1342 3189 1411 scptimi
3216 1359 3228 1394 :
3263 1344 3362 1407 Qui
3394 1346 3551 1411 fuerit
3582 1344 3719 1397 Albi-

2141 1454 2258 1503 nus,
2303 1435 2575 1501 Pinianus,
2605 1446 2651 1490 et
2693 1434 2941 1502 Melania,
2966 1436 3277 1503 ’exponitur.
3310 1435 3384 1489 De
3416 1435 3639 1489 Piniano
3667 1446 3720 1491 et

2143 1529 2367 1582 Melania
2406 1529 2506 1582 hoc
2552 1537 2755 1581 tantum
2800 1526 2953 1590 dicis,
2985 1524 3148 1580 fuisse
3187 1526 3462 1595 conjuges.
3494 1541 3557 1579 ac
3586 1542 3721 1594 βιω-

2143 1627 2287 1673 terea
2317 1618 2469 1673 nihil.
2502 1617 2680 1672 Albini
2710 1632 2903 1670 nomen
2933 1625 3210 1684 utramque
3239 1617 3484 1684 paginam
3509 1617 3715 1685 implet.

2145 1708 2453 1764 Adesdum:
2483 1721 2694 1776 expone
2722 1707 2840 1776 quis
2867 1706 3043 1761 fuerit.
3078 1705 3388 1775 Respondes
3416 1722 3431 1760 :
3467 1707 3606 1760 latet.
3640 1706 3719 1761 Ad

465 1807 707 1859 iutavero
731 1844 745 1868 ,
790 1817 853 1856 ac
880 1811 931 1855 te
962 1817 1120 1854 unum
1154 1799 1493 1854 Macedonem
1547 1797 1828 1865 dejecero,
1887 1805 2040 1861 tunc,
2073 1799 2118 1858 B
2141 1802 2226 1869 jus
2258 1799 2393 1853 tituli
2418 1798 2641 1861 te,velis
2662 1797 2821 1863 nolis,
2852 1796 3320 1866 voco.0bligatam
3349 1797 3509 1852 fidem
3535 1797 3719 1866 imple,

465 1905 521 1948 ut
568 1895 731 1957 libet,
761 1905 819 1946 ιιι
848 1891 1025 1955 lubet,
1081 1904 1166 1944 me
1196 1887 1673 1959 Pyrgopolynicem
1714 1892 2037 1953 nuncupato.

466 1986 630 2042 Addis
661 1987 803 2056 (pag.
839 1982 930 2052 55)
959 2000 971 2035 :

535 2078 790 2131 Duronius
818 2083 976 2127 mutat
1001 2073 1190 2127 Albine
1210 2074 1262 2125 in
1284 2072 1499 2135 Albina,
1524 2079 1571 2123 et
1600 2066 1839 2122 mendum
1864 2076 2041 2138 putat;

466 2185 567 2221 non
612 2176 775 2220 tamen
804 2162 1053 2232 improbat
1101 2162 1294 2215 Albine
1336 2176 1426 2225 pro
1471 2159 1580 2227 ﬁlio
1606 2157 1840 2221 Albinat,
1891 2166 1947 2209 ut
1972 2157 2039 2209 sit

464 2273 641 2312 sensus
671 2255 861 2311 Albine
892 2253 984 2305 vir.
1019 2250 1172 2303 Noris
1201 2251 1272 2301 ait
1304 2249 1490 2301 Albino
1518 2246 1857 2309 retinendum,
1888 2260 2042 2313 eoque

462 2351 665 2401 nomine
697 2344 981 2415 signiﬁcari
1013 2343 1251 2408 feminam
1280 2354 1373 2408 pro
1400 2337 1540 2389 illius
1560 2336 1725 2388 atatis
1751 2335 1952 2387 licentia
1977 2334 2039 2386 ob

460 2436 704 2490 rationem
732 2433 960 2503 proxime
982 2431 1276 2481 adductam.
1310 2425 1421 2495 Ego
1449 2433 1627 2477 contra
1644 2424 1804 2475 sentio
1826 2423 2036 2476 omnino

463 2527 729 2595 legendum
759 2523 950 2578 Albine
973 2519 1239 2574 masculini
1267 2518 1485 2589 generis.
1514 2515 1634 2578 Ubi,
1678 2513 1796 2579 ubi,
1829 2514 2001 2568 amice
2021 2558 2035 2581 ,

463 2616 676 2672 Baronii
727 2616 1000 2678 defensio,
1034 2627 1189 2679 quam
1220 2612 1274 2664 in
1318 2608 1466 2662 titulo
1495 2606 1685 2676 capitis
1713 2605 2037 2673 promiseras

465 2712 609 2779 (pag.
640 2706 731 2777 47)
759 2707 782 2760 ‘t
816 2704 1113 2759 Vindicatur
1141 2703 1201 2754 ab
1232 2702 1339 2765 eius
1355 2708 1475 2751 nota
1504 2696 1774 2750 Baronius.
1794 2695 2035 2759 Peream,

464 2802 507 2854 si
559 2799 725 2853 semel
768 2795 1079 2866 promissam
1113 2793 1269 2847 toties
1309 2791 1361 2844 in
1409 2790 1509 2844 hoc
1558 2797 1648 2843 tuo
1682 2802 1846 2857 opere
1878 2787 2039 2842 Baro-

460 2889 549 2943 nio
575 2889 935 2943 defensionem
963 2879 1501 2943 commodasti.Toto,
1531 2887 1585 2931 ut
1612 2877 1779 2943 aiunt,
1806 2878 1942 2931 ostio
1971 2877 2038 2933 ab

458 2998 523 3036 eo
541 2983 781 3045 aberras,
804 2992 924 3033 cum
947 2985 998 3031 te
1018 2975 1257 3043 ejusdem
1285 2979 1602 3025 sectatorem
1629 2969 1888 3038 publicas.
1909 2968 2036 3024 Hac

456 3074 522 3125 ad
571 3072 781 3125 oculum
834 3068 1147 3121 demonstro
1189 3063 1241 3116 in
1296 3060 1539 3130 apologia
1570 3075 1729 3128 quam
1775 3060 2030 3128 procudo.

2142 1906 2209 1945 ne
2247 1889 2421 1958 magni
2460 1887 2665 1955 hiatus,
2698 1896 2755 1942 ut
2783 1889 2856 1943 ait
2884 1887 3163 1954 Horatius,
3195 1888 3489 1957 promissor
3516 1888 3720 1944 dicare.

2140 1981 2405 2035 Memento
2433 1990 2484 2033 te
2513 1979 2717 2034 tlikisse
2742 1997 2757 2033 :
2793 1980 2893 2044 Qui
2914 1981 3067 2051 fuerit
3097 1980 3312 2034 Albinus
3338 1981 3631 2051 exponitur.
3667 1980 3718 2035 Si

2141 2071 2290 2131 latet,
2322 2079 2373 2125 te
2397 2072 2598 2139 judice,
2628 2086 2732 2125 non
2767 2072 3065 2138 exponitur.
3090 2071 3300 2125 Nihilne
3332 2072 3425 2125 tibi
3457 2074 3720 2141 suggerit,

2141 2176 2298 2229 quam
2330 2160 2381 2214 in
2416 2160 2724 2229 praefatione
2749 2159 2939 2228 jaclas,
2969 2160 3413 2215 Encvclonadia?
3443 2160 3625 2217 Liceat
3657 2176 3721 2219 ex

2141 2251 2453 2305 Trinummo
2484 2252 2654 2305 Plauti
2685 2265 2949 2320 reponere
2978 2268 2992 2304 :
3086 2294 3087 2297 η

2292 2341 2415 2391 Vide
2440 2342 2581 2390 homo
2603 2347 2656 2390 ut
2680 2341 2923 2390 hominem
2949 2339 3166 2391 noverisl

2210 2429 2321 2499 Ego
2350 2440 2538 2497 tamen,
2572 2431 2766 2499 inquis,
2797 2426 3213 2500 existimo'fuisse
3251 2439 3340 2483 aut
3380 2438 3596 2499 patrem,
3633 2441 3721 2486 aut

2136 2538 2383 2586 socerum,
2410 2533 2497 2577 aut
2522 2532 2761 2591 patruum
2781 2563 2796 2588 ,
2825 2533 2915 2577 aut
2937 2521 3246 2576 avunculum
3278 2522 3507 2587 Piniani,
3551 2531 3605 2575 ut
3658 2524 3719 2576 sit

2138 2615 2305 2681 major
2332 2623 2476 2675 natu,
2500 2623 2547 2666 et
2572 2625 2779 2683 propter
2799 2623 2999 2667 (etatem
3028 2614 3216 2681 primas
3248 2612 3483 2665 vindicet.
3511 2612 3585 2665 Ita
3620 2627 3720 2680 pu-

2138 2702 2258 2756 tasti
2298 2703 2522 2771 repetito
2557 2713 2745 2771 quater
2781 2712 2900 2768 aut,
2937 2712 3058 2767 aut,
3100 2703 3415 2771 compendio
3459 2701 3718 2757 Albinum

2140 2800 2286 2845 tuum
2315 2792 2462 2846 illum
2496 2794 2664 2846 virum
2696 2795 3038 2862 exposuisse;
3068 2792 3156 2845 illa
3185 2793 3325 2846 enim
3354 2792 3721 2859 disjuuctione

2141 2891 2387 2951 tanquam
2424 2882 2692 2936 Ariadneo
2736 2883 2824 2937 filo
2862 2898 2988 2938 usus
3026 2897 3088 2938 ex
3133 2883 3381 2937 intricato
3410 2883 3719 2945 Albiuiana

2137 2958 2460 3044 genealogia
2487 2974 2788 3044 labyrintho
2827 2976 3064 3031 evasisti.
3100 2976 3208 3030 lleu
3248 2975 3480 3044 quantis,
3512 2976 3716 3039 amice,

2138 3065 2407 3119 erroribus
2437 3064 2756 3133 implicaris!
2786 3064 2900 3119 Non
2931 3065 3027 3119 fuit.
3050 3066 3269 3120 Albinus
3298 3065 3498 3119 Piniani
3533 3075 3713 3134 pater,

456 3159 716 3213 Baronius
739 3156 924 3211 scribit
946 3152 1198 3207 mendum
1224 3151 1279 3204 in
1308 3163 1495 3203 vocem
1520 3148 1701 3201 Albine
1723 3146 2025 3216 irrepsisse,
2056 3142 2100 3201 C
2135 3168 2255 3207 nam
2284 3170 2349 3209 ex
2380 3155 2631 3207 Lausiaca
2662 3154 2902 3221 historia,
2937 3155 3088 3225 cujus
3117 3157 3279 3209 verba
3309 3157 3552 3223 superius
3583 3156 3713 3211 dedi

453 3264 571 3303 cum
625 3246 815 3301 Albina
859 3242 1101 3297 Melania
1132 3249 1303 3294 mater
1330 3236 1552 3292 dicenda
1585 3239 1675 3291 sit.
1732 3236 1843 3306 Ego
1886 3237 2024 3306 quod

455 3351 742 3409 personam
791 3335 983 3389 attinet
1035 3332 1267 3387 Baronio
1306 3330 1621 3396 consentio,
1671 3344 1806 3399 nego
1848 3337 2024 3385 tamen

456 3431 705 3485 mendum
732 3427 1030 3493 irrepsisse,
1058 3439 1177 3479 cum
1205 3433 1487 3493 utramque
1508 3422 1740 3478 nominis
1770 3422 2025 3476 termina-

452 3522 650 3575 tionem
677 3518 866 3574 Albina
894 3516 1073 3572 subire
1102 3516 1352 3585 potuerit.
1382 3516 1519 3569 Attu
1536 3512 1816 3569 contendis
1842 3513 2026 3568 Albine

451 3612 756 3684 legendum,
781 3618 835 3665 et
854 3607 994 3664 hunc
1021 3608 1199 3662 virum
1219 3614 1396 3675 putas,
1427 3605 1517 3676 qui
1546 3604 1705 3660 fuerit
1735 3612 1828 3658 aut
1853 3619 2022 3659 avun-

450 3706 631 3769 culus,
684 3710 772 3756 aut
808 3709 988 3769 pater,
1034 3706 1125 3751 aut
1167 3710 1345 3762 socer,
1387 3704 1479 3749 aut
1525 3704 1743 3765 patruus
1793 3694 2019 3747 Piniani.

450 3796 683 3849 lloccine
733 3800 815 3845 est
839 3787 1118 3841 Baronium
1148 3800 1176 3839 a
1233 3785 1390 3839 Naris
1432 3792 1557 3838 nota
1598 3783 1908 3838 vindicare?
1950 3782 2024 3837 De

449 3885 601 3936 tunica
628 3888 830 3934 tantum
864 3877 1037 3930 littera
1066 3890 1186 3928 cum
1210 3875 1438 3927 Baronio
1456 3874 1804 3941 quastionem
1830 3873 2019 3939 habeo,

448 3986 644 4038 nempe
673 3967 813 4038 quod
858 3968 1047 4021 Albina
1081 3973 1250 4020 mater
1279 3964 1516 4018 Melania:
1538 3962 1591 4016 in
1621 3979 1745 4016 casu
1776 3964 2022 4016 vocativo

449 4064 631 4119 Albine
652 4062 721 4115 ob
749 4060 895 4115 illius
921 4058 1094 4115 atatis
1130 4057 1398 4113 licentiam
1437 4055 1699 4125 appellata
1732 4054 1909 4108 fuerit.
1941 4055 2020 4108 Tu

448 4168 632 4208 sexum
678 4150 897 4206 omnino
947 4162 1154 4215 mutas,
1200 4159 1252 4204 et
1280 4163 1437 4218 quam
1467 4146 1726 4200 Baronius
1767 4145 2020 4199 feminam

448 4254 593 4299 recte
622 4244 775 4312 dixit,
805 4254 858 4296 tu
885 4243 1178 4298 masculum
1215 4240 1378 4305 facis;
1439 4238 1547 4292 imo
1578 4237 1664 4291 ubi
1696 4236 1783 4290 ille
1806 4236 1872 4288 de
1914 4236 2021 4289 lilio

448 4336 653 4391 Albina
674 4336 994 4405 suspicatur,
1020 4342 1075 4388 tu
1102 4333 1354 4386 Albinum
1378 4346 1480 4384 non
1508 4340 1788 4399 cognatum
1814 4326 2019 4380 l’iniani

447 4444 566 4482 cum
592 4427 841 4491 Baronio,
868 4425 961 4479 sed
985 4438 1167 4487 avum,
1196 4432 1286 4474 aut
1318 4430 1545 4489 patrem,
1576 4428 1665 4473 aut
1695 4417 2016 4471 avunculum

2128 3260 2191 3300 ex
2227 3261 2343 3313 cap.
2387 3245 2509 3310 H9,
2548 3253 2694 3313 pater
2721 3245 2925 3299 Piniani
2956 3246 3233 3300 dicebatur
3261 3245 3474 3301 Severus
3505 3262 3714 3315 capra-

2128 3336 2307 3405 fectus.
2336 3334 2563 3389 Exstant
2587 3338 2841 3405 rescripta
2868 3335 3023 3390 trium
3048 3337 3403 3405 Augustorum
3435 3337 3500 3389 ad
3528 3337 3707 3394 Seve-

2127 3441 2243 3479 rum
2273 3423 2580 3494 prafectum
2606 3424 2734 3480 Urbi
2764 3426 2817 3480 in
2838 3426 2960 3482 cod.
2986 3425 3329 3494 Theod._lege
3355 3440 3448 3479 un.
3478 3428 3543 3477 de
3564 3442 3713 3481 men-

2126 3517 2426 3582 dicantibus,
2459 3525 2513 3571 et
2534 3517 2649 3586 lege
2674 3518 2709 3570 2
2729 3518 2791 3571 de
2811 3516 2970 3571 lucris
2998 3519 3290 3586 officiorum,
3317 3517 3439 3571 data
3462 3519 3712 3574 Antoiiio

2124 3618 2177 3664 et
2204 3608 2427 3679 Syagrio
2457 3623 2608 3685 cons.
2627 3648 2641 3673 ,
2684 3624 2875 3678 nempe
2902 3623 3041 3663 anno
3072 3610 3195 3665 382.
3234 3609 3489 3663 Pinianus
3516 3621 3706 3665 autem

2124 3697 2309 3754 Severi
2339 3699 2476 3753 filius
2515 3684 2655 3753 anno
2688 3702 2810 3769 597,
2847 3715 2953 3770 quo
2982 3701 3206 3756 Melania
3236 3701 3353 3754 avia
3388 3703 3585 3756 uxoris
3616 3684 3705 3757 Pi-

2125 3792 2265 3846 niani
2299 3792 2494 3846 Siricio
2529 3792 2802 3860 pontiﬁce,
2839 3808 2904 3849 ex
2942 3793 3262 3863 Hieronymo
3293 3795 3344 3847 in
3382 3794 3641 3865 apologia
3672 3797 3706 3850 ἓ

2122 3892 2304 3940 contra
2335 3883 2603 3946 Rufinum,
2625 3897 2744 3937 cum
2779 3883 2878 3937 hoc
2906 3883 3019 3953 ipso
3046 3899 3109 3938 ex
3144 3883 3426 3939 Palastina
3467 3883 3705 3938 Romam

2123 3975 2288 4041 venit,
2322 3974 2538 4043 junctus
2580 3983 2695 4029 erat
2739 3973 2979 4029 Melania
3015 3973 3232 4043 juniori,
3276 3983 3411 4029 teste
3451 3974 3703 4032 Palladio

2120 4079 2237 4133 cap.
2273 4065 2394 4119 ll8.

2191 4152 2295 4209 Sed
2330 4168 2429 4207 nec
2456 4168 2685 4206 socerum
2720 4152 2925 4206 Piniani
2965 4151 3130 4207 fuisse
3169 4150 3442 4207 evidenter
3469 4151 3701 4208 demon-

2120 4252 2251 4297 stro.
2299 4243 2356 4296 S.
2402 4243 2723 4311 Augustinus
2764 4242 2856 4295 lib.
2906 4258 2942 4295 ιι
2982 4242 3243 4306 Retract.,
3282 4255 3397 4308 cap.
3438 4241 3530 4307 50,
3580 4243 3703 4297 hac

2121 4334 2304 4387 scribit
2339 4349 2353 4385 :
2388 4332 2727 4402 Posteaquam
2756 4331 3043 4403 Pelagiana
3078 4333 3281 4386 heresis
3310 4348 3368 4385 cu
3391 4351 3424 4385 η
3458 4335 3571 4386 suis
3603 4352 3702 4389 au-

2122 4422 2337 4475 ctoribus
2366 4422 2425 4474 ab
2453 4422 2699 4492 episcopis
2728 4419 2970 4474 Ecclesiae
2999 4421 3245 4475 Romana:
3272 4422 3411 4491 prius
3438 4420 3703 4477 Innocen—

447 4518 685 4586 ejnsdem
710 4514 1038 4585 imaginaris.
1063 4511 1083 4565 ι
1107 4526 1270 4574 nunc,
1294 4520 1348 4565 et
1369 4519 1531 4564 temet
1558 4511 1767 4565 Baronii
1792 4509 2017 4562 advoea-
2044 4495 2093 4556 Ι)
2119 4513 2214 4578 rio,
2242 4512 2426 4567 deinde
2449 4512 2675 4577 Zosimo,
2711 4512 3094 4582 conpes-antibus
3123 4514 3451 4567 conciliorum
3481 4514 3697 4582 Africa-

445 4619 554 4664 tum
586 4606 794 4662 vendita
816 4647 829 4670 ,
870 4619 990 4659 cum
1022 4602 1387 4675 eidem‘quam
1422 4600 1658 4654 maxime
1706 4600 2014 4652 adversere.

445 4701 582 4768 Quid
638 4702 690 4755 in
726 4708 901 4754 mente
946 4695 1176 4750 habebas
1205 4708 1325 4747 cum
1371 4694 1508 4745 hanc
1554 4691 1819 4760 egregiam
1873 4700 2014 4743 tuam

447 4792 658 4846 Baronii
708 4790 1073 4846 defensionem
1125 4784 1315 4839 litteris
1361 4780 1704 4837 mandabas?
1763 4779 2017 4834 Procedis

449 4885 591 4953 (pag.
618 4884 709 4950 54)
744 4901 759 4938 :

516 4972 585 5024 Id
614 4973 758 5023 elicio
787 4988 849 5026 ea:
869 4971 1030 5025 verbis
1072 4966 1335 5039 Augustini
1360 4980 1378 5028 ;
1402 4964 1586 5035 quippe
1614 4962 1727 5016 ait:
1756 4959 2019 5015 Sinceris-

444 5064 564 5119 simi
597 5064 812 5123 fratres,
845 5063 1023 5115 dilecti
1060 5076 1087 5112 a
1128 5059 1236 5113 Deo
1274 5059 1464 5111 Albine
1488 5094 1503 5118 ,
1542 5055 1789 5117 Piniaue,
1822 5060 1875 5106 et
1904 5052 2013 5106 Me-

443 5157 616 5220 lania,
654 5153 787 5222 quod
824 5167 1005 5204 nomen
1041 5150 1232 5203 fratres
1260 5151 1516 5220 signiﬁcat
1546 5150 1788 5220 majorem
1822 5156 2015 5213 partem

444 5246 698 5303 masculos
745 5261 872 5308 esse,
916 5254 963 5295 ct
1008 5243 1227 5311 epitheta
1275 5244 1604 5309 conﬁrmant,
1637 5239 2014 5308 isincerissimi,

443 5340 653 5396 dilecti.

515 5433 720 5487 Vereor
756 5442 824 5482 ne
851 5424 1161 5480 Therasiam
1199 5437 1407 5492 quoque
1441 5421 1498 5475 S.
1545 5419 1749 5475 Paulini
1793 5434 2011 5474 uxorem

444 5524 495 5576 iu
520 5524 687 5575 virum
722 5528 928 5585 mutes;
961 5533 1079 5571 nam
1113 5517 1163 5569 iu
1195 5515 1348 5569 titulo
1379 5512 1621 5581 epistola:
1650 5515 1717 5568 '54
1744 5514 1801 5567 S.
1836 5515 2015 5582 Augu-

443 5611 562 5663 Stini
597 5612 706 5663 hac
729 5611 1011 5677 leguntur:
1042 5606 1270 5660 Dominis
1313 5603 1652 5656 dilectissimis
1681 5613 1727 5657 et
1780 5604 2015 5657 sinceris-

442 5700 600 5760 simis,
632 5716 743 5751 vere
766 5700 1062 5753 leatissimis
1086 5707 1233 5764 atque
1260 5695 1699 5749 abundantissima
1735 5696 1823 5750 Dci
1845 5698 2012 5761 gratia

2120 4620 2300 4657 norum
2326 4602 2527 4667 litteris,
2558 4602 2786 4655 convicta
2807 4609 2956 4677 atque
2976 4602 3216 4655 damnata
3236 4609 3330 4666 est,
3355 4603 3538 4672 scripsi
3559 4605 3699 4657 duos

2119 4695 2270 4748 libros
2297 4694 2538 4746 adversus
2559 4709 2664 4757 eos,
2687 4709 2845 4746 unum
2868 4691 2932 4745 de
2957 4690 3137 4746 Gratia
3160 4690 3362 4755 Christi,
3387 4691 3614 4747 alterum
3637 4697 3700 4748 de

2122 4784 2338 4837 Peccato
2365 4782 2637 4853 Originali.
2658 4784 2822 4837 Porro
2841 4784 3166 4852 Augustinus
3188 4783 3348 4838 hosce
3370 4783 3534 4839 labros
3556 4802 3698 4841 nun-

2118 4875 2330 4944 cupavit
2353 4874 2567 4938 Albino,
2602 4874 2823 4926 Piniano
2853 4882 2906 4926 et
2935 4873 3192 4940 Melania,
3225 4883 3282 4927 ut
3308 4875 3483 4942 capite
3515 4878 3699 4943 primo

2120 4967 2298 5019 statim
2320 4976 2559 5033 apparet.
2583 4963 2921 5018 Innocentius
2950 4962 3175 5017 haresin
3199 4963 3393 5031 Pelagii
3414 4964 3698 5021 damnavit

2119 5073 2260 5112 anno
2289 5055 2411 5121 M6,
2444 5064 2501 5109 ut
2526 5066 2666 5123 patet
2686 5069 2750 5109 ex
2774 5054 3013 5122 ejusdem
3036 5054 3227 5110 litteris
3252 5054 3389 5108 datis
3412 5056 3478 5109 ad
3503 5057 3696 5113 Patres

2120 5148 2308 5218 synodi
2341 5145 2651 5200 Milevitana:
2679 5159 2728 5196 vt
2758 5143 2864 5196 kal.
2901 5142 3518 5208 Februarias.'ﬂonorio
3548 5148 3691 5217 Aug.

2122 5244 2175 5290 et
2203 5235 2509 5289 Constantio
2536 5232 2602 5288 ν.
2626 5232 2688 5286 C.
2711 5248 2892 5287 conss.
2919 5232 3162 5288 Zosimus
3187 5249 3326 5289 anno
3347 5236 3449 5289 418
3471 5240 3693 5292 eosdem

2124 5326 2403 5380 harclicos
2442 5322 2668 5392 repetita
2706 5325 2968 5376 sententia
3008 5323 3337 5391 proscripsit.
3367 5324 3547 5391 Quare
3586 5326 3692 5380 duo

2124 5417 2201 5472 illi
2234 5416 2351 5469 libri
2375 5430 2507 5484 quos
2534 5413 2727 5467 Albino
2756 5453 2770 5476 ,
2806 5412 3025 5465 Piniano
3054 5425 3115 5464 ac
3144 5411 3384 5467 Melania
3411 5414 3468 5468 S.
3500 5416 3689 5470 doctor

2122 5508 2410 5577 inscripsit,
2444 5522 2583 5561 anno
2608 5505 2795 5560 eodem
2834 5502 2940 5556 418
2978 5501 3106 5555 editi
3136 5512 3278 5558 sunt.
3317 5504 3385 5557 At
3413 5507 3553 5559 lilius
3583 5506 3687 5561 Me-

2122 5603 2273 5655 lanie
2305 5598 2529 5652 senioris
2573 5611 2726 5651 socer
2764 5593 2968 5648 Piniani
3012 5592 3206 5645 abhinc
3238 5607 3408 5647 annos
3446 5597 3628 5663 viginti
3662 5611 3685 5650 ε

2122 5696 2227 5745 vita
2253 5690 2589 5746 discesserat.
2616 5686 2740 5748 Scio
2772 5682 3055 5741 Baronium
3086 5680 3150 5736 ad
3173 5695 3367 5737 annum
3390 5683 3497 5741 409
3545 5685 3682 5738 Chir-
