3900 6308
122 319 205 376 549
578 324 585 331 ‘
775 307 1126 365 VARIORUM
1168 303 1760 361 EXERCITATIONES
1798 300 1860 355 IN
1900 300 1957 355 S.
2001 297 2365 355 AUGUSTINI
2407 297 2651 356 OI’ERA.
3232 299 3336 355 5in

124 433 302 487 lletiunt
332 441 455 484 vero
480 437 620 496 part.
650 426 704 492 2,
729 437 840 479 not.
867 426 921 478 in
940 424 1096 493 epist.
1132 422 1333 475 Paulini
1365 433 1483 486 cap.
1514 418 1582 472 54
1611 427 1664 471 et
1691 419 1738 477 Α
1768 416 1900 469 festa
1930 423 2266 484 peragerent.
2300 413 2534 479 Tempus
2565 426 2691 466 vero
2721 414 3071 483 navigationis
3114 419 3336 477 Possidii

126 522 200 585 55,
232 532 362 573 anno
397 517 497 570 416
532 515 769 584 ejusdem
806 514 1009 568 obitum
1042 512 1288 566 recitare.
1331 509 1525 561 Verum
1556 507 1667 560 evi-
1766 525 1829 564 ex
1854 508 2018 561 altera
2049 505 2329 573 Augustini
2355 503 2422 558 ad
2456 504 2757 559 Nectarium
2798 507 3022 573 epistola
3051 509 3157 563 25s
3190 512 3339 565 colli-

126 612 293 663 denter
334 606 602 674 utriusque
652 601 1128 658 metacbronismos
1178 598 1380 652 refello.
1424 597 1665 663 Scriptor
1764 600 1925 668 gitur,
1958 597 2045 650 ubi
2071 598 2143 648 ait
2171 614 2184 649 :
2223 594 2357 647 Nam
2383 611 2473 664 ego
2501 596 2875 665 rescripseram,
2905 613 3021 650 cum
3048 598 3218 652 adhuc
3248 617 3341 654 no-

127 704 233 754 vitas
260 698 314 752 S.
343 696 577 751 Melania!
610 703 789 748 narrat
818 692 1057 747 eamdem
1087 703 1226 742 anno
1256 687 1427 741 aetatis
1455 684 1665 740 decimo
1766 689 1957 740 biscum
1998 694 2143 752 esset,
2178 701 2335 754 neque
2364 687 2643 753 navigasset
2669 694 2875 739 sanctus
2911 688 3070 754 frater
3093 698 3140 741 et
3170 692 3340 759 coepi-

128 798 296 859 quarto
326 784 561 853 junctam
604 782 770 836 fuisse
806 781 1052 843 Piniano,
1091 784 1145 831 et
1185 791 1304 832 cum
1352 775 1485 828 duos
1531 774 1666 826 Iilios
1766 792 1947 845 scapus
1977 791 2116 828 meus
2145 773 2428 827 Pors'dius.
2458 775 2568 828 llas
2594 785 2763 828 autem
2812 793 2936 845 quas
2967 781 3060 831 mei
3088 796 3239 833 causa
3260 781 3341 834 illi

128 876 411 949 peperisset,
454 873 721 941 simulque
760 870 1055 932 amisisset,
1084 866 1149 920 de
1181 866 1282 918 vita
1312 862 1497 917 caelibe
1525 863 1668 917 serio
1768 859 2008 933 dignatus
2048 880 2098 917 es
2132 864 2358 925 reddere,
2391 865 2559 932 accepi
2590 881 2637 918 vi
2666 868 2763 919 cal.
2790 866 2978 936 Aprilis
3008 881 3118 937 post
3147 888 3339 926 menses

132 968 396 1036 cogitasse;
438 978 620 1017 verum
663 976 691 1013 a
723 970 876 1029 patre
917 958 1233 1026 prohibitam
1262 971 1329 1008 ne
1366 954 1507 1023 pium
1541 951 1667 1005 illud
1770 956 1930 1024 ferme
1967 963 2077 1007 octo
2113 970 2265 1022 quam
2304 957 2626 1021 scripseram.
2670 957 2846 1026 Itaque
2892 958 3161 1016 Possidius
3200 978 3343 1016 anno

131 1056 431 1128 propositum
470 1062 873 1121 exsequeretur.
912 1050 1100 1104 Postea
1139 1050 1254 1101 ait:
1289 1046 1379 1100 Eis
1409 1046 1607 1114 quidem
1644 1060 1671 1097 e
1770 1043 1874 1096 599
1899 1044 2109 1124 ineunte
2134 1044 2366 1112 Angusto
2394 1045 2627 1098 nondum
2654 1047 2703 1099 in
2729 1046 2925 1101 Italiam
2951 1050 3340 1118 transmiserat,

131 1148 231 1201 vivis
268 1144 453 1199 excedit
500 1142 741 1196 Melaniae
788 1150 947 1209 pater.
987 1140 1104 1206 Quo
1141 1138 1353 1206 quidem
1397 1135 1669 1198 defuncto,
1771 1134 1856 1203 qui
1889 1143 2062 1187 tamen
2101 1149 2241 1186 anno
2268 1134 2373 1189 400
2402 1145 2525 1190 ante
2562 1152 2614 1189 v1
2647 1137 2747 1190 cal.
2784 1138 2981 1207 Aprilis
3028 1141 3077 1193 in
3105 1141 3340 1195 Africam

132 1236 327 1290 Melania
362 1246 464 1287 una
503 1246 625 1285 cum
667 1230 911 1293 Piniano,
956 1228 1097 1281 tltori
1134 1226 1390 1279 societate
1428 1222 1667 1286 dimissa,
1774 1227 2025 1289 redierat,
2056 1240 2174 1279 cum
2208 1234 2331 1280 ante
2364 1227 2489 1279 illud
2516 1238 2723 1296 tempus
2753 1229 3031 1285 Nectarius
3062 1233 3344 1287 Calamen-

130 1336 409 1394 conceptum
448 1324 654 1379 dudum
685 1331 846 1376 castae
882 1321 1005 1374 vita:
1047 1319 1378 1388 propositum
1417 1325 1670 1371 exsecuta
1772 1314 1847 1368 sis
1876 1314 2048 1367 eidem
2080 1314 2137 1369 S.
2166 1316 2443 1383 Augustini
2472 1317 2673 1371 litteras
2696 1319 2993 1373 tradiderit.
3020 1320 3130 1375 lmo
3152 1323 3195 1376 si
3227 1339 3343 1376 exa-

129 1426 215 1472 est.
244 1414 492 1470 Audiatur
515 1412 756 1467 laudatus
786 1422 993 1466 auctor.
1024 1409 1115 1462 Illi
1141 1418 1309 1461 autem
1335 1423 1449 1459 cum
1473 1417 1673 1461 amotus
1772 1403 1909 1457 ctius
1939 1420 2047 1457 rem
2076 1405 2206 1485 velis
2240 1405 2574 1474 investigare,
2605 1416 2778 1471 notes,
2816 1424 3023 1476 precor,
3065 1410 3340 1465 Paulinum

127 1517 233 1561 esset
258 1508 296 1559 is
323 1507 405 1575 qui
437 1504 759 1576 prohibebat,
801 1504 1005 1573 quando
1038 1501 1142 1554 Deo
1168 1502 1328 1554 visum
1356 1508 1450 1562 est,
1474 1508 1519 1550 et
1550 1506 1675 1549 tem-
1774 1494 1827 1548 in
1861 1495 2067 1548 laudata
2097 1496 2317 1563 cpistola
2346 1496 2434 1561 M,
2466 1497 2516 1550 in
2549 1514 2647 1566 qua
2672 1498 2738 1552 de
2766 1500 2912 1553 obilu
2943 1503 3113 1557 soceri
3138 1503 3343 1559 Piniani

127 1614 205 1665 pus
239 1596 456 1661 vocabat,
503 1595 676 1648 statim
716 1593 916 1663 quidem
956 1600 1137 1646 exeunt
1175 1606 1201 1643 e
1233 1606 1416 1659 magna
1455 1588 1671 1649 civitate,
1773 1600 1836 1640 ac
1875 1588 2168 1640 constantia
2214 1590 2400 1644 matris
2442 1589 2678 1643 Melaniae
2718 1605 2840 1645 cum
2884 1592 3042 1646 laude
3088 1594 3344 1662 loquitur,

128 1686 344 1738 urbanam
364 1684 743 1737 multitudinem
762 1693 809 1735 et
833 1682 1075 1735 tumultus
1096 1681 1262 1734 valere
1273 1680 1529 1749 jubentes.
1550 1676 1673 1729 Erat
1708 1735 1746 1750 η
1776 1678 2010 1733 scribere
2039 1694 2096 1733 se
2127 1680 2268 1733 circa
2305 1680 2444 1734 diem
2477 1681 2668 1735 festum
2720 1683 3079 1750 apostolorum
3121 1685 3257 1739 Petri
3290 1695 3344 1741 et

130 1776 173 1827 id
194 1774 410 1844 temporis
431 1773 656 1827 Piniano
682 1782 805 1826 tetas
834 1772 1007 1842 viginti
1027 1779 1245 1840 quatuor
1270 1784 1537 1830 annorum,
1565 1766 1675 1819 ille-
1707 1735 1747 1793 Β

130 1867 258 1919 lenite
297 1873 459 1919 autem
505 1864 707 1933 viginti.
741 1863 1005 1917 Palladius
1049 1863 1206 1916 etiam
1247 1862 1419 1928 Capite
1465 1859 1565 1913 II!)
1606 1856 1673 1911 de
1776 1860 1863 1926 qui
1892 1858 2199 1926 aliquandiu
2230 1859 2409 1912 Romae
2440 1869 2592 1912 antea
2625 1869 2882 1924 moratus,
2923 1876 3027 1914 non
3066 1872 3348 1918 curaverat

130 1956 290 2009 eadem
316 1954 499 2009 scribit
528 1971 542 2006 :
582 1952 831 2007 Vicesimo
860 1968 977 2023 ergo
1004 1967 1110 2005 sua:
1138 1952 1300 2005 artatis
1325 1965 1459 2002 anno
1486 1947 1674 2000 mundo
1775 1950 1932 2002 citius
1952 1948 2164 2002 easdem
2196 1948 2259 2002 ad
2283 1950 2345 2002 se
2365 1949 2416 2001 in
2440 1948 2781 2017 Campaniam
2813 1952 3348 2017 transmittere.Qnid

132 2046 378 2098 renuntiat.
408 2045 585 2111 Quare
614 2043 869 2097 Pinianus
898 2041 1185 2109 superstite
1213 2054 1402 2093 socero
1428 2053 1518 2092 sex
1552 2046 1673 2090 trin-
1776 2056 1904 2095 vero
1948 2042 1999 2093 in
2038 2040 2124 2094 illa
2156 2040 2377 2108 epistola
2416 2042 2743 2107 Augustinus
2770 2042 3066 2109 scripserit,
3110 2045 3349 2097 attende.

135 2146 222 2188 tum
246 2135 390 2190 annis
418 2149 540 2189 cum
572 2148 738 2189 uxore
776 2133 996 2187 Melania
1026 2132 1175 2185 vixit.
1222 2130 1361 2184 Idem
1400 2144 1526 2182 vero
1557 2127 1674 2181 Pal-
1776 2129 2007 2182 Docuisti
2035 2144 2132 2192 me,
2164 2129 2354 2196 inquit,
2382 2129 2434 2181 in
2458 2129 2643 2196 spiritu
2675 2130 2899 2183 veritatis
2925 2132 3149 2187 salutare
3177 2134 3351 2187 mode-

132 2226 275 2279 ladius
306 2225 370 2279 de
406 2224 631 2280 Melania
677 2224 875 2279 seniori
913 2222 1153 2276 scribens
1188 2235 1310 2289 cap.
1363 2220 1497 2283 118,
1547 2219 1623 2272 ait
1656 2234 1671 2272 :
1776 2219 1927 2271 randi
1947 2220 1999 2271 in
2025 2218 2245 2271 occiduis
2268 2218 2565 2270 mortalibus
2586 2218 2744 2270 animi
2767 2229 3352 2292 temperamentumquo

131 2314 285 2369 Multis
308 2316 476 2385 itaque
497 2324 608 2384 post
637 2316 806 2381 annis,
833 2330 951 2367 cum
977 2314 1039 2365 de
1066 2312 1230 2381 neptis
1258 2319 1394 2364 statu
1419 2311 1666 2375 audisset,
1776 2320 1821 2365 et
1866 2310 2009 2363 illaut
2051 2309 2247 2363 beatam
2283 2319 2516 2373 matrem,
2556 2319 2603 2364 et
2640 2311 2805 2363 aviam
2842 2312 3119 2366 Melanium
3155 2318 3353 2383 ﬂevisse

132 2414 166 2457 et
193 2421 288 2458 eam
316 2407 581 2476 nupsisse,
620 2413 668 2458 et
696 2404 819 2459 velle
842 2404 1029 2458 steculo
1056 2402 1347 2455 renuntiare
1371 2416 1389 2453 :
1429 2400 1583 2453 verita
1614 2416 1675 2453 ne
1778 2400 2033 2454 carnalem
2055 2399 2244 2453 obitum
2267 2399 2397 2453 unici
2420 2400 2539 2468 ﬁlii,
2569 2400 2819 2453 taciturno
2852 2402 3050 2469 quidem
3076 2404 3221 2470 ﬂetu,
3252 2421 3352 2459 non

132 2498 238 2566 forte
272 2499 320 2551 in
348 2500 573 2569 aliquam
600 2498 943 2567 abriperentur
970 2496 1273 2558 doctrinam,
1301 2492 1377 2545 vel
1415 2492 1669 2557 hwresim,
1778 2498 1945 2542 tamen
1973 2490 2107 2542 sicco
2133 2505 2163 2542 a
2196 2490 2434 2543 maternis
2464 2489 2703 2558 lacrymis
2736 2489 2913 2544 dolore
2945 2493 3131 2546 vidisti.
3163 2495 3239 2548 Ex
3271 2496 3353 2551 liis

131 2586 189 2638 vel
211 2586 389 2640 malam
419 2588 594 2653 vitam,
621 2602 749 2639 anus
772 2584 839 2639 60
868 2600 1029 2637 annos
1067 2590 1187 2635 nata
1220 2597 1396 2633 navem
1424 2580 1671 2643 ascendit,
1775 2580 1995 2647 colligas
2023 2594 2267 2633 socerum
2297 2580 2523 2643 Piniani,
2558 2580 2737 2634 Iilinm-
2752 2582 2991 2636 Melaniae
3022 2585 3273 2651 senioris,
3299 2596 3354 2642 et

131 2688 163 2730 et
182 2675 400 2731 Ca’sarea
419 2678 663 2745 navigans
683 2676 858 2743 viginti
880 2674 1073 2725 dierum
1094 2672 1258 2739 spatio
1286 2671 1498 2723 Romam
1519 2669 1672 2721 venit.
1771 2669 2001 2735 junioris
2042 2677 2275 2736 patrem,
2314 2670 2509 2723 obiisse
2548 2680 2672 2725 ante
2714 2671 2905 2725 Maium
2944 2689 3032 2726 an.
3064 2677 3189 2740 599,
3231 2693 3351 2733 cum

133 2764 356 2834 Ejusdem
382 2767 436 2820 in
469 2764 675 2819 Italiam
702 2778 802 2817 una
834 2777 952 2815 cum
981 2759 1173 2813 Ruﬁno
1201 2758 1509 2821 adventum,
1535 2758 1675 2823 ejus-
1777 2756 2032 2811 Paulinus
2059 2759 2409 2813 constantiam
2437 2761 2620 2813 matris
2651 2761 2702 2815 in
2736 2773 2907 2816 morte
2938 2764 3031 2819 lilii
3062 2782 3127 2820 ex
3163 2768 3355 2823 litteris

132 2868 210 2920 que
226 2854 446 2908 Romam
472 2853 573 2907 iter
595 2851 761 2906 fusius
784 2849 1038 2905 describit
1059 2849 1109 2903 in
1138 2848 1363 2917 epistola
1392 2846 1458 2901 10
1486 2847 1549 2900 ad
1580 2846 1680 2901 Se-
1777 2847 2057 2916 Augustini
2093 2848 2430 2902 intellexerat
2460 2850 2601 2903 circa
2633 2848 2824 2905 festum
2856 2855 3255 2922 Apostolorum,
3298 2869 3356 2913 ut
3424 2918 3425 2921 η

132 2958 287 3000 verum
313 2945 372 3000 S.
398 2944 675 3009 Paulinus,
698 2941 837 3011 apud
868 2955 1024 3011 quem
1068 2940 1153 2993 illa
1184 2940 1235 2993 in
1266 2938 1547 3006 Campania
1581 2938 1674 2991 IlO-
1779 2947 2001 2992 testatur
2024 2938 2076 2991 in
2102 2940 2326 3007 epistola
2360 2940 2557 3002 u,_cui
2590 2940 2833 3006 alteram,
2865 2959 2982 3012 qua:
3010 2956 3091 3000 est
3110 2947 3237 3013 250,
3271 2965 3356 3004 re-

134 3037 293 3103 spitata
319 3045 420 3091 est.
443 3036 578 3091 Cum
603 3049 731 3089 vero
755 3034 965 3088 vivente
989 3032 1182 3087 Siricio
1210 3031 1432 3084 Melania
1457 3040 1509 3084 et
1532 3028 1675 3083 Ruli-
1700 3086 1744 3109 η
1777 3028 1955 3097 posuit
1976 3031 2323 3099 Augustinus,
2349 3031 2572 3099 degente
2595 3032 2644 3085 in
2676 3032 2818 3085 Italia
2844 3034 3105 3104 Possidio,
3122 3040 3210 3108 qui
3235 3050 3356 3109 post

136 3086 293 3103 -πηη
452 3086 577 3091 γη-
770 3086 801 3087 η
850 3086 866 3088 -
924 3086 960 3088 ν-
1006 3086 1015 3087 κ
1778 3086 1793 3097 .
2060 3086 2088 3099 ν
2312 3086 2323 3097 ,
2416 3086 2444 3099 υ
2558 3086 2561 3087 ν
2856 3086 3352 3109 ηη--ηη---τηη

136 3142 215 3181 nus
238 3127 451 3181 Romam
483 3124 818 3188 advenerim,
847 3132 904 3177 ut
931 3132 1153 3177 testatur
1180 3121 1533 3189 Ilieronymus
1552 3134 1671 3173 cum
1699 3086 1745 3148 Ο
1776 3117 1971 3173 lolium
2002 3119 2240 3185 ejusdem
2264 3121 2411 3184 anni,
2443 3136 2505 3174 ex
2531 3122 2688 3189 epist.
2718 3120 2843 3188 Ξεςῑ,
2870 3139 2935 3179 ex
2960 3125 3136 3182 Africa
3165 3129 3231 3183 ad
3259 3145 3352 3184 co-

136 3217 177 3270 in
200 3220 420 3288 apologia
447 3216 703 3283 secunda,
740 3224 849 3270 tum
885 3215 939 3269 in
974 3214 1197 3284 epistola
1238 3212 1327 3276 16,
1358 3227 1476 3281 quae
1507 3212 1675 3280 epita-
1775 3213 2019 3267 mitalum
2044 3215 2200 3283 navig
2221 3223 2402 3268 iverat.
2431 3214 2555 3269 Haec
2577 3215 2743 3269 fusius
2769 3216 2900 3283 dixi,
2930 3234 3034 3274 non
3059 3221 3197 3287 quod
3224 3224 3352 3278 tanti

136 3306 288 3374 phium
312 3307 572 3363 Marcella:
606 3306 935 3371 inscribitur,
970 3304 1142 3373 palam
1173 3304 1230 3357 lit
1259 3317 1399 3357 anno
1432 3302 1555 3366 597,
1584 3301 1673 3369 qui
1776 3306 1930 3360 fuerit
1973 3316 2088 3360 tuas
2123 3307 2192 3360 de
2231 3307 2427 3361 Albino
2464 3322 2656 3363 socero
2702 3307 2910 3363 Piniani
2950 3310 3356 3380 itnaginationes

138 3407 401 3463 postremus
429 3398 624 3453 Siricio
655 3395 773 3460 fuit,
803 3396 1079 3449 Pinianum
1104 3394 1345 3463 junctum
1378 3393 1538 3447 fuisse
1568 3393 1675 3446 Me-
1776 3397 2042 3461 refellere,
2087 3398 2178 3452 sed
2223 3409 2277 3452 ut
2317 3400 2661 3466 epistularum
2705 3413 3009 3458 sanctorum
3054 3406 3257 3461 Paulini
3302 3418 3357 3463 et

139 3486 269 3540 lanize
290 3488 480 3557 juniori
501 3529 516 3555 ,
558 3500 737 3557 neque
779 3499 933 3552 posse
962 3486 1123 3553 patris
1153 3484 1389 3552 ejusdem
1420 3491 1475 3537 et
1504 3484 1675 3539 soceri
1777 3488 2059 3555 Augustini
2084 3498 2289 3556 tempus
2313 3489 2827 3555 innotesceret,cum
2856 3493 3112 3546 Baronius
3133 3506 3183 3549 et
3207 3494 3354 3549 Clnf-

140 3572 312 3631 Piniani
344 3577 537 3631 obitum
575 3575 814 3645 protrahi
848 3575 931 3629 vel
962 3589 1081 3629 cum
1114 3574 1341 3629 Baronio
1377 3572 1442 3625 ad
1480 3587 1676 3627 annum
1779 3577 1952 3632 Iletius
1980 3578 2155 3631 alieno
2181 3592 2404 3645 prorsus
2436 3587 2673 3647 tempore
2702 3580 2915 3633 easdem
2950 3583 3194 3636 recitent.
3220 3584 3355 3641 Vide

139 3663 242 3727 I09,
260 3669 333 3721 vel
354 3682 471 3722 cum
500 3666 774 3722 Chiﬂletio
798 3665 850 3719 in
872 3680 1070 3719 annum
1097 3663 1222 3729 416,
1247 3678 1367 3717 cum
1392 3664 1678 3732 superstite
1779 3667 1960 3736 quanti
1990 3666 2177 3721 faciam
2212 3676 2352 3720 tuam
2386 3666 2529 3725 illam
2565 3668 2720 3736 plane
2759 3668 3002 3736 frigidam
3032 3670 3355 3727 admonitio-

139 3766 297 3811 socero
319 3772 408 3811 sex
430 3766 635 3812 tantum
665 3770 834 3809 annos
859 3770 978 3809 cum
1009 3768 1174 3808 uxore
1197 3752 1447 3807 Pinianus
1468 3752 1677 3806 vixerit.
1782 3771 1902 3809 nem
1934 3771 2055 3825 pag.
2091 3753 2217 3823 287,
2254 3755 2307 3808 in
2342 3757 2445 3809 line
2471 3757 2651 3825 operis
2686 3768 2871 3810 contra
2913 3756 3115 3826 Lupum
3153 3777 3165 3812 :
3201 3760 3357 3815 Norit

141 3844 295 3901 Exstat
314 3848 377 3904 de
398 3848 542 3903 obitu
564 3847 741 3902 soceri
764 3845 1001 3915 ejusdem
1026 3845 1246 3914 insignis
1276 3844 1498 3911 epistola
1525 3843 1595 3897 AM
1618 3842 1676 3898 S.
1784 3842 1963 3907 Naris,
1992 3859 2105 3895 cum
2138 3860 2170 3896 α
2201 3843 2429 3913 principe
2457 3844 2808 3898 ecclesiasticae
2832 3844 3057 3900 historia:
3081 3850 3288 3915 recedit,
3325 3867 3357 3904 a

144 3934 349 4004 Paulini,
378 3954 494 4007 qua:
522 3939 668 3991 inter
696 3933 1213 4005 Augustinianas'est
1238 3932 1345 3986 249
1384 3931 1448 3985 ad
1479 3932 1535 3986 S.
1574 3931 1680 3984 Au-
1780 3948 1895 3986 vero
1916 3933 2167 3987 recedere.
2202 3933 2485 3987 Baronium
2509 3942 2562 3989 et
2585 3949 2830 4001 veneror,
2859 3945 2913 3990 et
2936 3946 3195 3994 nocturna
3210 3940 3356 3996 diur-

144 4027 397 4095 gusliuum,
425 4026 507 4083 cui
536 4028 596 4084 S.
633 4027 820 4081 doctor
846 4024 897 4078 in
928 4034 1235 4093 sequentem
1267 4021 1544 4090 epistolam
1574 4019 1682 4074 9.50
1783 4040 1955 4095 naque
1979 4041 2136 4079 manu
2165 4026 2304 4079 illius
2328 4026 2671 4095 dignissimos
2691 4026 2853 4081 cedro
2878 4029 3112 4085 Annales
3137 4034 3354 4099 evolwn;

144 4120 364 4185 reposuit,
409 4135 471 4173 ex
498 4134 602 4189 qua
636 4132 807 4171 annus
835 4116 1007 4169 obitus
1045 4115 1133 4167 lilii
1164 4113 1403 4168 Melania:
1432 4110 1680 4174 senioris,
1785 4113 1922 4167 haud
1949 4124 2124 4168 tamen
2150 4115 2218 4168 ita
2242 4115 2358 4169 viro
2384 4115 2594 4170 deditus
2621 4132 2760 4183 sum,
2786 4127 2841 4171 ut
2866 4120 3111 4175 eumdem
3139 4125 3354 4181 veritati

145 4208 214 4271 qui
238 4207 424 4264 Piniani
455 4226 611 4265 socer
646 4208 761 4276 fuit,
791 4208 934 4261 clare
966 4205 1092 4260 mihi
1124 4204 1423 4258 deducitur.
1460 4202 1582 4255 llaec
1612 4199 1682 4255 ibi
1784 4205 2174 4275 praeferendum
2215 4205 2425 4259 ducam.
2468 4206 2574 4261 Sed
2613 4208 2681 4262 de
2723 4209 2804 4263 IIIS
2846 4210 2996 4279 plura
3043 4211 3262 4270 habebis
3304 4218 3356 4271 in

148 4296 357 4362 leguntur
393 4316 405 4352 :
448 4298 679 4354 Proinde
717 4298 784 4350 ad
814 4297 964 4349 istam
1003 4295 1251 4358 lwtirinm,
1292 4309 1389 4359 qua
1429 4291 1683 4344 vobiscum
1784 4297 2046 4365 apologis.
2081 4298 2289 4351 Utinam
2325 4305 2401 4359 tu,
2435 4301 2523 4367 qtti
2556 4298 2806 4364 antiiuos
2837 4301 3031 4368 fontes,
3065 4304 3207 4358 unde
3237 4306 3354 4373 plu-

149 4398 204 4437 est
238 4389 381 4456 frater
416 4390 706 4452 Possidius,
742 4403 853 4439 cum
880 4402 943 4439 ex
969 4386 1077 4455 ipso
1103 4384 1388 4450 audieritis,
1417 4398 1566 4453 quam
1595 4381 1682 4433 tri—
1716 4437 1747 4495 Ε

151 4479 217 4495 -.δέ
690 4494 695 4495 ,
727 4476 739 4495 Ι
774 4478 831 4495 πει
878 4476 965 4495 Δ--
989 4490 1063 4495 η--
1085 4474 1335 4495 ---..2--2..,-
1364 4474 1659 4495 ---μ----ιέ-

1787 4390 2039 4441 rimarum
2067 4403 2246 4442 rerum
2291 4387 2355 4441 ad
2382 4390 2651 4453 Albinum,
2686 4390 2961 4446 Pinianum
2988 4408 3048 4446 ac
3074 4393 3354 4450 Melaniam

148 4479 220 4528 stis
238 4495 336 4531 eum
356 4496 505 4533 causa
528 4476 966 4548 compulerit,lzoc
988 4490 1064 4527 me
1084 4474 1335 4527 verissime
1356 4474 1681 4542 cognoscetis,
1716 4474 1760 4495 ν
1788 4477 2165 4545 spectantium,
2192 4478 2432 4532 notitiam
2461 4479 2674 4535 haurire
2707 4490 2941 4548 poteras,
2974 4482 3242 4551 inquirere
3265 4499 3359 4538 ne-

150 4576 234 4617 etc.
254 4568 430 4623 Tristis
459 4585 586 4624 vero
613 4581 779 4622 causa
810 4581 927 4635 qua:
959 4563 1254 4619 Possidium
1280 4564 1588 4631 episc0pum
1619 4561 1767 4641 adut;
1788 4567 2016 4636 glexisti,
2045 4567 2304 4623 deductos
2331 4569 2517 4624 saltem
2550 4571 2669 4626 inde
2698 4572 2907 4626 Raronii
2940 4574 3081 4627 rivos
3100 4574 3355 4629 adiissesl

154 4658 465 4724 navigandum
504 4660 558 4715 in
593 4659 800 4713 Italiam
839 4657 1117 4726 compulit,
1148 4655 1371 4709 traditur
1400 4655 1467 4708 ab
1495 4654 1682 4709 eodem
1787 4658 1926 4711 Sane
1951 4657 2229 4714 didicisses
2249 4674 2493 4714 socerum
2520 4661 2723 4715 Piniani
2749 4677 2887 4716 anno
2908 4662 3012 4716 409
3042 4662 3358 4726 obiisse,vel

156 4743 410 4814 Augustino
439 4751 593 4821 epist.
626 4750 732 4805 202
771 4748 836 4802 ad
865 4747 1190 4802 Nectarium.
1224 4746 1434 4800 Etenim
1462 4746 1685 4814 gentiles
1788 4765 1853 4803 eo
1884 4750 1999 4819 ipso
2037 4766 2177 4804 anno
2218 4752 2356 4807 illius
2395 4754 2596 4808 obitum
2636 4769 2665 4805 a
2708 4766 2896 4820 magno
2923 4752 3185 4806 annalista
3225 4756 3359 4808 reci-

156 4831 348 4891 Calama:
377 4839 426 4892 in
453 4839 719 4900 Numidia,
750 4838 899 4906 cujus
938 4837 1105 4891 sacris
1139 4836 1407 4890 Possidius
1439 4845 1684 4904 prmet‘al.
1790 4843 1909 4905 tari,
1934 4859 2105 4913 neque
2128 4844 2371 4898 eumdem
2397 4845 2659 4898 animus
2682 4843 3025 4911 superstitem
3047 4845 3355 4913 cogitasscs.

156 4917 270 4975 iacto
291 4929 525 4995 tumultu,
554 4928 814 4998 lapidibus
840 4928 958 4980 dein
992 4928 1195 4982 facibus
1220 4926 1502 4980 ecclesiam
1532 4926 1686 4979 Cltri-

1795 4934 1974 5001 ltaque
1999 4934 2159 4987 errati
2189 4934 2413 5001 duplicis
2442 4932 2715 4986 cenvicms
2746 4947 2826 4995 es,
2855 4931 2945 5000 qui
2976 4933 3225 4989 Albinum
3258 4951 3357 5002 pu-

158 5010 410 5070 Slianorum
435 5028 677 5073 evertere
706 5019 877 5073 conati
902 5060 913 5078 ,
948 5019 1118 5085 ip~um
1152 5015 1447 5070 Possidium
1476 5017 1687 5084 episco-
1795 5023 1912 5076 tasti
1939 5022 2138 5075 Piniani
2169 5033 2391 5089 patrem,
2416 5031 2502 5073 aut
2526 5034 2791 5075 socerum.
2810 5022 2972 5076 Addis
2990 5035 3077 5076 aut
3095 5034 3356 5095 patruum.

159 5113 259 5165 pum
303 5108 361 5160 ad
405 5125 583 5164 necem
636 5113 1014 5179 qumsiverant.
1062 5108 1211 5174 Quod
1260 5107 1460 5161 facinus
1505 5107 1689 5160 scribit
1799 5114 1893 5166 llic
1938 5128 2021 5166 me
2074 5123 2310 5167 veterum
2352 5112 2672 5166 monimenta
2719 5114 2991 5170 definiunt.
3040 5116 3251 5172 Interim
3292 5132 3359 5171 ex

162 5193 446 5259 Augustinus
488 5209 842 5269 perpetratum
880 5200 1131 5253 adversus
1161 5198 1531 5251 recentissimas
1557 5199 1688 5267 leges
1796 5205 2109 5259 Trinummo
2140 5203 2308 5258 Plauti
2338 5219 2646 5272 responsum
2673 5208 2875 5274 accipe.

160 5293 312 5337 contra
334 5303 555 5357 paganos
584 5291 649 5344 ab
688 5288 1093 5358 imperatoribus
1120 5288 1346 5342 Arcadio
1374 5298 1426 5340 ct
1456 5287 1687 5341 [Ionorio
1853 5294 2025 5356 Neque
2050 5296 2187 5355 novi;
2215 5307 2376 5353 neque
2396 5302 2538 5343 natus
2561 5308 2719 5345 necne
2746 5298 2787 5345 is
2805 5296 2969 5357 fuerit,
2997 5297 3041 5345 id
3065 5297 3217 5345 solide
3239 5296 3357 5346 scio.

164 5370 269 5427 lzuas
308 5381 353 5433 in
397 5381 570 5437 Africa
622 5397 704 5435 xw
746 5382 851 5436 cal.
900 5381 1113 5449 Aprilis,
1162 5370 1355 5434 Manlio
1397 5379 1685 5433 Theodoro
1864 5385 2096 5453 Denique
2126 5384 2395 5438 concludis
2424 5401 2437 5438 :
2466 5392 2555 5436 aut
2581 5387 2908 5439 avunculum.
2944 5386 3196 5454 Superius
3228 5385 3362 5438 scri-

162 5473 274 5527 cos.,
298 5482 477 5539 nempe
502 5487 639 5526 anno
665 5473 804 5539 399,
838 5482 892 5527 ut
923 5473 1061 5526 idem
1092 5481 1315 5525 testatur
1343 5471 1435 5525 lib.
1466 5487 1591 5524 xvm
1621 5472 1686 5525 de
1792 5490 1972 5545 pseras
2005 5490 2121 5543 pag.
2153 5474 2245 5537 5'2,
2276 5488 2430 5539 posse
2458 5475 2663 5527 retineri
2690 5476 2927 5527 Albinum
2960 5490 3051 5544 pro
3084 5489 3255 5526 socero
3284 5473 3361 5527 vel

162 5546 291 5606 Civit.
314 5557 418 5623 Dei,
445 5576 559 5630 cap.
586 5562 672 5617 54.
699 5565 754 5618 In
779 5564 964 5618 eadem
990 5578 1116 5616 vero
1144 5563 1363 5633 epistola
1394 5566 1465 5617 ait
1494 5565 1690 5617 tumul-
1792 5584 1884 5620 aro
1912 5568 2062 5619 unius
2084 5568 2300 5619 duorum
2329 5565 2532 5618 Piniani
2555 5575 2599 5619 et
2625 5567 2857 5621 Melania:
2880 5581 2898 5618 :
2920 5576 2964 5618 et
2988 5568 3079 5619 hoc
3106 5567 3362 5622 arridebat

163 5645 333 5699 tuatum
362 5662 388 5701 a
417 5652 692 5721 gentilibus
718 5654 939 5729 cafeedis
965 5652 1153 5725 (viniis,
1186 5653 1309 5709 dum
1345 5654 1419 5709 illi
1453 5654 1681 5710 Floralia
1792 5658 1972 5727 magis.
2000 5658 2203 5722 Risum,
2229 5657 2415 5722 amice,
2446 5666 2647 5721 teneas,
2675 5657 2763 5727 qui
2787 5655 2945 5711 modo
2974 5657 3222 5712 Albinum
3254 5673 3361 5715 non

1776 1768 1925 1822 Pauli
1956 1770 2157 1823 litteras
2188 1770 2466 1838 Augustini
2498 1770 2769 1838 accepisse
2799 1786 2827 1823 a
2862 1771 3074 1827 Victore
3100 1772 3345 1841 diacono,
