3892 6302
518 329 617 386 551

1389 325 1936 383 SUPPLEMENTUM
1979 330 2068 383 Al)
2109 330 2333 385 Ol’EllA
2374 330 2433 387 S.
2476 330 2857 386 AUGUSTI‘NI.

3656 334 3762 393 552

515 454 695 505 avutn,
724 437 815 493 sed
837 436 1144 491 avunculum
1168 437 1373 492 Piniani
1402 439 1699 495 existimas.
1726 439 1933 494 Videris
1952 441 2089 495 velle
2118 452 2166 510 Α
2196 444 2440 497 Albinum
2488 446 2658 498 virum
2716 460 2927 498 εοοκιιω
2988 443 3125 513 apud
3176 444 3412 499 Africam
3476 448 3757 515 posuisses.

520 532 821 587 universam
866 530 1068 583 Piniani
1104 530 1475 597 cognationem
1510 539 1563 583 ct
1591 528 1903 583 afﬁnitatem
1946 546 2093 585 com-

517 622 872 694 prehendere,
900 620 1026 674 dum
1055 620 1248 674 scribis
1271 620 1522 674 Albinum
1552 620 1712 675 fuisse
1735 621 1973 689 ejusdem
2002 630 2092 675 aut

515 727 728 785 patrem,
778 721 866 765 aut
904 727 1156 772 socerum,
1204 720 1291 764 aut
1341 722 1597 780 patruum,
1642 724 1728 765 aut
1764 714 2092 767 avunculum.

514 808 705 873 Quaeso
742 813 811 867 te,
858 817 951 855 cur
990 816 1146 854 avum
1188 802 1435 866 omisisti,
1474 801 1541 856 de
1584 817 1688 869 quo
1728 812 1902 856 tamen
1936 803 2094 856 modo

519 895 891 963 cogitaveras?
918 892 1022 946 Cur
1052 900 1154 945 tam
1186 892 1294 945 cito
1322 906 1455 945 avus
1481 894 1531 945 in
1571 892 1885 945 avunculum
1920 902 2093 946 trans-

524 989 815 1059 migravit?
869 986 1037 1039 Pudet
1069 1000 1151 1038 me
1183 985 1350 1039 bonas
1382 985 1540 1039 ltoras
1569 986 1670 1039 tuis
1694 985 1840 1040 hisce
1869 986 2094 1053 phanta-

516 1081 612 1133 siis
637 1076 943 1133 refellendis
967 1076 1254 1129 insumere.

589 1169 787 1222 Horum
839 1176 1017 1220 autem
1066 1167 1299 1219 omnium
1349 1164 1611 1219 rationem
1660 1166 1861 1219 reddis.
1916 1166 1983 1220 Ut
2030 1168 2096 1221 sit

516 1263 682 1332 major
722 1270 868 1325 natu,
902 1268 947 1311 et
976 1267 1180 1327 propter
1218 1267 1417 1310 (etatem
1447 1259 1637 1327 primas
1678 1259 1914 1311 vindicet.
1960 1259 2093 1313 Rem

515 1366 623 1403 non
652 1349 921 1417 intelligis.
942 1347 1065 1401 ldeu
1088 1347 1413 1414 Augustinus
1435 1348 1487 1401 in
1513 1349 1720 1402 laudata
1750 1350 2094 1417 inscriptione

516 1441 764 1493 Albinum
809 1437 972 1507 priori
1017 1437 1135 1490 loco
1181 1437 1503 1505 nominavit,
1559 1452 1663 1491 non
1703 1439 1845 1507 quod
1887 1440 1965 1493 \‘ll‘
2007 1439 2096 1495 ille

515 1541 656 1585 esset
689 1530 859 1598 major
890 1537 1014 1581 natu
1042 1527 1165 1581 aliis
1192 1528 1422 1593 duobus,
1456 1529 1547 1581 sed
1578 1530 1698 1596 quia
1729 1544 1848 1583 cum
1882 1530 1956 1582 illi
1987 1539 2097 1585 tres

518 1622 722 1674 litteras
752 1632 1063 1673 communes
1095 1633 1190 1684 pro
1221 1617 1452 1685 Pelagio,
1486 1632 1713 1687 quocum
1744 1628 1893 1671 erant
1918 1618 1970 1671 in
2001 1620 2097 1672 Pa-

517 1712 751 1777 laestina,
779 1711 841 1762 ad
866 1709 1219 1777 Augustinum
1248 1708 1298 1760 in
1325 1708 1553 1760 Africam
1578 1707 2099 1773 exarassent,Pinia-

2196 534 2438 605 Cumque,
2482 536 2671 604 inquit,
2706 536 2948 589 Melania:
2986 537 3057 587 ita
3098 538 3259 589 visum
3295 547 3445 601 esset,
3481 553 3617 591 mare
3649 557 3761 593 eam

2191 628 2433 694 suscepit,
2464 643 2578 679 cum
2613 628 2767 680 simul
2792 630 2986 681 adesset
3018 640 3197 693 mater,
3243 644 3435 698 nempe
3476 631 3684 696 Albina,
3717 644 3761 686 et

2194 713 2466 768 Pinianus.
2502 717 2655 769 Anno
2684 718 2810 780 till),
2840 718 3029 770 Albina
3056 732 3242 772 socrus
3271 732 3390 771 cum
3443 718 3555 773 ﬁlia
3598 729 3644 773 t-t
3673 737 3760 789 ge—

2194 820 2323 859 nero
2353 814 2507 859 erant
2533 808 2581 858 in
2609 806 2811 870 Sicilia,
2846 822 2949 875 quo
2982 817 3219 874 tempore
3247 807 3490 861 Alaricns
3521 808 3761 864 Calabros

2194 897 2453 947 vastabat.
2480 896 2702 949 Rufinus
2736 898 2786 950 in
2821 898 3131 964 prazfatione
3157 898 3231 950 ad
3252 898 3507 952 llomilias
3528 899 3763 968 Origenis

2195 1001 2355 1052 super
2384 986 2664 1051 Numeros,
2698 1004 2853 1054 quem
2882 1004 2977 1041 suo
3016 988 3219 1042 auctori
3252 990 3485 1042 reStituit
3513 990 3597 1042 vir
3622 998 3758 1046 omni

2196 1076 2463 1144 prtcconin
2492 1077 2662 1144 major
2690 1078 2964 1132 Emericus
2996 1078 3235 1145 Bigotius
3258 1119 3273 1143 ,
3303 1093 3367 1134 ac
3400 1078 3628 1135 llenrico
3661 1082 3759 1135 Va-

2196 1167 2328 1221 lesio
2354 1168 2418 1222 V.
2461 1168 2522 1222 C.
2550 1170 2985 1234 communicavit,
3035 1169 3150 1223 haec
3178 1170 3251 1223 ait
3276 1186 3288 1220 :
3323 1169 3567 1235 Quamvis
3597 1188 3759 1224 aman-

2196 1259 2419 1310 tissimus
2443 1254 2583 1325 ﬁlius
2604 1269 2775 1311 noster
2807 1258 3240 1326 Pinianus,cuius
3266 1260 3563 1329 religiosum
3592 1276 3759 1316 catum

2196 1364 2290 1417 pro
2313 1364 2484 1401 umore
2510 1349 2769 1418 pudicitia)
2798 1354 3067 1421 profugum
3104 1350 3425 1413 comitamur,
3456 1352 3688 1423 injungat
3716 1365 3759 1406 et

2196 1438 2318 1490 alia.
2348 1438 2544 1491 Ibidem
2574 1454 2701 1492 vero
2729 1440 2949 1509 injectas
2980 1439 3182 1509 Rhegio
3210 1441 3407 1508 Oppido
3439 1440 3582 1495 faces
3605 1461 3757 1512 angu-

2197 1530 2415 1582 stissimo
2442 1530 2571 1599 freto
2608 1546 2637 1584 e
2667 1529 2861 1584 Sicilire
2892 1530 3067 1585 littore
3105 1544 3163 1584 se
3206 1542 3579 1601 prospectasse
3605 1543 3758 1586 testa-

2197 1627 2306 1674 tur.
2338 1620 2405 1672 At
2433 1630 2643 1673 mortuo
2674 1622 2829 1689 paulo
2859 1629 2978 1689 post
3006 1620 3216 1687 Ruﬁno,
3246 1621 3458 1687 Albina,
3492 1621 3755 1686 Pinianus,

2198 1718 2251 1761 et
2281 1708 2523 1774 Melania,
2551 1724 2609 1763 se
2637 1711 2702 1763 ad
2731 1711 2979 1779 Alypium
3004 1710 3280 1779 Tagastam
3308 1712 3618 1776 contulere;
3643 1728 3757 1780 quo-

516 1816 617 1854 nus
644 1801 823 1855 Socrui
858 1800 1067 1853 Albinae
1094 1798 1163 1850 ob
1191 1800 1361 1851 aetatis
1395 1798 1797 1864 praerogativam
1823 1838 1839 1862 ,
1871 1808 1924 1850 et
1953 1800 2092 1867 quod
2126 1810 2172 1869 Β
2200 1816 2313 1853 runt
2342 1800 2568 1854 adventu
2600 1802 2893 1867 intellecto,
2923 1802 3137 1870 scripsit
3165 1803 3230 1855 ad
3261 1803 3478 1857 eosdem
3520 1804 3757 1869 Augusti-

520 1895 611 1948 ﬁlii
642 1894 759 1946 loco
787 1890 854 1943 ab
885 1889 1071 1943 eadem
1101 1889 1399 1953 atnabatnr,
1436 1886 1573 1957 unde
1612 1887 1669 1939 S.
1710 1886 1897 1940 doctor
1933 1887 2090 1955 epist.

517 1984 623 2036 283
650 1982 896 2037 eumdem
922 1979 1130 2033 Albinae
1157 1980 1320 2046 ﬁlium
1344 1978 1494 2043 dicit,
1528 1978 1756 2046 priorem
1789 1978 1844 2030 in
1866 1978 2102 2032 subscri-

517 2078 702 2144 ptione
725 2075 1021 2127 lLtterarum
1045 2073 1219 2127 locum
1251 2072 1473 2125 honoris
1504 2083 1557 2125 et
1587 2072 1900 2127 reverentia:
1928 2073 2095 2142 gratia

512 2167 724 2221 detulit.
746 2165 878 2220 Hinc
908 2164 1015 2218 illis
1042 2164 1371 2232 respondem
1396 2163 1452 2217 S.
1483 2166 1828 2233 Augustinus,
1849 2166 2094 2219 eumdem

516 2259 568 2311 in
602 2257 951 2326 inscriptione
980 2255 1221 2308 ordinem
1251 2267 1519 2307 serratum
1547 2256 1718 2308 voluit
1746 2272 1900 2323 quem
1934 2258 1985 2310 in
2016 2257 2094 2310 in-

520 2350 808 2417 scriptione
837 2348 1146 2401 earumdem
1189 2356 1486 2400 notaverat.
1517 2347 1612 2411 lta,
1654 2354 1791 2400 teste
1827 2347 1882 2400 S.
1916 2348 2096 2400 Possi-

516 2440 629 2505 dio,
676 2440 730 2493 in
777 2438 1011 2492 indiculo
1050 2437 1394 2504 epistolarunt
1436 2437 1494 2492 S.
1539 2437 1727 2502 Patris,
1776 2436 1911 2489 hanc
1957 2437 2094 2490 inter

522 2542 749 2587 caateras
827 2531 1228 2598 inscriptionem
1286 2531 1476 2598 ponit:
1510 2531 1723 2597 Albina’,
1783 2529 2001 2583 Piniano
2048 2539 2093 2583 et

518 2621 794 2685 Helaniw;
824 2621 909 2675 ubi
940 2635 1129 2674 socrus
1158 2630 1282 2673 ante
1308 2634 1564 2688 generum
1602 2623 1923 2673 nominatur.
1959 2621 2093 2673 llinc

516 2715 768 2769 observes
791 2711 1140 2780 Augustinum
1164 2710 1383 2779 ejusque
1408 2721 1707 2765 comlaneos
1732 2710 1936 2775 Patres,
1968 2710 2096 2763 Pus-

516 2806 712 2859 siiliutn
745 2820 805 2857 ac
839 2805 1177 2872 Prospcrtnn,
1212 2802 1419 2871 quoties
1452 2812 1775 2856 memoratos
1806 2803 1969 2855 libros
2000 2817 2094 2870 ap-

516 2897 719 2963 pellare
749 2910 882 2964 Opus
923 2893 1048 2959 fuit,
1081 2893 1163 2946 vel
1200 2893 1409 2946 nomina
1453 2893 1764 2946 feminarum
1798 2893 2004 2947 Albinte
2041 2901 2094 2946 et

517 2985 761 3038 Melania:
782 2982 1047 3046 omisisse,
1065 2983 1147 3034 Vel
1173 2982 1450 3035 Pinianum
1480 2982 1691 3035 feminis
1715 2983 2087 3049 praeposuisse.

516 3074 655 3126 Audi
688 3082 928 3126 nostrum
960 3072 1024 3126 S.
1057 3071 1355 3133 doctorem,
1380 3072 1430 3121 in
1461 3088 1561 3137 quo
1589 3070 1829 3137 gloriaris
1853 3070 2091 3141 pag.287

2202 1905 2300 1944 nus
2330 1906 2432 1943 non
2460 1906 2611 1954 posse
2640 1906 2697 1945 se
2727 1892 2967 1961 llippone
2989 1892 3286 1957 discedere,
3319 1892 3509 1946 hiemis
3536 1893 3757 1961 rigorem

2200 1990 2446 2035 causatus
2485 1982 2615 2036 Cum
2642 1998 2767 2037 vero
2788 1994 2989 2052 septem
3015 1985 3067 2037 in
3087 1984 3266 2038 Africa
3287 1999 3453 2038 annos
3470 1985 3754 2054 degissent,

2200 2076 2251 2128 in
2285 2075 2617 2129 Palaestinam
2650 2080 3081 2139 transmiserunt,
3124 2086 3177 2130 ul
3205 2085 3414 2131 constat
3451 2092 3517 2131 ex
3542 2079 3679 2131 actis
3707 2078 3758 2133 S.

2196 2164 2472 2229 Melaniie;
2508 2166 2628 2217 inde
2666 2166 2870 2218 litteras
2901 2180 2995 2234 pro
3024 2165 3234 2234 Pelagio
3259 2179 3400 2217 anno
3430 2164 3535 2219 418
3564 2165 3631 2218 ad
3663 2170 3759 2221 Au-

2196 2258 2461 2324 gustinum
2487 2257 2835 2323 scripserunt,
2861 2256 3052 2323 quibus
3081 2255 3216 2310 duos
3240 2254 3576 2334 doctissimos
3601 2254 3760 2310 libros

2196 2348 2564 2400 sanctissimus
2595 2347 2752 2400 Pater
2783 2346 3041 2414 reposuit.

2267 2436 2628 2490 Laudavcrnm
2672 2437 2728 2490 S.
2778 2436 2985 2489 Paulini
3015 2436 3297 2505 epistolam
3343 2436 3483 2490 inter
3517 2435 3760 2503 Augusti-

2197 2527 2380 2580 nianas
2402 2526 2527 2590 249,
2547 2527 2598 2579 in
2616 2542 2717 2592 qua
2740 2525 2962 2578 Melania
2987 2542 3080 2595 pro
3102 2526 3329 2580 Melania
3350 2527 3614 2581 scribitur.
3638 2528 3758 2595 Ejus

2197 2616 2355 2671 verba
2398 2624 2522 2669 sunt
2552 2634 2565 2667 :
2601 2615 2705 2669 Sed
2737 2632 2874 2669 cesso
2915 2616 3064 2683 plura
3093 2616 3154 2670 de
3180 2618 3423 2670 memoria
3461 2628 3564 2669 tam
3599 2617 3759 2670 dilecti

2195 2706 2319 2758 nti/ti
2349 2722 2498 2774 qnam
2529 2707 2690 2758 devoti
2713 2704 2911 2759 Christo
2935 2705 3155 2760 hominis
3175 2723 3430 2771 enarrare,
3460 2718 3637 2761 cumet
3662 2726 3759 2776 prt-

2195 2796 2339 2847 stinis
2371 2796 2543 2847 litteris
2569 2810 2669 2847 non
2700 2811 2862 2865 pauca
2889 2811 3040 2864 super
3062 2811 3118 2848 eo
3146 2812 3382 2849 narrasse
3410 2812 3488 2849 me
3514 2807 3756 2864 repetam,

2194 2893 2243 2937 et
2271 2885 2401 2936 nihil
2427 2886 2613 2953 possim
2642 2886 2703 2936 de
2725 2885 2869 2938 beata
2897 2888 3050 2956 hujus
3073 2887 3168 2953 ﬁlii
3189 2896 3369 2957 matre,
3400 2897 3449 2939 et
3476 2896 3760 2940 sanctorum

2195 2986 2337 3043 patre
2358 2975 2525 3026 radice
2548 2991 2805 3031 ramorum
2824 2973 3047 3028 Melania
3073 2978 3248 3030 melius
3278 2985 3364 3028 aut
3385 2979 3609 3030 sanctius
3637 2994 3761 3044 prc-

2194 3068 2386 3134 dicare,
2419 3083 2570 3135 quam
2599 3067 2841 3120 sanctitas
2874 3076 2961 3120 tua
2991 3069 3044 3121 in
3075 3084 3182 3121 eam
3212 3069 3407 3138 profari
3437 3080 3484 3123 et
3510 3071 3761 3141 disputare

518 3162 763 3224 ltabirare,
800 3160 889 3214 lib.
944 3175 993 3211 tv
1034 3166 1217 3211 contra
1260 3159 1369 3213 Jul.
1416 3173 1534 3225 cap.
1585 3161 1617 3213 8
1650 3176 1663 3216 ;
1696 3157 1760 3212 ιη
1810 3161 2093 3214 novissimis
2123 3163 2166 3226 ρ
2198 3157 2404 3228 dignata
2429 3166 2519 3209 est.
2554 3155 2677 3209 Uac
2711 3158 2869 3209 verba
2897 3157 3070 3210 minus
3096 3158 3224 3210 milti
3260 3158 3526 3213 intellecta
3555 3161 3757 3214 scribis.

517 3251 647 3302 enim
670 3250 899 3318 partibus
923 3248 1073 3317 primi
1097 3248 1213 3301 libri
1240 3250 1333 3301 mei
1355 3252 1421 3300 ad
1446 3249 1506 3304 S.
1536 3248 1825 3314 Pinianum,
1858 3254 2000 3322 cujus
2022 3262 2093 3306 est

519 3341 694 3394 titulus
728 3340 791 3392 de
828 3339 1007 3393 Gratia
1054 3337 1147 3392 Dei
1182 3352 1357 3393 contra
1393 3340 1681 3410 Pelagium.
1727 3340 1783 3397 S.
1822 3342 2093 3397 Possidius

518 3433 799 3501 episcopus
824 3432 1177 3496 Calamensis,
1212 3432 1262 3484 in
1287 3432 1529 3501 catalogo
1562 3432 1815 3487 l:brorum
1842 3436 2091 3503 Augusti-

518 3522 761 3577 nensintn
788 3522 863 3574 ait
893 3540 905 3574 :
932 3520 1120 3575 Contra
1150 3520 1416 3589 Pelagium
1440 3534 1483 3574 et
1507 3520 1793 3576 Cwlestium
1823 3524 1885 3577 de
1913 3522 2093 3579 Gratia

519 3611 709 3665 Christi
731 3621 775 3664 et
800 3610 1019 3664 Peccato
1042 3611 1279 3680 originali
1301 3610 1414 3663 libri
1436 3612 1536 3663 duo
1558 3613 1625 3664 ad
1653 3611 1946 3678 Pinianum,
1963 3615 2095 3666 Albi-

519 3721 640 3757 num
703 3715 749 3757 et
792 3702 1090 3757 Melaniam.
1134 3701 1364 3756 Videsne
1408 3702 1493 3755 hic
1539 3703 1813 3757 Pinianum
1882 3704 2094 3758 l'eminte

520 3796 726 3849 Albinm
756 3794 1029 3861 anteponi,
1056 3808 1162 3846 non
1200 3793 1269 3845 ob
1307 3792 1477 3844 anatis
1509 3793 1863 3861 privilegium,
1900 3792 1994 3846 sed
2025 3792 2094 3848 ob

520 3883 829 3949 dignitatem
849 3882 1045 3934 sexus?
1067 3880 1235 3935 Vocat
1260 3880 1402 3933 illam
1422 3880 1680 3943 Albinum,
1706 3898 1809 3935 non
1836 3884 2091 3945 Albinam,

522 3982 580 4025 ut
604 3972 713 4038 jam
753 3969 883 4024 satis
926 3985 1190 4039 superque
1234 3971 1495 4039 intelligas
1536 3971 1683 4024 nullo
1716 3971 1839 4039 jure
1890 3982 2093 4025 tantum

522 4064 985 4134 grammaticorum
1027 4065 1305 4129 pulverem
1337 4065 1430 4115 abs
1459 4072 1509 4117 te
1540 4063 1591 4115 in
1632 4065 1805 4116 virum
1834 4065 2095 4119 amicissi-

523 4170 665 4209 tnum
697 4153 1007 4207 excitatum.
1041 4153 1098 4209 S.
1118 4155 1348 4222 PrOSper
1375 4155 1425 4207 in
1447 4156 1549 4208 line
1570 4154 1745 4221 operis
1771 4162 1954 4207 contra
1979 4154 2094 4208 Col-

524 4247 743 4302 latorem
775 4262 1064 4301 recensens
1104 4248 1385 4314 plerosque
1415 4246 1579 4300 libros
1630 4244 1925 4314 Augustini,
1960 4246 2097 4300 inter

523 4345 739 4397 easdem
768 4342 1007 4394 nominat
1035 4339 1102 4392 ad
1125 4339 1185 4393 S.
1220 4338 1495 4392 Pinianum
1519 4339 1668 4393 duos.
1703 4339 1892 4393 Fatere
1924 4340 1974 4392 in
2005 4338 2092 4392 illa

523 4434 870 4502 inscriptione
917 4445 1020 4483 non
1068 4429 1239 4482 virum
1286 4429 1558 4493 Albinum,
1600 4446 1757 4498 quem
1800 4430 1968 4499 ﬁngis,
1999 4429 2091 4483 sed

2196 3245 2245 3299 F
2248 3250 2425 3313 ei‘ellit,
2442 3249 2631 3317 inquis,
2647 3248 2791 3300 illum
2802 3248 2935 3317 quod
2952 3249 3137 3316 putauit
3148 3249 3279 3303 illud
3290 3250 3515 3305 Melanio
3531 3252 3582 3304 11
3590 3284 3603 3303 ι
3615 3254 3705 3305 lim
3716 3254 3761 3306 ἀ’

2195 3353 2300 3390 esse
2316 3339 2711 3403 attribuendum,
2731 3347 2776 3389 et
2795 3354 2946 3390 unam
2968 3339 3047 3390 hic
3061 3349 3255 3392 tantum
3278 3358 3542 3410 personam
3564 3344 3760 3413 signi/i-

2195 3427 2322 3478 cari.
2339 3427 2524 3480 Postea
2544 3426 2765 3485 :.Verunt
2779 3428 2892 3481 duce
2909 3428 2991 3480 hic
3005 3446 3231 3499 personw
3248 3436 3593 3498 nominantur,
3610 3444 3762 3486 mater

2196 3527 2243 3570 et
2272 3518 2411 3584 ﬁlius
2438 3534 2456 3571 :
2487 3517 2715 3571 Melania
2745 3528 2791 3573 et
2822 3518 3099 3576 Melanius.
3133 3522 3204 3575 De
3233 3521 3412 3589 beata,
3446 3525 3626 3592 inquit,
3660 3542 3763 3579 mar

2200 3615 2280 3659 tre
2310 3622 2323 3658 :
2355 3622 2466 3659 ecce
2491 3622 2627 3671 una;
2656 3615 2709 3661 et
2738 3618 3040 3662 sanctorum
3071 3619 3215 3677 patre
3243 3610 3423 3663 radice
3452 3626 3724 3666 ramowm
3749 3631 3761 3665 ε

2200 3712 2312 3749 ecce
2343 3697 2523 3760 altera,
2546 3699 2599 3749 id
2624 3707 2694 3751 est
2722 3698 2998 3752 Melanius.
3023 3699 3079 3755 Si
3128 3700 3407 3771 Rosweydi
3440 3705 3763 3758 eruditissimi

2194 3798 2239 3841 et
2266 3789 2623 3858 elegantissimi
2652 3800 2804 3843 notas
2834 3789 2886 3844 in
2918 3792 3183 3845 laudatam
3216 3793 3495 3860 epistolam
3522 3794 3764 3863 legisses,

2194 3887 2372 3934 textus
2399 3881 2671 3944 mendum,
2704 3882 2843 3949 quod
2876 3892 2929 3937 te
2960 3883 3165 3949 fefellit,
3192 3885 3525 3940 adnotasses.
3572 3887 3765 3944 Scribit

2201 3969 2279 4022 vir
2310 3969 2529 4037 insignis
2575 3985 2694 4040 pag.
2762 3972 2864 4025 887
2896 3990 2907 4023 :
2941 3972 3294 4029 Antecedentia
3334 3984 3381 4029 et
3416 3981 3765 4047 consequentia

2196 4060 2373 4114 docent
2404 4061 2692 4132 legendum,
2725 4072 3013 4116 sanctorum
3046 4081 3267 4120 PARITER
3291 4069 3465 4122 radice
3506 4086 3763 4122 ramorum

2196 4151 2452 4215 Melania;
2473 4169 2722 4221 nusquam
2752 4153 2886 4207 enim
2906 4155 3028 4208 alibi
3054 4158 3238 4210 mentio
3263 4157 3477 4212 Melanii
3501 4163 3683 4228 patris.
3710 4163 3762 4214 At

2195 4242 2258 4295 de
2294 4241 2544 4308 Melania,
2587 4252 2632 4296 et
2669 4257 2787 4297 ante
2822 4245 3021 4299 locutus
3050 4257 3178 4312 erat,
3206 4257 3253 4301 et
3283 4252 3524 4303 continuo
3545 4252 3760 4321 subjicit.

2204 4333 2490 4387 Videndum
2512 4352 2579 4387 an
2603 4339 2733 4405 fo'rte
2754 4335 2944 4390 dictum
2966 4339 3029 4391 sit
3056 4337 3355 4409 Melanium,
3378 4352 3430 4395 ut
3454 4341 3760 4413 Glycerium.

2200 4427 2263 4479 Et
2287 4440 2449 4481 recte.
2479 4427 2610 4481 Nam
2634 4428 2679 4482 si
2713 4437 2934 4483 matrem
2965 4430 3269 4498 Melaniam,
3292 4442 3346 4485 et
3368 4444 3578 4504 patrem
3609 4437 3759 4490 Mela—

524 4524 765 4578 Albinam
796 4534 1009 4574 socrum
1038 4519 1109 4572 ob
1131 4519 1302 4571 aetatis
1327 4519 1659 4587 privilegium
1693 4519 1893 4587 priores
1920 4527 2094 4586 partes
2129 4503 2176 4562 υ
2200 4518 2343 4571 nium
2374 4519 2681 4574 immediate
2724 4522 3012 4586 posuisset,
3042 4523 3266 4578 dixisset
3294 4503 3399 4580 non
3429 4528 3481 4579 in
3514 4544 3643 4592 eam,
3673 4529 3759 4582 sed

524 4614 730 4673 tulisse,
754 4625 872 4663 cum
915 4608 1047 4661 alias
1084 4606 1152 4660 ob
1181 4620 1341 4660 sexus
1368 4607 1675 4675 dignitatem
1707 4608 1787 4661 vel
1820 4623 1977 4672 unus,
2010 4609 2092 4662 vel

524 4706 684 4773 priori
713 4702 897 4756 saltem
928 4701 1045 4753 loco
1078 4699 1326 4752 Pinianus
1362 4714 1527 4767 gener
1552 4698 1925 4751 collocaretur.

593 4796 764 4857 Addo,
802 4794 975 4863 inquis
1028 4791 1169 4863 (pag.
1212 4788 1324 4859 54),
1367 4789 1707 4859 Augustinum
1736 4786 1948 4854 epistola
1987 4788 2090 4843 227

523 4887 737 4939 scribere
780 4886 984 4950 Albino,
1020 4884 1264 4947 Piniano,
1307 4881 1551 4945 Meliano,
1596 4881 1685 4945 qui
1722 4880 1951 4933 ridentur
1988 4898 2095 4936 esse

523 4976 673 5027 iidem
700 4990 824 5040 quos
855 4975 1244 5038 nominavimus,
1268 4974 1366 5026 nisi
1392 4973 1443 5024 in
1481 4971 1709 5025 Melania
1738 4972 1971 5025 mendum
2001 4974 2088 5039 sit,

521 5081 583 5118 ac
607 5063 872 5134 legendum
901 5065 964 5115 sit
995 5065 1253 5118 Melania}.
1288 5063 1465 5133 Itaque
1494 5064 1617 5116 mihi
1647 5078 1770 5135 pene
1795 5079 2089 5131 persuasum

520 5169 595 5213 est
636 5156 870 5210 Albinum
911 5170 1017 5207 esse
1058 5157 1397 5222 retinendum,
1450 5165 1502 5209 ut
1541 5158 1699 5209 t-irum
1733 5156 2001 5225 signiﬁcet.
2035 5155 2089 5210 Si

525 5245 753 5305 Possidii
796 5243 1089 5298 indicnlnm
1118 5245 1335 5314 legisses
1356 5289 1372 5308 ,
1412 5247 1547 5299 lianc
1576 5256 1718 5299 tuam
1751 5246 1816 5298 de
1854 5246 2092 5299 masculo

523 5343 720 5398 Albino
751 5337 1058 5407 opinionem
1091 5336 1450 5413 deposuisses.
1484 5338 1556 5389 Ita
1595 5337 1734 5390 illius
1763 5336 2000 5403 epistola:
2030 5337 2093 5390 ti-

522 5435 693 5488 tulum
720 5429 916 5485 ibidem
945 5427 1135 5483 recitat
1173 5444 1185 5479 :
1219 5426 1437 5492 Albium,
1468 5424 1690 5479 Piniano
1725 5437 1773 5479 et
1827 5426 2087 5479 Melanitc.

524 5525 781 5579 Eamdem
805 5520 1080 5575 mulierem
1109 5519 1353 5574 Albinum
1382 5525 1535 5569 vocat
1561 5516 1906 5585 Augustinus,
1938 5517 2090 5570 Albi-

522 5629 642 5665 nam
666 5612 902 5679 cjusdem
926 5613 1128 5680 collega
1153 5606 1422 5663 Possidius
1452 5614 1741 5674 nuncupat.
1774 5604 1828 5661 Si
1860 5606 2091 5659 audivis-

518 5716 608 5754 ses
644 5699 968 5765 Scriptorem
1006 5703 1127 5755 vita:
1177 5700 1233 5755 S.
1286 5698 1545 5763 Melaniae,
1593 5711 1861 5765 nunquam
1911 5696 2085 5752 eidem

2199 4608 2251 4661 in
2278 4625 2359 4662 eos
2380 4610 2576 4679 profari
2596 4611 2809 4678 dignata
2838 4622 2926 4665 est.
2960 4612 3113 4666 Adde
3144 4613 3308 4668 lilium
3335 4616 3573 4673 Melaniae
3594 4620 3757 4689 appel.

2204 4701 2365 4754 latum
2400 4717 2503 4755 non
2534 4702 2841 4767 Melanium,
2880 4704 2973 4759 sed
3002 4706 3352 4771 PubLicolam,
3378 4718 3433 4761 ut
3456 4709 3510 4762 in
3541 4715 3681 4765 notis
3701 4712 3757 4765 ad

2200 4791 2415 4845 easdem
2449 4792 2703 4861 epistolas
2732 4793 2939 4849 Paulini
2974 4811 3078 4850 non
3112 4813 3217 4853 uno
3252 4798 3368 4852 loco
3404 4799 3493 4854 tibi
3534 4803 3757 4857 indicare

2210 4892 2385 4951 potest
2416 4884 2734 4938 Chifllctius.
2774 4885 2968 4940 Verum
3000 4887 3208 4943 duobus
3236 4890 3378 4944 hisce
3401 4890 3757 4947 celeberrimis

2200 4988 2230 5027 c
2260 4974 2517 5028 societate
2542 4976 2670 5029 Jesu
2699 4976 3047 5044 scriptoribus
3070 4993 3227 5034 aures
3256 4980 3560 5049 denegasti;
3595 4999 3688 5037 cur
3710 4992 3756 5035 te

2201 5062 2374 5130 ipsum
2406 5064 2592 5117 saltem
2625 5080 2729 5117 non
2769 5066 3000 5120 audisti?
3038 5060 3227 5123 Nonne
3267 5069 3478 5123 dixeras
3516 5085 3755 5129 socerum

2193 5152 2397 5206 Piniani
2422 5154 2675 5208 Albinum
2694 5155 3059 5210 nominatum?
3080 5174 3186 5227 quo
3203 5160 3320 5229 jure
3341 5161 3567 5217 alterum
3590 5167 3753 5219 eidem

2194 5241 2413 5296 fratrem
2456 5244 2739 5303 Melanium
2779 5246 2970 5301 addis?
2995 5247 3076 5302 An
3106 5250 3240 5304 forte
3273 5252 3515 5308 dicturus
3540 5272 3601 5310 es
3634 5259 3754 5309 duos

2195 5329 2361 5388 fuisse
2400 5334 2636 5407 Melaniae
2670 5337 2827 5398 lilios,
2873 5353 3098 5407 quorum
3131 5355 3270 5395 unus
3301 5343 3579 5410 Melanius,
3613 5349 3755 5415 cujus

2198 5424 2357 5478 morti
2392 5425 2645 5480 Paulinus
2676 5428 2926 5493 indoluit;
2951 5430 3090 5485 alter
3118 5446 3248 5487 vero
3277 5433 3503 5489 Albinus
3523 5437 3753 5491 Melania:

2194 5515 2419 5583 junioris
2458 5527 2607 5585 pater
2636 5526 2691 5571 et
2725 5533 2880 5573 socer
2916 5520 3156 5576 Piniani?
3185 5523 3228 5577 Ο
3259 5524 3337 5578 te!
3367 5526 3447 5579 Ab
3478 5541 3623 5580 anno
3661 5526 3751 5581 573

2198 5608 2336 5661 unici
2370 5608 2466 5663 ﬁlii
2506 5622 2676 5664 mater
2711 5622 3041 5667 remanserat
3078 5614 3235 5669 vidua
3275 5617 3522 5673 Melania.
3565 5617 3752 5675 Scribit

2198 5700 2462 5758 Palladius
2488 5717 2607 5758 can.
2640 5704 2741 5758 HS
2761 5722 2772 5756 :
2799 5704 2915 5758 Non
2933 5714 3003 5758 est
3032 5706 3282 5762 abstracta
3297 5724 3326 5762 a
3344 5711 3622 5767 cupiditate
3639 5712 3745 5780 ﬁlii,
