3892 6314
143 334 229 388 553

783 328 1139 385 V’ARIORUM
1184 325 1783 382 EXERCITATIONES
1824 323 1886 379 ΙΝ
1926 324 1984 380 S.
2028 324 2395 382 AUGUSTINI
2435 327 2686 383 OPERA.
3267 325 3373 386 ἔλῦιίι

141 460 227 498 non
253 455 352 495 eam
375 437 535 493 divisit
564 455 593 489 a
619 437 832 491 caritate
859 438 1045 492 Christi
1078 438 1321 509 unigeniti
1351 438 1449 505 ﬁlii
1479 436 1680 491 desidc-
1710 443 1759 498 Α
1787 434 2006 502 ingenio,
2039 450 2070 485 a
2095 433 2246 485 dorso
2276 432 2508 495 multum,
2541 450 2653 485 cum
2679 433 2781 486 alio
2808 444 3124 503 comportant
3150 454 3264 507 quae
3289 441 3372 493 in-

141 537 273 590 rium.
298 528 481 586 Scribit
501 528 855 598 Hieronymus
870 529 1026 598 epist.
1052 529 1122 582 24
1144 546 1157 581 :
1181 529 1419 593 Quinimo
1441 545 1540 597 qna
1562 527 1681 582 illos

139 630 282 677 mente
306 618 647 688 contempserit
686 618 901 690 (nempe
929 628 1194 672 mortuum
1234 620 1482 672 maritum
1511 632 1574 671 ac
1602 617 1681 671 bi-

141 728 223 769 nos
248 710 390 777 ﬁlios)
421 709 470 760 in
495 708 640 761 unico
661 718 834 776 postea
854 708 965 776 [ilio
986 709 1181 774 probat.
1208 707 1405 763 Scribit
1426 709 1680 763 Paulinus

136 801 272 870 epist.
301 799 383 861 44,
416 795 694 850 Melanium
715 799 909 865 ﬂevisse
932 799 1189 851 carnalem
1213 799 1401 852 obitum
1425 800 1561 852 unici
1582 798 1680 865 ﬁlii

136 892 219 944 sui.
246 889 316 942 Tu
354 902 475 941 vero
514 896 700 941 contra
743 888 1078 942 oculatorum
1111 890 1326 944 testium
1366 890 1505 944 dicta
1545 890 1679 943 duos

134 980 346 1037 Melaniae
382 979 516 1033 ﬁlios
544 979 813 1043 obtrudis,
840 979 1090 1034 Albinum
1122 989 1177 1035 et
1208 981 1514 1044 Melanium,
1556 996 1678 1035 cum

136 1074 297 1127 unicus
326 1072 393 1126 illi
425 1072 562 1127 ﬁlius
585 1072 853 1127 Publicola
885 1072 1060 1127 fuerit.
1088 1073 1141 1127 Si
1167 1074 1396 1129 vidisses
1422 1073 1534 1128 hazc
1556 1071 1679 1127 Hie-

133 1164 310 1234 ronymi
333 1163 489 1217 verba
514 1162 565 1216 in
590 1164 748 1229 epist.
781 1163 847 1216 41
881 1163 947 1216 ad
965 1161 1244 1217 Ruﬁnum:
1270 1163 1397 1217 Erat
1419 1165 1679 1218 nobiscum

132 1265 169 1307 et
196 1252 327 1307 Ililas
353 1254 511 1305 sancti
547 1252 761 1306 Melanii
791 1253 1038 1321 famulus,
1071 1253 1311 1322 profecto
1344 1255 1551 1309 tibimet
1584 1269 1678 1324 pro

130 1345 331 1401 Melanio
355 1343 469 1397 viro
500 1344 825 1413 triumphum
853 1344 1170 1399 cecinisses.
1197 1344 1300 1398 Sed
1332 1354 1507 1400 textus
1532 1360 1680 1399 men-

129 1436 233 1489 dum
255 1432 621 1502 corrigendum
645 1441 729 1487 est
758 1448 822 1488 ex
854 1435 1059 1503 optimo
1089 1450 1188 1488 ms.
1224 1434 1568 1488 bibliothecae
1588 1449 1677 1489 se-

128 1525 360 1580 renissimi
392 1520 565 1593 Magni
604 1523 764 1578 Ducis
798 1524 849 1577 in
883 1524 1065 1592 pluteo
1098 1524 1182 1590 19,
1219 1526 1304 1579 tibi
1335 1535 1527 1579 sancta!
1566 1524 1677 1577 Me-

126 1618 255 1670 laniae
291 1616 493 1686 legitur.
530 1614 690 1669 Forte
714 1625 905 1670 sanctis
940 1615 1157 1669 Metanii
1193 1618 1449 1684 Stl'iplum
1481 1616 1581 1670 fuit
1610 1615 1676 1670 ab

125 1706 438 1776 Hieronymo,
468 1720 590 1775 qua:
611 1706 974 1774 exscriptores
1006 1706 1144 1760 haud
1177 1707 1561 1777 percipientes,
1590 1706 1675 1761 vel

122 1803 299 1849 textum
315 1806 707 1864 corruperunt,
746 1798 913 1849 sancti
944 1797 1253 1864 reddentes,
1289 1799 1374 1852 vel
1415 1798 1533 1851 sine
1574 1811 1675 1852 ne-

122 1887 341 1942 cessitate
376 1887 754 1952 emendarunt,
799 1887 1039 1942 Melania:
1068 1888 1453 1957 exprimentes.
1486 1888 1671 1942 Corri-

120 1979 297 2045 gendns
322 1978 542 2047 insuper
556 1986 636 2031 est
656 1977 971 2031 scholiastes
988 1977 1222 2041 Baronii,
1240 1981 1328 2043 qui
1352 1977 1418 2030 ad
1439 1992 1525 2031 an.
1542 1978 1673 2042 409,

121 2068 193 2122 ubi
221 2070 610 2122 eruditissimus
639 2069 931 2123 cardinalis
952 2070 1140 2124 recitat
1159 2070 1440 2138 epistolam
1468 2069 1669 2122 Paulini

119 2159 170 2212 ad
210 2160 578 2230 Augustinum,
623 2162 772 2230 ponit
808 2161 862 2214 in
906 2164 1187 2231 margine:
1232 2162 1492 2215 Metunius
1532 2170 1675 2227 pater

120 2250 368 2319 Metanira;
399 2255 598 2308 etenim
643 2253 715 2308 de
756 2253 980 2308 Melania
1012 2254 1197 2307 scribit
1241 2252 1511 2307 Palladius
1550 2267 1670 2321 cap.

120 2343 221 2409 117,
264 2343 387 2397 Fuit
426 2346 634 2415 quidem
675 2345 788 2414 [ilia
834 2345 1073 2400 Marcelli
1112 2344 1419 2399 consularis.
1457 2334 1581 2399 Scio
1621 2346 1672 2398 in

119 2434 356 2489 Chroiiico
384 2436 450 2490 D.
486 2436 797 2506 Hieronymi
826 2436 893 2490 ad
920 2452 1119 2491 annum
1144 2435 1412 2491 decimum
1433 2433 1674 2489 Valentis

117 2525 199 2579 dici
230 2526 507 2582 Melaniam
538 2528 830 2582 Marcellini
859 2530 1083 2583 consulis
1114 2529 1297 2597 ﬁliam.
1322 2527 1424 2581 Sed
1450 2526 1674 2580 Ruﬁnus

116 2616 192 2671 lib.
218 2635 247 2671 ιι
279 2620 485 2675 lnvect.
517 2621 571 2674 in
600 2621 981 2690 Hieronymum
1010 2621 1251 2676 referens
1304 2620 1467 2673 verba
1509 2618 1679 2673 Chro-

115 2710 194 2763 nici
216 2711 630 2780 llieronymiani
654 2713 868 2767 scribit:
898 2712 1190 2765 Marcellini
1212 2710 1439 2763 consulis
1455 2719 1676 2787 neptem.

118 2797 266 2855 Gessit
310 2813 506 2855 autem
561 2800 775 2853 Flavius
823 2802 1161 2855 Marcellinus
1187 2798 1524 2854 consulatum
1556 2812 1675 2853 cum

118 2886 320 2943 Probino
344 2890 561 2956 collega
582 2903 725 2943 anno
753 2888 877 2944 541.

171 2987 392 3044 Putabas
414 3029 430 3052 ,
462 2987 667 3052 amice,
697 2988 874 3043 Albini
916 2989 992 3042 tui
1031 2988 1394 3058 genealogiam
1437 2988 1681 3058 repetitis

118 3077 202 3132 illis
228 3089 310 3132 aut
336 3121 350 3144 ,
390 3088 522 3143 aut,
570 3074 819 3149 tanquam
859 3079 1061 3133 facibus
1100 3078 1403 3143 illustrare,
1445 3078 1539 3133 sed
1570 3092 1676 3132 non

1787 532 2047 577 venerunt.
2090 523 2166 577 Ita
2193 531 2298 586 est,
2327 523 2397 575 mi
2432 522 2667 589 Macedo,
2699 524 3006 578 dossuarius
3037 524 3197 581 homo
3225 544 3372 597 sum,

1785 621 1837 667 ct
1885 612 2121 680 bajulum
2166 625 2265 680 ago
2290 651 2304 676 ,
2337 621 2389 666 et
2422 612 2734 681 plerumque
2762 612 2863 666 sub
2898 613 3156 671 librorum
3203 631 3374 674 onere

1783 702 1994 757 delicio.
2044 702 2120 755 Tu
2149 716 2280 756 vero
2304 742 2319 765 ,
2352 702 2439 771 qui
2470 703 2773 770 dedignaris
2802 703 2951 759 hisce
2976 703 3201 773 baiulis,
3233 721 3296 761 ac
3323 710 3372 766 si

1783 802 1963 847 essent
1994 793 2175 847 ultima
2207 793 2274 847 de
2300 792 2429 847 faece
2456 793 2694 849 saburra:
2715 836 2730 860 ,
2761 796 3066 863 accenseri,
3102 799 3278 852 omnia
3306 800 3371 853 ab

1782 885 1987 955 ingenio
2012 883 2172 938 all‘ers
2194 925 2209 950 ,
2241 900 2272 937 a
2309 885 2459 938 dorso
2490 885 2652 949 nihil,
2685 896 2973 955 auctorem,
3003 902 3109 944 non
3137 890 3371 961 bajulum

1782 976 1918 1045 agis.
1949 974 2095 1030 Vah!
2125 989 2281 1044 quam
2310 974 2563 1030 feliciter!
2605 976 2815 1032 Etenim
2846 978 2908 1031 ab
2937 980 3137 1049 ingenio
3169 989 3256 1035 tuo
3286 988 3372 1037 est

1783 1068 1922 1121 ﬁlius
1958 1066 2172 1121 Piniani
2198 1075 2252 1121 et
2287 1065 2526 1121 Melaniae
2564 1082 2705 1122 anno
2738 1068 2842 1123 418
2882 1078 3171 1138 superstes.
3214 1070 3371 1125 Hunc

1781 1157 2043 1212 dossuarii
2072 1173 2137 1212 ex
2172 1157 2402 1213 lectione
2433 1158 2550 1213 libri
2577 1159 2642 1213 de
2669 1159 2781 1213 Vita
2812 1159 2868 1214 S.
2894 1160 3135 1215 Melania:
3159 1162 3209 1215 id
3235 1171 3370 1216 lctu-

1783 1250 1930 1316 poris
1957 1250 2154 1303 vixisse
2175 1264 2240 1303 ne
2265 1250 2564 1318 cogitarunt
2585 1250 2819 1321 quidem.
2846 1251 2921 1306 Ab
2944 1253 3145 1322 ingenio
3167 1262 3258 1307 tuo
3279 1265 3364 1308 est

1780 1356 1912 1396 avus
1938 1342 2183 1397 Melaniae
2209 1341 2460 1410 junioris,
2490 1356 2631 1395 anno
2658 1343 2845 1396 eodem
2881 1346 2931 1395 in
2964 1342 3243 1397 Palaestina
3270 1345 3364 1399 de-

1782 1446 1938 1502 gens.
1986 1431 2260 1485 Dossuarii
2290 1446 2354 1484 ex
2394 1430 2658 1485 Chronico
2696 1431 2756 1484 D.
2787 1431 3091 1500 Hieronymi
3119 1433 3364 1487 eumdem

1780 1539 1921 1579 anno
1941 1526 2045 1579 575
2066 1525 2372 1579 defunctum
2396 1535 2601 1593 putant.
2626 1524 2703 1578 Ab
2720 1526 2918 1594 ingenio
2943 1534 3032 1579 tuo
3053 1536 3137 1580 est
3160 1526 3367 1581 Piniani

1780 1623 1931 1683 pater
1974 1615 2214 1668 Albinus.
2275 1614 2425 1668 Hunc
2468 1616 2731 1669 dossuarii
2779 1629 2843 1669 ex
2891 1616 3112 1670 Palladii
3158 1617 3373 1672 Piniani

1780 1703 2020 1771 ejusdem
2050 1703 2273 1772 hospitis
2304 1703 2559 1758 Lausiaca
2588 1704 2846 1759 Severum
2875 1715 3086 1759 vocant.
3116 1704 3190 1757 Ab
3221 1707 3365 1774 inge—

1707 1808 1755 1868 B
1781 1793 1865 1846 nio
1895 1801 1984 1847 tuo
2013 1802 2095 1847 est
2124 1793 2335 1846 Piniani
2366 1807 2520 1848 socer
2549 1793 2773 1846 Albinus
2801 1807 2941 1847 anno
2972 1794 3077 1848 418
3106 1794 3244 1847 inter
3271 1793 3369 1848 ho-

1776 1883 1951 1937 mines
1994 1883 2292 1938 ambulans.
2352 1884 2504 1937 Hunc
2558 1884 2819 1938 dossuarii
2870 1898 2934 1938 ex
2984 1885 3264 1953 Augustini
3312 1894 3369 1940 et

1778 1975 1985 2029 Paulini
2018 1975 2215 2029 litteris
2245 1984 2368 2029 ante
2399 1990 2595 2029 annum
2629 1976 2732 2031 400
2760 1975 2902 2030 diem
2934 1976 3131 2032 obiisse
3164 1986 3376 2045 testans

1780 2074 1886 2119 tur.
1916 2066 1989 2117 Ab
2015 2066 2223 2137 ingenio
2248 2077 2335 2120 tuo
2358 2077 2479 2120 sunt
2502 2076 2718 2136 patruus
2742 2077 2796 2120 et
2819 2069 3112 2121 avunculus
3133 2068 3373 2137 Piniani.

1778 2157 1886 2211 Hos
1914 2157 2097 2211 miseri
2125 2157 2390 2213 dossuarii
2435 2159 2487 2212 in
2532 2158 2693 2213 nullis
2723 2168 2964 2214 veterum
3007 2160 3367 2215 monumentis

1779 2247 2075 2301 inveniunt.
2123 2247 2198 2300 Ab
2246 2249 2450 2319 ingenio
2497 2257 2589 2303 tuo
2616 2288 2632 2312 ,
2678 2249 2729 2301 in
2771 2248 2981 2302 laudata
3022 2250 3370 2317 inscriptiOne

1778 2334 1895 2389 libri
1926 2335 1993 2390 de
2017 2334 2193 2415 Gratia
2225 2336 2423 2390 Christi
2450 2378 2465 2402 ,
2499 2338 2699 2405 primas
2726 2336 2826 2392 sibi
2861 2338 3094 2392 vindicat
3120 2339 3365 2392 Albinus.

1777 2423 2053 2477 Dossuarii
2098 2439 2163 2479 ex
2208 2426 2545 2495 Augustino,
2586 2436 2641 2481 et
2683 2426 2963 2495 Possidio,
3007 2436 3061 2480 et
3100 2426 3379 2497 Prospero

1778 2515 2011 2583 priorem
2041 2515 2263 2570 Piniano
2294 2526 2542 2586 tanquam
2584 2517 2698 2570 viro
2729 2517 2903 2572 locum
2932 2517 3252 2572 concedunt.
3292 2518 3368 2570 Ab

1779 2605 1981 2672 ingenio
2014 2615 2103 2657 tuo
2132 2606 2358 2658 Albinus
2389 2608 2473 2659 vir
2514 2605 2721 2659 Piniani
2751 2615 2806 2660 et
2838 2606 3081 2659 Melania:
3106 2607 3283 2660 socius
3312 2606 3369 2660 in

1781 2695 1959 2748 Africa
1991 2695 2310 2763 publicator.
2344 2696 2609 2748 Dossuarii
2635 2710 2697 2754 ex
2724 2695 2860 2748 libro
2882 2695 2950 2749 de
2978 2696 3369 2750 Vita‘Melaniie

1784 2784 1973 2838 horum
2005 2785 2203 2839 sociam
2237 2784 2483 2838 Albinam
2521 2782 2773 2838 feminam
2805 2783 3019 2838 faciunt.
3066 2786 3138 2837 Ab
3169 2786 3370 2854 ingenio

1785 2884 1878 2930 tuo
1907 2886 2031 2930 sunt
2055 2876 2164 2930 duo
2190 2876 2419 2930 senioris
2449 2875 2693 2930 Melania:
2729 2874 2845 2940 ﬁlii,
2872 2875 3096 2931 Albinus
3120 2885 3174 2931 et
3202 2876 3367 2932 Mela-

1781 2968 1921 3021 nius.
1964 2966 2236 3022 Dossuarii
2265 2982 2334 3021 ex
2369 2966 2693 3036 Hieronymo
2718 3006 2733 3033 ,
2775 2966 3003 3021 Paulino
3040 2976 3095 3021 et
3134 2967 3370 3023 Palladio

1784 3059 1997 3113 unicum
2034 3058 2208 3112 eidem
2243 3058 2409 3112 filium
2455 3058 2618 3112 fuisse
2663 3060 3030 3126 pronuntiant.
3070 3059 3143 3111 Ab
3170 3061 3371 3130 ingenio

119 3172 253 3225 modo
282 3172 426 3226 illam
462 3148 801 3226 densissimis
850 3171 1087 3225 tenebris
1139 3169 1404 3223 iiivotvisn
1429 3194 1465 3235 ,κ
1491 3184 1676 3224 verum
1707 3172 1752 3231 c
1784 3148 2017 3219 denique
2062 3158 2153 3203 ιιιο
2182 3156 2267 3203 εει
2294 3149 2548 3218 quidquid
2578 3150 2815 3218 crsiIaS.
2848 3150 3021 3216 diciS.
3062 3152 3273 3206 scribis.
3329 3154 3373 3208 A

118 3264 253 3318 etiam
278 3265 449 3333 palam
482 3262 659 3319 fecisti
688 3272 938 3333 quantam
961 3263 1095 3316 lucis
1125 3261 1177 3316 in
1208 3262 1567 3317 ecclesiastica
1601 3262 1680 3314 hi-

118 3355 258 3409 storia
292 3357 560 3425 iacturam
611 3358 847 3425 patiaris.
898 3357 1089 3423 Quaeso
1120 3364 1172 3410 te
1196 3396 1210 3419 ,
1260 3370 1327 3409 ne
1367 3356 1592 3413 moleSte
1626 3364 1682 3410 et

117 3446 283 3500 acerbe
328 3446 469 3502 feras
507 3447 795 3516 Augustini
836 3448 1015 3501 verbis
1050 3447 1117 3501 ab
1150 3448 1324 3501 amico
1351 3446 1626 3501 admoneri
1663 3465 1674 3499 :

117 3532 167 3585 Si
182 3552 292 3605 ergo
312 3538 514 3604 penitus
542 3538 819 3591 instructus
840 3552 941 3590 non
966 3553 1040 3601 es,
1063 3553 1155 3590 cur
1180 3553 1279 3589 non
1304 3539 1503 3605 penitus
1522 3548 1681 3604 taces,

116 3636 187 3679 aut
211 3629 278 3681 ita
304 3629 530 3699 loqueris
555 3672 572 3697 ,
608 3637 665 3682 ut
694 3629 887 3682 institui
908 3637 954 3682 te
979 3629 1272 3683 desideres?
1305 3628 1419 3681 Lib.
1454 3645 1470 3683 ι
1495 3636 1681 3682 contra

115 3716 464 3789 Cresconium,
486 3736 614 3792 cap.
640 3722 692 3775 '5.
716 3720 848 3776 Cum
871 3730 1013 3774 tuam
1036 3720 1466 3788 provocationem
1490 3718 1544 3773 in
1566 3718 1682 3773 haec

116 3809 253 3875 plane
285 3813 445 3868 verba
475 3812 825 3881 concepisses
852 3820 869 3864 ἐ
902 3810 1268 3866 Examinemus
1298 3828 1545 3882 personas
1569 3813 1683 3882 qui-

118 3901 193 3955 bus
220 3920 340 3970 apus
373 3907 507 3960 illud
541 3921 697 3959 suum
721 3904 1034 3975 Augustinus
1060 3905 1331 3968 dedicavit,
1373 3914 1417 3958 et
1442 3912 1554 3957 uter
1586 3920 1678 3957 no-

116 4003 251 4049 strum
275 3997 454 4053 melius
483 4000 679 4052 sentiat
706 3997 1055 4064 experiamur,
1094 3995 1385 4050 consulere
1420 3995 1681 4050 debueras

116 4095 330 4141 Veterum
374 4091 710 4157 scriptorum
748 4087 1015 4141 volumina
1038 4125 1055 4151 ,
1094 4094 1150 4139 ut
1180 4086 1303 4141 inde
1334 4100 1679 4154 personarum

118 4172 172 4227 de
204 4177 388 4244 quibus
434 4180 569 4233 mihi
615 4178 763 4230 litem
797 4176 1105 4231 intendebas
1133 4175 1374 4229 notitiam
1416 4174 1678 4230 haut-ires.

116 4261 397 4321 Laudanlur
440 4278 555 4323 tres
607 4267 718 4321 illae
764 4280 1009 4335 personae
1054 4281 1344 4334 earumque
1394 4266 1570 4335 agnati
1615 4268 1683 4321 ab

116 4352 387 4421 Augustino
410 4397 427 4422 ,
460 4356 800 4425 Hieronymo
823 4395 838 4420 ,
877 4354 1128 4421 Paulino,
1162 4354 1435 4421 Palladio,
1466 4355 1678 4424 Ruﬁno,

117 4440 353 4514 Possidio,
385 4451 477 4519 qni
510 4466 620 4504 non
653 4448 811 4503 modo
834 4448 1035 4503 eisdem
1065 4449 1371 4512 convisere,
1397 4447 1493 4503 sed
1523 4449 1680 4503 etiam

1784 3244 1938 3297 dorso
1970 3257 2089 3298 meo
2119 3250 2235 3310 est,
2267 3244 2522 3312 quidquid
2554 3243 2620 3297 ad
2665 3254 2714 3297 te
2754 3244 3135 3299 confutandam
3168 3245 3373 3300 inveni.

1783 3331 2066 3387 Poetarum
2098 3342 2210 3398 est,
2244 3332 2315 3386 mi
2346 3333 2587 3398 Macedo,
2619 3334 2795 3386 omnia
2825 3335 3019 3389 afferre
3045 3335 3112 3388 ab
3137 3336 3373 3405 ingenio.

1783 3422 2036 3477 Poemata
2057 3463 2070 3486 ,
2104 3423 2290 3491 elegiae
2312 3463 2325 3485 ,
2355 3433 2407 3475 et
2447 3424 2784 3491 argutissima
2831 3425 2918 3477 illa
2966 3425 3367 3491 epigrammata,

1782 3512 1973 3580 quibus
2004 3511 2210 3565 ethicas
2247 3513 2505 3564 lectiones
2561 3513 2612 3564 in
2672 3512 2922 3564 Patavina
2963 3513 3215 3565 cathedra
3263 3524 3367 3567 tam

1782 3603 1957 3669 lepide
1997 3618 2082 3657 me
2112 3604 2266 3656 toties
2306 3602 2556 3654 audiente
2595 3601 2917 3655 concludere
2961 3605 3265 3667 consnesti,
3307 3607 3371 3658 ab

1782 3693 1987 3761 ingenio
2018 3702 2108 3746 tuo
2137 3692 2389 3760 eleganti,
2415 3698 2593 3757 acuto,
2624 3688 2833 3745 erudito
2864 3690 3128 3754 derivare,
3160 3708 3225 3747 ne
3250 3692 3372 3747 Zoi-

1783 3781 1867 3837 lus
1912 3780 2128 3851 quidem
2176 3780 2382 3835 inficias
2410 3780 2525 3834 ibit.
2576 3780 2648 3834 At
2692 3794 2815 3833 cum
2861 3778 3115 3835 historias
3160 3796 3372 3851 quoque

1783 3884 1979 3942 praeter
2021 3874 2257 3927 omnium
2289 3881 2529 3927 veterum
2570 3872 2886 3941 scr'ptornm
2931 3871 3085 3927 fidem
3110 3911 3127 3938 ,
3167 3873 3391 3944 ingenio'

1786 3975 1877 4021 tuo
1904 3968 2305 4029 obstetricante,
2344 3967 2395 4019 in
2425 3960 2628 4020 litteras
2655 3965 2842 4031 mittis,
2870 3976 3047 4022 nonne
3076 3967 3205 4023 illud
3234 3972 3369 4026 Mar-

1787 4058 1924 4113 tialis
1954 4058 2092 4128 (Lib.
2121 4074 2178 4125 ll,
2209 4059 2265 4127 '7)
2297 4068 2544 4127 repetere
2571 4073 2875 4126 possumus,

1966 4172 2211 4223 Historias
2224 4172 2402 4233 bellas,
2423 4170 2635 4219 carmina
2665 4171 2796 4219 bella
2821 4171 2972 4224 facis?

1856 4275 2044 4345 Perge,
2074 4275 2265 4341 amice,
2298 4274 2502 4342 ingenio
2536 4273 2720 4337 ﬁdere,
2752 4282 2803 4327 et
2834 4273 3018 4342 bajnlis
3054 4276 3193 4329 dorsi
3222 4277 3368 4332 labo-

1754 4380 1898 4447 _rem
1926 4406 1940 4430 ,
1986 4380 2049 4418 ac
2094 4379 2283 4433 graves
2330 4364 2658 4432 crebrosque
2703 4365 2802 4417 sub
2848 4376 2998 4417 vasto
3037 4366 3396 4421 voluminum-

1788 4458 2027 4526 pondere
2073 4456 2341 4535 anhelitus
2380 4456 2639 4524 exprobra
2660 4497 2676 4523 ,
2709 4467 2764 4511 ut
2804 4458 3062 4524 historiae,
3096 4474 3227 4528 quas
3260 4468 3365 4514 tam

118 4536 306 4592 easdem
333 4540 401 4594 de
431 4540 573 4594 facio
598 4547 886 4603 noverunt,
916 4540 1228 4608 illarumqnc
1255 4538 1400 4594 fuere
1424 4538 1680 4607 hospites,
1712 4526 1762 4583 D
1787 4545 1925 4600 bene
1964 4544 2259 4613 compingis
2282 4526 2409 4610 ,'ab
2437 4544 2649 4613 ingenio
2670 4585 2684 4610 ,
2726 4561 2831 4601 non
2872 4547 3033 4601 modo
3074 4526 3365 4601 verborum

118 4634 160 4675 et
181 4629 417 4695 clientes,
459 4634 543 4685 vel
587 4633 951 4685 encomiastaz.
1000 4630 1140 4684 Dicis
1169 4645 1286 4699 cap.
1316 4632 1382 4697 ὅ,
1416 4643 1514 4699 pag
1565 4630 1635 4684 25
1666 4646 1679 4682 :

120 4712 254 4770 Novit
282 4721 440 4776 Naris
470 4740 618 4777 meus
660 4723 926 4787 familiaris
966 4739 1076 4775 eum
1115 4738 1193 4775 me
1226 4738 1332 4776 esse
1359 4723 1446 4791 qui
1484 4739 1685 4776 summa

118 4823 222 4861 cura
257 4824 300 4867 et
324 4817 612 4870 intentione
650 4826 878 4868 auctores
906 4815 1047 4885 lego,
1080 4832 1141 4867 ac
1169 4815 1230 4867 iis
1264 4832 1340 4868 me
1374 4814 1591 4883 inferre,
1625 4830 1684 4867 ac

119 4901 293 4960 penitus
327 4906 617 4969 introdare,
660 4921 719 4956 ac
752 4920 928 4957 eorum
964 4920 1162 4957 sensum
1191 4904 1454 4974 diligenter
1480 4905 1685 4958 investi-

118 5003 241 5056 gare.
277 4994 414 5048 Sane
440 4996 485 5049 si
518 4996 587 5049 ad
623 4994 851 5047 tribunal
879 5009 1037 5047 vocer
1061 5036 1075 5060 ,
1124 5010 1229 5046 non
1254 4994 1425 5046 ausim
1456 4993 1561 5046 tale
1590 5010 1684 5057 pro

121 5083 164 5128 te
191 5081 548 5138 testimonium
577 5084 760 5137 dicere
788 5099 802 5147 ;
850 5083 1112 5151 siquidem
1142 5085 1404 5150 suspicor,
1443 5096 1561 5136 cum
1596 5082 1684 5135 illa

120 5168 365 5225 scribebas
388 5215 403 5237 ,
443 5185 497 5228 te
526 5189 598 5227 ne
630 5173 794 5227 semel
822 5174 1033 5241 quidem
1074 5182 1397 5225 memoratos
1440 5180 1685 5227 auctores

120 5257 324 5325 vidisse,
364 5263 566 5317 nedum
616 5273 779 5317 totum
813 5273 859 5315 te
888 5264 1066 5316 iisdem
1100 5263 1353 5327 intulisse,
1391 5279 1449 5314 ac
1489 5265 1685 5330 penitus

121 5343 454 5406 introdedfsse.
484 5354 541 5406 in
579 5352 893 5421 prmfatione
922 5352 994 5404 tui
1025 5352 1200 5420 operis
1230 5353 1479 5406 adversus
1508 5352 1683 5407 eccle-

121 5434 327 5494 siastica:
355 5442 599 5497 historia:
634 5442 991 5509 professores,
1022 5443 1206 5497 laxatis
1236 5444 1550 5512 eloquentiae
1584 5453 1685 5499 tua:

123 5522 343 5596 habenis,
371 5532 563 5602 grandi
595 5534 878 5587 verborum
906 5534 1129 5601 strepitu
1158 5533 1485 5599 declamans,
1522 5534 1687 5607 Baja—

121 5612 206 5682 los,
230 5620 424 5689 inquis,
447 5632 637 5692 agunt,
661 5639 760 5676 non
781 5633 1040 5689 auctores;
1072 5625 1124 5678 in
1146 5625 1293 5678 dorso
1315 5626 1561 5692 studium,
1588 5644 1689 5680 non

120 5704 166 5757 in
197 5712 411 5767 cerebro.
470 5713 536 5766 Et
579 5728 760 5767 rursus
790 5732 802 5765 :
838 5714 900 5766 Et
929 5716 1129 5785 quidem
1161 5718 1196 5770 ii
1227 5716 1355 5771 nihil
1380 5716 1599 5783 offerunt
1624 5718 1687 5770 ab

382 5825 663 5882 PATROL.
700 5824 946 5885 XLVII.

1788 4637 2137 4707 elegantiam,
2165 4652 2348 4691 verum
2376 4636 2536 4692 etiam
2564 4645 2853 4693 eventuum
2890 4638 3045 4690 ﬁdem
3077 4638 3364 4705 accipiant.

1790 4728 1990 4783 Scribis
2020 4744 2138 4799 pag.
2179 4729 2248 4783 55
2291 4747 2302 4782 :
2342 4728 2463 4782 Non
2489 4744 2547 4781 eo
2572 4729 2680 4781 Itarc
2717 4729 2831 4780 dico
2858 4727 2994 4793 quod
3026 4727 3171 4779 velim
3200 4730 3393 4781 conviv

1790 4820 1921 4873 cium
1957 4821 2124 4890 facere
2156 4820 2444 4874 doctissimo
2474 4821 2580 4872 viro
2617 4817 2835 4884 mihique
2854 4815 3180 4882 amicissimo,
3206 4818 3294 4871 sed
3315 4830 3395 4870 utr

1788 4912 1984 4981 aliquid
2011 4912 2124 4963 dem
2149 4911 2307 4978 lepori
2338 4920 2382 4962 et
2416 4909 2639 4973 salibus,
2670 4908 2851 4975 quibus
2884 4907 3137 4961 interdum
3176 4910 3397 4976 scripta

1790 5000 2001 5053 molesta
2021 5008 2066 5053 et
2091 5000 2314 5068 insipidu
2341 5007 2456 5050 sunt
2485 4997 2789 5051 condienda.
2816 4997 2942 5064 Quae
2966 4998 3123 5053 verba
3146 4999 3200 5054 in
3223 5002 3371 5057 calce

1789 5092 1976 5159 capitis
2004 5091 2211 5159 septimi
2241 5089 2500 5157 loqueris,
2536 5088 2586 5141 in
2616 5103 2720 5157 quo
2745 5089 2810 5143 de
2839 5089 3031 5143 Albino
3061 5095 3368 5159 grammati-

1789 5196 1908 5235 cam
1954 5190 2007 5235 et
2048 5180 2355 5234 historicum
2402 5179 2528 5232 mihi
2562 5181 2912 5248 qnmstionem
2958 5183 3205 5237 intulisti.
3249 5183 3397 5238 Non.

1789 5286 2008 5333 recuso,
2042 5280 2099 5324 ut
2125 5284 2243 5323 cum
2274 5271 2502 5338 satyricci
2528 5270 2743 5339 loquar,
2777 5271 2917 5342 Euge
2950 5281 3125 5339 tuum,
3158 5283 3204 5326 et
3241 5274 3371 5329 belle

1796 5361 2049 5431 (Persius,
2073 5371 2171 5413 sat.
2198 5361 2248 5417 1,
2274 5360 2387 5426 t9).
2421 5358 2664 5414 Profecto
2694 5362 2811 5429 quis
2833 5371 2906 5425 te,
2935 5376 2969 5415 ο
3000 5362 3236 5424 Macedo,
3262 5377 3367 5417 non

1790 5452 2102 5522 lepidissimi
2124 5450 2312 5520 judicii
2345 5451 2613 5506 hominem
2655 5452 2910 5516 fateatur,
2944 5452 3034 5519 qui
3065 5467 3149 5505 me
3182 5454 3370 5508 doctis-

1790 5546 1974 5595 simum
2003 5556 2180 5605 vocas,
2211 5540 2475 5608 simulque
2506 5542 2566 5594 ab
2600 5540 2795 5595 Orbilio
2821 5541 3171 5609 castigandum
3196 5543 3395 5599 dit-isi.

1789 5634 1958 5701 Quem
1998 5633 2236 5701 appellas
2275 5632 2641 5695 amicissimum
2670 5640 2781 5686 toto
2828 5642 2916 5683 tuo
2945 5631 3057 5687 sale
3089 5633 3367 5701 perfricas,
3394 5670 3395 5673 η

1790 5723 1931 5793 quod
1980 5722 2161 5777 hostili
2209 5721 2359 5775 rabie
2408 5714 2567 5791 super
2605 5722 2897 5777 dirutorum
2941 5721 3148 5779 urbium
3193 5724 3367 5780 solum

2936 5827 3012 5888 18
