3892 6300
486 341 591 397 κἱῦ

1412 334 1963 393 SUPPLEMENTUM
2007 337 2097 392 AD
2136 337 2360 394 OPEllA
2400 339 2455 395 8.
2498 334 2884 395 AUGUSTINI.

3670 339 3765 395 536

488 458 685 525 "pius
706 468 949 524 sparsum
971 452 1294 522 accepimus.
1325 450 1524 508 Credas
1551 469 1657 508 non
1682 453 1855 508 dicam
1881 454 2080 509 doctis-
2108 458 2159 517 Α
2186 464 2335 510 recte
2359 454 2704 509 Volusianum
2728 455 2785 509 S.
2818 451 3055 509 Melaniae
3084 454 3381 507 avunculum
3401 453 3557 509 dixit.
3594 455 3765 528 Itaque

487 551 646 612 simo,
674 548 792 617 quia
815 588 828 611 ,
862 554 919 598 ut
946 544 1177 597 Petronii
1210 543 1388 597 verbis
1418 553 1562 611 utar,
1598 561 1698 597 non
1730 560 1841 599 sum
1880 544 1943 597 de
1968 544 2078 616 glo-

490 639 675 702 riosis,
708 637 897 691 saltem
926 634 1265 696 amicissimo,
1304 642 1357 687 te
1385 634 1607 689 multum
1639 634 1743 689 olei
1778 643 1833 689 et
1874 648 2075 705 operae,

491 732 779 801 plurimum
805 742 931 782 vero
956 727 1115 781 etiam
1140 726 1268 779 salis
1294 726 1608 794 perdidisse,
1632 726 1755 782 dum
1779 727 1966 783 eodem
1992 737 2081 782 tua

448 866 452 875 ,
491 826 690 891 scripta
728 818 1024 875 condienda
1063 817 1403 883 existimasti,
1434 819 1635 873 veritus
1659 834 1727 874 ne
1758 820 1845 873 illa
1870 820 2082 873 molesta

492 927 535 969 et
570 914 795 985 insipida
834 910 1122 966 lectoribus
1153 908 1479 963 viderentur.
1533 910 1744 965 Etenim
1777 911 1822 965 si
1851 910 1949 964 sali
1992 925 2083 979 pe-

493 1009 759 1078 percisses
784 1045 797 1069 ,
830 1012 906 1058 tot
950 1000 1140 1069 lepidis
1178 1000 1245 1055 de
1282 998 1525 1069 Glycerio
1553 1041 1567 1065 ,
1609 1008 1664 1056 et
1698 1001 1979 1071 Glycerio,
2017 999 2085 1055 de

496 1097 724 1153 Melania
752 1134 768 1159 ,
816 1100 870 1147 et
911 1090 1139 1146 Melanio
1176 1090 1396 1144 scholiis
1433 1105 1719 1159 conspersa
1764 1100 1929 1157 sunt,
1978 1102 2084 1144 tam

494 1188 650 1245 bellis
689 1185 984 1242 bistoriolis
1025 1184 1091 1237 de
1137 1181 1360 1247 Albino,
1393 1191 1483 1235 aut
1513 1192 1687 1251 patre,
1721 1191 1810 1235 aut
1850 1198 1963 1246 aro,
2000 1191 2090 1233 aut

497 1278 783 1345 avunculo,
820 1286 909 1329 aut
938 1291 1111 1329 socero
1130 1315 1145 1339 ,
1176 1284 1267 1327 aut
1293 1283 1479 1344 patruo
1507 1274 1753 1339 condita,
1783 1285 1841 1328 ut
1871 1274 2089 1328 minime

498 1369 739 1425 dubitem
770 1367 896 1437 quin
928 1365 1120 1421 eruditi
1151 1380 1255 1419 non
1287 1365 1446 1420 modo
1474 1365 1627 1419 hilari
1658 1366 1869 1431 animo,
1902 1381 2087 1421 verum

498 1460 661 1514 etiam
693 1472 786 1513 ore
814 1456 1008 1511 ridenti
1048 1454 1237 1510 eadem
1277 1455 1469 1510 lecturi
1496 1456 1623 1509 sint.
1665 1456 1826 1511 Certe
1855 1467 2088 1525 egomet,

498 1552 589 1622 qui
614 1560 790 1606 tamen
822 1549 930 1605 illis
952 1549 1201 1619 impetor,
1228 1565 1333 1603 non
1366 1550 1539 1621 potui,
1575 1564 1697 1606 cum
1721 1551 1807 1605 illa
1834 1550 2089 1621 legerem,

500 1660 530 1697 a
565 1643 674 1697 risu
707 1651 1037 1711 temperare.

572 1750 835 1817 Quoniam
868 1758 972 1805 tute
1004 1749 1416 1820 elegantissima:
1443 1752 1709 1823 simulque
1732 1752 2098 1808 vehementis-

2184 544 2506 600 Volusiauus
2549 544 2647 600 fuit
2693 545 2860 601 frater
2906 544 3113 599 Albium
3160 554 3214 599 et
3260 544 3542 599 avunculus
3590 560 3766 601 sancte

2184 634 2442 691 Metanira.
2474 636 2550 690 Ex
2577 636 2659 690 his
2687 644 2858 705 pater,
2888 638 3051 689 frater
3071 648 3133 689 ac
3157 632 3352 689 familia
3375 634 3588 691 Albium
3614 638 3766 693 nullis

2184 727 2287 781 huc
2326 743 2495 795 usque
2521 726 2874 796 scriptoribus
2905 726 3170 796 indagata,
3201 725 3531 797 intelligitur.
3567 728 3766 783 Etenim

2185 820 2273 874 illa
2305 819 2403 874 fuit
2430 819 2537 874 lilia
2568 819 2705 873 Rnlii
2735 817 2941 873 Ceionii
2966 818 3143 875 Albini
3185 833 3247 874 ac
3276 832 3430 874 soror
3452 819 3598 875 Ruﬁi
3622 821 3770 876 Ceio-

2187 911 2258 965 nii
2293 911 2585 975 Volusiani,
2620 919 2678 965 ut
2706 919 2888 980 postea
2919 911 3222 967 ostendam.
3253 910 3471 967 Albinos
3496 926 3531 968 e
3558 913 3770 969 Ceionia

2188 1011 2348 1071 gente
2374 1000 2539 1055 fuisse
2572 1010 2715 1068 patet
2743 1018 2809 1055 ex
2837 1002 3061 1070 epistola
3090 1001 3296 1058 Ceionii
3325 1001 3393 1056 ad
3419 1000 3623 1059 (Ellum
3657 1007 3770 1059 Bas-

2189 1094 2420 1157 sianum,
2446 1092 2583 1161 apud
2604 1091 2963 1163 Capitolinum
2994 1094 3047 1147 in
3075 1094 3290 1159 Albino,
3318 1108 3440 1164 cap.
3468 1093 3529 1151 4.
3555 1096 3629 1151 lbi
3654 1102 3790 1151 vero‘

2191 1184 2409 1237 Clodius
2442 1184 2661 1237 Albinus
2688 1184 2891 1239 Ceionii
2918 1184 3059 1239 filius
3080 1226 3094 1251 ,
3126 1183 3217 1256 qui
3243 1200 3345 1239 una
3377 1199 3495 1241 cum
3524 1186 3771 1256 Septimio

2194 1274 2393 1328 Severo
2418 1274 2597 1329 Caesar
2623 1275 2647 1327 f
2668 1276 2741 1338 .it,
2775 1275 3018 1330 laudatur
3044 1291 3074 1330 a
3096 1276 3399 1346 Capitolino
3429 1278 3506 1332 uti
3535 1279 3772 1351 originem

2192 1382 2224 1418 a
2262 1366 2505 1420 Romanis
2541 1366 2748 1432 familiis
2778 1367 3016 1435 trahens,
3053 1367 3472 1424 Pcsthumiorum
3496 1371 3704 1436 scilicet,
3731 1382 3772 1425 et

2195 1456 2495 1510 Albinorum
2541 1456 2883 1512 Ceioniorum.
2931 1460 3058 1523 Qua:
3099 1460 3338 1530 familia,
3383 1460 3594 1530 inquit,
3635 1461 3770 1516 hodie

2195 1563 2389 1617 quoque
2408 1589 2421 1614 ,
2453 1547 2778 1603 Constantine
2801 1550 3021 1603 maxime
3038 1592 3052 1613 ,
3077 1549 3394 1605 nobilissima
3413 1561 3514 1619 est,
3542 1561 3591 1607 et
3622 1571 3706 1622 per
3730 1565 3769 1608 ιι

2198 1647 2347 1691 aucta
2369 1648 2413 1690 et
2435 1638 2690 1710 augenda,
2713 1654 2829 1709 qua:
2856 1656 2946 1707 per
2971 1637 3259 1694 Gordianos
3286 1650 3334 1695 et
3354 1638 3647 1695 Gallienum
3670 1644 3769 1711 plu-

2200 1727 2386 1781 rimum
2414 1728 2589 1782 crevit.
2640 1728 2740 1792 Qui
2771 1742 2899 1782 vero
2923 1742 2986 1783 ex
3021 1727 3118 1782 hac
3148 1728 3346 1783 familia
3369 1767 3386 1793 ,
3436 1729 3771 1786 Constantino

500 1844 653 1898 s'ma:
680 1840 1005 1912 prmfationis
1034 1840 1236 1899 mentio
1266 1841 1488 1909 incidit,
1517 1820 1666 1910 juvat
1696 1859 1855 1897 unam
1887 1853 1944 1900 ct
1968 1844 2100 1899 alte-
2129 1834 2178 1897 Β
2203 1820 2519 1912 Ῐωνθῗδηίθν
2544 1834 2783 1874 summos
2803 1820 3035 1875 honores
3057 1831 3378 1877 ⁰⁰¹¹³θ⁰υ¹ι¹⁸
3400 1822 3583 1891 fuerit»
3606 1838 3667 1879 θ’
3688 1827 3770 1879 ¹¹³⁶

499 1948 616 1987 ram
648 1931 788 1987 illius
816 1930 1095 1999 periodum
1121 1930 1207 1985 hic
1230 1931 1479 1987 recitare.
1511 1932 1635 1987 Haec
1664 1932 1884 1987 fulmina
1908 1943 2093 1990 contra

502 2024 885 2080 ecclesiastica:
913 2024 1152 2078 historia:
1176 2025 1440 2091 cultores,
1470 2040 1565 2081 seu
1592 2036 1649 2079 ut
1678 2041 1861 2093 vocas,
1896 2027 2095 2098 bajulos

502 2116 892 2180 valentissimos,
921 2129 1015 2170 ore
1044 2124 1196 2170 tonas
1225 2132 1238 2171 :
1266 2114 1333 2168 In
1360 2119 1488 2170 rutis
1517 2118 1757 2181 caesisque
1786 2127 2049 2172 versantur
2074 2134 2093 2171 :

502 2209 783 2260 danuntodo
823 2205 1142 2276 antiquarios
1180 2221 1234 2259 se
1271 2207 1562 2268 ostendant,
1606 2206 1699 2260 sibi
1728 2206 2095 2275 satisfaciunt;

504 2302 779 2355 litterarios
823 2308 869 2351 et
926 2298 1223 2351 ruderarios
1266 2304 1530 2366 priestant.
1576 2297 1905 2351 Latomcrum
1936 2300 2096 2353 instar

502 2394 702 2446 credunt
736 2391 1040 2461 lapicidinas
1072 2389 1358 2459 priscorum
1401 2400 1859 2456 monumentorum,
1895 2398 1942 2442 et
1971 2388 2095 2456 e/fe-

502 2494 623 2537 runt
650 2483 843 2554 lapides
867 2522 882 2548 ,
914 2488 961 2533 et
1009 2496 1213 2534 acervos
1257 2490 1478 2536 struunt.
1513 2482 1664 2537 Scias
1700 2482 1858 2536 velim
1887 2481 2095 2551 bajulos

502 2578 623 2631 illos
652 2573 1049 2629 valentissimos
1077 2580 1327 2628 strenuos
1352 2573 1510 2628 etiam
1537 2573 1828 2643 lapidarios
1855 2574 2095 2644 quando-

507 2682 612 2739 que
640 2680 819 2736 agere.
854 2663 989 2718 Saxa
1021 2662 1209 2718 eadem
1252 2679 1354 2731 qua
1384 2662 1654 2718 volumina
1683 2679 1846 2718 manu
1877 2663 2098 2720 volvunt

502 2775 567 2812 ac
604 2755 926 2820 revolvunt;
979 2752 1243 2823 siquidem
1284 2752 1525 2824 inscripti
1567 2753 1769 2823 lapides
1808 2752 2096 2809 certissimi

386 2874 405 2889 -
502 2850 607 2905 illis
635 2854 760 2904 sunt
788 2854 952 2902 testes
977 2844 1329 2914 antiquitatis.
1357 2844 1589 2900 Attende
1615 2844 1739 2915 quid
1764 2860 1792 2898 a
1817 2845 2095 2915 lapidariis

502 2940 680 2995 afferri
713 2939 900 3007 possit,
928 2946 983 2990 ut
1013 2936 1240 2998 Albinae,
1265 2935 1331 2990 de
1358 2951 1459 3005 qua
1492 2944 1696 2990 tantum
1731 2937 2004 3005 pulverem
2028 2938 2096 2993 ab

503 3031 717 3101 ingenio
753 3040 843 3084 tuo
874 3029 1161 3082 excitatum
1190 3026 1372 3089 video,
1416 3036 1469 3080 et
1501 3036 1686 3095 pater,
1719 3036 1775 3081 et
1815 3026 2009 3092 frater,
2041 3036 2097 3083 et

500 3124 711 3178 familia‘
727 3122 885 3178 etiam
914 3119 1297 3188 intelligantur.
1346 3117 1402 3172 lu
1434 3118 1616 3172 libello
1645 3118 1713 3173 de
1738 3118 1855 3173 Vita
1896 3119 1953 3174 S.
1986 3117 2096 3174 Me-

2199 1910 2547 1981 inscriptione
2592 1912 2779 1967 mutila
2822 1912 3092 1984 colligitur
3142 1914 3284 1984 apud
3328 1913 3620 1972 Gruterum
3662 1930 3766 1987 pag.

2198 2017 2497 2071 cccusrn,
2531 2003 2564 2059 5
2595 2018 2609 2056 :

2644 2112 3344 2184 RELIGIOSISSIMOQUE.

2370 2204 2431 2262 Ο.
2463 2204 2754 2261 CEIONIO.
2787 2202 2989 2261 RVFO.
3025 2204 3427 2262 VOLVSIANO.
3461 2206 3533 2260 ν.
3566 2206 3625 2263 C.

2405 2294 2608 2350 CORR.
2639 2291 2937 2351 ITALIAE.
2969 2297 3103 2351 PER
3131 2297 3357 2354 ANNOS
3383 2296 3591 2353 OCTO.

2604 2384 3032 2443 PROCONSVLI
3061 2386 3376 2451 AFRICAE.

2575 2476 2827 2533 conm.
2862 2478 3117 2533 DOMINI.
3151 2468 3437 2537 nosrtu.

2606 2565 3079 2625 CONSTANTINI.
3107 2569 3172 2625 1N
3180 2566 3376 2626 VICTI.

2433 2646 2524 2703 ET
2566 2646 2946 2705 PERPETVI.
2988 2653 3261 2707 SEMPER
3300 2653 3624 2711 AVGVTIS.

2361 2736 2797 2795 PRAEFECTO.
2840 2740 3066 2796 VERBI.
3130 2742 3355 2797 lVDlCl.
3398 2744 3771 2802 SACRARVI.

2604 2830 3089 2889 COGNlTlONVM.
3130 2834 3441 2891 CONSVLI.

2286 2920 2593 2978 AtCeionia
2625 2924 2820 2979 familia
2850 2934 2975 2980 ante
3006 2926 3255 2982 Albinum
3304 2928 3489 2984 Severi
3538 2929 3771 2998 collegam

2212 3008 2511 3068 Romanum
2534 3014 2720 3069 orbem
2747 3015 3022 3071 moderata
3054 3026 3172 3084 est;
3216 3018 3414 3073 etenim
3453 3018 3518 3085 L,
3549 3017 3775 3075 Ccionius

2215 3100 2267 3154 in
2294 3100 2487 3159 IEliam
2518 3112 2571 3159 et
2612 3100 2895 3161 Antoniam
2951 3107 3203 3163 familiam
3252 3110 3633 3179 transcriptus,
3673 3123 3771 3163 cum

500 3216 659 3271 lania:
697 3215 834 3285 apud
860 3214 1075 3269 Surium
1109 3212 1193 3266 die
1225 3212 1289 3266 51
1326 3211 1669 3277 Decembris,
1707 3211 2094 3282 Lippomanum

2216 3195 2446 3285 Antonio
2502 3197 2820 3268 philosopho
2866 3200 3137 3272 Augustus
3185 3203 3322 3271 fuit,
3372 3218 3435 3258 ac
3491 3204 3773 3273 appellatus

500 3324 631 3364 vero
658 3308 746 3363 die
775 3307 838 3361 3f
874 3302 1145 3369 Januarii,
1176 3301 1291 3357 lucc
1317 3302 1385 3357 de
1412 3302 1598 3356 eadem
1630 3302 1950 3366 recitantur,
1980 3319 2100 3359 cum

501 3399 816 3472 Byzantium
843 3396 1133 3467 appulisset
1162 3413 1175 3447 :
1204 3392 1401 3450 Invenit
1435 3402 1603 3447 autem
1628 3410 1774 3448 suum
1794 3409 1989 3462 quoque
2009 3411 2105 3463 pa—

2210 3282 2275 3337 L.
2306 3283 2543 3341 Cciouius
2570 3287 2752 3342 Elius
2781 3290 3087 3348 Commodus
3112 3310 3257 3349 verus
3285 3296 3536 3350 Antonius
3561 3313 3627 3352 ex
3645 3294 3769 3361 Capi.

2210 3376 2377 3429 tolino
2408 3377 2461 3431 in
2493 3379 2601 3434 vita
2627 3381 2866 3450 ejusdem
2900 3384 3069 3438 initio.
3104 3386 3249 3440 Illius
3276 3404 3408 3443 vero
3448 3399 3613 3457 pater
3642 3390 3773 3445 Ceio-

502 3465 672 3544 truum
716 3465 1051 3543 Volusianum
1082 3486 1223 3556 gravi
1264 3485 1439 3540 morbo
1466 3501 1793 3555 oppressum.
1834 3485 2022 3539 Exstat
2051 3485 2103 3541 in

2208 3466 2325 3520 nius
2353 3465 2675 3525 Commodus
2693 3471 2763 3525 ab
2793 3471 2922 3526 lladi
2937 3473 3057 3527 iano
3073 3474 3251 3530 Caesar
3269 3476 3612 3547 designatus,
3639 3476 3771 3548 paulo

502 3584 825 3651 bibliotheca
872 3578 1201 3637 serenissimi
1254 3579 1427 3650 Magni
1488 3577 1650 3633 Ducis
1702 3577 1843 3631 idem
1895 3577 2105 3633 libellus
2207 3590 2328 3646 post
2357 3580 2645 3649 improvisa
2668 3593 2837 3637 morte
2865 3583 3189 3640 decesserat.
3226 3587 3393 3642 Porro
3423 3586 3678 3645 Ceionios
3697 3588 3770 3643 Al-

502 3677 691 3731 tirzece
713 3674 969 3743 scriptus,
993 3671 1133 3726 inter
1151 3670 1408 3740 opuscula
1430 3668 1486 3723 8.
1512 3668 1756 3737 Gregorii
1779 3665 2107 3722 Nazianzeni
2204 3666 2360 3724 binos
2389 3684 2683 3741 cognomen
2734 3673 3000 3730 Volusiani
3032 3675 3281 3733 habuisse
3329 3689 3543 3735 constat
3590 3697 3652 3737 ex
3689 3680 3769 3734 hac

508 3767 564 3820 in
598 3766 777 3834 pluteo
804 3764 860 3829 7,
890 3777 1037 3817 num.
1068 3761 1123 3825 6,
1158 3760 1245 3814 ubi
1276 3759 1485 3813 laudata
1516 3758 1678 3811 verba
1709 3757 1780 3810 ita
1813 3757 2062 3827 leguntur
2089 3750 2103 3788 ³

504 3858 730 3931 εὑρίσκει
756 3852 809 3908 δὲ
839 3854 925 3907 καὶ
951 3852 1036 3906 τὸν
1068 3852 1192 3904 θεῖον
1216 3851 1374 3909 αὐτῆς
1394 3847 1716 3902 Βολουσιανὸν
1740 3848 1948 3921 χαλιπῇ
1976 3849 2104 3919 νόσῳ

503 3944 883 4018 κεκρατημένον.
946 3940 1014 3994 At
1055 3938 1244 3992 falsum
1285 3946 1368 3992 est
1414 3935 1759 3991 Volusianum
1806 3938 1971 3994 fuisse
2012 3955 2104 4008 pa-

513 4047 691 4086 truum
733 4030 793 4086 S.
826 4027 1103 4093 Melaniae;
1154 4027 1351 4081 etenim
1401 4035 1556 4096 pater
1605 4028 1849 4083 Melaniae
1897 4031 2101 4086 nullum

505 4123 727 4173 fratrem
758 4118 961 4182 habuit,
985 4132 1106 4172 cum
1139 4117 1315 4172 unicus
1336 4118 1473 4186 [ilius
1496 4117 1739 4173 Melania:
1763 4119 1960 4174 seniori
1988 4120 2103 4176 fue-

513 4211 585 4266 rit
609 4251 625 4277 ,
658 4208 1103 4280 quemadmodum
1136 4208 1490 4279 Hieronymus
1516 4250 1531 4273 ,
1558 4208 1815 4263 Paulinus
1842 4223 1907 4264 ac
1934 4209 2109 4264 Palla-

508 4302 632 4357 dius
656 4342 674 4369 ,
720 4314 947 4371 quorum
989 4300 1149 4354 verba
1178 4301 1423 4369 superius
1467 4298 1719 4369 laudavi,
1749 4300 2107 4357 disertissime

504 4398 893 4449 contestantur.
925 4390 1103 4457 Quare
1123 4404 1243 4445 cum
1268 4389 1586 4445 Volusianus
1613 4406 1718 4446 non
1748 4390 1909 4449 fuerit
1935 4391 2100 4447 frater
2136 4436 2153 4449 .

506 4483 673 4555 patris
698 4481 937 4537 Melaniae
961 4480 1213 4551 junioris,
1249 4494 1349 4534 nec
1379 4478 1532 4535 istius
1563 4489 1782 4549 patruus
1808 4482 1971 4537 scribi
2005 4497 2101 4549 po-

2204 3762 2552 3833 inscriptione
2607 3767 2746 3836 apud
2801 3782 2978 3824 meum
3036 3770 3347 3827 Panviuium
3404 3786 3550 3830 anno
3613 3773 3673 3830 Υ.
3714 3770 3766 3825 C.

2210 3837 2495 3895 MXXGVII
2523 3854 2538 3891 :

2832 3910 2889 3966 S.
2924 3911 2982 3965 Ρ.
3012 3910 3076 3977 ρ.

2278 4012 2547 4054 οειοδινκ.
2563 4013 2758 4053 RVFVI.
2779 4016 3023 4055 ALBINVI.
3039 4016 3090 4055 ν.
3108 4015 3158 4055 C.
3178 4015 3565 4060 PHILOSOPRVI.
3589 4016 3717 4059 ΜΠ.

2281 4106 2576 4146 νοινειλκι.
2605 4106 2711 4146 ινυ.
2736 4105 2859 4146 οιιυ.
2883 4106 3029 4147 COSS.
3044 4108 3241 4147 "LIVI.
3258 4108 3448 4148 SENAT.
3462 4108 3722 4150 CONSVLTO

2280 4197 2614 4244 SVOQ...EI\'S.
2636 4198 2859 4237 LlBlilllS.
2875 4198 3018 4239 POST.
3032 4198 3379 4239 CAESARIANA.
3396 4200 3664 4241 τΕὶΙΡΟΙὶΔ.
3683 4200 3716 4239 Ι.

2279 4288 2757 4330 νοετ.;.ι‹κοε.εεοι.
2767 4291 2889 4331 XXX.
2899 4291 3033 4331 ETJ.
3043 4291 3716 4334 AVCTOBITATI.DECB£VIT.

2352 4381 2435 4419 1⁸1..
2460 4382 2684 4422 ιΑοΝνε.
2721 4384 3016 4425 ελενλιιινε.
3044 4385 3095 4423 ν.
3120 4384 3172 4425 α.
3195 4386 3289 4425 VII.
3313 4385 3656 4428 STLTVARVI.

2210 4456 2341 4513 Cum
2390 4458 2530 4513 inter
2576 4460 2807 4529 majores
2850 4474 2976 4515 suos
3007 4462 3273 4516 referrent
3299 4461 3557 4517 Volusum
3604 4465 3773 4519 ducem

508 4548 637 4630 iest.
686 4572 764 4627 Es
803 4548 1156 4640 interpretum
1194 4568 1325 4622 vitio
1367 4583 1521 4623 error
1544 4548 1779 4639 vulgaris
1818 4548 2103 4626 derivavit.

2213 4548 2569 4616 Rutulorum,
2621 4551 2744 4607 inde
2773 4552 3002 4608 Albinos
3037 4551 3317 4609 Volusiani
3366 4569 3664 4626 cognomen
3704 4567 3771 4607 as-

515 4664 743 4721 l‘hotius
783 4662 968 4720 Codice
994 4660 1080 4717 Lll
1106 4659 1381 4715 Volusiani
1408 4660 1733 4714 mentionem
1760 4661 1907 4730 facit,
1935 4662 2103 4718 idem-

505 4772 611 4827 que
653 4756 849 4813 ibidem
881 4761 1216 4823 nuncupatur
1254 4752 1389 4811 οιῖος
1415 4749 1686 4823 triclinia:
1716 4752 2011 4813 Μελίανιας.
2038 4754 2107 4807 At

505 4864 705 4904 nomen
756 4849 883 4904 illud
926 4851 1053 4910 θεῖος
1079 4844 1219 4917 apud
1246 4844 1465 4900 Graecos
1500 4843 1805 4913 promiscue
1840 4845 2105 4915 significat

507 4940 726 4992 fratrem
758 4939 922 5006 patris
948 4948 1001 4994 et
1026 4938 1235 5003 matris,
1263 4948 1458 5005 nempe
1484 4941 1733 5003 patruum
1759 4934 1841 4990 vel
1864 4949 2099 4992 avuncuo

509 5029 660 5090 lum;
708 5029 1157 5094 quemadmodum
1191 5027 1331 5097 apud
1377 5027 1534 5082 ltalos
1576 5041 1679 5080 vox
1725 5030 1828 5095 aio,
1860 5036 1917 5084 et
1958 5031 2098 5099 apud

515 5120 781 5187 Hispanos
803 5118 901 5179 tio,
932 5134 1052 5187 quae
1080 5120 1240 5174 verba
1269 5135 1296 5171 a
1329 5121 1532 5175 Graecis
1554 5128 1790 5173 mutuata
1818 5135 1940 5176 esse
1970 5123 2101 5177 mihi

511 5218 721 5265 certum
748 5214 852 5271 est,
878 5205 1039 5276 idque
1063 5206 1201 5262 forte
1229 5208 1395 5262 etiam
1422 5208 1670 5264 ostendet
1696 5208 1949 5264 Octavius
1975 5210 2105 5268 Fer-

512 5304 688 5359 rarius
729 5298 795 5354 ν.
826 5296 888 5352 C.
922 5306 975 5353 et
1009 5311 1257 5368 magnum
1310 5298 1567 5353 bonarum
1610 5299 1804 5353 artium
1854 5301 1908 5354 in
1951 5300 2099 5357 Italia

512 5396 765 5451 columen
804 5400 857 5447 et
888 5389 1216 5460 praesidium,
1262 5389 1315 5444 in
1358 5405 1523 5460 opere
1559 5388 1629 5443 de
1668 5390 1886 5461 Origine
1911 5392 2106 5465 lingua:

518 5486 736 5553 Italicae,
767 5481 911 5556 quod
941 5481 1183 5552 proxime
1206 5481 1349 5551 typls‘
1374 5480 1597 5534 daturus
1625 5492 1725 5535 est.
1760 5481 2102 5551 lnterpretes,

517 5591 652 5642 quos
683 5578 820 5630 inter
849 5574 1125 5640 Schottus,
1154 5564 1483 5642 genealogia:
1512 5570 1751 5624 Melania:
1779 5572 1978 5641 ignari,
2012 5588 2107 5628 vo-

518 5678 633 5715 cem
656 5668 782 5719 θεῖον
806 5676 1038 5729 pa’ruum
1058 5662 1245 5717 Latine
1268 5660 1635 5724 reddiderunt,
1660 5675 1779 5717 cum
1800 5663 2106 5717 avunculum

524 5753 736 5809 cribere
762 5752 1104 5819 debuissent,
1144 5758 1196 5809 et
1226 5751 1441 5821 quidem
1473 5749 1735 5810 Baronius
1768 5749 1835 5808 ad
1865 5766 1953 5809 an.
1997 5750 2104 5812 £80

2213 4640 2511 4709 suntpsisse
2539 4641 2727 4697 scribit
2754 4642 2988 4700 Rutilius
3015 4643 3366 4703 Numatianus
3396 4646 3494 4705 lib.
3527 4665 3544 4704 ι
3574 4649 3773 4707 Itinera-

2214 4732 2278 4787 rii
2310 4744 2452 4786 vers.
2474 4731 2573 4787 167
2596 4749 2609 4784 :

2332 4832 2541 4898 Jamque
2565 4830 2671 4898 aliis
2691 4831 2891 4898 Romam
2916 4835 3260 4898 redeuntibus,
3290 4838 3449 4889 haeret
3470 4844 3616 4893 eunti

2402 4892 2587 4959 litibus,
2614 4893 2775 4959 Albini
2796 4895 2951 4959 gloria
2980 4899 3083 4945 viva
3112 4892 3287 4959 patris;

2336 4956 2431 5023 Qui
2458 4955 2621 5003 Volusi
2649 4955 2843 5023 antiquo
2865 4956 3065 5023 derivat
3078 4955 3599 5023 stemmateAnomen'”

2395 5016 2456 5065 Et
2482 5029 2630 5077 reges
2653 5015 2872 5077 Rutulos,
2893 5026 3023 5069 teste
3049 5020 3273 5085 Marone,
3293 5020 3465 5075 refert.

2210 5120 2363 5175 Hunc
2397 5121 2607 5174 Rufium
2639 5120 2990 5178 Volusianum
3017 5125 3223 5181 Ceionii
3254 5128 3434 5184 Albini
3473 5129 3659 5195 filium,
3688 5126 3771 5180 fra-

2212 5224 2347 5267 trem
2396 5223 2595 5265 nostra:
2625 5212 2831 5268 Albium
2859 5224 2913 5269 et
2937 5216 2994 5271 8.
3023 5216 3264 5273 Melaniae
3293 5220 3615 5275 avunculum
3644 5220 3768 5273 illum

2213 5304 2378 5358 fuisse
2420 5304 2509 5373 qui
2559 5312 2744 5373 postea
2790 5316 2977 5362 contra
3026 5309 3341 5381 Pelagianos
3371 5351 3387 5377 ,
3434 5328 3556 5368 cum
3602 5313 3767 5368 iterum

2215 5394 2347 5451 Urbi
2380 5392 2662 5462 praefectus
2692 5408 2869 5466 esset,
2909 5397 3141 5454 edictum
3191 5401 3515 5471 publicavit,
3558 5399 3770 5459 scribunt

2217 5483 2493 5538 eruditiss.
2538 5484 2638 5539 viri
2678 5487 2885 5542 cardiu.
2930 5486 3189 5544 Baronius
3225 5489 3292 5545 ad
3330 5507 3529 5546 annum
3567 5490 3689 5552 dli.
3724 5491 3769 5539 9‘

2213 5572 2446 5631 Iacobus
2474 5574 2792 5632 Sirmondus
2822 5578 2877 5633 in
2906 5579 3047 5634 notis
3077 5581 3143 5635 ad
3174 5583 3455 5652 epistolam
3484 5582 3572 5648 16,
3597 5582 3678 5638 lib.
3705 5592 3766 5634 ιι.

2214 5666 2442 5732 Sidonii,
2469 5668 2663 5738 quibus
2702 5668 2991 5725 subscribit
3021 5669 3207 5726 Rutilii
3246 5667 3565 5730 scholiastes
3602 5673 3769 5737 Caspl'

2214 5774 2305 5815 rus
2338 5758 2584 5817 Barthius
2612 5775 2755 5815 num.
2795 5758 2915 5818 169.
2947 5760 3125 5833 Itaque
3154 5760 3373 5822 Ceionia
3402 5764 3591 5823 Albina
3620 5768 3765 5819 niam
