3892 6302
115 4677 123 4717 5

187 266 290 322 557

871 268 1232 330 VARIO’RUM
1271 273 1868 337 EXERCITATIONES
1908 280 1972 336 IN
2013 282 2072 339 S.
2115 286 2488 345 AUG‘USTlNl
2527 291 2776 348 OPERA.

3355 303 3459 357 558

181 377 280 435 fuit
319 377 578 440 Melanizn.
624 386 676 434 et
715 392 903 436 socrus
936 375 1174 451 Piniani,
1214 400 1371 442 soror
1411 403 1539 443 vero
1568 389 1775 445 Ceiionii
1802 390 1856 451 Α
1949 394 2024 450 Ita
2049 396 2122 451 illi
2146 412 2288 454 anno
2304 402 2408 457 590
2430 418 2461 456 a
2483 401 2782 458 Christiana
2807 405 3064 477 religione
3083 413 3257 469 aversi
3283 425 3457 471 erant.

182 471 402 527 Venerii
438 471 551 524 liuli
587 470 1074 550 AlbiniVolusiani,
1104 477 1195 546 qui
1228 478 1426 546 pluries
1459 480 1618 534 Urbis
1647 497 1774 550 prae-

180 559 441 615 fecturam
473 561 657 628 gessit,
687 569 740 616 et
767 577 872 616 una
905 547 1027 617 cum
1062 576 1234 620 matre
1267 567 1319 620 in
1365 568 1544 624 Africa
1574 547 1774 641 degens

177 648 242 702 ad
270 649 626 718 Augustinum
657 652 907 707 ethnicus
938 655 1170 724 scripsit,
1197 667 1254 712 ut
1282 669 1427 728 patet
1452 676 1517 716 ex
1546 665 1772 733 epistola

175 741 211 796 2
243 750 377 797 tom.
411 741 453 796 ll
483 758 704 811 operum
746 744 809 800 S.
840 745 1143 816 Augustini.
1175 749 1309 804 Huic
1338 751 1628 809 Volusiano
1659 755 1770 810 Ru-

177 832 327 886 tilius
366 833 608 902 ejusdem
657 836 709 889 in
749 835 1071 907 priefectura
1104 841 1305 895 urbana
1329 843 1587 900 decessor
1615 862 1769 902 stium

173 923 520 981 ltinerarium
561 929 913 998 nuncupavit,
946 930 1088 988 unde
1128 932 1269 989 illius
1299 936 1521 991 nomina
1550 940 1771 995 concin-

173 1025 398 1074 nantur.

242 1109 399 1177 Quod
430 1125 561 1168 vero
593 1112 706 1171 haec
735 1116 916 1172 scribo
941 1119 995 1173 in
1025 1116 1266 1188 Etruria,
1294 1136 1400 1193 quo
1430 1139 1516 1180 me
1542 1126 1772 1182 serenis-

170 1195 349 1258 simus
389 1201 615 1274 Magnus
658 1207 774 1262 Dux
827 1211 1056 1264 Cosmus
1097 1210 1193 1273 lll,
1236 1214 1471 1268 eximius
1508 1215 1769 1273 bonarum

170 1294 376 1349 artium
405 1295 584 1351 cultor
613 1311 676 1352 ac
703 1309 974 1367 protector
1004 1302 1536 1360 munificentissimus
1557 1351 1571 1377 ,
1605 1323 1768 1364 voca-

168 1381 289 1453 vit,
333 1383 495 1440 liceat
531 1387 822 1445 observare
858 1389 1085 1446 Albinos
1137 1393 1457 1450 Volusianus
1494 1411 1558 1451 ex
1614 1397 1769 1454 Etru-

167 1476 256 1531 ria
286 1479 550 1548 originem
581 1479 824 1548 duxisse,
857 1483 1087 1552 indeque
1114 1482 1342 1540 Romam
1369 1501 1429 1541 se
1454 1488 1764 1544 contulisse.

167 1570 231 1626 ld
259 1580 484 1626 testatur
513 1572 845 1643 Capitolinus
884 1578 938 1630 in
983 1577 1124 1634 Vero
1164 1580 1403 1650 Augusto
1432 1596 1548 1650 cap.
1578 1581 1633 1636 2.
1676 1582 1769 1637 Al-

167 1663 358 1719 binum
389 1674 570 1720 autem
603 1666 954 1724 Volusianum
994 1669 1202 1725 Albinae
1235 1683 1433 1728 nostra
1460 1673 1676 1729 fratrem
1709 1674 1766 1729 in

166 1769 304 1825 agro
329 1755 688 1812 Volaterrana
713 1759 894 1815 villam
937 1761 1187 1817 habuisse
1226 1763 1368 1819 idem
1411 1764 1642 1820 Rutilius
1674 1765 1763 1818 af-
1793 1778 1844 1838 Β

167 1845 380 1913 firmat;
422 1850 618 1903 etenim
651 1850 837 1906 scribit
864 1866 946 1919 se,
979 1867 1099 1906 cum
1134 1853 1480 1910 Volaterrana
1512 1856 1646 1911 vada
1676 1870 1762 1910 na-

170 1939 312 2009 vigio
365 1941 869 2009 praeterveheretur,
925 1946 1215 2015 improvisa
1257 1958 1574 2018 tempestate
1604 1949 1763 2003 ador-

167 2039 282 2085 tum
311 2071 328 2098 ,
377 2031 432 2086 in
473 2040 670 2088 terram
710 2036 1098 2105 exscendisse,
1151 2053 1214 2094 ac
1265 2039 1447 2094 Albini
1489 2039 1761 2096 Volusiani

167 2119 351 2174 villam
388 2122 627 2190 petiisse.
660 2123 785 2180 iltec
815 2125 904 2181 ille
933 2127 1028 2194 ait,
1073 2141 1215 2183 vers.
1244 2129 1387 2184 463:

289 2233 394 2303 Illic
412 2248 490 2303 me
512 2236 707 2303 rapidus
725 2240 996 2303 consistere
1022 2239 1174 2292 Corus
1192 2241 1379 2303 adegit,

355 2297 520 2354 Qualis
543 2300 772 2362 silvarum
810 2301 1041 2362 frangere
1063 2303 1211 2352 lustra
1237 2297 1379 2352 solvet:

285 2355 382 2426 Vir
400 2360 744 2426 _t_u_ti_domibus
765 2355 1251 2426 savos'toleravimus
1267 2366 1469 2426 imbres,

354 2419 517 2468 Albini
545 2424 700 2482 patuit
725 2425 941 2483 proxima
966 2424 1076 2472 villa
1103 2428 1222 2475 mei.

287 2478 512 2549 Namque
536 2478 698 2549 meus,
721 2478 867 2544 quem
889 2484 1038 2534 Roma
1063 2500 1173 2535 meo
1197 2488 1447 2548 subjunxit
1470 2488 1670 2549 bonorl,

351 2540 452 2590 Per
474 2554 622 2603 quem
641 2540 752 2604 jura
775 2558 900 2594 mea:
926 2549 1202 2597 continuata
1228 2540 1375 2610 togae.

232 2646 389 2702 Hunc
445 2662 577 2703 vero
631 2649 892 2706 honorem
955 2645 1123 2707 fuisse
1173 2655 1547 2722 praefecturam
1600 2655 1759 2710 Urbis

163 2740 325 2811 paulo
357 2741 628 2808 superius,
661 2755 860 2812 nempe
885 2757 1047 2798 versu
1078 2745 1186 2801 415
1215 2745 1466 2800 affirmat.
1495 2747 1549 2801 ld
1582 2756 1759 2802 autem

164 2831 216 2885 in
243 2831 439 2886 itinere
473 2831 761 2899 intellexit,
794 2842 1083 2904 antequam
1113 2835 1370 2892 Pisanum
1398 2837 1550 2896 littus
1593 2839 1760 2893 attin-

162 2933 331 2994 geret.

286 3016 380 3081 Hic
404 3016 739 3081 praefecturam
765 3033 916 3070 sacrae
937 3021 1278 3081 cognoscimus
1300 3022 1439 3072 urbis

349 3076 568 3127 Delatam
593 3083 803 3136 meritis,
827 3083 984 3131 dulcis
997 3076 1180 3136 amice,
1202 3083 1314 3132 tuis.

288 3136 522 3206 Op_tar_em
550 3154 719 3206 verum
740 3144 1000 3206 complecti
1023 3146 1240 3206 carmine
1261 3157 1460 3206 nomen,

349 3199 450 3248 Sed
472 3203 706 3262 quosdam
726 3199 911 3265 refugit
937 3205 1108 3265 regula
1128 3205 1246 3252 dura
1274 3199 1466 3264 pedesf.

285 3260 568 3325 cognomen
587 3276 733 3313 versu
752 3260 982 3324 Veiieris,
998 3260 1249 3314 carissime
1274 3260 1401 3325 Rufi,

350 3323 436 3370 lllo
460 3331 510 3371 te
529 3325 708 3372 dudum
731 3328 904 3386 pagina
930 3323 1093 3375 nostra
1117 3329 1268 3376 canit.

284 3381 434 3451 Festa
455 3385 582 3444 dies,
609 3381 893 3448 pridemque
916 3399 1052 3436 meos
1074 3388 1276 3451 dignata
1303 3395 1526 3451 penates,

349 3446 498 3495 Poste
521 3455 749 3497 coronato
772 3446 878 3496 tota
905 3450 1117 3498 secunda
1133 3446 1281 3498 'colat.

231 3546 414 3603 Gessit
449 3559 624 3605 autem
665 3549 851 3607 Rufius
893 3552 1217 3607 Volusianus
1256 3552 1417 3608 Urbis
1455 3552 1747 3621 prmfectu-

164 3653 275 3694 ram
331 3655 473 3696 anno
520 3643 741 3712 epochte
781 3643 1103 3698 Christiana:
1142 3644 1280 3709 M7;
1323 3645 1523 3699 etenim
1564 3647 1753 3700 scribit

161 3729 396 3789 Rutilius
430 3734 654 3789 Romam
684 3736 968 3807 alloquens
994 3751 1136 3792 vers.
1171 3737 1273 3791 155
1300 3754 1314 3791 :

279 3846 509 3915 Quamvis
528 3849 752 3898 sedecies
775 3849 916 3915 denis
942 3851 1152 3915 etimille
1180 3853 1413 3915 peractis,

343 3911 514 3958 Annus
536 3921 779 3972 praeterea
800 3912 896 3971 jam
923 3913 1008 3961 tibi
1029 3926 1184 3962 nonus
1209 3921 1308 3963 cat.

225 4011 419 4066 Annus
467 4021 644 4086 antem
689 4013 847 4068 Urbis
890 4013 1028 4069 1169
1068 4029 1099 4068 a
1135 4014 1398 4072 Palilibus
1445 4030 1640 4085 nempe
1679 4017 1743 4072 21

157 4104 362 4174 Aprilis
419 4105 673 4159 coincidit
720 4121 840 4160 cum
890 4121 1032 4160 anno
1081 4107 1412 4177 Dionysiano
1461 4108 1587 4173 H7,
1645 4123 1752 4178 quo

157 4208 300 4247 anno
314 4193 551 4249 Rutilius
571 4195 740 4249 Roma
764 4196 1414 4266 profectus,Volusianum
1438 4199 1748 4267 praefectum

161 4283 320 4339 Urbis
347 4284 690 4356 designatum
725 4289 952 4355 accepit.
993 4288 1208 4343 Diutius
1231 4298 1430 4356 autem,
1461 4301 1582 4360 post
1607 4291 1751 4346 Con-

154 4375 382 4431 stantini
423 4379 740 4448 imperium,
783 4377 990 4436 Ceionii
1035 4380 1372 4436 ethnicorum
1406 4385 1750 4452 superstitio-

155 4480 278 4520 nem
326 4469 493 4522 secuti
534 4479 681 4524 sunt.
713 4469 936 4526 Constat
964 4485 1030 4526 ex
1068 4470 1171 4526 hac
1215 4470 1565 4542 inscriptione
1609 4475 1748 4545 apud

155 4554 444 4613 Gruterum
477 4574 805 4629 pag.xxvm,
834 4562 868 4615 5
893 4577 908 4614 :

475 4649 812 4708 CEIONIVS.
855 4651 990 4707 RVF
997 4653 1127 4710 IVS.
1169 4654 1418 4712 VOLVSI

440 4741 643 4797 ANVS.
703 4743 768 4797 V.
827 4742 886 4799 C.
950 4745 1039 4800 ET
1077 4747 1458 4802 INLVSTRIS.

399 4831 514 4887 EX.
558 4832 854 4889 VICARIO.
916 4836 1140 4891 ASIAE.
1202 4839 1291 4893 ET
1347 4838 1503 4894 CEIO

464 4923 554 4978 Nl.
597 4923 780 4978 RVFI.
821 4925 1207 4982 VOLVSIANI.
1248 4927 1314 4982 V.
1363 4927 1425 4982 C.

309 5011 419 5066 ET.
462 5012 836 5071 INLVSTRIS.
870 5017 985 5072 EX.
1016 5018 1401 5074 PREFECTO.
1443 5018 1577 5072 PRE

321 5102 549 5159 TORIO.
592 5106 702 5160 ET.
750 5107 862 5162 EX.
907 5109 1292 5165 PREFECTO.
1348 5110 1568 5166 URBIS.

369 5195 477 5251 ET.
520 5196 787 5253 CECINE.
831 5200 1190 5256 LOLLIANE.
1220 5201 1528 5259 CLARISSI

452 5288 570 5342 ME.
615 5289 720 5342 ET.
757 5289 1133 5346 INLVSTRIS.
1170 5292 1448 5348 FEMINE.

364 5374 521 5432 DEE.
558 5378 773 5434 lSlDlS.
802 5379 1252 5438 SACERDOTIS.
1282 5383 1524 5440 FILIVS.

189 5468 512 5528 ΙΊἚΒΔΤΟ.
563 5471 674 5526 EX.
716 5471 990 5527 VIGINTI.
1032 5472 1251 5528 ANNIS.
1287 5475 1400 5529 EX.
1436 5475 1704 5531 PERCEP

224 5561 358 5618 τις.
389 5561 862 5620 TAVKOBOLIIS.
893 5562 981 5617 Vl.
1018 5561 1212 5619 ARAM
1240 5564 1667 5623 CONSTITVIT.

159 5651 264 5707 ET.
293 5653 793 5712 CONSECRAVﬂ‘.
832 5654 922 5710 Vl.
954 5655 1109 5710 KAL.
1142 5656 1277 5711 ΠΝ.
1314 5658 1371 5714 D.
1403 5658 1470 5714 N.
1513 5659 1740 5716 VALEN

265 5743 563 5805 TINIANO.
611 5747 771 5804 AVG.
813 5747 928 5808 Βτ.
962 5745 1350 5808 NEOTERICO
1393 5748 1629 5808 CONSS.

1784 3155 1831 3218 Β

1773 4533 1831 4594 D

1879 484 2228 544 Vo'lusianu'm
2278 493 2468 547 eadem
2513 496 2894 562 superstitione
2945 515 3263 571 occupatum
3313 514 3464 576 patet

1876 591 1941 632 cx
1968 580 2199 648 epistola
2230 582 2494 650 ejusdem,
2529 586 2762 654 itemque
2788 587 3069 658 Augustini
3107 604 3162 648 et
3190 594 3459 651 Marcelli-

1875 673 1952 739 ni,
1984 674 2138 729 initio
2185 677 2364 731 statim
2400 679 2530 733 tomi
2574 684 2799 738 secundi
2846 700 3066 755 operum
3098 689 3157 745 S.
3199 690 3456 746 doctoris.

1874 763 2105 819 Melania
2152 769 2473 823 avunculum
2520 772 2587 826 ad
2629 782 2834 829 rectum
2883 777 3071 847 dogma
3123 782 3282 850 paulo
3333 793 3460 838 ante

1873 856 2112 926 ejusdem
2142 862 2346 918 obitum
2373 864 2609 935 Byzantii
2631 869 2871 925 adduxit.
2902 874 3147 929 Albinam
3178 876 3339 932 etiam
3368 891 3457 932 so-

1871 965 2052 1006 rorem
2079 951 2134 1006 in
2166 955 2358 1010 eodem
2397 972 2583 1014 errore
2615 960 2780 1016 fuisse
2829 974 3008 1032 posset
3055 966 3174 1036 quis
3203 969 3456 1037 colligere

1873 1054 1940 1096 ex
1968 1042 2205 1099 Palladio
2235 1045 2289 1099 in
2307 1045 2576 1104 ‘Lausiaca
2607 1066 2725 1120 cap.
2762 1054 2884 1119 118,
2925 1056 3016 1110 ubi
3049 1067 3158 1111 tum
3189 1059 3457 1128 Apronia-

1873 1147 1999 1189 num
2027 1135 2305 1204 gentilem,
2342 1148 2451 1192 tum
2499 1141 2744 1195 Albinam
2777 1158 2806 1196 a
2836 1143 3059 1200 Melania
3090 1150 3288 1203 seniori
3319 1159 3457 1202 catc-

1872 1224 2010 1278 chesi
2041 1226 2331 1283 instructos
2377 1229 2633 1285 affirmat.
2675 1232 2832 1288 Plura
2863 1235 2929 1290 do
2970 1237 3162 1293 Albina
3211 1244 3352 1309 leges
3400 1241 3451 1292 in

1871 1315 2005 1371 actis
2034 1317 2276 1386 ejusdem
2316 1319 2440 1374 filiae
2465 1321 2726 1379 Melaniae.

1942 1434 2164 1491 interim
2185 1437 2310 1492 vide
2331 1453 2490 1508 quam
2514 1440 2775 1496 benevolo
2796 1456 2923 1512 erga
2949 1454 2998 1498 te
3015 1444 3195 1499 animo
3211 1444 3333 1499 sim.
3361 1445 3454 1499 Et-

1869 1527 2012 1582 enim
2044 1529 2133 1583 ubi
2166 1528 2500 1585 confidenter
2529 1548 2614 1587 me
2645 1533 2699 1587 in
2731 1543 3004 1590 certamen
3037 1550 3332 1604 provocans
3357 1551 3453 1590 ex-

1868 1616 2112 1671 clamasti
2145 1634 2157 1670 :
2191 1617 2559 1675 Examinemus
2614 1639 2858 1689 personas
2903 1625 3084 1691 quibus
3134 1643 3259 1696 opus
3303 1643 3451 1679 suum

1869 1706 2184 1776 Augustinus
2234 1709 2519 1776 dedicavit,
2553 1721 2599 1764 et
2642 1721 2750 1766 uter
2777 1723 3006 1769 nostrum
3042 1717 3221 1769 melius
3267 1719 3452 1770 sentiat

1870 1800 2226 1870 experiamur:
2255 1817 2355 1871 ego
2382 1812 2545 1858 temet
2568 1819 2632 1858 ex
2664 1806 2972 1860 adversario
2989 1807 3220 1875 judicem
3251 1808 3454 1862 consti-

1872 1898 1962 1943 tuo
1986 1905 2050 1945 ac
2069 1891 2323 1960 deposco.
2355 1893 2435 1947 Tu
2473 1894 2541 1948 de
2566 1895 2761 1950 Albino
2790 1898 3171 1965 pronuntiasti:
3200 1897 3324 1963 Quis
3353 1915 3448 1951 au-

1870 1991 1965 2036 tem
1989 1992 2117 2036 esset
2141 1984 2227 2036 ille
2255 1985 2474 2038 Albinus
2504 1986 2645 2040 latet.
2678 1988 2790 2057 Ego
2816 2004 2918 2042 non
2943 1989 3142 2054 virum,
3170 1989 3262 2044 sed
3290 1989 3448 2045 femi-

1872 2086 1996 2125 nam
2029 2072 2193 2127 fuisse
2219 2075 2449 2140 ostendi,
2474 2077 2695 2145 ejusque
2714 2088 2912 2145 patrem
2941 2080 3209 2152 Albinum,
3230 2081 3445 2138 fratrem

1868 2162 2110 2230 Rullum,
2154 2164 2534 2234 Volusianum,
2578 2168 2835 2224 familiam
2892 2169 3194 2240 Ceioniatn,
3234 2189 3445 2230 socrum

1867 2253 2173 2320 Melaniam,
2208 2259 2456 2312 maritum
2487 2259 2836 2326 Publicolam,
2872 2262 3034 2318 filiam
3064 2264 3342 2319 Melaniam
3361 2266 3441 2334 ju.

1865 2346 2070 2401 niorem
2094 2389 2109 2415 ,
2143 2360 2366 2403 avorum
2410 2351 2636 2419 patriam
2683 2352 2971 2420 Etruriam,
3024 2356 3180 2410 villas
3203 2356 3268 2410 ad
3301 2357 3442 2417 Vada

1867 2436 2243 2505 Volaterrana,
2286 2441 2433 2510 quod
2473 2442 2672 2512 oppido
2709 2459 2904 2500 nomen
2931 2448 3221 2501 etiamnum
3268 2457 3450 2504 manet

1865 2525 2220 2597 P0pulonium
2249 2533 2392 2587 inter
2432 2548 2495 2588 ac
2523 2533 2817 2589 Liburnum
2840 2577 2856 2601 ,
2887 2538 3088 2592 amicos
3132 2539 3362 2608 denique
3393 2550 3449 2594 et

1864 2620 2225 2674 encomiastas
2255 2622 2642 2690 Augustinum,
2675 2624 3092 2695 Hieronymum,
3123 2628 3446 2693 Palladium,

1867 2705 2154 2772 Rufinum;
2187 2709 2323 2775 haec,
2352 2712 2590 2780 inquam,
2618 2715 2796 2767 omnia
2825 2715 2894 2770 de
2918 2716 3108 2772 Albina
3135 2720 3447 2787 monstravi,

1865 2805 1926 2853 ut
1956 2798 2068 2868 jam
2107 2801 2240 2858 satis
2285 2817 2553 2873 superque
2601 2815 2716 2859 uter
2757 2815 2989 2860 nostrum
3039 2808 3221 2863 melius
3266 2812 3450 2865 sentiat

1864 2892 2183 2961 experiaris.
2218 2894 2362 2951 Voca
2391 2911 2478 2951 me
2527 2897 2788 2967 baiulum,
2832 2901 3206 2971 antiquarium,
3237 2904 3451 2958 rudera-

1864 2981 2018 3044 rium,
2049 2981 2319 3052 latomum,
2362 2994 2419 3040 ut
2447 2987 2612 3052 lubet,
2645 2998 2702 3043 ut
2733 2990 2909 3057 lubet,
2948 2993 3107 3048 modo
3135 2993 3334 3050 fateare
3364 3011 3450 3050 me

1863 3073 1931 3128 de
1957 3075 2208 3142 personis
2236 3077 2429 3146 quibus
2453 3079 2781 3148 Augustinus
2809 3083 3051 3138 laudatus
3077 3084 3239 3140 libros
3261 3087 3449 3142 inscri-

1866 3164 2008 3234 psit,
2037 3180 2104 3221 ex
2134 3167 2263 3236 ipsis
2293 3169 2626 3240 oculatornm
2679 3175 2894 3229 testium
2927 3177 3172 3244 scriptis,
3204 3191 3270 3234 ex
3297 3188 3448 3236 vetu«

1858 3256 2112 3311 stissimis
2134 3270 2447 3315 sanctorum
2466 3260 2684 3317 Patrum
2705 3270 3086 3332 monumentis,
3115 3284 3180 3324 ex
3197 3267 3449 3341 antiquo-

1857 3362 1974 3402 rum
2001 3349 2236 3417 lapidum
2262 3351 2704 3421 inscriptionibus
2720 3356 2877 3428 longe
2902 3361 3132 3414 certiora
3157 3363 3449 3430 protulisse

1857 3454 2015 3509 quam
2047 3449 2102 3493 tu
2133 3441 2196 3494 ab
2220 3443 2443 3511 ingenio,
2469 3446 2586 3498 sine
2610 3446 2718 3500 ullo
2745 3462 2964 3514 prorsus
2990 3450 3272 3517 librorum,
3301 3454 3445 3521 quod

1857 3544 1943 3582 me
1964 3530 2144 3583 dicere
2164 3532 2346 3598 pudet,
2372 3534 2626 3598 przesidio
2649 3535 2716 3588 de
2737 3537 2939 3591 eisdem
2967 3539 3278 3594 adduxeris.
3294 3542 3448 3608 Quod

1858 3619 1901 3671 si
1934 3619 2252 3686 pronunties
2281 3628 2333 3674 te
2363 3620 2424 3671 ab
2451 3622 2653 3690 ingenio
2683 3634 2946 3677 auctorem
2975 3641 3094 3680 esse
3126 3628 3447 3697 ingeniosis-

1855 3711 2074 3778 simum,
2103 3726 2189 3766 me
2208 3727 2341 3767 vero
2361 3730 2394 3765 a
2415 3714 2566 3768 dorso
2596 3715 2997 3772 valentissimum
3017 3719 3266 3791 bajulum,
3290 3724 3445 3779 stabo

1857 3810 1962 3856 tua:
1991 3803 2295 3868 sententiae,
2328 3819 2428 3860 nec
2453 3805 2616 3860 alium
2642 3806 2882 3876 judicem
2914 3810 3219 3881 appellabo.

1928 3913 2051 3967 Haec
2073 3913 2234 3983 justas
2270 3917 2549 3985 apologite,
2583 3933 2741 3988 quam
2773 3921 2936 3977 modo
2964 3922 3221 3979 adversus
3258 3941 3442 3981 recen-

1855 4004 2127 4059 tissimum
2159 4015 2301 4061 tuum
2328 4009 2523 4063 librum
2566 4011 2807 4078 adorno,
2849 4017 3122 4083 specimen
3153 4017 3275 4071 sint.
3307 4020 3439 4073 Cum

1855 4112 1984 4152 vero
2036 4098 2325 4168 intelligam
2363 4116 2449 4157 me
2490 4103 2647 4158 isthic
2691 4118 2720 4158 a
2759 4106 3076 4173 quibusdam
3121 4111 3441 4180 reprehendi

1853 4189 1996 4260 quod
2027 4189 2258 4245 dixerim
2290 4203 2505 4247 sanctos
2549 4194 2807 4250 llilarium
2835 4198 3206 4256 Arelatensem
3233 4204 3440 4272 episco-

1853 4296 1980 4351 pum
2025 4291 2081 4336 et
2108 4281 2448 4344 Vincentium
2473 4286 2818 4343 Lerinensem
2849 4293 3168 4346 monachum
3199 4294 3438 4351 Cassiani

1853 4375 2093 4442 partibus
2123 4376 2382 4434 adversus
2409 4379 2707 4436 doctrinam
2739 4381 2800 4437 S.
2831 4383 3112 4455 Augustini
3144 4386 3210 4439 de
3235 4388 3440 4454 praede-

1855 4470 2146 4526 stinatione
2175 4471 2491 4540 adhaesisse,
2531 4478 2681 4545 quasi
2708 4485 2802 4532 aut
2821 4480 2988 4548 solus,
3032 4488 3124 4535 aut
3152 4480 3356 4549 primus
3386 4482 3440 4536 id

1855 4563 2207 4628 asseruerim,
2235 4574 2289 4618 et
2321 4572 2376 4618 tu
2405 4581 2616 4635 quoque
2645 4567 2759 4623 haec
2798 4570 2851 4622 in
2880 4585 2998 4638 cap.
3036 4571 3123 4636 16,
3157 4584 3275 4638 pag.
3313 4571 3437 4634 119,

1853 4654 2061 4709 scribas
2095 4674 2107 4710 :
2137 4655 2274 4710 Cedo
2317 4658 2461 4723 mihi,
2492 4676 2698 4729 qumo,
2737 4660 2896 4715 Pater
2918 4662 3095 4725 Noris,
3138 4664 3439 4729 scriptorem

1853 4745 2071 4814 aliquem
2097 4747 2300 4814 bonum,
2329 4749 2542 4815 malum,
2568 4751 2654 4820 qui
2678 4750 2941 4803 Hilarium
2973 4751 3313 4805 Arelatensem
3343 4752 3437 4807 Sc.

1851 4836 2284 4905 mipelagianismi
2308 4841 2528 4910 appellet
2547 4856 2566 4892 :
2591 4855 2682 4907 ego
2702 4839 2903 4890 nullum
2929 4841 3171 4894 hactenus
3198 4844 3340 4912 potui
3357 4845 3437 4898 in-

1851 4926 2053 4988 t'enire;
2077 4925 2288 4981 decrevi
2314 4928 2574 4996 quosdam
2603 4928 2808 4982 nobiles
2830 4930 3121 5000 scriptores
3142 4935 3432 5003 appellare.

1851 5027 2052 5096 Agmen
2081 5026 2240 5080 ducat
2271 5027 2327 5081 S.
2360 5028 2593 5096 Prosper
2624 5029 2676 5082 in
2704 5031 2926 5099 epistola
2955 5033 3020 5086 ad
3050 5034 3429 5105 Augustinum,

1850 5116 1903 5170 in
1927 5133 2049 5184 qua,
2079 5132 2197 5170 cum
2223 5117 2464 5172 Cassiani
2491 5129 2814 5175 sectatorum
2841 5122 2999 5194 (quos
3025 5127 3327 5182 scholastici
3353 5143 3435 5182 rc~

1849 5207 2113 5261 centiores
2133 5207 2316 5261 dixere
2335 5209 2808 5282 Semipelagianos)
2831 5216 3112 5284 Opiniones
3140 5225 3193 5271 et
3221 5217 3433 5286 objecta

1852 5298 1908 5354 S.
1942 5298 2147 5353 doctori
2181 5309 2476 5366 narrasset,
2507 5302 2619 5356 haec
2646 5305 2832 5359 scribit
2861 5324 2873 5358 :
2900 5307 3164 5360 Credimus
3184 5316 3230 5361 et
3256 5324 3434 5377 spera-

1853 5405 1966 5442 mus
1995 5405 2094 5442 non
2121 5389 2287 5443 solum
2316 5391 2607 5446 tenuitatem
2635 5405 2863 5448 nostram
2892 5396 3291 5464 disputationum
3320 5409 3433 5451 tua-

1849 5494 1963 5531 rum
1988 5481 2228 5548 pra’sidio
2255 5481 2620 5547 roborandam,
2642 5485 2732 5539 sed
2750 5487 2903 5538 etiam
2929 5487 3066 5554 ipsos
3093 5501 3218 5554 quos
3238 5489 3433 5544 meritis

1850 5581 2003 5640 atque
2032 5572 2315 5627 honoribus
2341 5577 2506 5629 claros
2525 5576 2694 5647 caligo
2724 5578 2870 5630 istius
2896 5578 3148 5645 opinionis
3170 5579 3430 5647 obscurat,

1850 5666 2295 5735 defacatissimum
2339 5668 2509 5722 lutum
2559 5669 2739 5739 gratic
2766 5679 3075 5740 rerepturos.
3108 5667 3250 5725 Nam
3290 5688 3430 5729 usust

1851 5769 2025 5814 eorum
2055 5759 2323 5829 pracipua:
2360 5759 2680 5815 auctoritatis
2708 5769 2756 5814 et
2784 5758 3094 5830 spiritalium
3145 5763 3430 5818 studiorum
