3892 6294
472 325 576 395 δέςς)

1357 331 1913 389 SlIPPLEMENTUM
1960 328 2045 383 AD
2086 326 2314 383 Ol'ERA
2358 328 2411 384 S.
2460 327 2842 386 AUGUSTINI.
3614 331 3709 384 560

468 454 657 515 cirum,
682 460 907 503 sanctum
939 449 1193 501 Hilarium
1220 448 1561 499 Arelatensem
1593 446 1903 511 episcopum,
1924 442 2048 494 sciat
2080 440 2125 499 Α
2153 442 2274 506 quia
2308 440 2536 493 Hilarius
2570 442 2620 492 in
2647 440 2863 511 cpistola
2910 441 2975 491 ad
3024 440 3360 509 Augustinum
3397 439 3633 508 signiﬁcat
3662 460 3713 495 se

472 542 729 594 beatitudo
756 552 839 592 ttta
863 541 1222 592 admiratorem
1246 546 1637 603 scctatorcmque
1660 538 1709 585 in
1741 535 1855 585 aliis
1887 532 2047 583 omni-

472 634 562 683 bus
594 641 693 685 tua?
721 648 828 684 esse
881 631 1155 693 doctrinm,
1204 639 1248 679 ct
1298 628 1358 677 de
1388 642 1485 679 not:
1517 626 1647 694 quod
1691 640 1738 677 tu
1770 640 2046 686 Qteneuu

472 738 705 785 'HHBIT,
751 724 864 792 jam
898 720 1094 786 pridem
1142 718 1283 785 apud
1329 719 1643 769 sanctitatem
1674 726 1810 766 tuam
1844 729 2050 766 sensum

471 832 619 865 suum
660 828 747 881 per
772 813 968 865 litteras
1008 812 1133 864 celle
1173 812 1423 879 conferre.
1467 808 1597 862 [line
1640 806 1964 875 Augustinus
1995 804 2047 856 in

472 904 565 955 ιι».
600 904 666 956 de
701 903 848 955 Dono
881 916 1179 969 pcrsever.,
1228 916 1345 965 cap.
1389 899 1479 959 2i,
1532 912 1633 949 non
1683 898 1884 949 dubitat
1923 912 2051 963 sup—

474 1008 661 1059 presso
691 992 906 1046 nomine
938 991 1197 1044 Hilarium
1243 991 1305 1042 iis
1342 1003 1627 1041 accenserc
1657 987 1743 1056 qui
1788 986 2051 1054 negabant

470 1086 675 1137 initium
723 1086 840 1150 ﬁdei
886 1100 993 1138 esse
1022 1085 1213 1136 donum
1256 1082 1367 1135 Dei.
1414 1083 1579 1147 Qttuttt
1615 1096 1738 1133 vero
1790 1080 2050 1131 violcn‘ter

472 1176 635 1229 verba
669 1176 756 1230 illa
783 1176 1133 1244 detorquens,
1170 1175 1315 1228 brevi
1348 1173 1626 1240 intelliges.
1665 1171 1805 1224 Pi-t‘s
1832 1171 2051 1239 scripto-

470 1284 573 1318 rem
602 1268 817 1335 aliquem
842 1267 1045 1329 bonum,
1074 1266 1294 1316 malum?
1321 1264 1451 1316 Audi
1488 1262 1759 1315 L'ss‘crium
1792 1262 1840 1312 in
1869 1260 1958 1312 lib.
1986 1261 2052 1313 de

469 1360 803 1423 Autiquitate
828 1358 1029 1410 Eccles.
1066 1356 1265 1408 Britan.
1300 1369 1417 1422 cap.
1456 1354 1538 1417 ll,
1574 1368 1690 1421 ptg.
1726 1350 1851 1415 516,
1898 1349 2053 1404 Deni-

468 1463 578 1508 rtue,
612 1446 803 1513 inquit,
827 1444 1087 1496 Hilarium
1108 1446 1447 1496 Arelatensem
1472 1444 1615 1495 illunt
1640 1457 1787 1493 suum
1818 1443 1947 1493 inter
1971 1456 2054 1493 eos

469 1537 555 1591 nui
581 1539 629 1588 in
662 1537 895 1587 doctrina
918 1535 979 1587 de
1001 1535 1444 1604 pra'dcstinatione
1470 1534 1533 1584 ab
1561 1534 1839 1601 Augustino
1861 1532 2055 1584 dissen-

483 1628 640 1690 tiunt,
687 1634 986 1679 annumerat
1028 1624 1269 1688 Prosper.
1304 1624 1465 1678 Forte
1509 1637 1735 1689 repones
1783 1623 2053 1675 Usscrium

475 1732 596 1771 esse
621 1718 978 1772 calvinistam.
1010 1718 1076 1769 At
1100 1717 1323 1785 ipsemet
1350 1717 1663 1784 scriptorem
1690 1716 1918 1780 aliquem
1946 1729 2057 1767 ma-

2151 534 2306 600 fuisse
2332 532 2539 587 laicum.
2568 532 2793 601 Prosper
2820 549 2933 585 vero
2958 534 3065 584 eod:
3084 548 3131 583 m
3160 540 3383 599 tempore
3413 542 3457 584 et
3489 534 3566 585 die
3595 537 3712 587 scri-

2151 623 2267 675 bens
2296 622 2362 674 ad
2392 622 2757 690 Augustinum,
2787 622 2908 674 dicit
2948 621 3213 673 Hilarium
3235 621 3576 674 Arrlatensem
3609 633 3716 675 tunc

2153 715 2307 785 fuisse
2345 716 2672 781 episcopum,
2700 722 2747 766 et
2780 714 2943 779 ipsius
2975 713 3219 769 doctiinte
3264 713 3609 775 contrarium,
3643 716 3718 767 liis

2153 811 2348 863 verbis:
2387 828 2403 859 ι
2441 809 2723 863 Credimus
2768 810 2912 878 ipsos
2950 824 3082 876 quos
3115 809 3323 863 meritis
3352 816 3407 861 et
3443 808 3719 862 honoribus

2154 901 2330 954 claros
2359 900 2532 967 caligo
2579 900 2732 953 istius
2764 900 3031 969 opinionis
3070 900 3347 964 obscurat,
3378 900 3722 968 semipelagia-

2154 992 2305 1043 rtismi
2340 992 2607 1059 (inserunt
2636 993 2736 1045 hoc
2767 992 2992 1045 verbum
3020 989 3443 1055 Sammarthani,
3481 1004 3583 1044 non
3607 996 3723 1059 ego)

2154 1081 2627 1135 dehecatissimum
2648 1081 2826 1134 lumen
2840 1080 3025 1150 gratia:
3056 1093 3388 1148 recepturos.
3414 1078 3545 1133 Nam
3572 1095 3723 1133 unum

2157 1188 2345 1227 eorum
2384 1173 2666 1240 prtecipure
2710 1173 3063 1237 auctoritatis,
3097 1182 3149 1225 et
3179 1171 3504 1241 spirital'um
3537 1170 3723 1226 studio-

2155 1281 2273 1318 rum
2306 1264 2475 1317 virum
2518 1274 2761 1319 sanetum
2809 1265 3064 1317 llilarium
3108 1265 3511 1331 Arelatensem,
3554 1273 3652 1318 etc.
3702 1283 3719 1314 υ

2162 1354 2332 1409 Verba
2364 1354 2615 1422 Prosperi
2648 1356 2894 1409 recitant.
2926 1354 3067 1407 Petis
3098 1354 3258 1406 alium
3286 1363 3498 1419 testem,
3529 1353 3616 1421 qui
3646 1368 3727 1406 se-

2160 1444 2357 1511 ptimus
2391 1452 2706 1497 ceterorum
2730 1458 2918 1513 agmen
2949 1443 3205 1497 claudat?
3237 1443 3403 1498 Adest
3440 1458 3505 1496 ex
3547 1442 3724 1497 eadem

2159 1536 2329 1589 Gallia
2364 1535 2634 1589 Gilbertus
2662 1536 2976 1605 Mauguinus
3026 1536 3108 1588 vir
3132 1534 3498 1597 doctissimus,
3533 1548 3592 1586 ac
3621 1535 3728 1601 regi

2159 1625 2618 1681 Christianissimo
2646 1640 2674 1679 a
2706 1626 2963 1690 consiliis,
2996 1627 3083 1695 qui
3113 1624 3299 1693 paucis
3326 1623 3521 1678 abhinc
3549 1624 3731 1679 diebus

2160 1718 2300 1771 diem
2332 1719 2484 1771 obiit.
2519 1718 2640 1772 llree
2671 1718 2858 1771 scribit
2887 1727 3025 1785 part.
3055 1734 3092 1771 tt
3124 1715 3337 1770 Confut.
3373 1716 3567 1770 fabulte
3596 1730 3728 1785 prie:

481 1808 587 1860 lum
621 1808 897 1876 poscebas.
920 1808 1148 1860 Vocatur
1176 1817 1353 1860 tamen
1378 1806 1624 1861 Usserius
1653 1821 1678 1857 a
1712 1806 1771 1859 P.
1798 1805 2052 1859 Riceiolio
2082 1805 2129 1865 Β
2157 1809 2293 1864 dest.
2317 1824 2434 1880 cap.
2457 1811 2478 1863 l
2498 1811 2514 1862 Ι
2532 1824 2679 1878 ,pag.
2698 1809 2799 1863 050
2826 1807 3005 1862 :Tesle
3032 1807 3538 1878 Prospero,epistola
3557 1807 3624 1858 ad
3641 1806 3730 1859 Au-

482 1901 575 1952 lib.
609 1915 624 1952 l
661 1899 915 1955 Chronol.
951 1899 1274 1961 reformatu,
1306 1913 1422 1967 cap.
1453 1898 1543 1964 ‘20,
1578 1899 1652 1951 vir
1696 1898 2053 1951 ecclesiastica:

478 1992 794 2061 antiquitatis
842 1993 1227 2045 scientissimus.
1272 1992 1383 2045 Hoc
1432 2005 1619 2059 parum
1664 2004 1878 2044 causam
1908 1990 2060 2058 juvat

483 2082 739 2135 adversus
769 2091 841 2147 te,
870 2082 957 2151 qui
991 2082 1213 2143 bonum,
1257 2081 1479 2146 malum,
1526 2082 1794 2150 ﬂagitasti.
1827 2081 2056 2135 Attende

481 2176 769 2243 scriptores
802 2176 990 2235 bonos,
1026 2174 1276 2227 meliores
1296 2215 1309 2237 ,
1338 2176 1599 2242 optimos,
1629 2175 1819 2243 quibus
1848 2176 1931 2228 vix
1965 2191 2059 2228 au-

478 2265 608 2317 deas
638 2264 929 2318 adversari.
971 2265 1026 2317 P.
1059 2263 1387 2327 Theophilus
1412 2264 1733 2333 Baynaudus
1766 2267 1815 2318 in
1862 2267 2057 2334 Apolo-

477 2356 561 2419 gia
618 2370 713 2421 pro
762 2355 1041 2408 Valeriano
1085 2356 1423 2417 Centeliensi,
1459 2372 1576 2421 cap.
1621 2356 1672 2417 4,
1720 2360 1788 2408 ita
1835 2360 2054 2410 scribit:

482 2442 714 2494 Hilarius
737 2444 999 2511 episcopus
1024 2444 1334 2497 Arelatensis
1366 2459 1496 2496 unus
1524 2446 1621 2513 fuit
1648 2461 1821 2498 eorum
1852 2446 1937 2514 qui
1958 2447 2053 2498 ad-

478 2549 648 2585 versus
692 2533 755 2586 υ.
790 2534 1125 2602 Aug::stinum
1151 2534 1385 2603 querelas
1414 2547 1695 2590 moverunt.
1728 2538 1864 2590 Audi
1897 2537 2054 2591 Pros-

480 2639 657 2687 perum
686 2624 737 2677 in
765 2624 904 2677 calce
948 2626 1175 2692 cpistolte
1217 2626 1286 2678 ad
1328 2626 1689 2696 Augustinum.
1727 2627 1792 2681 Et
1833 2629 2059 2683 laudatis

481 2715 657 2768 verbis
684 2717 923 2784 proxime
952 2732 977 2769 a
1010 2732 1094 2769 me
1124 2717 1380 2783 recitatis,
1433 2720 1683 2787 eapendo,
1718 2718 1907 2788 inquit,
1936 2736 2059 2789 par-

479 2804 664 2857 ticulas
687 2805 805 2859 illas
829 2821 991 2859 unum
1014 2821 1223 2870 eorum,
1248 2806 1423 2873 utique
1442 2806 1688 2861 adversus
1718 2807 2058 2877 Augustinum

480 2899 759 2963 agentium,
788 2899 850 2949 de
873 2898 1055 2965 quibus
1084 2913 1286 2960 sermo;
1314 2908 1368 2951 et
1408 2898 1461 2952 in
1488 2898 1606 2951 aliis
1632 2900 1882 2953 omnibus
1900 2943 1914 2965 ,
1940 2917 2057 2953 nam

479 2988 650 3051 quoad
676 2990 929 3057 negotiunt
950 3028 965 3051 ,
1005 2990 1067 3040 de
1106 3005 1203 3054 quo
1237 2988 1461 3058 Prosper
1506 2998 1610 3042 tota
1639 2991 1872 3053 epistola.
1906 3000 2057 3061 atque

478 3068 607 3129 adeo
633 3079 804 3143 quoad
830 3093 1052 3129 errorem
1097 3076 1587 3146 Semipelagianum,
1614 3097 1712 3132 non
1754 3092 1859 3133 erat
1881 3083 2055 3152 Augu-

2162 1902 2441 1971 gustinum,
2472 1900 2706 1953 Hilarius
2750 1900 3060 1952 Arelatensis
3092 1900 3391 1969 episcopus,
3419 1908 3467 1952 et
3495 1900 3583 1952 alii
3613 1898 3729 1968 plu-

2164 1994 2280 2045 rimi
2309 2010 2407 2045 non
2455 1994 2621 2044 minus
2664 1993 2963 2043 auctoritate
3003 2007 3150 2060 quam
3197 1992 3379 2058 pietate
3431 1992 3731 2045 celeberrimi

2161 2087 2277 2141 viri.
2312 2085 2371 2138 S.
2400 2086 2671 2150 Auqustini
2702 2086 2762 2135 de
2793 2085 3014 2153 gratuita
3043 2083 3134 2135 Dei
3168 2083 3613 2151 pra’destinatione
3641 2082 3729 2135 do-

2162 2178 2374 2227 ctrinam
2400 2192 2497 2225 non
2520 2176 2684 2225 minus
2710 2190 2860 2240 quant
2884 2173 3112 2225 haeresim
3138 2172 3353 2224 arersati
3368 2181 3506 2225 sunt.
3534 2172 3593 2224 Et
3619 2187 3731 2236 pag.

2162 2265 2264 2318 47ἲὶ
2287 2281 2349 2315 ex
2385 2264 2570 2316 eodem
2599 2263 2865 2331 Prospero
2894 2271 3117 2315 testatur
3147 2260 3408 2315 Hilarium
3447 2260 3730 2329 Pelagiana:

2162 2356 2425 2420 praritatis
2454 2354 2678 2421 reliquiis
2706 2355 2968 2423 infectum.
2994 2354 3122 2404 Cum
3141 2352 3367 2406 dixeris:
3399 2351 3507 2421 Ego
3539 2352 3730 2405 nullum

2161 2446 2399 2497 hactenus
2415 2444 2555 2513 potui
2585 2444 2809 2496 invenire
2828 2443 2915 2511 qui
2942 2442 3217 2511 scripserit
3241 2442 3298 2497 S.
3322 2442 3576 2494 Hilarium
3600 2446 3731 2495 Are--

2162 2535 2422 2589 latensem
2456 2534 2796 2587 adversatum
2846 2535 3011 2587 fuisse
3052 2534 3310 2587 doctrina:
3331 2532 3391 2588 S.
3423 2534 3728 2601 Augustini,

2160 2625 2299 2677 absit
2321 2632 2378 2678 ut
2404 2634 2455 2678 te
2484 2624 2761 2677 mentitum
2783 2631 3009 2692 putem;
3037 2626 3158 2677 novi
3188 2624 3353 2677 animi
3386 2625 3461 2677 tui
3494 2624 3729 2693 ingenua

2161 2724 2357 2779 tatem,
2402 2714 2716 2780 candorem,
2765 2713 3185 2782 simplicitatem.
3234 2712 3419 2783 Itaque
3468 2715 3733 2769 neminem

2162 2807 2495 2860 laudatorum
2522 2807 2840 2874 scriptorum
2883 2805 3075 2872 legisti.
3106 2804 3366 2871 Tantum,
3396 2805 3470 2858 mi
3497 2805 3729 2869 Macedo,

2162 2900 2473 2967 plerumque
2504 2908 2659 2952 nocet
2682 2897 2857 2951 omnia
2881 2898 2942 2949 ab
2968 2899 3167 2965 ingenio
3194 2896 3406 2952 aﬂ'erre.
3434 2898 3586 2951 Disce
3612 2909 3729 2953 tan-

2160 2991 2305 3055 dem,
2332 2990 2455 3058 quid
2488 2990 2638 3056 juvct
2665 2990 2863 3055 baiulos
2892 3004 3061 3057 agere,
3087 3005 3189 3042 non
3212 3000 3474 3053 auctores;
3500 2990 3551 3044 in
3579 2992 3735 3045 dorso

2161 3082 2386 3133 studium
2419 3096 2524 3133 esse
2546 3122 2558 3146 ,
2591 3097 2691 3133 non
2732 3082 2783 3132 in
2814 3079 3034 3133 cerebro.
3077 3079 3209 3133 Nam
3250 3079 3335 3133 his
3363 3079 3521 3149 plane
3556 3084 3732 3137 verbis

477 3168 715 3220 stiniunaz
735 3168 980 3219 doctrina!
1004 3168 1305 3232 admirator,
1327 3170 1428 3233 into
1450 3186 1559 3222 eam
1584 3172 1633 3224 in
1660 3173 1928 3240 querelam
1949 3184 2053 3227 tra-
2084 3153 2129 3216 (εἶ
2160 3172 2419 3225 ecclesias
2446 3170 2541 3224 iete
2569 3170 2805 3224 historia:
2829 3170 3218 3239 professoribus
3248 3170 3299 3224 in
3319 3171 3643 3239 prarl‘atione
3667 3176 3732 3227 in-

483 3255 660 3310 hebat.
694 3255 758 3309 Et
788 3254 1011 3323 Prosper
1034 3257 1223 3326 liquide
1249 3267 1462 3312 testatur
1484 3276 1540 3313 se
1560 3276 1671 3314 eum
1709 3260 1946 3317 habuisse
1967 3282 2057 3318 su-

478 3355 726 3409 spectum,
756 3361 871 3398 cum
893 3345 1107 3412 dubitet,
1127 3365 1227 3417 quo
1246 3348 1347 3417 fine
1368 3359 1493 3402 esset
1520 3366 1635 3403 cum
1667 3354 1947 3421 Augustino
1967 3373 2055 3423 per

482 3438 677 3487 litteras
702 3446 931 3491 acturus.
963 3436 1198 3491 Accedat
1225 3447 1445 3507 quartus
1477 3448 1597 3507 post
1628 3441 1944 3507 Prom-erum
1980 3458 2056 3498 te-

480 3528 577 3581 stis
607 3527 665 3582 P.
699 3528 914 3583 Gabriel
960 3529 1026 3583 de
1065 3529 1246 3583 ﬂenao
1298 3531 1350 3584 in
1396 3532 1665 3587 volumine
1714 3549 1809 3602 pro
1833 3536 2054 3591 scientia

482 3618 656 3671 ntedia
697 3626 832 3674 sect.
868 3620 958 3683 28,
990 3635 1136 3674 num.
1175 3622 1298 3683 184,
1333 3622 1417 3675 ubi
1454 3624 1563 3676 ait:
1598 3624 1774 3693 Liquet
1805 3628 1955 3679 etiam
1994 3630 2058 3681 de

480 3709 773 3763 discrimine
798 3710 861 3763 ab
905 3708 1139 3777 Hilario,
1165 3713 1254 3781 qui
1283 3728 1386 3766 una
1428 3729 1545 3765 cum
1584 3725 1758 3767 sancto
1801 3714 2057 3786 Prospero

482 3800 616 3852 misit
638 3800 833 3854 litteras
861 3800 929 3852 ad
960 3799 1020 3854 S.
1053 3802 1413 3871 Augustinum.
1445 3802 1584 3855 Nam
1608 3804 1651 3856 is
1686 3804 1919 3860 Hilarius
1957 3824 2056 3862 non

484 3891 844 3943 obscurabatur
870 3890 1087 3958 caligine
1116 3893 1371 3959 opinionis
1393 3892 1617 3947 adversm
1642 3895 1702 3949 S.
1736 3898 2020 3967 Augustino
2038 3944 2052 3969 ,

480 3995 644 4047 neque
660 3981 816 4048 Itujus
843 3978 1125 4033 doctrinam
1154 3981 1206 4033 in
1229 3982 1481 4050 querelam
1499 3985 1725 4039 trahebat
1740 3989 1874 4042 circa
1902 4007 2057 4059 nego-

480 4076 605 4125 tium
640 4077 839 4142 gratiaz,
868 4075 957 4129 sed
979 4078 1063 4131 ille
1083 4078 1211 4131 alter
1236 4078 1474 4135 Hilarius
1494 4084 1699 4139 antistes
1726 4087 2054 4143 Arelatensis.

479 4165 617 4215 Sunt
651 4163 700 4215 hi
731 4163 836 4217 duo
858 4164 1089 4234 insignes
1116 4182 1145 4222 e
1177 4168 1435 4225 societate
1467 4171 1593 4226 Jesu
1615 4177 1927 4241 scriptores,
1962 4182 2055 4233 sed

482 4252 696 4306 tertium
738 4267 801 4307 et
833 4253 1019 4308 eadem
1050 4256 1359 4312 doctissima
1400 4260 1601 4314 familia
1636 4272 1824 4319 testem
1857 4264 2057 4334 habeo,

483 4361 733 4415 magnum
762 4361 928 4401 sacra:
958 4361 1019 4400 ac
1051 4347 1288 4417 profana:
1315 4352 1631 4407 eruditionis
1672 4365 2052 4424 promolnreu',

482 4437 738 4490 Jacobum
765 4437 1130 4502 Sirmondum,
1156 4437 1206 4491 in
1231 4440 1372 4495 notis
1394 4442 1457 4494 ad
1477 4444 1755 4510 epistolam
1778 4445 2055 4504 Caelestini

2159 3260 2391 3314 sultasti.
2420 3260 2530 3313 Tua
2556 3259 2644 3312 illa
2674 3260 3016 3328 compellatio
3059 3260 3517 3315 conﬁdentissima
3548 3280 3561 3314 :
3604 3261 3736 3317 Cedo

2160 3351 2306 3415 mihi,
2338 3348 2404 3403 P.
2430 3349 2610 3418 Naris,
2639 3352 2940 3419 scriptorem
2978 3349 3200 3419 aliquem
3239 3354 3423 3405 bonum
3448 3392 3464 3418 ,
3508 3354 3731 3419 malum,

2160 3450 2248 3495 tuo
2275 3442 2336 3493 ab
2366 3441 2571 3511 ingenio
2599 3450 2703 3495 est.
2736 3445 2804 3494 At
2842 3442 2998 3495 amici
3024 3440 3103 3495 tui
3129 3441 3285 3495 Noris
3312 3443 3493 3511 gravis
3521 3456 3591 3499 ac
3614 3426 3731 3515 qua-

2159 3532 2311 3587 drata
2334 3533 2611 3602 responsio
2650 3549 2681 3583 α
2723 3533 2899 3590 dorso.
2932 3534 3007 3588 De
3038 3532 3317 3588 Vincentio
3356 3534 3646 3593 Lerinensi
3668 3540 3731 3592 nil

2159 3623 2462 3678 addendum
2494 3633 2651 3693 puto;
2682 3625 2874 3678 scribis
2904 3625 3047 3679 enim
3090 3640 3175 3679 me
3214 3626 3355 3682 alios
3382 3626 3587 3684 habere
3612 3630 3735 3686 dicti

2160 3717 2264 3770 mei
2288 3730 2392 3769 ass.
2413 3727 2617 3770 rtores:
2649 3729 2817 3785 nuper
2838 3717 3064 3772 accessit
3086 3716 3318 3772 eximius
3342 3716 3535 3773 doctor
3568 3720 3733 3777 Lora-

2160 3805 2365 3859 niensis
2408 3804 2746 3859 Christianus
2776 3805 2975 3875 Lupus,
3002 3815 3141 3876 part.
3162 3807 3196 3861 4
3237 3817 3349 3864 not.
3388 3809 3442 3864 in
3473 3812 3731 3881 synodos,

2160 3910 2281 3965 pag.
2308 3895 2432 3951 757.
2470 3894 2613 3959 Hac,
2645 3895 2714 3949 mi
2737 3894 3047 3952 dulcissime
3068 3896 3308 3965 Macedo,
3332 3900 3468 3969 sequi
3502 3900 3734 3972 bonique

2162 3988 2409 4043 consulas
2437 4001 2650 4057 precor,
2676 4002 2809 4042 neve
2833 3989 2925 4044 tibi
2950 3996 3073 4044 ante
3102 3991 3379 4045 victoriam
3406 3991 3731 4063 triumphum

2163 4093 2258 4146 rer
2292 4078 2492 4131 Italiam
2522 4077 2744 4133 Romam
2776 4092 2943 4146 usque
2969 4088 3175 4135 cantes.
3212 4080 3280 4135 Et
3302 4080 3533 4151 quando
3566 4097 3735 4139 annos

2163 4177 2317 4222 natus
2345 4168 2673 4237 septuaginta
2694 4179 2922 4236 septem,
2957 4178 3033 4223 tot
3064 4172 3259 4240 vigiliis
3275 4187 3405 4241 quas
3428 4174 3478 4226 in
3510 4174 3735 4230 edendis

2162 4259 2509 4327 quadraginta
2546 4267 2600 4312 et
2626 4260 2854 4327 amplius
2906 4260 3265 4315 voluminibus
3304 4264 3536 4328 subiisti,
3584 4266 3733 4320 senili

2161 4364 2389 4418 corpore
2420 4358 2705 4414 mace'ato,
2741 4350 3044 4405 vastissimo
3066 4353 3442 4409 ecclesiastica:
3469 4357 3729 4410 erud.tio-

2164 4445 2245 4494 nis
2298 4442 2483 4510 pelago
2520 4448 2573 4495 te
2610 4443 2945 4497 committere
2974 4446 3305 4511 expavescis,
3337 4445 3539 4500 veritus
3586 4464 3656 4503 ne
3683 4449 3731 4501 in

482 4544 629 4596 papa:
654 4529 718 4581 ad
738 4530 1016 4598 episcopos
1034 4529 1241 4591 Gallice,
1271 4532 1360 4586 ubi
1388 4535 1573 4588 scribit
1597 4538 1864 4605 epistolam
1885 4540 2048 4606 illam,
2087 4520 2132 4575 Ῐ)
2162 4534 2335 4586 medio
2365 4547 2523 4586 cursu
2554 4542 2605 4585 ιϐ
2635 4533 2740 4585 Vlla
2771 4532 3016 4597 dulicial;
3047 4535 3164 4590 sine
3192 4549 3278 4589 me
3298 4578 3312 4602 ,
3347 4550 3505 4604 quem
3536 4537 3729 4592 imber-

481 4639 593 4691 qum
614 4630 719 4675 tota
765 4631 836 4675 est
877 4638 969 4690 pro
1014 4621 1307 4691 defensione
1348 4623 1410 4679 S.
1441 4625 1742 4696 Augustini,
1776 4644 2053 4699 congruere

481 4714 691 4767 Hilario
721 4715 1003 4768 Arelatensi
1028 4730 1128 4767 non
1153 4717 1422 4787 posse.qui
1450 4717 1724 4786 Augustini
1746 4720 2050 4789 doctrinam,

479 4816 531 4857 ut
559 4806 783 4872 Prosper
812 4810 862 4861 in
891 4807 1101 4875 epistola
1132 4824 1225 4859 sua
1262 4816 1491 4875 testatur,
1528 4824 1640 4861 cum
1668 4810 1721 4863 in
1749 4812 1942 4865 creteris
1967 4831 2026 4866 su

478 4897 723 4963 spicercl,
749 4899 914 4949 hacin
947 4907 1092 4965 parte
1141 4914 1239 4951 NON
1273 4914 1556 4953 ruonsnsr.
1596 4902 1747 4970 Apud
1782 4901 2053 4957 Labbeum

478 4997 525 5037 et
553 4988 745 5040 Cossar
772 4991 877 5042 imn
904 5001 1046 5044 tomo
1070 4992 1107 5046 ll
1127 4992 1354 5059 Concil.,
1389 5010 1507 5063 pag.
1534 4997 1692 5053 1818.
1720 5000 1770 5052 lu
1794 4998 1894 5053 hoc
1925 5006 2050 5055 tanti

476 5077 576 5129 viri
625 5078 931 5131 t'stimonio
976 5090 1028 5133 et
1062 5082 1287 5172 glorior4
1316 5097 1369 5140 et
1403 5086 1690 5155 triumpho.
1733 5090 1891 5144 Visiie
1917 5093 2051 5146 alios

476 5179 673 5232 testes,
706 5169 795 5238 qui
824 5169 1044 5237 aliquem
1092 5169 1310 5238 malum,
1344 5179 1528 5231 bonum
1585 5180 1808 5245 rogabas
1836 5184 1857 5234 ?
1888 5184 2053 5240 Adest

475 5278 572 5333 par
600 5261 834 5326 testium,
863 5272 910 5315 et
935 5277 1040 5315 uno
1064 5278 1156 5317 ore
1178 5265 1485 5333 loquuntur.
1518 5272 1653 5325 Sunt
1682 5272 2050 5331 Sammartlta-

476 5355 527 5406 tti
559 5354 656 5407 viri
689 5352 1036 5407 eruditissimi
1082 5362 1223 5407 tumo
1262 5357 1278 5410 l
1308 5357 1493 5412 Callia:
1544 5362 1893 5431 Christiana},
1927 5383 2048 5435 pag.

474 5443 561 5493 36.
599 5442 803 5498 Constat
823 5454 1011 5508 autem,
1040 5444 1305 5513 inquiunt,
1340 5446 1617 5512 Hilarium,
1639 5452 1726 5518 qui
1751 5456 1952 5525 scripsit
1984 5458 2054 5511 ad

477 5535 537 5586 S.
566 5536 924 5605 Augustinum.
950 5546 996 5589 et
1025 5538 1172 5607 cujus
1199 5540 1460 5591 occasione
1482 5542 1615 5591 misit
1646 5542 1800 5598 libros
1823 5546 1885 5598 de
1912 5545 2051 5601 Prte-

476 5636 809 5691 t‘estinationa
837 5649 1151 5703 sanctorum,
1185 5650 1229 5693 et
1258 5640 1319 5692 de
1345 5638 1487 5692 Dono
1511 5646 1915 5711 perseverantia,
1946 5663 2052 5702 esse

478 5728 769 5777 districtum
808 5729 869 5779 ab
924 5728 1127 5781 ΙῘιΙΗΤίο
1183 5730 1465 5782 Arelatensi
1510 5732 1783 5799 episcopo:
1829 5735 2050 5802 primum

2163 4622 2280 4674 hem
2306 4622 2557 4689 juvenem
2595 4621 2721 4674 olim
2748 4621 2933 4677 Romae
2958 4622 3159 4690 vidisti,
3191 4632 3245 4679 et
3270 4627 3498 4681 amicum
3529 4628 3607 4681 tui
3637 4642 3727 4681 no-

2162 4712 2319 4765 minis
2370 4724 2530 4779 supra
2579 4719 2803 4766 cazteros
2864 4713 3316 4770 studiosissimum
3362 4717 3539 4781 nosti;
3578 4719 3727 4778 sine.

2160 4805 2402 4872 inquam,
2434 4818 2518 4857 me
2545 4805 2658 4855 vela
2684 4805 2944 4872 pandere,
2984 4820 3045 4859 ac
3071 4806 3137 4861 de
3166 4817 3323 4876 portu
3349 4822 3574 4864 securus
3607 4822 3725 4878 pro-

2160 4909 2368 4963 sperum
2402 4893 2531 4948 mihi
2563 4896 2955 4964 navigationem
2989 4895 3281 4955 Horatiano
3311 4900 3546 4955 carmine
3591 4905 3726 4958 omi-

2162 5000 2311 5041 Ιιίηθ.

2340 5096 2512 5160 Navis,
2539 5096 3021 5160 quaelibicreditum

2400 5156 2836 5225 Debesflis'oricu
2855 5173 2881 5203 n
2901 5172 2989 5220 per
3012 5159 3136 5219 freta
3156 5158 3355 5221 ducere,

2342 5218 2533 5279 Reddas
2551 5220 2596 5265 Ν
2602 5218 2799 5266 orisiunt
2825 5218 3015 5279 precor,

2399 5278 2459 5327 Et
2479 5291 2650 5326 serves
2672 5278 2843 5327 animos
2862 5280 3111 5328 dimidium
3136 5294 3276 5328 mete.

3138 5342 3237 5390 Lib.
3264 5359 3298 5400 ι,
3320 5344 3409 5393 ode
3429 5347 3479 5394 3.
3530 5382 3536 5389 .

2234 5440 2380 5507 Vale,
2412 5440 2754 5506 amicissime,
2803 5449 2857 5495 et
2882 5442 3309 5509 ingeniosissrme
3340 5458 3508 5515 pater,
3536 5462 3717 5516 mequo

2158 5531 2315 5585 isthic
2342 5530 2528 5584 amicis
2557 5531 2988 5591 commendatum
3027 5531 3218 5598 facias;
3253 5545 3370 5591 tuos
3399 5553 3524 5593 vero
3546 5549 3715 5607 patro-

2158 5635 2255 5677 nos
2286 5619 2417 5674 mibi
2447 5620 2754 5686 benevolos,
2790 5622 2870 5675 vel
2892 5622 3079 5677 saltem
3113 5626 3284 5683 minus
3311 5628 3474 5685 iratos
3502 5629 3714 5686 reddas.
