3892 6296
188 328 281 387 561

644 441 1284 501 ANIMADVERSIONES
1354 436 1365 443 ’

387 550 435 587 Η
478 549 670 587 LIBRUM
716 550 780 587 DE
810 549 1173 590 CORREPTIONE
1213 553 1281 590 ΕΤ
1320 552 1511 592 GRATIA

250 626 372 694 Cap.
399 626 445 688 l,
475 624 579 695 ἐξ).
610 625 847 679 Liberum
876 629 1047 697 itaque
1071 629 1357 692 arbitrium,
1387 638 1434 683 et
1461 630 1530 681 ad
1557 629 1748 683 malum

184 727 224 771 cr.
260 721 322 768 ad
351 723 534 768 bonum
562 717 847 785 facicndum
892 720 1236 785 conﬁtendum
1284 730 1352 774 est
1399 736 1492 773 nos
1518 721 1699 773 habere
1726 737 1746 785 ;

181 808 263 859 sed
286 808 332 857 in
362 805 495 857 malo
523 807 757 876 faciendo
785 807 909 860 liber
927 811 1223 878 estquisqne
1237 810 1454 881 justitiaz
1476 826 1747 879 servusque

181 898 398 966 peccati;
431 900 482 951 in
512 898 642 952 bono
681 908 848 953 autem
895 900 1023 953 liber
1059 918 1165 954 es.~e
1205 903 1381 955 nullus
1426 912 1614 970 potest,
1649 900 1746 955 nisi

180 992 322 1059 fuerit
353 990 609 1056 liberatus,
644 990 772 1061 ctc.]
799 990 1029 1045 Vocibus
1052 993 1195 1044 liberi
1217 993 1411 1046 arbitrii
1446 994 1529 1045 hic
1556 994 1746 1046 volun-

182 1090 327 1133 tatem
352 1078 599 1149 intelligit
630 1080 976 1148 Augustinus,
1012 1098 1116 1135 non
1150 1083 1197 1135 id
1232 1083 1371 1151 quod
1397 1083 1463 1136 ab
1491 1083 1744 1137 omnibus

178 1168 386 1237 intelligi
428 1168 635 1222 solebat
661 1185 673 1221 :
699 1170 988 1234 nimirum,
1022 1171 1327 1225 facultatem
1376 1172 1521 1225 illam
1553 1172 1747 1226 mentis

156 1244 266 1327 “qua
300 1268 475 1326 potest
502 1258 705 1327 aliquid
737 1258 931 1325 facere,
966 1269 1072 1313 tam
1111 1262 1306 1315 bonum
1333 1278 1490 1331 quam
1521 1264 1749 1327 malum,

174 1358 255 1403 nul
300 1350 567 1405 omittere.
612 1349 887 1418 llomincs,
934 1353 1226 1406 secundum
1255 1369 1400 1418 eum,
1452 1364 1743 1407 nascuntur

173 1450 387 1510 suntque
415 1455 632 1509 semper
656 1449 779 1494 ante
802 1444 1259 1511 regenerationem
1284 1444 1433 1498 liberi
1465 1459 1493 1496 a
1514 1444 1741 1512 justitia,

174 1545 222 1587 et
247 1535 382 1590 servi
412 1537 613 1603 peceati
642 1555 654 1591 :
690 1536 790 1589 hoc
817 1544 920 1600 est,
955 1535 1084 1590 nihil
1114 1536 1216 1589 nisi
1248 1536 1387 1589 mala
1420 1535 1591 1590 facere
1623 1552 1745 1605 pos-

171 1636 302 1691 sunt,
337 1626 472 1679 bona
508 1626 650 1679 nulla
679 1633 936 1694 possunt;
969 1625 1063 1680 sed
1090 1626 1286 1679 faciunt
1312 1625 1446 1681 mala
1478 1629 1736 1694 volentes,

170 1714 297 1772 bona
339 1717 596 1770 omittunt
635 1716 901 1780 nolentes,
952 1717 1195 1785 quamvis
1226 1717 1341 1771 sine
1378 1717 1636 1770 miraculo
1661 1716 1740 1769 di-

848 328 1201 385 νΑιιιοιιυιι
1243 330 1843 388 ΕΧΕΠΟΙΤΑΤΙΟΝΕΞ
1885 334 1945 387 l.\'
1985 335 2040 391 S.
2082 337 2449 395 AUGUSTI-Nl
2492 344 2743 398 Ol‘EliA.

3326 348 3433 408 562

1775 448 1830 508 Α
1852 450 2002 518 culpa
2033 452 2151 519 ejus
2181 454 2268 521 qui
2302 469 2405 505 non
2440 455 2562 508 facit
2600 457 2737 522 quod
2770 472 2871 510 nec
2918 474 3057 513 nunc
3097 471 3300 527 potest,
3330 481 3430 521 nec

1853 555 2084 609 unquam
2113 552 2271 597 antea
2294 546 2480 612 potuit.
2506 546 2655 613 Quod
2688 547 2730 600 si
2766 563 2921 602 nemo
2947 551 3116 617 potuit
3146 553 3426 623 impedire,

1851 644 1971 699 quae
1998 634 2263 687 sententia
2293 645 2377 690 est
2408 636 2711 703 Augustini,
2738 639 3018 708 quominus
3040 640 3169 694 vitio
3194 642 3431 711 inquina-

1850 730 2016 787 retur,
2044 732 2322 791 propterea
2361 741 2464 780 non
2501 727 2658 781 debet
2701 729 2893 798 corripi
2927 730 3038 784 :uti
3079 748 3177 785 nec
3211 732 3256 785 si
3283 734 3427 789 nulla

1852 812 2073 877 ratione,
2107 828 2172 868 eo
2200 817 2365 869 semel
2396 816 2722 885 inquinatus,
2750 820 2963 873 vincere
2994 820 3043 874 id
3078 825 3268 891 potuit,
3302 825 3425 893 quia

1849 902 1897 957 ei
1944 902 2113 959 defuit
2143 906 2397 961 auxilium
2426 910 2541 962 sine
2569 925 2674 977 quo
2707 911 2841 964 vinci
2874 911 3057 965 vitium
3099 930 3201 967 non
3233 917 3423 983 potuit.

1850 993 2013 1062 lgitur
2032 1011 2098 1049 ex
2134 997 2296 1051 animi
2327 1000 2589 1052 sententia
2620 1016 2721 1052 non
2757 1002 2922 1068 potuit
2951 1002 3128 1056 dicere
3170 1006 3423 1073 Augusti-

1850 1099 1980 1138 nus:
2012 1094 2098 1139 tuo
2120 1088 2239 1140 vitio
2270 1105 2369 1140 non
2397 1088 2548 1141 habes
2575 1090 2711 1157 quod
2742 1093 3100 1146 necessarium
3132 1107 3210 1147 eSt
3240 1096 3303 1147 ad
3328 1096 3425 1149 ob-

1848 1177 2207 1232 servationem
2239 1178 2535 1232 divinornm
2572 1192 2994 1248 prteeeptorum;
3028 1198 3125 1237 nec
3158 1186 3377 1250 proinde
3403 1227 3418 1249 ,

1848 1267 2017 1338 posita
2068 1268 2185 1336 ejus
2228 1269 2502 1335 doctrina,
2543 1288 2606 1324 ex
2634 1274 2966 1341 prtt‘ccplione
3007 1276 3252 1343 cognosci
3294 1276 3419 1345 quid

1848 1357 2008 1411 homo
2025 1359 2200 1412 debeat
2232 1359 2443 1425 habere;
2486 1377 2603 1413 nam
2638 1378 2740 1414 non
2770 1363 2911 1415 debet
2935 1363 3117 1416 habere
3146 1365 3285 1433 quod
3312 1380 3418 1419 non

1846 1450 2012 1518 magis
2045 1450 2217 1518 potuit
2250 1452 2466 1516 habere,
2500 1452 2715 1504 nolente
2749 1453 3052 1521 Deu,quam
3080 1453 3269 1507 sistere
3298 1469 3418 1507 cur-

1846 1553 1962 1591 smn
2012 1539 2265 1592 siderum.
2321 1538 2585 1608 Perpetuo
2619 1540 2971 1610 Hipponensis
3011 1543 3293 1610 epiScOpus
3323 1544 3420 1596 ob-

1842 1631 2103 1699 iectiones
2146 1632 2432 1686 retundere
2478 1642 2701 1685 conatur
2747 1633 2927 1686 verbis
2968 1650 3087 1703 quis
3130 1649 3249 1688 cum
3302 1638 3420 1702 ejus

1844 1727 2105 1775 sententia
2147 1721 2407 1775 acerrime
2436 1731 2701 1791 pugnant;
2731 1725 2853 1792 quia
2887 1724 2929 1776 si
2961 1726 3341 1778 convenienter
3368 1729 3419 1779 ei

170 1808 283 1860 vino
311 1806 450 1875 quod
498 1807 554 1861 in
597 1806 1001 1873 regeneratione
1037 1806 1097 1860 lit
1135 1808 1383 1861 voluntas
1416 1811 1609 1862 mutari
1651 1826 1741 1863 ne-
1776 1806 1816 1864 Β
1847 1810 2126 1864 sententia:
2159 1826 2253 1878 per
2279 1813 2455 1863 omnia
2490 1811 2809 1879 loquendum
2840 1811 3045 1875 luisset,
3070 1828 3250 1866 Sermo
3278 1814 3421 1868 Scri-

170 1907 334 1971 queat.
365 1900 510 1953 Satis
543 1899 707 1969 liquet
733 1898 866 1951 alios
894 1912 1082 1953 omnes
1108 1913 1213 1952 mo.
1229 1900 1358 1953 tales
1383 1941 1397 1964 ,
1445 1902 1487 1953 si
1517 1901 1583 1953 ita
1613 1914 1739 1952 sen-

168 1995 379 2058 sissent,
415 2002 706 2063 negaturos
747 1991 1055 2045 hnminibus
1114 1992 1291 2047 inesse
1346 1992 1557 2045 liberant
1606 1993 1743 2045 arbi-

170 2088 347 2152 trium;
375 2097 428 2142 et
458 2101 591 2141 sane
620 2086 850 2155 negabat
879 2085 993 2153 ipse
1035 2084 1396 2154 Augustinus,
1427 2099 1547 2139 cum
1589 2093 1747 2139 extra-

169 2178 540 2232 eontroversize
581 2189 768 2231 costum
800 2176 1138 2245 loquebatur,
1168 2183 1226 2228 ut
1255 2175 1422 2239 liquet
1450 2190 1513 2228 ex
1546 2174 1741 2228 Enchi-

169 2267 294 2320 ridio
323 2269 388 2321 ad
418 2266 766 2321 Laurentium
811 2282 929 2335 eap.
959 2266 1049 2321 50.
1081 2266 1212 2319 Vide
1246 2274 1353 2317 not.
1389 2264 1456 2318 ad
1488 2274 1617 2318 tom.
1652 2264 1735 2318 Vl.

229 2354 355 2426 Cap.
389 2358 447 2425 2,
485 2358 515 2429 ε
549 2357 603 2411 5.
633 2357 1001 2426 Objectionem
1032 2365 1221 2412 contra
1250 2356 1547 2409 doctrinam
1585 2370 1735 2410 suam

169 2449 226 2503 de
240 2450 428 2518 gratia,
448 2464 552 2520 qua
576 2465 674 2504 non
700 2448 889 2514 solum,
912 2456 1231 2503 monstrante
1247 2448 1381 2517 ipso,
1404 2447 1527 2517 quid
1542 2448 1734 2517 facien-

168 2542 277 2591 dum
294 2541 358 2593 sit
375 2540 545 2593 sciunt
568 2538 831 2604 homines,
851 2554 1023 2591 verum
1045 2540 1197 2591 etiam
1216 2553 1314 2607 qua
1330 2553 1397 2611 se.
1420 2554 1439 2589 ι
1465 2544 1739 2605 praestante

167 2629 344 2696 faciunt
373 2647 490 2682 cum
521 2628 792 2681 dilectione
820 2628 956 2696 quod
986 2628 1173 2690 sciunt,
1203 2627 1280 2679 sic
1326 2625 1575 2693 proponit
1600 2642 1612 2675 :
1639 2625 1738 2676 κν.

166 2735 233 2787 go,
260 2719 532 2786 inquiunt,
558 2718 854 2785 principimt
878 2716 1229 2769 tantummodo
1260 2714 1401 2766 nobis
1423 2715 1546 2782 quid
1573 2715 1740 2781 facere

167 2809 428 2861 debeamus
454 2809 543 2876 qui
574 2808 717 2859 nobis
749 2817 1006 2874 praesunt,
1037 2816 1082 2859 et
1110 2816 1161 2857 ut
1194 2808 1444 2873 faciamus
1471 2812 1614 2857 orent
1643 2820 1738 2873 pro

170 2900 315 2966 nobis,
344 2915 445 2951 non
476 2907 642 2950 autent
668 2913 757 2950 nos
787 2897 1061 2965 corripiant
1091 2904 1136 2947 et
1168 2904 1408 2962 arguant,
1439 2895 1485 2947 si
1523 2910 1622 2946 non
1657 2894 1734 2961 fe-

170 2992 389 3043 cerimus.
422 2989 591 3057 Quia,
625 2989 910 3051 nimirum,
944 2986 989 3040 si
1038 2986 1158 3055 quis
1208 2987 1492 3054 pra°ceptis
1543 2985 1735 3038 divinis

142 3088 145 3091 ‘
171 3095 263 3134 non
291 3081 546 3150 paruerit,
578 3079 649 3146 id,
680 3095 742 3133 ex
784 3078 1047 3132 sententia
1091 3078 1394 3145 AliguStini,
1425 3086 1624 3130 certum
1650 3087 1732 3131 est

1845 1912 2035 1968 pturm,
2060 1902 2165 1955 imo
2196 1910 2247 1954 et
2281 1904 2440 1953 totius
2470 1902 2682 1954 Intumui
2714 1904 2927 1971 generis
2957 1904 3141 1956 fuisset
3161 1905 3419 1957 damnan~

1842 1990 1940 2044 dus
1962 2000 2013 2045 et
2038 1992 2419 2055 immutandus,
2448 1990 2743 2061 eademque
2769 2007 2931 2062 opera
2951 1992 3306 2049 convelleuda
3328 2010 3419 2050 so-

1841 2081 2052 2137 cietatis
2092 2081 2336 2136 humanae
2364 2082 2665 2137 ﬁrmissima
2698 2084 3065 2139 fundamenta.

1911 2172 2041 2241 Cap.
2069 2172 2122 2238 6,
2156 2171 2183 2243 §
2215 2172 2269 2227 9.
2302 2172 2455 2227 Hanc
2501 2173 2747 2241 (gratiam
2773 2218 2789 2241 ,
2824 2175 3070 2243 inquiunt
3112 2175 3415 2245 Pelagiani,

1840 2264 1940 2318 sub
1986 2278 2215 2332 persona
2243 2273 2581 2332 peccatorum
2627 2265 2926 2335 loquentes)
2959 2284 3063 2319 non
3090 2270 3415 2336 accepimus;

1822 2353 1962 2422 ‘quid
1982 2354 2151 2423 itaque
2171 2353 2499 2423 corripimur,
2525 2356 2670 2421 quasi
2693 2370 2785 2408 nos
2808 2371 2922 2409 eam
2947 2357 3088 2409 nobis
3104 2358 3227 2410 dare
3255 2358 3416 2424 possi-

1838 2457 1971 2507 mus,
2003 2450 2051 2495 et
2070 2451 2243 2496 nostro
2264 2443 2471 2496 arbitrio
2501 2444 2623 2497 dare
2652 2445 2913 2499 nolimus?
2928 2445 3068 2499 Nihil
3091 2447 3413 2511 evidentius,

1838 2545 1936 2585 nec
1966 2531 2204 2601 intelligo
2229 2532 2500 2602 quomodo
2530 2533 2855 2602 Augustinus
2885 2548 2950 2589 ex
2980 2535 3127 2589 hisce
3168 2550 3415 2589 necessa-

1839 2622 1933 2674 riis
1963 2636 2025 2675 ac
2055 2623 2348 2691 perspicuis
2390 2626 2742 2679 consectariis
2772 2639 2877 2679 non
2918 2626 3354 2681 animadverterit
3382 2642 3414 2680 a

1838 2725 1899 2765 se
1926 2725 2031 2765 non
2061 2712 2191 2767 satis
2210 2721 2359 2766 recte
2382 2712 2651 2767 intellecta
2674 2728 2791 2781 quae
2813 2713 2961 2768 hisce
2977 2714 3042 2768 de
3068 2715 3227 2768 rebus
3256 2714 3417 2769 habet

1840 2802 2139 2871 Scriptura.
2181 2803 2243 2856 Ei
2271 2802 2486 2872 quidem
2517 2804 2680 2858 verba
2724 2818 2829 2857 non
2859 2803 3069 2867 desunt,
3099 2819 3219 2873 qua:
3258 2805 3417 2874 paulo

1838 2892 2302 2950 exercitatioribus
2360 2894 2668 2947 rhetoribus
2725 2910 2997 2964 nunquam
3045 2894 3234 2949 deesse
3293 2910 3415 2964 pos-

1838 2997 2000 3050 sunt;
2031 2984 2125 3039 sed
2148 2999 2213 3038 ex
2244 2984 2436 3052 quibus
2467 2985 2622 3040 facile
2654 2985 2919 3053 intelligas
2951 2985 3223 3039 hominem
3243 2989 3309 3040 ad
3338 2986 3415 3039 si-

1837 3078 2055 3132 lentium
2082 3076 2426 3144 redigendum
2453 3076 2634 3139 fuisse,
2661 3077 2763 3130 nisi
2782 3077 3106 3131 existimatio
3134 3092 3247 3141 sua,
3281 3077 3413 3131 editi

169 3170 405 3225 iudicium
436 3181 636 3250 praesto
660 3172 707 3223 ei
753 3184 856 3221 nou
891 3167 1124 3222 adfuisse
1160 3168 1382 3236 gratiam
1411 3166 1684 3219 efﬁcacem
1712 3183 1725 3230 ;
1759 3174 1805 3237 C
1836 3172 1979 3236 libri,
2011 3171 2356 3227 conciliorum
2387 3171 2682 3225 auctoritas
2720 3180 2773 3222 et
2809 3170 2985 3223 omnia
3030 3179 3215 3223 contra
3262 3170 3413 3224 Pela-

169 3276 257 3329 qua
286 3264 579 3330 opitulante
635 3260 748 3314 ﬁeri
795 3259 977 3326 nequit
1016 3258 1141 3327 quin
1194 3268 1407 3325 pareat,
1446 3257 1732 3312 deiiciente

169 3366 281 3405 vero
309 3368 463 3405 nemo
495 3367 688 3421 parere
721 3359 913 3419 potest.
950 3347 1088 3414 Quid
1121 3347 1187 3400 ad
1228 3347 1340 3400 haec
1374 3346 1732 3415 Augustinus?

169 3438 291 3507 Ima,
323 3443 511 3512 inquit,
546 3442 723 3496 omnia
751 3440 916 3509 ﬁant;
954 3440 1195 3509 quoniam
1221 3439 1448 3492 doctores
1479 3438 1733 3491 Ecclesia-

168 3546 266 3582 rum
288 3534 499 3601 apostoli
529 3532 704 3584 omnia
733 3530 1007 3598 fac‘ebant,
1032 3538 1079 3582 et
1108 3527 1470 3597 prcecipiebant
1498 3542 1611 3595 qum
1641 3526 1733 3594 [ie-

166 3632 281 3686 rent,
302 3634 343 3677 et
364 3623 707 3693 corripiebant
736 3622 779 3674 si
800 3636 899 3673 non
926 3620 1121 3687 ﬁerent,
1145 3629 1191 3671 et
1209 3618 1423 3672 orabant
1442 3627 1496 3669 ut
1516 3618 1732 3684 ﬁerent;

166 3716 289 3781 quod
310 3716 563 3785 exemplis
597 3714 953 3768 demonstrat.
991 3708 1183 3765 Verum
1211 3708 1486 3777 apostolos
1518 3709 1568 3761 in
1602 3722 1729 3761 sen-

138 3808 311 3862 tentia
360 3808 646 3879 Augustini
702 3806 867 3859 fuisse
923 3817 1028 3857 non
1081 3800 1451 3856 concedebant
1501 3800 1589 3869 qui
1637 3814 1729 3854 cas

166 3902 471 3966 obiectiones
498 3900 857 3974 proferebant
881 3917 892 3963 ;
924 3913 1123 3968 eosque
1150 3897 1307 3952 aliter
1350 3899 1584 3951 sensisse
1610 3895 1730 3949 hinc

166 3990 264 4055 ipse
300 3994 547 4061 colligere
608 3999 846 4060 poterat,
894 3987 1035 4058 quod
1069 3987 1313 4042 homines
1357 3986 1614 4041 divinitus
1652 3986 1729 4039 al-

168 4084 261 4136 llati
307 4100 406 4137 non
452 4092 616 4138 erant
664 4082 854 4135 facturi
894 4080 1037 4148 quod
1083 4094 1204 4133 cum
1236 4092 1423 4132 eorum
1464 4074 1728 4130 sententia

166 4187 287 4229 stare
312 4192 410 4230 non
444 4184 686 4246 poterat.
731 4173 942 4233 Postea,
975 4188 1005 4225 ο
1027 4171 1200 4231 homo,
1228 4168 1416 4238 inquit,
1448 4168 1501 4220 in
1546 4183 1734 4235 prince-

168 4268 314 4330 ptione
335 4285 575 4339 cognosce
619 4265 744 4335 quid
774 4264 956 4318 debeas
982 4262 1204 4328 habere;
1227 4261 1278 4313 in
1310 4260 1626 4330 correptione
1644 4275 1732 4311 co-

142 4370 432 4423 ‘gnosretuo
460 4372 504 4414 te
534 4361 659 4414 vitio
702 4355 996 4421 liabere;in
1042 4353 1273 4406 oratione
1312 4366 1555 4419 cognosce
1595 4352 1731 4405 unde

171 4450 364 4517 accipias
385 4451 520 4521 quod
537 4452 610 4504 vis
638 4448 846 4501 habere.
866 4446 1008 4500 Satis
1029 4454 1237 4498 constat
1257 4457 1288 4497 a
1315 4442 1423 4495 Deo
1445 4443 1727 4509 petendum

1834 3264 2019 3334 gianos
2052 3273 2199 3319 tanto
2231 3266 2348 3319 zelo
2393 3271 2540 3332 gesta
2574 3262 2797 3316 fuissent
2843 3262 3199 3316 defendenda.
3236 3262 3409 3330 Ipsum

1834 3356 1957 3409 audi
1994 3372 2006 3406 :
2038 3354 2148 3408 Nec
2190 3355 2489 3420 attendunt,
2545 3354 2747 3422 ittQuit,
2787 3354 2829 3404 si
2861 3355 3086 3406 nondum
3135 3354 3413 3422 regenerati

1834 3454 1975 3511 sunt,
2002 3446 2215 3513 primam
2244 3460 2348 3497 esse
2372 3459 2578 3495 causam
2620 3460 2711 3494 cur
2740 3444 2995 3512 objurgati
3024 3444 3161 3509 quod
3201 3445 3302 3496 sint
3326 3445 3410 3495 in-

1835 3536 2119 3589 obedientes
2160 3535 2265 3587 Deo
2308 3534 2404 3587 sibi
2434 3534 2646 3585 debeant
2677 3534 2961 3601 displicere.
2995 3534 3095 3585 Sed
3127 3534 3239 3584 ha-c
3265 3548 3409 3586 mera

1835 3637 1916 3682 est
1946 3627 2115 3696 petitio
2144 3626 2413 3695 principii,
2456 3634 2513 3676 ut
2540 3625 2827 3690 loquuntur
2858 3624 3007 3689 logici
3036 3640 3048 3684 ;
3083 3638 3200 3674 nam
3233 3624 3282 3674 lii
3312 3622 3405 3674 lm-

1835 3720 2010 3774 ruiues
2057 3718 2325 3789 negabant
2367 3731 2425 3771 se
2460 3716 2659 3780 debere,
2696 3716 2796 3768 hoc
2827 3724 2926 3779 est,
2953 3716 3055 3767 ulla
3091 3714 3202 3781 lege
3234 3717 3403 3767 teneri

1834 3823 1892 3868 ut
1917 3813 2149 3867 facerent
2172 3809 2313 3881 quod
2345 3809 2521 3864 facere
2557 3822 2665 3864 non
2699 3814 2975 3877 poterant,
3014 3806 3169 3875 quale
3195 3816 3277 3859 est
3301 3806 3405 3859 sibi

1836 3912 2056 3976 pr0pter
2085 3910 2300 3974 peccata
2324 3902 2630 3970 diSplicere,
2664 3900 2805 3953 nulla
2830 3910 3043 3967 accepta
3076 3898 3241 3967 gratia
3272 3897 3407 3951 divi-

1810 4042 1813 4045 .
1834 4013 1932 4061 na,
1956 4011 2074 4051 eam
2094 3996 2147 4051 in
2174 4010 2286 4051 rem
2317 3992 2640 4049 necessaria.
2664 3990 2858 4044 Verum
2878 3987 3224 4057 AuguStinus,
3251 3989 3407 4055 quasi

1834 4088 1974 4143 hanc
2010 4088 2375 4143 difﬁcultatem
2424 4085 2716 4149 soluturus,
2746 4080 2919 4135 addit:
2953 4082 3073 4149 quia
3118 4080 3232 4149 fecit
3266 4077 3403 4131 Deus

1835 4182 2090 4235 hominem
2110 4188 2300 4234 rectum
2326 4176 2388 4230 ab
2417 4176 2562 4230 initio
2592 4174 2829 4227 buntana:
2852 4182 3119 4236 creatur-te,
3140 4180 3183 4223 et
3211 4186 3311 4222 non
3332 4180 3404 4221 est

1804 4276 2075 4342 iniquitas
2100 4272 2241 4341 apud
2272 4268 2458 4323 Deum.
2484 4268 2653 4332 Quem
2701 4265 2968 4320 hominem
3006 4264 3122 4331 fecit
3173 4264 3405 4314 rectum?

1834 4364 2093 4417 Adamum
2123 4361 2326 4422 solum,
2361 4375 2464 4412 non
2514 4371 2607 4411 eos
2652 4357 2741 4424 qui
2784 4355 3017 4408 nondum
3042 4360 3223 4411 erant;
3265 4350 3399 4409 nisi,

1832 4456 2067 4509 absurdo
2082 4461 2405 4514 commento,
2431 4450 2595 4512 dicas,
2616 4448 2755 4517 quod
2773 4444 3059 4515 aliquando
3079 4440 3275 4511 placuit
3292 4441 3401 4492 Au-

172 4538 397 4594 anxilinm
427 4542 479 4595 in
511 4542 771 4601 futurum,
800 4536 893 4591 sed
927 4550 1029 4590 non
1053 4536 1104 4590 in
1139 4550 1227 4590 res
1252 4534 1576 4603 praeteritas.
1603 4546 1722 4585 nam
1756 4537 1804 4599 ι)
1831 4548 2045 4616 gmw“,
2069 4586 2084 4610 ν
2117 4546 2355 4599 omnium
2384 4541 2659 4595 hominum
2703 4538 2791 4607 qui
2840 4545 2982 4596 sunt,
3014 4533 3103 4602 qui
3154 4531 3398 4592 fuerunt,

172 4627 341 4682 delicta
363 4631 631 4699 prmterita
662 4630 855 4684 infecta
880 4628 993 4683 ﬁeri
1025 4643 1129 4681 non
1155 4635 1406 4696 possunt;
1438 4626 1503 4680 de
1526 4624 1590 4678 iis
1619 4639 1718 4677 au-

174 4725 264 4771 tem
300 4720 381 4775 hic
422 4722 612 4792 agitur,
646 4735 768 4774 nam
796 4720 1045 4789 correptio
1073 4718 1139 4771 ad
1172 4718 1436 4786 praeterita
1470 4719 1717 4785 pertinet.

176 4806 333 4877 Itaque
353 4812 616 4867 rhetorice
647 4810 812 4864 cludit
842 4810 1195 4879 objectionem
1222 4808 1574 4878 Augustinus,
1612 4823 1718 4862 non

174 4904 456 4969 respondet.
486 4903 692 4958 Deinde
732 4918 798 4955 ne
846 4901 913 4957 de
965 4902 1154 4954 futuris
1194 4901 1407 4967 quidem
1449 4904 1718 4952 orationes

175 5000 367 5053 possunt
389 5034 402 5056 ,
434 5009 497 5048 ex
525 4994 641 5062 ejus
669 4993 932 5047 sententia
953 5032 968 5056 ,
996 4991 1143 5045 fundi
1170 5008 1183 5055 ;
1216 5007 1335 5043 nam
1376 4989 1464 5042 Dei
1505 4989 1717 5043 decreta

174 5092 281 5147 erga
322 5083 515 5139 electos
557 5084 893 5139 exsecutioni
944 5082 1371 5140 mandabuntur.
1403 5079 1516 5133 sive
1564 5095 1719 5142 ores,

174 5169 270 5222 sive
291 5181 486 5228 taceas:
512 5191 636 5243 erga
664 5174 940 5242 reprobos,
967 5172 1095 5225 nihil
1122 5173 1207 5225 liet
1236 5170 1569 5225 orationibus
1594 5170 1714 5223 tuis.

176 5255 299 5329 Ergo

338 5352 517 5403 Desine
542 5354 635 5403 fata
664 5356 753 5403 Dei
779 5355 907 5403 llecti
929 5365 1131 5415 Sperate
1153 5355 1410 5414 precando.

177 5446 240 5502 Es
280 5454 606 5523 correptione
648 5456 814 5525 liquet
850 5469 981 5509 sane
1010 5453 1127 5506 vitio
1165 5468 1429 5522 quemque
1472 5469 1561 5507 suo
1594 5466 1716 5521 pec-

176 5552 329 5605 casse,
361 5545 586 5614 alioquin
620 5546 797 5615 iuiqua
839 5554 1020 5609 esset;
1053 5546 1145 5598 sed
1176 5546 1356 5598 vitium
1390 5557 1443 5599 ut
1472 5554 1710 5599 nostrum

176 5626 361 5685 dicatur
387 5646 593 5703 Oportet
613 5648 668 5689 ut
698 5640 764 5692 sit
787 5638 939 5705 culpa
965 5646 1145 5691 nostra
1172 5646 1523 5702 contractum,
1556 5648 1715 5706 utque

178 5721 298 5778 vinci
324 5741 493 5798 queat,
531 5733 572 5785 si
605 5734 655 5785 id
688 5737 899 5791 vincere
922 5735 1241 5804 jubeamur;
1277 5735 1413 5787 nrlla
1453 5735 1591 5788 enim
1632 5745 1715 5792 cst

1829 4642 2025 4710 quique
2067 4648 2185 4708 post
2239 4638 2356 4691 aliis
2393 4644 2551 4690 erunt
2591 4635 2644 4686 in
2685 4632 2838 4685 annis
2882 4638 3087 4682 mentes
3130 4624 3181 4676 in
3223 4630 3399 4675 mente

1829 4732 2018 4787 Adami
2044 4730 2233 4792 fuisse,
2263 4744 2324 4782 ac
2357 4726 2577 4795 proinde
2598 4734 2721 4779 ante
2744 4733 2991 4789 peccasse
3018 4730 3173 4785 quam
3204 4716 3255 4765 in
3281 4728 3399 4766 curo

1830 4839 1958 4890 pora
1990 4838 2080 4876 sua
2114 4824 2371 4875 venirent.
2427 4818 2555 4870 Vide
2597 4822 2704 4868 not.
2750 4812 2812 4863 ad
2855 4823 2981 4861 tom.
3011 4809 3059 4868 I,
3092 4807 3180 4857 lih.
3229 4819 3302 4866 ιιι,
3335 4805 3401 4857 de

1831 4915 2023 4968 Libero
2043 4912 2299 4972 Arbitrio,
2320 4924 2436 4973 cap.
2465 4911 2554 4970 eo,
2587 4914 2745 4969 atque
2770 4901 2832 4951 ad
2862 4910 2989 4951 tom.
3023 4896 3087 4961 ll,
3119 4898 3276 4962 epist.
3306 4896 3394 4947 98.

1830 5005 1943 5058 lloc
1971 5010 2329 5056 commentum
2358 5011 2459 5048 non
2488 4991 2788 5061 exagitabo,
2818 5006 2936 5044 cum
2966 5005 2991 5040 a
3017 4989 3227 5041 nemine
3259 5001 3397 5037 nunc

1827 5095 2146 5151 defendatur
2173 5100 2263 5143 aut
2284 5087 2492 5143 defendi
2520 5087 2706 5155 possit.
2736 5085 2914 5153 Itaque
2936 5082 3034 5135 nisi
3065 5084 3135 5136 sit
3161 5081 3398 5147 iniquitas

1827 5188 1965 5259 apud
1995 5184 2181 5249 Deum,
2204 5195 2363 5251 quam
2389 5178 2458 5233 ah
2475 5193 2540 5233 eo
2569 5176 2818 5231 amolitur
2846 5174 3009 5229 verbo
3036 5182 3188 5227 tenus
3221 5173 3399 5234 Augu-

1825 5279 2020 5341 stinus,
2052 5289 2156 5328 non
2184 5279 2358 5342 potest
2388 5286 2415 5323 a
2447 5269 2672 5338 posteris
2702 5267 2889 5321 Adami
2929 5265 3143 5332 exigere
3192 5271 3245 5313 ut
3286 5259 3397 5309 sint

1826 5370 1990 5432 recti,
2013 5381 2134 5421 cum
2163 5377 2429 5430 nunquam
2459 5360 2588 5415 recti
2619 5359 2809 5412 fuerint
2840 5368 3074 5411 necesse
3100 5347 3390 5418 potuerim,

1821 5461 1865 5517 si
1896 5457 2164 5513 credimus
2205 5454 2516 5524 Augustino,
2550 5466 2669 5504 nam
2707 5448 2911 5517 peccati
2956 5440 3224 5508 originalis
3267 5452 3388 5505 pro-

1821 5548 2152 5620 pagationem
2181 5547 2350 5601 vitare
2374 5560 2479 5598 non
2504 5550 2804 5611 potuerunt.
2829 5537 2970 5603 Ergo
3000 5534 3149 5585 fucus
3175 5540 3255 5584 est
3278 5546 3392 5620 me-

1808 5619 1914 5698 .rus
1944 5639 2081 5708 quod
2124 5638 2271 5692 addit
2302 5653 2313 5688 :
2362 5636 2429 5688 Ac
2462 5649 2548 5702 per
2594 5633 2687 5683 hoc
2712 5630 2874 5699 prima
2906 5624 3126 5696 pravitas
3151 5639 3250 5691 qua
3284 5619 3390 5673 Dea

1822 5751 1921 5789 non
1944 5732 2277 5798 obeditur,ab
2298 5728 2501 5782 homine
2522 5734 2627 5787 est;
2652 5724 2767 5791 quia
2793 5737 2851 5773 ex
2873 5714 3170 5773 rectitudine
3196 5715 3245 5768 in
3290 5727 3393 5782 qua
