3892 6296
370 382 472 435 δϐὂ

1277 351 1834 430 earumearum
1873 368 1964 423 AD

2087 365 2218 421 ΕΗΔ
2259 365 2317 422 S.
2360 366 2751 424 AUGUSTINI.
3543 371 3625 426 561

371 509 487 545 eum
536 488 668 543 Deus
698 488 931 556 primitus
975 486 1093 556 fecit
1141 502 1234 540 sua
1275 485 1412 537 mala
1441 484 1700 537 voluntate
1729 482 1967 536 decidens
1993 481 2043 541 Α
2070 487 2126 533 et
2151 478 2362 534 occidat
2383 480 2682 550 impedire?
2714 479 2814 538 Ubi
2846 481 3147 539 invenietur
3179 485 3488 555 exemplum
3515 487 3637 556 ejus-

373 600 560 650 νγαυιω
584 582 790 649 eiectus
815 589 910 633 est.
936 578 1012 632 De
1039 576 1248 632 Adamo
1274 575 1419 630 dicat
1447 574 1548 628 hoc
1577 575 1699 628 licet
1717 616 1732 639 ,
1773 571 1867 628 sed
1889 570 1958 626 de

371 679 488 748 ejus
512 677 762 747 posteris,
794 675 859 728 de
889 672 1084 742 quibus
1113 671 1247 724 solis
1269 669 1355 723 hic
1384 683 1564 724 sermo
1587 677 1690 733 est,
1719 667 1824 721 diei
1849 680 1957 720 non

373 778 569 837 potest.
606 769 785 835 Itaque
814 763 944 819 nihil
973 764 1073 819 hoc
1115 762 1182 816 ad
1213 777 1325 816 rem
1359 760 1515 826 facit,
1551 776 1722 830 neque
1746 760 1959 829 attingit

372 862 733 930 objectionem
776 873 966 914 eorum
1008 857 1131 925 qui,
1164 855 1348 909 multis
1387 855 1600 910 sacculis
1646 863 1765 923 post
1812 853 1956 909 Ada-

374 968 521 1008 mum
542 993 556 1018 ,
589 952 661 1006 ita
690 951 800 1005 nati
844 959 898 1006 et
940 948 1182 1017 concepti
1231 948 1284 1002 in
1317 957 1536 1018 peccato
1563 946 1808 1016 originali
1839 945 1958 1001 fue-

374 1053 518 1112 rant,
553 1053 609 1098 ut
637 1058 742 1096 non
775 1049 996 1109 possent
1039 1041 1146 1094 vim
1178 1039 1296 1108 ejus
1327 1039 1543 1108 fugere,
1579 1039 1627 1094 si
1653 1038 1785 1092 Afro
1811 1037 1963 1093 theo-

374 1135 500 1204 logo
529 1133 825 1188 credimus.
861 1131 1058 1186 Verum
1087 1131 1172 1185 hic
1214 1131 1458 1201 sequitur
1483 1131 1713 1184 alterum
1743 1129 1963 1184 subter-

374 1224 602 1294 fngium,
632 1237 738 1292 quo
766 1238 795 1277 a
823 1223 1120 1293 quaestione
1150 1223 1386 1276 animum
1418 1232 1665 1278 avertere
1693 1230 1920 1278 conatur
1947 1239 1960 1275 :

374 1319 457 1368 An
481 1330 594 1368 tero
618 1314 733 1368 ideo
748 1316 968 1381 pravitas
984 1324 1081 1367 ista
1106 1313 1432 1382 corripienda
1452 1330 1552 1367 non
1569 1323 1640 1367 est
1664 1314 1716 1366 in
1740 1314 1963 1375 homine,

375 1409 498 1475 quia
529 1423 626 1460 non
659 1423 770 1479 ejus
799 1407 1009 1476 prapria
1030 1408 1116 1475 qui
1139 1408 1433 1476 corripitur,
1459 1408 1546 1460 sed
1587 1406 1870 1460 communis
1893 1413 1967 1457 est

376 1499 612 1551 omnibus
636 1498 659 1551 ?
686 1497 797 1551 lmo
820 1513 936 1551 tero
966 1499 1276 1568 corripiatur
1305 1509 1351 1552 et
1377 1501 1428 1553 in
1457 1500 1707 1569 singulis,
1736 1498 1870 1567 quod
1893 1506 1966 1550 est

378 1590 628 1646 omnium.
663 1589 782 1644 Non
806 1591 939 1644 enim
967 1602 1233 1660 propterea
1259 1595 1564 1663 cujusquam
1592 1607 1691 1645 non
1721 1600 1811 1653 est,
1829 1591 1967 1660 quod

379 1686 444 1736 ab
473 1701 534 1738 ea
578 1687 750 1738 nullus
804 1685 1045 1740 immunis
1078 1695 1171 1740 est.
1214 1685 1484 1755 Pelagiani
1532 1685 1967 1740 communionem

378 1774 778 1845 depravationis
818 1775 1040 1830 minime
1080 1775 1374 1846 urgebant,
1408 1785 1466 1829 ut
1496 1790 1616 1831 eam
1657 1784 1969 1830 excusatum

2059 571 2204 628 modi
2234 573 2590 642 correptionis
2624 574 2679 628 in
2709 574 2960 629 universa
2992 575 3296 644 scriptura?
3325 577 3454 632 Vult
3483 580 3642 647 Augu-

2060 665 2232 719 stinus
2256 674 2534 734 peccatum
2551 666 2816 735 originale
2833 681 3044 736 ptenam
3070 682 3190 723 esse
3214 668 3421 737 peccati
3445 669 3642 732 Adami,

2061 769 2091 809 a
2120 756 2229 810 Deo
2255 756 2534 824 inﬂictam,
2567 767 2628 811 ut
2667 757 2824 812 docet
2848 758 2941 813 lib.
2969 758 3038 812 de
3086 757 3245 813 Civit.
3276 758 3375 814 Dei
3401 774 3520 824 xm,
3541 774 3649 828 cap.

2065 845 2151 902 i2.
2185 846 2283 913 Qui
2306 861 2436 901 vero
2462 857 2710 902 creatura
2733 846 2925 902 vitabit
2957 863 3144 916 poenas
3169 863 3199 902 a
3228 848 3491 904 Creatore
3524 850 3651 904 inﬂi-

2063 940 2213 992 etas?
2239 937 2521 1005 Quomodo
2551 938 2731 1001 etiam,
2761 939 2907 1008 quod
2929 954 3021 994 eas
3044 954 3150 994 non
3174 939 3443 1007 vitaverit,
3467 941 3654 1011 corripi

2067 1029 2306 1098 poterit?
2333 1028 2443 1084 ﬂos
2464 1043 2623 1085 nemo
2639 1044 2874 1100 unquam
2902 1029 3063 1085 solvit
3089 1029 3278 1097 nodos,
3306 1045 3483 1102 neque
3505 1046 3654 1102 porro

2066 1121 2262 1177 solvet.

2139 1214 2265 1269 Haec
2291 1214 2359 1270 de
2381 1215 2731 1285 irregenerati
2761 1215 3109 1285 corruptione
3135 1215 3245 1270 vult
3275 1215 3384 1269 dici
3409 1216 3655 1285 Augusti-

2068 1320 2202 1369 nus;
2229 1307 2295 1361 de
2325 1317 2644 1376 regenerato
2671 1322 2797 1362 vero
2832 1307 3176 1377 corripiendo
3205 1309 3285 1363 sic
3323 1308 3655 1378 philosopha-

2069 1407 2193 1453 tur:
2225 1399 2286 1452 Si
2317 1407 2485 1454 autem
2502 1401 2618 1470 jam
2638 1406 2965 1470 regeneratus
2993 1409 3042 1454 et
3060 1401 3384 1469 justi/icatus
3406 1401 3460 1454 in
3478 1402 3657 1454 malam

2069 1490 2220 1544 vitam
2248 1508 2345 1544 sua
2372 1490 2634 1544 voluntate
2662 1489 2932 1555 relabitur,
2963 1503 3094 1544 certe
3118 1492 3214 1544 iste
3243 1507 3347 1544 non
3381 1499 3544 1562 potest
3582 1493 3656 1546 di-

2070 1599 2226 1638 cere:
2262 1600 2366 1637 non
2404 1585 2609 1654 accepi,
2650 1584 2774 1652 quia
2806 1593 3068 1650 acceptam
3107 1584 3327 1653 gratiam
3351 1581 3446 1636 Dei
3489 1600 3588 1638 suo
3608 1585 3657 1638 in

2073 1676 2266 1729 malum
2317 1674 2474 1729 libero
2516 1675 2688 1728 amisit
2735 1675 2971 1728 arbitrio.
3021 1675 3287 1730 Credebat
3340 1677 3657 1745 Augustinus

2074 1768 2331 1838 quosdam
2352 1768 2635 1838 justificari
2665 1767 2752 1838 qui
2784 1784 2892 1822 non
2927 1777 3054 1822 sunt
3076 1768 3442 1838 prwdestinati
3473 1768 3540 1823 ad
3579 1784 3660 1824 sa-

379 1867 553 1928 itcnt;
584 1867 677 1922 sed
705 1867 965 1936 negabam
985 1867 1193 1929 Caium,
1220 1868 1451 1936 exempli
1481 1881 1663 1932 causa,
1690 1881 1751 1920 ac
1769 1865 1971 1921 Titium
2004 1850 2051 1909 Β
2078 1861 2266 1926 lutem,
2287 1874 2349 1915 ac
2375 1860 2602 1929 proinde
2629 1874 2737 1914 non
2770 1870 3095 1928 acceperunt
3120 1875 3151 1913 a
3182 1861 3293 1914 Deo
3321 1860 3521 1915 donum
3544 1875 3662 1929 per-

382 1973 546 2022 possc
577 1959 774 2026 corripi
798 1959 866 2014 ob
894 1960 1113 2024 delicta,
1143 1959 1187 2013 si
1221 1974 1492 2029 nunquam
1519 1960 1570 2012 in
1603 1972 1788 2012 eorum
1823 1968 1976 2027 pote-

381 2059 528 2105 smte
555 2049 740 2106 fuisset
773 2052 943 2108 vitare
973 2063 1273 2122 peccatum,
1300 2054 1530 2122 primum
1563 2051 1780 2122 quidem
1812 2051 1977 2121 origi-

383 2143 536 2207 nale,
587 2142 783 2199 deinde
838 2146 1066 2200 actualia
1119 2146 1330 2210 omnia;
1362 2146 1484 2215 quia
1521 2145 1681 2200 Caius
1715 2154 1770 2201 et
1805 2145 1976 2200 Titius

383 2236 515 2303 (non
545 2234 707 2291 homo
739 2237 791 2290 in
821 2253 1042 2307 genere.
1074 2238 1141 2292 de
1169 2252 1273 2307 quo
1291 2253 1397 2292 non
1432 2238 1812 2307 loquebantur)
1844 2253 1979 2291 nun-

383 2340 544 2393 quam
568 2326 871 2382 habuerunt
893 2329 1118 2394 gratiam
1133 2327 1228 2382 Dei
1250 2343 1367 2382 eam
1389 2329 1442 2382 iri
1460 2343 1572 2383 rem
1591 2329 1974 2382 necessariam.

387 2413 645 2468 linhnerit
677 2431 794 2469 eam
820 2418 1078 2481 Adamus,
1111 2419 1154 2470 si
1183 2418 1342 2472 modo
1366 2432 1428 2472 ea
1462 2417 1718 2487 intlignit;
1751 2417 1793 2470 si
1815 2418 1976 2471 Caius

384 2517 438 2559 et
460 2504 634 2560 Titius
664 2521 932 2577 nunquam
966 2507 1291 2576 habuerunt,
1321 2510 1522 2578 corripi
1569 2509 1831 2580 profecto,
1859 2509 1977 2564 sine

384 2598 692 2667 iniquitate,
724 2615 832 2655 non
859 2609 1166 2670 potuerunt.

458 2711 678 2768 Peccata
699 2714 923 2782 quidem,
970 2715 1145 2786 inquit
1173 2715 1368 2771 deinde
1406 2713 1715 2772 Carneades
1755 2715 1976 2780 Poenus,

383 2806 481 2859 ista
513 2805 787 2876 originalia
810 2807 925 2860 ideo
947 2807 1193 2861 dicuntur
1217 2810 1409 2873 aliena,
1431 2808 1568 2878 quod
1596 2823 1656 2861 ea
1694 2807 1886 2878 singuli
1917 2807 1979 2860 de

384 2898 684 2966 parentibus
713 2897 962 2964 trahunt;
993 2901 1197 2953 sednon
1223 2900 1334 2952 sine
1356 2914 1513 2952 causa
1540 2899 1782 2952 dicuntur
1810 2910 1857 2952 et
1887 2914 1979 2951 no-

383 2997 515 3053 stra,
545 2988 662 3056 quia
688 2989 741 3042 in
770 2987 861 3041 illo
886 3004 985 3042 uno
1008 3004 1202 3055 omnes,
1231 2988 1364 3040 sicut
1391 2988 1514 3040 dicit
1541 2988 1833 3058 Apostolus,
1861 3003 1978 3057 pec-

385 3088 645 3130 cat-erunt.
719 3077 919 3132 Verum
973 3078 1028 3133 in
1097 3080 1197 3132 hac
1245 3078 1614 3133 controversia
1668 3088 1853 3134 nostra
1898 3079 1980 3135 di-

387 3178 606 3237 cuntur,
634 3185 740 3223 non
765 3170 1091 3224 translatitio
1119 3185 1306 3235 sensu,
1332 3170 1427 3225 sed
1460 3171 1702 3241 proprio,
1728 3181 1974 3240 peccata;

2077 1950 2422 2017 severantia,
2450 1965 2651 2020 eosque
2676 1950 2803 2016 labi,
2842 1961 2898 2005 ut
2939 1952 3183 2019 pluribus
3227 1952 3282 2006 in
3321 1952 3663 2021 sequentibus

2079 2043 2254 2098 docet.
2285 2041 2438 2109 Quod
2471 2057 2592 2097 cum
2629 2042 2702 2096 ita
2740 2043 2831 2110 sit,
2865 2043 2980 2099 haec
3028 2044 3143 2113 ejus
3174 2046 3452 2113 responsio
3482 2045 3536 2100 in
3573 2059 3668 2100 ore

2079 2133 2281 2201 Pelagii
2300 2143 2443 2188 recta
2461 2142 2621 2199 esset,
2645 2134 2738 2189 sed
2757 2135 2810 2188 in
2833 2134 3000 2205 ipsius
3023 2151 3117 2190 ore
3139 2146 3286 2190 caret
3316 2137 3472 2204 plane
3484 2151 3666 2191 sensu.

2079 2223 2136 2279 Si
2159 2223 2302 2279 enim
2336 2238 2514 2278 sermo
2539 2225 2612 2280 sit
2649 2224 2719 2279 de
2765 2225 2980 2280 homine
3023 2227 3241 2281 minime
3265 2228 3671 2295 prcedestinato,

2080 2331 2188 2373 non
2220 2317 2415 2386 poterit
2453 2319 2695 2386 corripi;
2739 2319 2862 2387 quia
2895 2319 3035 2374 Deus
3089 2337 3197 2374 non
3242 2322 3429 2374 statuit
3466 2321 3515 2373 ei
3543 2320 3676 2374 dare

2079 2413 2556 2482 perseverantiam,
2599 2414 2716 2469 sine
2748 2430 2852 2484 qua
2900 2415 2967 2469 ad
2997 2417 3156 2470 finem
3188 2430 3357 2484 usque
3402 2425 3549 2470 stare
3580 2429 3678 2469 ne-

2080 2504 2214 2574 quit.
2246 2507 2316 2561 At
2337 2506 2500 2577 forte,
2528 2508 2762 2576 inquies,
2793 2508 2879 2565 hic
2902 2523 3086 2564 sermo
3115 2520 3196 2564 est
3242 2509 3312 2563 de
3347 2507 3540 2563 electo.
3569 2505 3683 2562 Sed

2082 2609 2150 2650 ne
2171 2594 2315 2652 hunc
2341 2596 2558 2666 quidem
2583 2599 2862 2668 corripere
2889 2609 3062 2669 potes,
3099 2615 3163 2654 ex
3194 2598 3475 2669 Augustini
3505 2597 3689 2669 hypo-

2083 2685 2242 2754 thesi,
2268 2703 2370 2758 qua
2389 2690 2574 2745 statuit
2600 2691 2826 2760 gratiam
2851 2691 2917 2745 ad
2938 2691 3174 2762 singulos
3195 2700 3345 2747 actus
3366 2693 3535 2747 bonos
3558 2704 3689 2746 esse

2084 2779 2242 2849 plane
2292 2782 2692 2847 necessariam;
2752 2797 2852 2838 nec
2895 2796 3013 2838 eam
3060 2798 3297 2853 unquam
3324 2783 3516 2838 adesse
3546 2783 3690 2852 quin

2081 2872 2306 2928 effectus
2326 2884 2598 2944 sequatur,
2620 2882 2714 2929 aut
2733 2874 2924 2930 abesse
2945 2875 3062 2930 sine
3089 2874 3320 2930 hominis
3341 2875 3514 2944 lapsu.
3541 2873 3690 2928 Cum

2082 2965 2338 3033 quidquid
2365 2965 2494 3019 boni
2525 2965 2772 3021 homines
2796 2964 2848 3020 in
2871 2966 2978 3021 vita
3005 2966 3236 3033 faciunt,
3260 2966 3310 3019 id
3337 2965 3538 3019 faciant
3564 2964 3691 3020 sola

2083 3055 2133 3109 vi
2159 3054 2393 3123 afﬂatus,
2418 3055 2464 3108 si
2487 3055 2687 3110 desinit
2708 3053 2940 3122 afﬂatus,
2973 3055 3281 3110 necessario
3301 3065 3560 3124 peccant;
3582 3066 3688 3108 nec

2083 3145 2337 3199 amittunt
2359 3145 2598 3200 afﬂatum
2631 3154 2969 3215 sequentem,
2993 3146 3096 3201 nisi
3125 3148 3249 3215 quia
3273 3145 3413 3199 Deus
3439 3145 3681 3215 priorem

385 3276 514 3315 nam
537 3216 718 3315 sermo
742 3261 829 3315 hic
851 3269 935 3316 est
955 3261 1023 3316 de
1043 3262 1275 3330 peccatis
1293 3216 1513 3332 propter
1533 3216 1654 3332 qluae
1683 3216 1790 3317 non
1811 3216 1983 3317 trans:
2007 3222 2055 3286 Ο
2087 3235 2648 3332 δυδίτίξχθτθίχῌξξηίε
2678 3237 3104 3332 δυηίμδθωίηυω
3281 3237 3333 3332 ί¹ξ
3366 3253 3425 3292 re
3463 3248 3674 3332 ιῖ³ῗ¹θ⁵ῖ

387 3348 588 3405 latitias
633 3350 729 3405 sed
764 3351 980 3422 proprie
1009 3351 1179 3407 dictas
1207 3366 1415 3422 pinnas,
1442 3367 1511 3407 ex
1537 3352 1737 3418 divina,
1769 3352 1873 3406 hoc
1898 3361 1982 3408 est

389 3442 786 3511 perfectissima
839 3444 1068 3514 justitia,
1124 3442 1255 3498 dare
1302 3444 1602 3512 possimus;
1647 3445 1772 3513 quia
1822 3443 1889 3504 ab
1919 3443 1984 3498 iis

392 3534 670 3590 abstinere
702 3535 1004 3605 potuimus,
1035 3549 1135 3589 nec
1162 3534 1228 3589 iis
1256 3534 1359 3589 nisi
1383 3534 1539 3604 culpa
1570 3545 1743 3590 nostra
1771 3535 1985 3604 proprie

396 3626 541 3680 dicta
579 3626 983 3682 succubuimus.
1015 3623 1285 3680 Caeterum
1321 3635 1540 3696 peccata
1576 3633 1860 3695 parentum
1888 3642 1986 3679 no-

391 3729 503 3773 stra
527 3717 630 3773 dici
664 3727 958 3788 nequeunt,
987 3718 1058 3771 ita
1081 3725 1139 3771 ut
1163 3727 1384 3788 propter
1409 3732 1470 3772 ea
1502 3715 1704 3785 corripi
1743 3725 1799 3770 et
1829 3715 1988 3785 plecti

392 3814 514 3881 jure
544 3827 832 3882 queamus;
868 3828 966 3868 nec
995 3813 1156 3868 etiam
1179 3813 1470 3882 Apostolus
1498 3812 1629 3866 dicit
1647 3827 1746 3866 nos
1769 3813 1822 3866 in
1850 3812 1989 3864 Ada—

394 3923 481 3957 mo
504 3920 782 3973 peccasse,
810 3906 1263 3975 quemadmodum
1295 3907 1492 3975 passim
1521 3906 1693 3962 Graeci
1724 3908 1988 3963 sermonis

393 3996 673 4059 tmperitus
691 3996 897 4051 dictitat
919 3996 1265 4065 Augustinus.
1285 3998 1374 4052 Sic
1385 3999 1528 4054 enim
1545 3999 1743 4056 Paulus
1759 4002 1916 4057 Rom.
1932 4017 1984 4068 v,

395 4084 498 4138 4‘2:
519 4082 721 4161 Ὠσπερ
746 4086 809 4142 δι’
833 4088 938 4148 ἐνὸς
973 4090 1244 4164 ἀνθρώπου
1267 4093 1297 4148 ἠ
1319 4090 1549 4162 ἁμαρτία
1570 4095 1640 4153 εἰς
1668 4095 1752 4147 τὸν
1802 4094 1987 4190 κὸσιῒον

715 4176 1026 4190 ..._.
1183 4181 1411 4190 ..-.
1688 4183 1783 4190 --
1953 4189 1961 4190 ,

397 4174 612 4239 εἰσῆλθε,
643 4179 726 4229 ’ταὶ
771 4176 855 4232 διὰ
884 4187 977 4239 τῆς
1007 4179 1259 4252 ἁμαρτίας
1295 4181 1322 4234 ὁ
1360 4182 1588 4243 θάνατος’
1619 4185 1702 4237 καὶ
1726 4183 1889 4243 οὕτως
1919 4174 1989 4246 ἒίς

396 4271 596 4331 πάντας
639 4273 936 4343 ἀνθρώπους
985 4273 1012 4328 ὁ
1054 4275 1268 4336 θάνατος
1318 4273 1539 4340 διῆλθεν,
1606 4276 1679 4348 ἐφ’
1804 4279 1990 4339 πάντες

398 4364 658 4439 ἦμαρτονε
693 4363 1138 4430 Quemadmodum
1157 4383 1245 4434 per
1267 4383 1427 4421 unum
1451 4368 1707 4424 hominem
1727 4380 1992 4440 peccatum

395 4457 454 4511 in
493 4458 740 4511 mundum
791 4458 1020 4526 intravit,
1053 4470 1098 4514 et
1126 4476 1216 4527 per
1243 4470 1503 4531 peccatum
1537 4479 1673 4516 mors
1713 4478 1732 4517 .'
1760 4463 1834 4516 sic
1865 4471 1910 4515 et
1938 4464 1991 4516 in

397 4567 574 4604 omnes
603 4552 836 4605 homines
865 4567 998 4606 mors
1055 4555 1278 4622 transiit,
1308 4557 1426 4621 quia
1465 4571 1639 4609 omnes
1689 4565 1985 4624 peccarunt.

399 4643 672 4700 Vertimus
697 4660 820 4700 cum
853 4645 979 4700 Des.
1013 4647 1257 4713 Erasmo,
1293 4649 1362 4719 ἐφ’
1391 4647 1429 4720 ᾧ
1451 4649 1594 4717 quia,
1630 4663 1734 4702 non
1774 4650 1827 4700 in
1865 4666 1985 4720 quo,

401 4734 526 4803 quia
544 4736 777 4806 alioquin
797 4735 973 4791 hiulca
997 4746 1081 4791 est
1095 4738 1269 4792 oratio
1287 4747 1340 4791 et
1361 4738 1514 4792 dura.
1531 4738 1634 4794 Sed
1657 4739 1737 4793 fac
1759 4740 1860 4794 hoc
1881 4757 1990 4795 non

400 4842 521 4879 esse
548 4830 908 4898 perSpicuum,
945 4830 1181 4900 profecto
1211 4829 1388 4883 versio
1417 4845 1575 4899 quant
1607 4833 1860 4899 sequitur,
1883 4835 1990 4885 An-

398 4917 642 4983 gustinus
673 4936 777 4974 non
811 4922 884 4975 ita
927 4933 1071 4977 certa
1101 4932 1204 4990 est,
1249 4932 1307 4976 ut
1339 4922 1504 4991 possit
1538 4923 1584 4977 is
1627 4923 1793 4990 locus,
1837 4924 1988 4994 quasi

399 5009 602 5072 clarus,
631 5012 840 5077 urgeri;
869 5028 989 5066 cum
1019 5015 1316 5081 praesertim
1339 5029 1403 5068 ex
1435 5029 1500 5069 eo
1527 5015 1696 5070 ferme
1743 5015 1857 5070 solo
1895 5023 1988 5070 aut

398 5097 686 5168 potissimo
723 5101 1009 5170 colligatur
1038 5105 1254 5172 dogma,
1280 5106 1422 5175 quod
1465 5116 1541 5160 tot
1585 5106 1988 5161 difficultatibus

401 5190 689 5261 premitur,
717 5199 774 5243 ut
797 5192 883 5244 vix
919 5193 1052 5247 ullas
1082 5196 1215 5248 altas
1232 5197 1465 5266 majores
1495 5198 1544 5250 in
1570 5198 1816 5267 dogmate
1839 5198 1989 5252 theo-

398 5287 575 5358 logico
611 5284 840 5340 inveniri
887 5298 1044 5353 posse
1087 5297 1287 5354 putem.
1337 5288 1535 5342 Earum
1587 5289 1879 5358 specimina
1936 5290 1986 5344 in

398 5380 774 5450 superioribus
813 5377 1066 5443 vidimus,
1103 5379 1292 5448 quibus
1324 5381 1654 5449 Augustinus
1681 5381 1990 5436 satisfacere

397 5475 546 5528 nullo
579 5472 740 5528 modo
789 5472 983 5542 potuit.
1037 5471 1262 5541 thjicit
1295 5490 1305 5524 :
1337 5471 1653 5541 Corripiatur
1681 5488 1799 5543 ergo
1847 5473 1990 5540 origo

399 5565 732 5631 damnabilis,
763 5577 816 5618 ut
858 5583 921 5620 ea:
947 5565 1125 5619 dolore
1162 5564 1495 5634 correptionis
1526 5564 1758 5618 uoluntas
1787 5581 1990 5634 regene-

397 5653 612 5706 rationis
660 5659 877 5713 oriatur.
912 5660 985 5713 At
1025 5674 1131 5727 quo
1176 5658 1299 5725 jure
1343 5655 1663 5726 corripietur
1709 5657 1986 5728 quisquam

399 5743 545 5812 quod
578 5753 732 5797 natus
759 5747 827 5798 sit
857 5758 1080 5816 peccato
1105 5749 1350 5818 originali
1375 5749 1705 5818 inquinatus,
1734 5762 1855 5803 cum
1880 5763 1985 5803 non

401 5834 569 5902 magis
599 5832 700 5888 hoc
731 5835 897 5888 vitare
929 5839 1157 5905 potuerit
1186 5854 1340 5906 quam
1368 5850 1542 5908 pote5t
1566 5855 1631 5893 ne
1661 5840 1743 5895 sol
1782 5841 1985 5895 Of‘inltli‘

2087 3336 2210 3381 sunt
2254 3327 2424 3381 instar
2453 3327 2684 3394 follium,
2733 3329 2825 3398 qui
2872 3339 3090 3383 ventum
3130 3327 3336 3382 dilatati
3389 3327 3669 3396 accipiunt,

2087 3419 2363 3473 constricti
2386 3420 2637 3473 emittunt
2660 3460 2676 3486 ,
2705 3433 2804 3474 nec
2832 3420 3091 3488 majorem
3113 3418 3312 3475 habere
3339 3426 3562 3487 possunt
3585 3423 3670 3469 aut

2090 3513 2336 3566 emittere
2365 3526 2522 3581 quam
2569 3510 2728 3564 datur
2766 3525 2929 3565 manu
2958 3510 3237 3565 dilatantis
3288 3518 3382 3563 aut
3412 3506 3666 3563 constrin-

2088 3603 2282 3673 gentis.
3559 3597 3561 3599 ’

2163 3694 2321 3748 Plura
2355 3695 2408 3749 in
2436 3694 2582 3750 hunc
2609 3694 2848 3750 libellum
2869 3707 2977 3748 non
3021 3692 3313 3760 adnotabo,
3338 3707 3508 3762 pauca
3533 3692 3669 3747 enim

2092 3801 2212 3858 qua:
2230 3787 2383 3841 attuli
2414 3787 2546 3841 satis
2574 3801 2844 3856 superque
2864 3785 3155 3841 ostendunt
3179 3799 3311 3855 quas
3334 3786 3387 3840 in
3409 3784 3668 3854 angustias

2093 3881 2370 3950 coniectus
2398 3890 2543 3936 esset
2567 3881 2918 3951 Augustinus,
2946 3895 3068 3936 cum
3114 3880 3466 3936 consectariis
3503 3890 3669 3934 neces-

2093 3972 2248 4028 sariis
2279 3973 2361 4026 sui
2397 3971 2663 4041 dogmatis
2691 3972 3052 4042 premebatur.
3073 3971 3278 4027 Addam
3307 3972 3566 4026 duntaxat
3593 3981 3671 4022 me

2095 4064 2212 4120 haec
2241 4074 2296 4121 et
2341 4067 2442 4120 alia
2469 4067 2760 4121 adnotasse
2791 4066 2910 4121 solo
2941 4082 3126 4122 amore
3154 4067 3396 4122 veritatis
3441 4067 3670 4129 ductum,

2096 4167 2261 4228 utque
2287 4160 2625 4215 sanctitatem
2650 4160 2926 4229 Evangelii
2949 4161 3320 4231 justitiamque
3347 4161 3444 4215 Dei
3482 4159 3672 4229 majore

2095 4252 2151 4306 in
2187 4252 2305 4306 luce
2333 4253 2655 4308 collocarem
2681 4294 2696 4318 ,
2727 4269 2833 4323 quo
2880 4254 2915 4308 ii
2956 4256 3050 4325 qui
3085 4255 3203 4310 haec
3233 4256 3435 4324 legent,
3478 4253 3544 4309 ad
3588 4266 3672 4322 pa-

2097 4341 2323 4397 rendum
2352 4342 2480 4398 Jesu
2509 4343 2710 4399 Christi
2733 4344 3017 4416 praeceptis
3047 4345 3667 4402 efﬂeaciusadducantur.

2097 4435 2248 4492 Hunc
2278 4452 2396 4493 esse
2412 4438 2647 4492 animum
2679 4454 2860 4495 meum
2891 4439 3029 4495 Deus
3051 4439 3363 4518 mihitestis
3393 4448 3494 4505 est,
3522 4451 3666 4509 quem

2098 4544 2200 4583 oro
2227 4539 2285 4583 ut
2311 4531 2690 4585 acerbissimas
2744 4533 3140 4588 controversias
3182 4547 3247 4586 ex
3285 4531 3666 4587 definitionibus

2016 4593 2070 4652 D
2095 4623 2470 4677 Africanorum
2498 4625 2848 4678 conciliorum
2885 4636 3030 4681 ortas
3060 4627 3275 4692 sedare,
3306 4637 3396 4680 aut
3423 4635 3567 4683 certe
3587 4625 3665 4678 ad-

2094 4722 2257 4767 ventu
2288 4713 2406 4767 Filii
2437 4715 2518 4769 sui
2542 4715 2668 4770 Jesu
2709 4714 2908 4771 Christi
2955 4718 3187 4786 peccatis
3217 4719 3466 4772 omnibus
3489 4716 3665 4773 nostris

2096 4803 2308 4859 tandem
2342 4803 2500 4859 finem
2529 4805 2804 4874 imponere
2841 4807 2987 4860 velit.

2370 4916 2548 4972 CLAU
2561 4918 2644 4972 Dll
2687 4919 2995 4974 MENARDI
3044 4919 3413 4978 PREFATIO

2306 5022 2356 5062 IN
2394 5024 2430 5061 ιι
2479 5025 2697 5065 PRIORES
2730 5025 2911 5065 LIBROS
2949 5026 3132 5067 OPERIS
3169 5030 3503 5069 IMPERFECTI.

2093 5095 2369 5153 Illustriss.
2415 5109 2468 5152 et
2516 5115 2628 5154 rev.
2673 5101 2737 5154 D.
2778 5101 2841 5154 D.
2891 5101 3145 5173 Dionysio
3175 5105 3243 5158 de
3277 5105 3665 5174 Marquemont,

2342 5190 2586 5258 archiep.
2632 5201 2686 5244 et
2727 5193 2908 5246 comiti
2939 5193 3304 5263 Lugdunensi,
3334 5204 3438 5250 etc.

2166 5282 2318 5348 Quod
2356 5283 2437 5337 his
2464 5285 2677 5350 accidit,
2703 5285 2972 5340 illustriss.
3015 5287 3238 5356 primas,
3269 5287 3358 5358 qui
3413 5291 3674 5360 peregrini

2096 5373 2292 5428 littoris
2351 5375 2575 5429 uniones
2613 5391 2874 5430 summam
2929 5377 3153 5432 luxuria:
3194 5379 3421 5448 gloriam
3477 5381 3672 5453 legunt,

2097 5476 2153 5520 ut
2183 5469 2468 5521 maceratis
2499 5469 2674 5522 inedia
2704 5469 3020 5538 corporibus
3063 5471 3171 5526 alto
3211 5484 3333 5528 sese
3362 5473 3676 5547 immergant

2095 5560 2252 5622 mari,
2281 5561 2611 5629 Iustratoque
2632 5561 2724 5615 diu
2756 5560 2941 5629 fundo,
2965 5564 3260 5633 veStigatis,
3287 5573 3337 5619 et
3356 5579 3454 5634 per
3479 5581 3676 5626 mortes

2093 5652 2243 5706 mille
2293 5655 2598 5722 pauperatis
2651 5653 2902 5722 sc0pulis,
2949 5654 3123 5709 tenaci
3171 5671 3234 5710 ac
3279 5656 3438 5726 longo
3490 5661 3674 5730 spiritu

2094 5756 2290 5802 terram
2345 5756 2625 5816 repetant,
2659 5755 2862 5802 natura:
2899 5747 3153 5803 miracula
3184 5748 3510 5819 deliciasque
3560 5771 3673 5822 pro-

2095 5843 2262 5902 fusuri
2291 5863 2300 5899 ;
2329 5843 2376 5900 id
2401 5845 2452 5899 in
2477 5845 2572 5901 hac
2602 5841 2812 5898 assidua
2837 5842 3210 5914 communique
3239 5853 3478 5902 veterum
3511 5850 3671 5906 undo-
