3892 6302
175 290 285 348 5G5

875 288 1220 348 VARIORUM
1261 279 1856 344 EXERCITATiONES
1897 277 1964 334 ΙΝ
2002 277 2060 335 S.
2104 275 2483 334 AUGUSTINI
2517 276 2768 334 OPERA.‘

3356 283 3461 338 506

175 440 396 496 cunque
450 424 880 480 membranarum
935 423 1234 478 urinatione
1290 421 1462 485 fatali,
1519 427 1573 472 at
1627 416 1769 474 felici

1899 394 1993 463 :jus
2028 395 2116 464 qui
2148 403 2267 462 post
2298 393 2578 447 ventilatas
2611 392 2825 461 longum
2855 396 2906 450 in
2953 399 3064 467 ipsa
3105 402 3260 461 Urbis
3287 410 3463 466 orbis-

177 525 351 571 w~tro
382 516 619 584 percitis,
652 515 868 569 even're
898 516 1092 579 sentio,
1127 523 1182 568 ut
1207 522 1325 583 post
1346 511 1558 566 attritas
1582 511 1770 564 insano

179 609 370 663 labore
402 609 569 673 vires,
601 607 879 676 profundis
909 606 1356 662 bibliothecarum
1412 603 1618 658 sinibus
1667 603 1770 656 im‘

179 700 374 767 mersi,
414 708 624 768 reptent
666 699 786 754 hinc
844 699 991 766 inde,
1025 709 1078 754 et
1109 713 1202 768 per
1228 697 1404 751 varias
1441 693 1770 764 disquisitio-

183 808 316 848 num
346 801 541 858 sortes,
576 790 980 846 frustrationum
1014 799 1215 844 mortes
1244 829 1259 853 ,
1308 794 1526 842 enatent
1567 793 1769 846 tamen,

184 885 513 955 publicoque
541 883 861 936 radiantium
890 882 1023 936 orbe
1076 890 1190 935 toto
1222 879 1519 933 litterarum
1553 876 1648 929 soli
1688 890 1772 930 re-

185 976 434 1030 conditas
463 974 791 1042 ingeniorum
830 974 1255 1040 saeculorumqne
1293 971 1447 1023 dotes
1473 977 1770 1038 exponant.

187 1065 243 1120 lu
278 1065 362 1119 his
390 1079 511 1119 esse
540 1079 625 1117 me
672 1063 726 1117 ni
768 1061 1040 1131 profitear,
1073 1076 1246 1115 vanus
1294 1059 1417 1124 sim,
1448 1061 1535 1126 qui
1573 1059 1775 1126 aliquot

185 1157 342 1210 annis
368 1155 698 1224 propellente
727 1155 905 1224 genio,
936 1155 1063 1208 nihil
1097 1155 1150 1208 in
1185 1155 1324 1207 votis
1347 1151 1508 1206 habui
1535 1151 1771 1206 sanctius

185 1262 348 1317 quam
375 1256 435 1299 ut
463 1247 640 1299 ovanti
671 1246 968 1300 litteratum
1009 1246 1193 1316 gloria:
1225 1260 1418 1314 parens
1450 1244 1640 1314 patria,
1678 1259 1776 1296 nu-

185 1340 289 1393 trix
319 1353 551 1406 caraque
575 1337 764 1392 civitas
793 1347 1121 1406 assurgeret,
1155 1334 1439 1406 pampinos
1468 1350 1597 1391 suos
1641 1345 1777 1388 atte-

184 1439 362 1497 xervt,
396 1431 653 1484 litteratas
689 1430 869 1484 laurus
912 1429 1152 1485 offerret.
1197 1429 1262 1483 Et
1307 1430 1523 1484 volente
1555 1429 1663 1483 Deo
1708 1427 1777 1482 fa-

185 1533 332 1578 ctum
365 1533 423 1576 ut
462 1536 598 1590 pene
636 1523 969 1590 consumptis
1022 1522 1075 1574 in
1131 1535 1192 1575 ea
1221 1521 1547 1589 cogitatione
1599 1520 1766 1587 curis,

180 1617 460 1684 insperato
486 1614 744 1670 beneficio
775 1614 1043 1682 perolidas
1073 1614 1338 1666 tinearum
1380 1613 1769 1682 pulverttmque

181 1694 378 1762 Sordes
410 1708 522 1761 haec
552 1706 670 1760 coeli
702 1705 911 1774 solique
972 1705 1255 1774 margarita
1288 1703 1574 1767 canderet,
1622 1702 1774 1769 eujus

1879 502 1983 557 que
2020 500 2142 540 arce
2173 484 2372 552 ingenii
2423 484 2604 538 divitis
2639 498 2771 554 Opes
2807 499 3050 556 perpetua
3080 492 3367 553 Cottiarum
3391 503 3464 556 lc-

1875 582 2076 650 gatione
2105 577 2409 633 blatteatur:
2431 593 2589 649 quem
2620 595 2726 634 non
2753 581 2892 636 inter
2914 583 3146 641 famosos
3173 587 3466 649 latrociniis

1874 673 2150 740 Numidas,
2181 672 2413 727 incultos
2434 673 2626 729 animis
2653 673 2884 743 Mauros,
2916 677 3294 736 dissertantem
3315 723 3331 748 ,
3367 686 3465 740 sed

1876 768 1929 822 in
1951 765 2286 835 amplissimo
2318 765 2525 831 Galliae,
2549 768 2598 821 id
2627 777 2709 823 est
2735 770 3015 839 elegantiae
3043 773 3217 828 omnis
3241 775 3456 832 theatro

1876 868 1967 911 aut
1991 871 2085 925 pro
2128 856 2377 911 catholici
2411 858 2642 912 nominis
2701 860 3043 918 restitutione
3092 864 3460 930 detonantcm,

1877 957 1966 1001 aut
1987 947 2054 1002 de
2084 949 2373 1003 severioris
2390 949 2689 1017 discipllnae
2716 954 2861 1007 cultu
2888 955 3104 1010 anxium
3137 966 3190 1012 ct
3216 973 3467 1027 peroran-

1879 1049 1984 1095 tem
2015 1049 2156 1095 tanta
2191 1041 2474 1109 pendentis
2518 1046 2890 1114 stupentisque
2921 1062 3134 1103 coronae
3176 1050 3470 1118 gratulatio

1879 1146 2060 1189 secuta
2088 1145 2190 1200 est,
2223 1143 2278 1187 ut
2303 1138 2354 1188 in
2382 1135 2712 1203 amplissimo
2741 1137 2960 1192 honoris
2990 1141 3184 1194 throno
3210 1158 3315 1196 non
3347 1142 3465 1211 pie-

1879 1238 1960 1282 tas
1988 1230 2252 1297 posuisse,
2278 1227 2372 1281 sed
2403 1227 2468 1280 ad
2502 1242 2789 1296 purpuras,
2818 1241 2910 1285 aut
2938 1231 2984 1285 si
3006 1233 3137 1301 quid
3166 1236 3340 1302 majus
3371 1235 3466 1288 ha-

1878 1320 2030 1374 beret
2071 1319 2341 1373 Gallicana
2392 1318 2628 1384 fortuna,
2673 1335 2929 1376 exercere
2982 1323 3246 1379 videatur.
3294 1325 3466 1381 Macte

1879 1410 2186 1474 virtutibus,
2221 1410 2578 1465 illustrissime
2609 1425 2810 1479 comes,
2854 1427 2974 1481 qua:
3011 1419 3061 1466 te
3093 1416 3159 1467 ad
3195 1415 3324 1468 tanti
3349 1430 3467 1468 tnu-

1879 1506 2023 1560 neris
2077 1506 2276 1572 apices,
2327 1504 2450 1558 licet
2504 1515 2729 1558 onerent
2757 1506 2937 1560 verius
2987 1521 3144 1575 quam
3179 1506 3465 1572 honorent,

1880 1601 2144 1654 debebant
2194 1611 2370 1654 tamen
2422 1598 2582 1653 feraci
2614 1601 2754 1653 vitiis
2804 1600 2963 1660 coelo,
2992 1599 3265 1669 specimen
3291 1605 3468 1672 potius

1879 1708 2037 1762 quam
2070 1692 2296 1760 praemii,
2344 1691 2544 1758 religio,
2577 1691 2726 1759 ﬁdes,
2777 1693 3085 1753 constantia,
3118 1695 3304 1761 pietas,
3335 1709 3468 1763 quas

181 1800 430 1868 ignorata
475 1796 836 1866 possessione,
868 1794 1086 1850 delusus
1134 1808 1304 1847 annos
1351 1793 1577 1860 aliquot,
1627 1792 1775 1844 aliud
1812 1774 1852 1831 Β
1886 1787 2120 1851 palantes
2152 1798 2318 1851 usque
2348 1798 2720 1852 pannosasque
2760 1784 2838 1836 sic
2867 1798 3089 1838 revocas
3119 1791 3173 1837 et
3198 1784 3460 1850 devincis,

185 1904 352 1960 agens
380 1888 621 1953 omnino,
673 1887 816 1940 sensi
849 1885 1068 1940 tandem
1124 1885 1208 1938 vix
1250 1883 1479 1953 parabili
1526 1883 1779 1936 thesauro

184 1999 274 2037 me
299 1982 531 2039 felicem.
559 1981 825 2047 Quantum
855 1978 954 2033 hac
976 1979 1228 2032 beatitate
1248 1975 1422 2045 gaudii
1449 1973 1781 2030 succreverit

183 2074 366 2141 nobis,
387 2074 632 2142 loquatur
661 2074 772 2140 ipsa
805 2086 912 2135 res,
946 2070 1066 2126 etsi
1091 2071 1174 2123 cui
1202 2070 1384 2123 talium
1424 2067 1666 2135 cupienti
1695 2083 1780 2123 re-

183 2179 303 2218 rum
329 2179 423 2233 par
450 2163 535 2216 lux
565 2161 783 2227 affulsit,
807 2175 872 2215 eo
891 2175 1031 2214 nunc
1050 2161 1275 2228 pleni0r,
1300 2174 1406 2227 quo
1432 2160 1568 2212 inter
1593 2171 1780 2212 omnes

182 2255 467 2308 tnilitantis
523 2253 779 2307 Ecclesia:
833 2252 1018 2305 Patres
1066 2251 1226 2304 altior
1278 2249 1392 2302 hcce
1444 2248 1780 2316 diviniorque

180 2347 366 2416 aquila
394 2345 656 2415 pervadit,
690 2360 756 2398 eo
784 2345 988 2412 purior,
1021 2359 1126 2396 non
1182 2343 1356 2397 aetatis
1381 2343 1777 2410 loquentiaeque

183 2437 542 2506 prmrogativa
586 2437 812 2504 turgens
854 2435 941 2489 hic
989 2435 1145 2501 liber,
1196 2434 1292 2489 sed
1332 2434 1503 2488 ultimi
1559 2432 1782 2501 spiritus

181 2529 587 2583 contestatione
615 2528 854 2598 vegetior
871 2536 924 2581 et
945 2526 1325 2595 defungentem
1353 2523 1573 2580 exhibet
1601 2533 1656 2578 et
1687 2538 1782 2591 pu-

180 2629 464 2688 gnantem.
491 2618 816 2687 Pugnantem
838 2627 1002 2682 recte,
1034 2617 1185 2685 cujus
1207 2617 1328 2668 vitae
1352 2625 1479 2683 quot
1509 2625 1782 2668 momenta

182 2721 257 2764 tot
298 2709 472 2771 acies,
505 2717 632 2776 quot
660 2707 823 2761 verba
856 2717 933 2760 tot
977 2706 1192 2759 laureae.
1229 2703 1431 2772 Impius
1474 2717 1603 2771 ergo
1644 2703 1780 2767 sim,

180 2803 442 2870 beatique
470 2779 704 2853 nominis
731 2813 837 2868 quo
870 2797 1028 2851 tinxit
1049 2805 1218 2851 mater
1245 2793 1784 2863 Ecclesia,prof:mus

179 2895 482 2958 andabata,
521 2893 565 2946 si
605 2892 910 2946 demersum
961 2890 1068 2943 alte
1118 2897 1196 2942 tot
1235 2901 1502 2940 annorum
1535 2885 1787 2940 ﬂuctibus

179 2991 539 3054 oblatumque
569 2981 851 3037 desideriis
887 2980 1169 3035 elenchum
1202 2994 1374 3033 novus
1399 2979 1638 3032 urinator
1665 2977 1788 3030 atti-

177 3099 320 3140 neo.
351 3081 518 3150 Cujus
567 3084 824 3132 renovato
867 3089 1006 3128 nunc
1037 3074 1267 3143 primum
1320 3072 1528 3140 lumini,
1562 3071 1700 3141 quod
1737 3079 1790 3124 te

1884 1885 1938 1929 ut
1970 1875 2185 1942 exhinc,
2219 1891 2323 1928 non
2355 1877 2422 1927 ab
2455 1875 2536 1928 his
2558 1875 2802 1929 effectum
2835 1886 2907 1942 te,
2941 1875 3035 1930 sed
3064 1891 3128 1930 cx
3158 1885 3209 1931 te
3232 1887 3406 1942 natas,
3438 1897 3468 1932 a

1885 1977 1937 2022 te
1957 1967 2162 2037 doctas,
2196 1969 2308 2037 ipsa
2340 1977 2607 2022 tantarum
2653 1969 2904 2022 virtutum
2951 1967 3237 2022 admiratio
3272 1969 3472 2039 glorie-

1883 2067 1989 2115 tur.
2022 2060 2190 2114 Atest
2210 2066 2264 2115 et
2291 2058 2498 2129 privata
2531 2059 2688 2125 ratio,
2718 2075 2839 2130 quae
2867 2076 2956 2115 me
2988 2060 3118 2116 tanti
3143 2060 3321 2130 operis
3350 2063 3473 2119 red-

1887 2160 1981 2215 dat
2009 2161 2296 2216 obnoxium
2320 2177 2333 2225 ;
2364 2175 2520 2228 quam
2538 2173 2580 2212 sr
2609 2160 2781 2212 tacitis
2799 2151 3470 2222 adniventibusqueoculis

1892 2256 2195 2324 neglexisse
2237 2253 2536 2320 potuerim,
2571 2252 2746 2320 magni
2798 2265 2880 2304 me
2923 2249 3142 2304 sceleris
3193 2247 3470 2313 impiatum

1887 2361 1976 2401 rea
2013 2346 2337 2400 conscientia
2392 2343 2701 2412 postulabit.
2735 2342 2816 2394 Tu
2847 2341 3061 2394 fratrem
3095 2335 3427 2391 carissimum
3453 2374 3469 2394 ,

1885 2438 2081 2507 quietis
2113 2438 2320 2506 privata
2349 2434 2554 2490 deliciis
2583 2433 2981 2501 severiorisque
3029 2427 3283 2498 propositi
3321 2425 3470 2491 cogi—

1889 2530 2176 2584 tationibus
2206 2529 2538 2591 immersum,
2579 2525 2663 2579 vix
2695 2534 2748 2580 et
2775 2521 3066 2584 comitum,
3125 2533 3222 2572 nec
3252 2531 3472 2584 speran—

1890 2629 2018 2682 tem,
2069 2620 2297 2674 solemni
2348 2618 2669 2685 benigniatis
2713 2616 2833 2669 luce
2877 2610 3169 2681 perfundis,
3222 2617 3276 2660 et
3322 2605 3474 2658 resd-

1893 2720 2090 2763 tantem
2123 2723 2260 2774 pene
2290 2710 2368 2761 sic
2397 2720 2645 2774 occupas,
2679 2715 2736 2758 ut
2767 2703 2829 2757 ad
2865 2702 2992 2755 tanti
3023 2701 3150 2754 solis
3181 2696 3388 2756 radios,
3421 2701 3476 2746 et

1894 2801 2000 2853 vita
2025 2816 2083 2854 se
2113 2799 2308 2860 omnis,
2342 2807 2395 2850 et
2425 2796 2626 2864 reliqua
2661 2795 2704 2848 si
2731 2809 2847 2862 quae
2880 2803 2957 2846 est
2989 2788 3194 2842 fortuna
3223 2784 3475 2841 commit-

1895 2897 1986 2942 tat.
2022 2888 2058 2942 S
2085 2897 2138 2943 et
2159 2887 2317 2956 igitur
2348 2887 2396 2939 in
2433 2884 2635 2938 foribus
2668 2880 3026 2951 augustissimi
3054 2877 3234 2947 operis
3265 2889 3475 2930 Sacrum

1894 2979 2242 3045 solemneque
2271 2977 2374 3031 hoc
2401 2975 2707 3038 anathema,
2754 2973 2895 3042 quod
2927 2969 3095 3025 amori
3148 2977 3238 3022 tuo
3287 2965 3477 3020 benifl-

1893 3071 2098 3138 ciisque
2128 3070 2315 3124 lubens
2340 3068 2529 3120 merito
2553 3065 2747 3120 familia
2771 3065 2950 3119 omnis
2978 3061 3148 3132 privat
3170 3076 3197 3115 s
3229 3057 3480 3114 sensibus

177 3177 376 3248 potius
413 3132 638 3227 dixerim
684 3168 1013 3224 laudatorem
1058 3165 1268 3236 publica
1295 3177 1456 3219 causa
1508 3171 1609 3218 est.
1657 3163 1787 3230 Ejus
1818 3132 1863 3193 (ἶ
1894 3161 2102 3228 pubi-ca
2141 3160 2424 3213 devotione
2461 3156 2762 3225 suspendit.
2792 3155 2961 3221 Quam
2993 3162 3252 3207 atternum
3286 3159 3430 3204 tuam
3469 3189 3484 3210 ,

175 3271 340 3327 enim
395 3263 851 3344 congesseratione
894 3260 1079 3315 debuit
1123 3258 1407 3313 Africanus
1451 3254 1679 3324 praesul,
1715 3263 1791 3308 tot

175 3361 326 3417 olim
366 3355 695 3426 synodorum
729 3351 940 3422 genius,
995 3350 1370 3418 episcoporum
1422 3348 1602 3416 lingua
1642 3345 1788 3400 cala-

176 3463 426 3520 mosque
456 3445 644 3513 foveri,
669 3445 759 3514 qui
794 3441 936 3498 veris
969 3440 1119 3511 pallii
1139 3439 1407 3509 justisque
1441 3436 1710 3509 mysteriis
1739 3445 1794 3490 et

176 3548 406 3597 tractus
432 3535 600 3592 nostri
633 3544 680 3588 et
718 3530 990 3588 Gallorum
1019 3529 1214 3600 legatus
1241 3528 1412 3581 audit.

263 3651 504 3707 Narrant
549 3645 784 3703 Annales
822 3644 1176 3713 Hispanarum
1221 3655 1428 3704 rerum,
1477 3639 1576 3694 sub
1619 3652 1792 3693 rerum

182 3745 332 3807 685,
353 3743 688 3811 principante
707 3737 882 3792 Gotho
905 3732 1266 3790 Cindasuinda
1283 3772 1299 3799 ,
1329 3731 1586 3786 collectos
1619 3727 1797 3784 Toleti

185 3835 467 3909 praesules
494 3834 562 3888 50
590 3829 813 3901 (Concil.
837 3826 956 3880 Tol.
977 3837 1023 3880 et
1049 3825 1132 3896 7),
1161 3838 1286 3880 cum
1319 3823 1601 3879 Moralium
1634 3820 1796 3885 liber,

187 3943 366 4002 quem
399 3927 522 3981 olim
554 3921 798 3978 Leandro
829 3918 1130 3988 Hispalensi
1155 3915 1480 3971 sollicitante
1502 3913 1801 3967 dictaverat

190 4034 434 4091 magnus
461 4015 933 4082 sanctissimusque
964 4009 1279 4080 Gregorius,
1309 4007 1448 4061 haud
1494 4011 1802 4073 superesset

197 4115 459 4184 amplius,
492 4110 758 4165 delectum
783 4103 1199 4173 suffragantibus
1227 4099 1496 4170 episcopis
1530 4097 1796 4165 Tajonem

198 4207 766 4272 Cmsaraugustanum,
798 4195 1055 4264 religione
1079 4193 1490 4259 litteraturaque
1519 4197 1796 4256 praestan—

205 4299 346 4366 tem,
371 4297 456 4367 qui
483 4297 720 4349 itomana
751 4289 946 4345 scrinia
989 4285 1296 4348 consulens,
1352 4284 1582 4336 amissos
1622 4291 1802 4334 custo-

210 4393 341 4446 dum
364 4385 683 4457 negiige'ntia
715 4384 881 4436 libros
914 4377 1162 4446 Hispanis
1198 4374 1450 4431 redderet
1478 4373 1609 4428 suis.
1644 4370 1803 4438 Quod

1894 3267 2042 3307 sacra
2075 3254 2191 3306 haec
2234 3267 2332 3305 nec
2363 3250 2624 3304 moritura
2663 3262 2892 3316 unquam
2940 3244 3133 3300 tabella
3177 3239 3459 3297 damnabit

1893 3343 2177 3410 Juliomagi
2203 3343 2448 3396 Andium.
2485 3339 2663 3394 Pridie
2683 3356 2846 3393 nonas
2868 3339 3000 3408 Any.
3037 3332 3196 3390 1616.

2176 3429 2454 3480 lllustriss.
2486 3429 2550 3481 Α.
2585 3431 2645 3484 Τ.
2682 3433 2895 3486 deditus
2977 3477 2984 3484 .

2745 3522 2994 3577 CLAUD.
3021 3521 3431 3589 MENARDL'S...

2808 3614 3064 3680 l’t'upt'tct.
3086 3612 3213 3668 Urb.
3235 3618 3369 3667 .lnd.

2376 3747 3027 3806 ANIMADVERSIONES

2121 3861 2170 3898 ΙΝ
2203 3856 2329 3896 ΟΡΚΞ
2360 3857 2728 3895 HIPERFHITUM
2759 3855 2965 3895 CONTRA
2996 3854 3276 3894 ιυιῐλκυπ.

1976 3938 2140 3993 Ltcuo
2168 3954 2202 4000 ι,
2232 3935 2258 4005 §
2295 3937 2347 3990 5.
2370 3933 2616 3988 Julianus
2644 3932 2711 3985 de
2738 3932 3062 4001 AuguStino:
3091 3930 3326 4001 Hocipso
3347 3950 3494 4000 quam

1905 4034 1970 4087 sit
2002 4032 2189 4085 divina:
2212 4030 2336 4097 legis
2359 4027 2624 4097 imperitus
2647 4027 2892 4095 interpres
2921 4035 2965 4078 et
2991 4026 3241 4095 profanus
3263 4039 3493 4096 apparet,

1905 4124 2129 4192 quisquis
2160 4130 2302 4190 putat
2331 4122 2440 4190 ejus
2471 4119 2729 4171 sanctione
2758 4117 2985 4186 defendi,
3011 4118 3149 4185 quod
3169 4120 3375 4189 jnstitia
3397 4136 3496 4173 non

1909 4227 2068 4287 potest
2093 4215 2364 4267 vindicari.
2391 4211 2622 4278 Reponit
2643 4211 2998 4278 Augustinus:
3041 4208 3142 4262 Vos
3166 4212 3298 4277 quod
3330 4212 3500 4264 dicitis

1909 4310 2078 4380 potius
2107 4322 2205 4360 non
2223 4311 2382 4372 potest
2406 4302 2514 4354 ulla
2541 4301 2746 4366 iustitia:
2773 4302 2966 4353 ratione
2990 4300 3228 4370 defendi;
3254 4303 3372 4368 quia
3400 4303 3501 4352 mi-

1912 4400 2042 4453 seria
2065 4396 2260 4468 generis
2285 4393 2515 4456 humani,
2542 4408 2572 4444 a
2594 4407 2692 4456 qua
2716 4392 2915 4444 nullum
2940 4389 3203 4442 hominum
3233 4390 3295 4440 ab
3325 4401 3501 4443 exortu

214 4483 342 4537 dum
373 4487 640 4549 procura"
675 4474 898 4527 Μ’πιίηο
925 4471 945 4525 1
970 4467 1239 4538 pommce’
1269 4480 1368 4520 nec
1399 4466 1450 4560 in
1497 4463 1678 4560 sacris
1711 4477 1805 4560 πῖ
1835 4491 1887 4551 D
1911 4463 2084 4560 usque
2123 4487 2191 4540 ad
2238 4486 2428 4539 obitum
2453 4483 2682 4536 videmus
2712 4484 2941 4536 alienum
2967 4519 2981 4544 ,
3029 4497 3130 4534 non
3179 4481 3397 4548 pertinet
3436 4483 3503 4533 ad

217 4577 409 4642 chivis,
437 4589 548 4644 pra:
578 4569 912 4624 multitudine
955 4564 1225 4627 codicum,
1251 4559 1420 4630 quaeri
1450 4566 1541 4612 aut
1571 4555 1804 4631 divinari

221 4674 464 4738 possent,
509 4661 777 4718 indicante
825 4659 1000 4714 locum
1063 4654 1276 4723 angelo,
1325 4657 1571 4720 repertos
1619 4654 1674 4702 et
1715 4647 1813 4703 de~

222 4764 476 4831 scriptos.

294 4873 603 4933 Efﬂaverat,
638 4867 864 4928 scilicet,
893 4864 946 4917 in
989 4861 1184 4918 Siciliae
1206 4856 1440 4927 scopulis
1476 4853 1705 4924 primum
1740 4851 1814 4905 fe-

226 4967 353 5022 ralis
385 4961 644 5019 doctrina:
667 4957 812 5012 virus
839 4955 1018 5010 Rufini
1056 4950 1364 5018 Pelagiique
1392 4945 1653 5009 vafrities,
1683 4957 1806 4997 cum

228 5059 496 5114 indicante
549 5051 863 5123 presbytero
908 5057 1035 5100 tunc
1085 5042 1314 5108 llilario,
1351 5046 1473 5108 post
1509 5035 1815 5091 Arelatensi

226 5151 482 5219 episcopo
506 5154 552 5210 ι,
578 5143 789 5198 divinus
815 5134 1142 5192 sanctissimi
1170 5133 1315 5188 senis
1337 5130 1568 5194 animus,
1605 5135 1816 5193 sumpta

230 5242 354 5297 fidei
387 5236 832 5309 prepuguatione,
863 5230 1102 5283 deforme
1125 5234 1420 5279 monstrum
1445 5223 1602 5289 longo
1623 5218 1820 5271 decen-

234 5334 451 5402 nalique
474 5329 614 5384 bello
644 5323 894 5380 eunfecit.
932 5319 1086 5387 Quod
1109 5317 1273 5387 igitur
1305 5313 1494 5379 Gallis,
1525 5311 1819 5378 instigante

235 5401 467 5493 prmsule
489 5435 607 5484 suo,
642 5417 939 5471 laboratum
965 5420 1068 5477 est,
1097 5408 1232 5477 quod
1257 5407 1455 5478 magnis
1486 5413 1600 5472 post
1631 5401 1814 5454 animis

235 5491 411 5570 eodem
441 5512 737 5581 defendente
765 5513 1139 5572 consumptum,
1169 5500 1321 5567 cujus
1357 5499 1534 5565 potius
1563 5491 1819 5561 auspiciis

236 5605 597 5670 c-tmitivaque
625 5599 794 5671 potuit
825 5603 944 5665 post
968 5601 1046 5648 tot
1075 5605 1335 5645 annorum
1361 5589 1624 5654 diescere,
1661 5598 1820 5655 qualn

314 5751 343 5784 °
371 5742 555 5798 Errat;
586 5739 722 5794 alius
748 5737 789 5792 is
816 5742 927 5789 erat
953 5731 1016 5787 ab
1042 5728 1357 5784 Arelatensi.

1923 4579 2296 4652 ()nmipotentis
2315 4578 2595 4650 judicium,
2628 4578 2671 4630 si
2698 4593 2800 4630 non
2844 4586 2916 4629 est
2944 4575 3192 4644 originale
3220 4583 3502 4642 peccatum.

1921 4675 2079 4744 Atqui
2102 4674 2203 4727 hoc
2234 4679 2438 4726 tantum
2485 4668 2552 4723 de
2601 4666 2893 4721 infantibus
2920 4673 3009 4716 aut
3059 4663 3292 4725 puerulis
3327 4662 3509 4718 dicere

1923 4765 2129 4829 debuit,
2165 4779 2284 4817 nam
2310 4761 2540 4828 majores
2571 4768 2696 4812 natu
2728 4764 2809 4808 sat
2837 4753 3120 4807 actualium
3163 4765 3508 4822 peccatorum

1925 4861 2209 4916 admittunt
2244 4866 2299 4910 ut
2347 4855 2506 4924 hujus
2537 4853 2658 4904 vitae
2691 4848 2923 4902 miseriis
2951 4845 3095 4915 digni
3125 4845 3252 4899 sint.
3282 4846 3383 4900 Sed
3417 4863 3512 4914 po-

1929 4966 2116 5007 namus
2137 4965 2282 5012 eum,
2317 4956 2373 5000 ut
2401 4943 2608 5007 debuit,
2651 4942 2716 4995 dc
2769 4938 3058 4993 infantibus
3106 4940 3388 5005 duntaxat,
3423 4949 3514 4992 aut

1926 5043 2161 5113 puerulis
2195 5041 2456 5099 locutum;
2489 5040 2765 5101 peccatum
2808 5030 3088 5100 originale,
3119 5040 3175 5086 ut
3216 5031 3283 5084 ab
3332 5035 3514 5096 Augu-

1924 5136 2066 5189 stino
2093 5129 2412 5198 explicatur,
2431 5122 2768 5178 commodam
2803 5124 3004 5176 nullam
3035 5124 3299 5177 rationem
3328 5122 3516 5174 defen-

1927 5224 2115 5281 dendac
2162 5220 2381 5290 justitia:
2435 5216 2629 5270 divinae
2677 5215 3006 5284 suppeditat;
3053 5229 3173 5268 cum
3217 5226 3317 5281 qua
3369 5212 3518 5262 nullo

1929 5316 2089 5373 modo
2125 5320 2296 5384 potest
2345 5309 2663 5374 consistere,
2709 5319 2767 5361 ut
2804 5305 3182 5362 existimabant
3221 5300 3520 5356 adversarii

1931 5404 2228 5476 Augustini,
2264 5417 2398 5472 quos
2425 5414 2686 5467 nusquam
2737 5408 2880 5454 recte
2910 5395 3225 5451 confutavit.
3260 5391 3387 5457 Sed,
3438 5392 3520 5446 iu-

1934 5502 2102 5570 quies,
2135 5496 2375 5566 quamvis
2399 5509 2502 5548 non
2523 5493 2814 5561 intelligam
2850 5489 3118 5560 quomodo
3145 5487 3348 5557 peccati
3381 5488 3524 5540 Λάδα

1935 5591 2004 5647 mi
2027 5588 2300 5660 itnputatio
2328 5584 2578 5656 posteris,
2604 5592 2656 5638 et
2683 5585 2796 5638 vitii
2837 5580 3140 5637 necessaria
3190 5579 3242 5635 in
3273 5594 3366 5635 eos
3399 5597 3522 5648 pru-
