3892 6342
416 330 516 382 567

1323 309 1872 371 SUPPl.EMENTUM
1905 305 1993 360 AD
2032 303 2260 359 OPERA
2301 302 2356 359 S.
2399 300 2786 361 AUGUSTINI.

3586 301 3722 357 εδδ

412 419 623 490 pagano
654 413 946 469 consistere
974 415 1172 480 queant
1200 421 1318 462 cum
1363 405 1645 459 sanctitate
1686 416 1749 456 ac
1785 399 1995 469 justitia
2025 396 2078 455 Δ
2106 410 2224 465 quac
2256 396 2308 448 in
2356 393 2773 463 provincialibus
2808 391 3030 463 synodis
3061 406 3287 448 numero
3316 394 3720 465 suﬂragiorum

411 510 611 575 divina,
640 511 850 575 oportet
876 512 1053 557 tamen
1084 510 1142 553 ut
1187 498 1295 552 sint
1321 494 1551 549 infantes
1580 493 1840 562 puerique
1872 504 1997 559 pec-

413 614 645 667 catores,
681 614 802 655 cum
826 596 1009 652 miseri
1038 595 1164 658 sint,
1206 592 1347 645 Deus
1400 602 1528 642 vero
1581 586 1779 655 justus.
1822 583 1999 639 Satius

415 702 559 749 esset
590 692 755 746 multo
777 690 956 743 dicere
987 695 1038 739 te
1066 682 1274 738 nescire
1302 694 1397 734 cur
1429 677 1633 732 innoxii
1661 676 1841 729 miseri
1870 675 1998 740 sint,

418 798 598 851 quam,
632 789 689 835 ut
723 779 884 833 facias
910 790 1002 830 eos
1027 773 1233 835 noxios,
1259 770 1499 824 invenire
1526 766 1853 838 hypothesin
1882 778 2000 834 qua:

418 886 497 931 tot
526 870 923 929 difficultatibus
952 867 1175 920 laborat.
1206 862 1312 919 Sed
1343 860 1470 931 quid
1518 869 1644 914 sunt
1691 859 1774 911 hac
1828 857 2004 911 infan-

420 970 552 1021 tium
585 955 1321 1032 puerorutnquebrevissima:
1345 950 1594 1014 miserim,
1620 951 1663 1004 si
1694 964 1815 1003 cum
1846 956 2003 1001 aster-

421 1074 489 1112 na
519 1053 865 1116 beatitudine,
889 1048 1081 1118 quibus
1108 1059 1200 1100 eas
1220 1045 1358 1099 Deus
1389 1051 1596 1113 pensat,
1619 1038 2004 1095 conferantur?

421 1148 562 1203 Nihil
596 1157 830 1213 prorsus,
864 1148 955 1192 aut
995 1134 1195 1206 siquid
1227 1134 1395 1189 nihilo
1427 1142 1609 1202 posset
1644 1145 1765 1185 esse
1806 1130 2000 1183 minus.

423 1241 608 1307 Itaque
637 1233 777 1305 quod
812 1233 951 1286 Deus
981 1244 1072 1284 eas
1101 1229 1168 1283 ab
1194 1228 1299 1283 illis
1329 1228 1382 1281 in
1410 1227 1511 1280 hac
1544 1226 1652 1279 vita
1685 1240 1789 1279 non
1816 1222 2006 1277 amoli-

424 1340 531 1391 tur,
564 1326 755 1380 mirum
791 1322 959 1377 videri
996 1320 1198 1388 nequit.

409 1458 413 1465 ρ
500 1420 613 1490 §8.
658 1416 745 1470 Ait
780 1414 1020 1468 Julianus
1070 1425 1131 1465 ea
1186 1409 1253 1463 ab
1293 1407 1589 1476 Augustino
1631 1404 1849 1472 scripta,
1893 1417 2007 1471 qua:

427 1518 632 1576 propter
680 1502 955 1556 honestatis
1008 1498 1335 1553 reverentiam
1384 1494 1624 1549 oblivioni
1674 1494 2005 1547 exterminata

430 1597 752 1651 mandentur.
786 1591 917 1646 Vide
967 1597 1146 1644 notata
1186 1586 1252 1641 ad
1303 1596 1433 1641 tom.
1466 1583 1581 1648 Ἧι,
1624 1582 1714 1637 lib.
1757 1581 1823 1637 de
1851 1580 2005 1635 Civit.

430 1692 525 1746 Dei
560 1704 664 1746 xiv.
696 1699 814 1754 cap.
848 1682 915 1738 18
944 1691 998 1738 et
1024 1695 1176 1750 seqq.

2105 485 2446 556 comprobata
2478 486 2596 541 est?
2626 485 2764 539 Sunt
2798 498 2926 553 ergo
2956 483 3299 552 magistratus
3332 484 3555 541 lictores
3591 500 3721 539 cas-

2111 587 2256 630 tuum
2298 575 2810 641 ecclesiasticorum,
2850 572 3044 641 quibus
3085 587 3275 641 parcre
3321 588 3419 628 eos
3459 583 3719 643 Oportet,

2096 652 2216 723 non
2260 681 2595 735 responsare.
2626 666 2681 720 Si
2721 665 2843 718 talia
2874 662 3134 717 dixissent
3170 664 3351 718 Ariani
3384 680 3506 720 cum
3542 674 3721 720 erant

2095 743 2436 825 superiores,
2480 755 2725 825 profecto
2765 753 3116 809 intolerandae
3154 754 3457 824 tyrannidis
3506 756 3723 812 merito

2108 847 2398 902 insimulati
2436 846 2681 902 fuissent.
2716 845 2821 902 Sed
2852 847 3042 899 horum
3074 859 3160 900 me
3190 844 3393 902 dudum
3427 846 3721 903 distaedet.

2105 938 2284 1010 Itaque
2312 953 2533 992 manum
2557 938 2624 992 de
2654 938 2855 992 tabula.

2350 1029 2628 1086 JOANNIS
2668 1028 3026 1085 ULIMMERII
3066 1027 3441 1088 PREFATIO

2109 1142 2174 1179 AD
2202 1140 2432 1180 JACOBUM
2472 1139 2740 1178 PAIEIJUM
2767 1137 2917 1177 ελσε.
2954 1137 3297 1176 ιιιττειὶΑιιωι
3346 1138 3718 1185 ιιεειιτμτυι

2276 1230 2340 1269 AC
2372 1228 2554 1268 BBUGIS
2583 1228 2901 1276 CANONICUM,
2927 1228 2991 1265 DE
3023 1226 3267 1266 INDICULO
3290 1227 3530 1268 POSSIDII.

2179 1306 2387 1381 Quanta
2411 1308 2690 1379 hactenus,
2715 1307 2796 1359 vir
2830 1304 3238 1373 humanissime,
3266 1305 3550 1362 hominum
3570 1324 3717 1378 quo—

2110 1396 2351 1450 rumdam
2396 1396 2448 1450 in
2479 1395 2771 1465 judicando
2821 1394 3097 1450 temeritas
3137 1394 3319 1464 fuerit,
3373 1396 3589 1467 quidvis
3643 1400 3713 1454 D.

2110 1486 2395 1557 Augustini
2442 1501 2566 1543 esse
2606 1485 2976 1552 clamantium,
3024 1499 3089 1541 ac
3131 1500 3229 1556 pro
3265 1488 3433 1542 animi
3483 1488 3715 1544 arbitrio

2110 1579 2543 1645 reclamantium,
2579 1578 2721 1632 haud
2750 1577 3031 1648 quisquam
3060 1576 3213 1633 facile
3246 1578 3565 1647 crediderit,
3601 1582 3713 1636 nisi

2113 1672 2281 1741 ipsam
2312 1671 2389 1727 rei
2432 1672 2713 1727 veritatem
2762 1671 2831 1725 ab
2876 1671 3266 1741 antiquioribus
3294 1673 3567 1741 proditam
3618 1690 3717 1746 pe-

412 1805 417 1826 .
507 1779 534 1851 ς
568 1779 651 1832 to.
685 1776 926 1831 Julianus
958 1791 969 1825 :
1020 1771 1221 1825 Laudat
1261 1769 1414 1821 etiam
1463 1771 1716 1837 potentem
1765 1763 2018 1818 hominem
2046 1763 2092 1824 B
2122 1768 2284 1823 nitius
2311 1767 2713 1836 introspexerit,
2746 1774 2801 1821 et
2827 1764 2895 1821 ad
2920 1765 3100 1822 vivum
3146 1766 3310 1837 (quod
3336 1767 3518 1836 aiunt)
3557 1783 3715 1825 reseq

434 1869 783 1943 (Augustinus
816 1866 1081 1921 Valerium
1115 1863 1208 1917 lib.
1239 1878 1253 1916 t
1290 1861 1356 1916 de
1386 1859 1611 1927 Nuptiis,
1651 1872 1770 1925 cap.
1800 1857 1855 1926 2)
1882 1857 2019 1926 quod

418 1961 620 2013 'notris
650 1957 994 2029 petitionibus,
1026 1953 1111 2022 qui
1133 1950 1421 2005 nihilaliud
1443 1965 1595 2020 quam
1622 1949 1737 2001 dari
1765 1957 1905 2002 tanta
1929 1963 2021 2001 ne-

434 2051 573 2120 gotio
602 2050 803 2121 judices
831 2046 1261 2115 vociferabantur,
1294 2053 1349 2096 ut
1384 2059 1441 2096 ea
1469 2057 1583 2112 quae
1619 2040 2021 2112 subreptionibus

418 2144 555 2195 acta
582 2140 867 2206 constabat,
900 2138 1290 2195 emendarentur
1332 2135 1502 2205 potius
1530 2150 1680 2203 quam
1723 2134 2023 2204 punirentur

435 2234 687 2299 examine,
714 2230 845 2285 mole
866 2244 970 2284 sua:
991 2226 1253 2298 dignitatis
1272 2226 1540 2288 obstiterit,
1558 2241 1648 2277 nec
1669 2224 2027 2291 discepzationi

437 2335 632 2395 tempus
659 2334 746 2376 aut
780 2323 946 2376 locum
974 2319 1261 2389 permiserit
1296 2314 1614 2385 impetrare.]
1666 2315 1868 2368 Revera
1914 2316 2023 2367 lau-

438 2418 530 2471 dat
554 2416 899 2485 Augustinus,
930 2416 1047 2469 loco
1075 2412 1329 2475 indicato,
1356 2410 1648 2475 Valerium,
1670 2409 1794 2478 quia
1820 2410 1880 2462 iis
1907 2409 2024 2478 qui-

436 2510 537 2563 bus
566 2507 883 2576 di~putando
903 2506 1017 2575 ipse
1045 2503 1350 2567 resistebat,
1383 2502 1472 2555 ille
1500 2510 1766 2571 potestate,
1792 2502 2023 2553 curando

438 2611 485 2657 et
526 2598 762 2653 instando
812 2597 1077 2667 eﬂiraciter
1114 2595 1389 2648 restiterat.
1439 2592 1591 2658 Quod
1636 2607 1765 2646 sane
1807 2590 2026 2647 minime

438 2690 762 2745 laudandum
793 2698 928 2752 erat,
960 2702 1083 2741 nam
1132 2687 1186 2741 in
1213 2701 1273 2740 re
1302 2686 1451 2755 gravi
1488 2694 1542 2739 et
1582 2682 1805 2749 difficili,
1841 2685 1896 2738 in
1925 2697 2026 2749 qua

440 2782 542 2837 sibi
578 2780 740 2850 probe
769 2780 1017 2835 conscius
1053 2787 1170 2834 erat
1207 2778 1533 2848 Augustinus
1582 2784 1755 2831 tantas
1782 2791 1903 2830 esse
1929 2775 2030 2829 dif-

443 2874 727 2938 ticultates,
757 2880 811 2925 ut
848 2872 911 2925 iis
947 2870 1218 2925 solvendis
1248 2884 1347 2938 par
1375 2885 1479 2922 non
1514 2876 1674 2929 esset,
1719 2866 2025 2934 praestabat,

444 2962 765 3016 adversariis
795 2959 990 3029 saepius
1026 2958 1235 3021 auditis,
1278 2958 1542 3026 judicare,
1579 2971 1736 3024 quam
1774 2957 2029 3009 damnare

446 3053 586 3106 illico
609 3051 893 3114 inauditos,
924 3050 1380 3120 synodorumquc,
1409 3062 1474 3100 ne
1498 3047 1699 3100 reditus
1725 3045 1790 3099 ad
1819 3045 2026 3098 mitiora

2123 1866 2313 1921 cuerit.
2349 1864 2407 1919 in
2438 1878 2545 1935 quo
2581 1861 2962 1918 controversiae
2986 1876 3207 1931 genere,
3238 1876 3399 1917 nemo
3443 1862 3610 1919 nobis
3650 1864 3716 1918 D.

2126 1955 2387 2020 Possidio,
2421 1954 2586 2023 utqui
2627 1954 2744 2022 ejus
2771 1952 3066 2024 discipulus
3106 1952 3285 2020 fuerit,
3319 1954 3497 2023 potior
3525 1955 3708 2010 disce-

2126 2054 2302 2114 ptator
2338 2043 2518 2098 haberi
2559 2042 2749 2108 debet;
2799 2056 2922 2097 nam
2961 2056 3085 2098 cum
3127 2042 3343 2099 beatiss.
3381 2046 3719 2114 Augustinus

2128 2147 2234 2191 tam
2259 2136 2421 2189 multa
2452 2134 2701 2202 ediderit,
2734 2134 2971 2201 dictarit,
2998 2142 3161 2203 atque
3191 2135 3241 2188 in
3276 2134 3519 2189 Ecclesia
3557 2149 3718 2191 acer.

2127 2234 2264 2289 rime
2290 2231 2595 2300 disputarit,
2619 2230 2911 2299 exceperit,
2936 2237 2990 2283 et
3006 2227 3321 2290 emendarit,
3344 2230 3433 2284 vel
3453 2231 3721 2285 adversus

2128 2323 2411 2378 bmrcticos
2432 2321 2755 2389 conscripta,
2783 2320 2868 2374 vel
2889 2334 2952 2373 ex
2973 2318 3247 2373 canonicis
3268 2318 3418 2372 libris
3442 2318 3718 2389 exposita,

2128 2421 2188 2467 ut
2243 2412 2345 2467 illis
2403 2410 2651 2466 omnibus
2699 2408 3087 2478 cognoscendis
3140 2417 3199 2463 et
3245 2409 3584 2478 perlegendis
3630 2411 3721 2465 vix

2128 2505 2403 2572 quisquam
2435 2501 2792 2556 studiosorum
2837 2500 3088 2565 sufficiat,
3133 2500 3265 2555 nulli
3312 2501 3508 2555 mirum
3538 2501 3721 2560 videi

2128 2594 2281 2650 debet
2328 2591 2572 2662 quaedam
2618 2591 2734 2660 ejus
2773 2591 2990 2660 scriptis
3036 2590 3265 2645 admista
3308 2605 3430 2646 esse
3456 2606 3577 2661 qua:
3626 2594 3721 2646 vix

2132 2682 2324 2737 eruditi
2366 2680 2593 2748 alicujus
2642 2693 2705 2734 ac
2757 2680 2828 2748 pii
2876 2687 3019 2747 sunt,
3066 2681 3262 2734 nedum
3300 2680 3364 2734 D.
3404 2682 3722 2750 Augustini,

2131 2786 2338 2827 summa
2366 2770 2664 2826 eruditione
2693 2785 2756 2824 ac
2779 2769 2976 2838 pietate
3006 2769 3136 2835 viri;
3167 2778 3221 2824 et
3244 2785 3430 2826 rursus
3459 2787 3724 2839 quorum-

2132 2863 2254 2918 dam
2280 2863 2603 2932 conjecturis
2630 2863 2722 2931 (ne
2749 2861 2920 2916 dicam
2953 2861 3208 2930 praecipiti
3233 2863 3435 2931 judicio
3468 2874 3522 2920 et
3546 2873 3725 2921 teme-

2135 2956 2283 3010 rario
2313 2953 2470 3023 ausu)
2498 2952 2739 3022 quaedam
2768 2952 2975 3007 sublata
3012 2966 3154 3020 esse,
3182 2969 3321 3023 quae,
3356 2956 3442 3011 vel
3468 2956 3726 3011 omnibus

2135 3047 2453 3113 tacentibus,
2485 3047 2695 3116 phrasis
2726 3047 2836 3114 ipsa
2868 3054 3027 3114 atque
3050 3045 3380 3103 incredibilis
3408 3050 3577 3118 pietas
3609 3052 3726 3105 Au-

447 3141 667 3194 consilia
704 3146 928 3207 pateret,
970 3138 1194 3191 aliarum
1245 3151 1407 3205 super
1454 3135 1572 3189 aliis
1602 3135 2029 3188 anathematibus
2057 3127 2104 3188 C
2136 3140 2329 3209 gustini
2353 3153 2471 3193 esse
2500 3138 2872 3208 loquebantur.
2907 3136 3085 3204 Quare
3114 3154 3183 3194 ne
3219 3141 3461 3196 veritatis
3490 3154 3547 3198 et
3569 3134 3725 3200 verbi

450 3230 728 3293 infamare,
760 3239 814 3282 et
840 3227 1014 3281 edicto
1042 3227 1379 3295 imperatoris
1412 3225 1724 3295 gravissime
1756 3225 2025 3295 persequi.

477 3320 691 3375 Fiducia
738 3319 869 3387 veri,
902 3320 944 3371 si
983 3332 1084 3386 qua
1120 3317 1325 3383 fuisset,
1358 3316 1628 3371 debuisset
1673 3331 1737 3371 eo
1767 3316 2031 3371 adducere

450 3412 803 3481 Augustinum
848 3420 900 3464 et
944 3409 1103 3475 alios,
1134 3418 1194 3463 ut
1235 3408 1515 3463 differrent
1559 3409 1803 3463 ultimum
1857 3409 1922 3463 de
1970 3424 2033 3463 ea

451 3502 818 3559 controversia
862 3501 1143 3571 j.:dicium,
1192 3502 1496 3570 saepiusque
1535 3516 1692 3569 quam
1734 3516 1869 3570 epus
1920 3509 2036 3556 erat

452 3594 700 3649 audirent
732 3593 1070 3663 Pelagianos;
1097 3607 1161 3646 ne
1189 3591 1240 3644 in
1270 3591 1337 3647 iis
1357 3590 1671 3645 damnandis
1700 3592 2032 3659 aberrarent,

454 3701 547 3741 seu
599 3683 740 3753 quod
790 3698 900 3740 rem
943 3684 1133 3753 ipsam,
1185 3682 1402 3736 arduam
1457 3698 1587 3737 sane
1639 3698 1701 3737 ac
1742 3682 2036 3749 difficilem,

455 3793 561 3831 non
584 3776 715 3829 satis
739 3775 1119 3844 intelligerent,
1151 3788 1244 3828 seu
1270 3772 1410 3842 quod
1433 3773 1866 3826 adversariorum
1892 3788 2041 3827 men—

459 3878 562 3921 tcm
603 3883 705 3921 non
738 3875 1165 3935 assequerentur.
1201 3864 1305 3917 Res
1333 3877 1450 3931 qua:
1475 3871 1551 3916 tot
1586 3863 1814 3931 ingeniis
1859 3864 2040 3919 erudi-

461 3960 605 4011 tione
636 3964 796 4022 atque
825 3956 1067 4008 acumine
1098 3952 1391 4020 insignibus
1419 3967 1633 4007 crucem
1671 3953 1809 4019 fixit,
1862 3963 2045 4024 totque

459 4045 853 4102 controversias
878 4059 971 4112 per
993 4045 1167 4097 omnia
1199 4042 1391 4095 saecula
1421 4043 1697 4110 excitavit,
1724 4059 1830 4097 non
1862 4044 2047 4100 debuit

463 4138 606 4191 illico
636 4136 866 4203 permitti
895 4149 1184 4203 paucorum
1217 4132 1561 4187 Numidarum
1593 4149 1656 4189 ac
1693 4134 1944 4190 Afrorum
1962 4135 2048 4202 ju-

461 4227 632 4291 dicio;
665 4224 753 4295 qui
778 4236 982 4293 pOStea,
1016 4225 1209 4279 cedere
1247 4224 1433 4291 nescii,
1463 4224 1723 4292 judicium
1756 4225 1857 4281 hoc
1891 4243 2047 4285 suum

463 4332 638 4377 essent
686 4322 871 4390 quovis
908 4319 1067 4374 modo
1108 4319 1401 4383 defensuri,
1438 4321 1885 4388 quemadmodum
1919 4339 2049 4380 con—

466 4417 601 4485 tigit.
636 4414 886 4469 Doctrina
914 4414 1075 4468 etiam
1106 4427 1251 4475 vera,
1283 4413 1377 4467 sed
1426 4414 1579 4480 plena
1616 4415 2045 4484 difficultatibus,

2134 3230 2230 3284 Dei
2259 3229 2626 3295 avidissimos,
2657 3228 2955 3294 Possidius,
2991 3229 3082 3298 qui
3114 3245 3235 3285 cum
3270 3231 3369 3285 hoc
3399 3242 3587 3288 nostro
3629 3248 3726 3288 an-

2134 3323 2303 3376 tistite
2319 3323 2471 3376 annis
2495 3323 2660 3376 ferme
2682 3322 3052 3391 quadraginta,
3072 3322 3166 3377 Dei
3195 3324 3453 3380 beneficio
3471 3341 3533 3382 ac
3554 3327 3725 3394 dono,

2136 3414 2321 3482 absque
2358 3429 2533 3465 amara
2580 3412 2687 3465 ulla
2718 3413 3031 3467 dissensione
3076 3414 3328 3500 (libenter
3357 3418 3499 3472 enim
3551 3419 3727 3488 ipsius

2136 3504 2317 3558 verbis
2366 3502 2507 3571 utor)
2546 3503 2867 3571 fatrtiliariter
2909 3519 2969 3556 ac
3000 3502 3223 3558 dulciter
3258 3506 3408 3573 vixit,
3449 3508 3502 3561 in
3534 3509 3728 3579 aliquo

2139 3593 2451 3648 defraudare
2504 3591 2798 3657 videretur,
2840 3592 3130 3648 indiculum
3189 3595 3472 3663 librorum,
3517 3606 3724 3652 tracta-

2143 3694 2310 3748 tuum,
2368 3692 2422 3737 ct
2462 3682 2806 3751 epistolarum
2852 3684 3115 3751 ejusdem,
3167 3686 3416 3741 omnibus
3464 3688 3729 3743 studiosis

2144 3773 2486 3842 promissum,
2516 3772 2834 3840 conscripsit
2862 3781 2915 3826 et
2944 3773 3208 3843 exhibuit,
3246 3790 3404 3844 quem
3437 3785 3619 3831 tamen
3668 3780 3723 3833 in

2124 3866 2285 3917 hunc
2314 3878 2480 3931 usque
2512 3861 2654 3917 diem
2698 3878 2887 3919 omnes
2914 3864 3005 3936 qui
3051 3865 3348 3936 Augustino
3394 3883 3501 3923 non
3541 3868 3728 3927 favere

2146 3972 2252 4011 non
2309 3964 2531 4025 possunt
2577 3954 2720 4009 haud
2766 3956 2902 4011 citra
2953 3972 3218 4012 summam
3267 3963 3726 4027 exspectationem

2146 4050 2283 4103 votis
2296 4047 2689 4103 ardentissimis
2703 4048 3101 4119 desiderarunt,
3117 4066 3183 4105 ne
3200 4052 3421 4120 posthac
3440 4055 3521 4124 (ut
3543 4058 3725 4111 rectis-

2148 4140 2282 4193 sime
2322 4138 2532 4208 scribis)
2559 4154 2843 4193 censorum
2875 4140 3225 4209 quorumdam
3258 4145 3559 4199 temerariis
3581 4146 3725 4214 judi-

2148 4228 2244 4284 ciis
2268 4229 2585 4283 fluctuarent
2625 4229 2834 4283 incerti.
2866 4230 3003 4283 Eum
3033 4244 3133 4300 ego
3161 4246 3267 4285 non
3295 4233 3423 4287 alibi
3466 4230 3499 4286 a'
3536 4251 3623 4289 me
3650 4236 3726 4289 in-

2148 4328 2363 4375 ventum
2412 4334 2475 4374 ac
2513 4336 2775 4389 nusquam
2814 4330 3027 4377 exstare
3054 4323 3438 4391 existimatum,
3480 4327 3531 4381 in
3565 4327 3726 4382 Villa-

2148 4411 2341 4466 riensis
2398 4411 2627 4466 abbatize
2683 4413 3003 4467 veneranda;
3056 4414 3388 4483 antiquitatis
3443 4417 3727 4489 codicibus

463 4523 570 4563 non
614 4506 796 4563 debuit
841 4505 991 4573 quasi
1033 4514 1189 4571 caput
1231 4503 1352 4557 fidei
1408 4508 1767 4562 necessarium
1818 4481 2039 4577 imponi,
2072 4481 2307 4571 l)longe
2334 4501 2741 4556 instructissima
2773 4503 3095 4559 bibliotheca
3134 4481 3448 4560 escutienda
3493 4522 3727 4578 occupa-

464 4600 581 4653 sine
619 4598 724 4652 ulla
776 4595 968 4650 Christi
1012 4603 1102 4647 aut
1149 4594 1509 4662 apostolorum
1552 4597 1890 4667 auctoritate,
1938 4614 2042 4668 qua

464 4703 580 4742 eam
611 4686 964 4741 necessariam
985 4699 1104 4739 esse
1134 4693 1425 4741 constaret.
1452 4684 1568 4739 Non
1601 4686 1783 4741 debuit
1812 4688 2044 4757 denique

465 4779 760 4845 Pelagianis
805 4776 1030 4846 prteberi
1052 4775 1345 4845 justissima
1382 4776 1646 4843 querendi
1683 4792 1867 4845 causa,
1902 4780 2045 4848 quod

469 4870 684 4923 inauditi
714 4868 948 4923 damnati
980 4869 1220 4922 fuissent.
1254 4867 1357 4922 Sed
1383 4866 1659 4920 audiamus
1692 4870 2044 4936 Augustinum

467 4957 875 5025 respondentem
902 4976 913 5011 :
946 4958 1084 5013 Absit
1106 4976 1137 5011 a
1162 4958 1461 5012 Christianis
1486 4957 1814 5024 potestatibus
1839 4970 2048 5017 terrena:

466 5045 757 5113 reipublica:
784 5055 837 5097 ut
865 5047 928 5098 de
950 5049 1162 5117 antiqua
1192 5048 1441 5101 catholica
1492 5048 1593 5115 ﬁde
1622 5048 1869 5117 dubitent,
1902 5061 1946 5105 et
1987 5052 2047 5106 ob

465 5139 561 5193 hoc
597 5138 1027 5215 Oppugnatoribus
1081 5142 1190 5207 ejus
1238 5142 1405 5193 locum
1457 5150 1503 5194 et
1556 5150 1755 5212 tempus
1798 5145 2047 5199 examinis

465 5229 747 5301 prwbeant;
776 5243 835 5280 ac
864 5245 963 5281 non
993 5231 1158 5296 potius
1188 5231 1241 5282 in
1270 5248 1327 5283 ea
1364 5232 1484 5284 certi
1521 5248 1580 5285 ac
1607 5234 1828 5302 fundati,
1861 5236 2047 5289 talibus

464 5321 643 5395 quales
671 5336 756 5374 vos
790 5322 909 5374 estis
946 5321 1164 5374 inimicis
1203 5326 1314 5391 ejus
1357 5324 1683 5392 disciplinam
1733 5329 2047 5383 coercitionis

426 5476 430 5481 ἢ
465 5413 748 5481 imponant.
786 5412 957 5467 Verba
1006 5413 1117 5464 haec
1151 5421 1275 5465 sunt
1312 5414 1554 5480 victoris,
1593 5416 1687 5469 scd
1742 5420 1829 5485 qui
1880 5421 2047 5488 magis

422 5571 427 5577 ο
468 5503 553 5555 illa
603 5513 811 5557 terrena
854 5505 1167 5557 auctoritate
1220 5503 1485 5557 nitebatur
1523 5520 1678 5573 quam
1730 5509 2043 5571 rationibus.

426 5662 429 5663 ν
467 5598 549 5643 An
596 5608 721 5660 ergo
764 5592 1053 5648 Christiani
1106 5592 1442 5662 magistratus
1491 5596 1605 5648 sine
1646 5598 1893 5654 examine
1935 5603 2042 5655 ullo

467 5679 666 5731 debent
714 5696 805 5733 eos
851 5698 1045 5737 vexare
1091 5699 1223 5748 quos
1284 5684 1433 5749 pauci
1488 5685 1722 5753 cpiscOpi
1780 5689 2041 5745 inauditos

466 5768 806 5830 damnarunt,
832 5772 947 5834 quia
972 5773 1184 5839 antiqua
1220 5772 1349 5828 fides
1387 5773 1622 5827 habenda
1655 5777 2036 5847 ἀϐασανίστως,

2126 4595 2408 4657 tissimus,
2440 4608 2525 4660 ac,
2569 4603 2660 4648 tuo
2702 4596 2972 4664 exemplo,
3005 4596 3148 4651 illius
3187 4597 3550 4667 avidissimus,
3596 4602 3727 4657 nihil

2128 4686 2331 4740 minus
2356 4686 2618 4753 cogitans,
2662 4686 2858 4755 reperi.
2885 4687 3052 4752 Quem
3080 4697 3136 4741 ut
3163 4688 3447 4758 aliquando
3471 4691 3529 4746 in
3555 4692 3727 4747 lucem

2153 4778 2262 4847 (cui
2310 4792 2579 4843 nunquam
2627 4787 2782 4832 antea
2823 4780 3153 4850 assueverat)
3186 4782 3344 4837 edere
3374 4784 3590 4850 vellem,
3625 4801 3727 4841 non

2152 4866 2318 4922 semel
2346 4866 2399 4920 id
2434 4866 2628 4922 litteris
2659 4867 2723 4921 ad
2758 4884 2841 4923 me
2871 4870 3074 4937 missis,
3104 4872 3299 4941 quibus
3336 4882 3392 4929 et
3432 4889 3651 4943 operam
3679 4884 3729 4931 et

2155 4967 2362 5027 partem
2394 4972 2640 5027 magnam
2677 4968 2984 5028 sumptuum
3022 4961 3398 5019 liberalissime
3440 4965 3722 5034 oﬂerehas,

2156 5049 2399 5104 hortatus
2429 5062 2515 5113 es;
2560 5065 2627 5104 ne
2665 5051 2865 5105 diutius
2912 5067 3014 5121 qua
3052 5057 3456 5123 exspectatione
3500 5058 3724 5115 frustra-

2154 5147 2342 5194 rentur
2371 5140 2474 5193 viri
2512 5138 2679 5208 docti,
2713 5154 2847 5208 quos
2880 5142 3007 5197 nulli
3051 5145 3127 5199 rei
3159 5148 3331 5215 magis
3371 5149 3583 5205 inhiare
3612 5165 3725 5207 cre-

2122 5272 2125 5275 .
2152 5229 2402 5284 diderim.
2438 5228 2705 5283 Hactenus
2738 5240 2915 5287 tamen
2962 5233 3076 5301 ejus
3107 5235 3399 5291 editionem
3430 5242 3724 5309 quamlibet

2155 5321 2376 5373 multum
2418 5319 2736 5386 postulatam
2778 5321 2992 5377 differre
3035 5324 3205 5379 visum
3258 5326 3377 5395 fuit,
3431 5339 3486 5383 ut
3526 5334 3723 5388 nostris

2130 5410 2450 5477 marginum
2483 5407 2705 5471 scholiis
2736 5410 3029 5468 illustratus
3073 5415 3289 5483 (quibus
3333 5427 3387 5473 et
3422 5435 3517 5488 per
3551 5423 3720 5493 ipsum

2153 5500 2502 5568 Augustinum
2548 5508 2603 5553 ct
2642 5515 2738 5569 per
2766 5511 2974 5557 veteres
3010 5504 3193 5560 Patres
3223 5509 3311 5576 qui
3363 5510 3480 5579 ejus
3524 5516 3719 5583 scripta

2128 5591 2350 5659 passim
2390 5590 2559 5644 citare
2612 5607 2718 5647 non
2765 5593 3010 5649 dubitant
3063 5612 3225 5666 opera
3269 5615 3389 5656 esse
3437 5604 3715 5675 Augustini

2150 5687 2561 5757 convincuntur)
2597 5704 2657 5742 ac
2710 5692 2762 5743 in
2795 5678 3214 5749 commodiorem
3248 5709 3406 5765 atque
3447 5701 3715 5770 aliquanto

2147 5780 2547 5836 concinnioretu
2580 5781 2822 5835 ordinem
2871 5783 3136 5853 redactus,
3174 5789 3224 5841 in
3272 5790 3465 5859 lucem,
3511 5795 3607 5847 sub
3644 5792 3712 5851 tui
