3892 6306
99 319 186 377 569

866 307 1509 366 ANIMADVERSIONES
1550 307 1615 362 IN
1660 307 1869 364 VITAM
1906 307 1962 365 S.
2016 305 2404 364 AUGUSTINL

3225 309 3331 367 570

98 427 302 488 nominis
327 422 576 491 auspicio,
606 420 864 492 prodiret,
894 423 1109 492 quando
1135 422 1277 476 aliud
1307 421 1402 476 tibi
1427 434 1629 489 nequa-
1661 427 1712 484 Α
1739 420 2067 488 scripserant
2097 435 2112 472 :
2162 416 2348 471 Divina
2387 419 2557 487 afﬂati
2600 418 2805 487 Spiritu
2843 436 3076 474 sermone
3118 425 3327 494 proprio

98 535 234 590 quam
285 514 474 588 gratius
521 528 639 569 esse
685 528 846 584 posse
905 525 1111 570 certum
1159 513 1442 568 habebam.
1501 512 1634 566 Nam

98 618 394 682 quantopere
437 605 625 660 iisdem
671 606 865 660 studiis
912 605 1292 671 delectareris,
1343 605 1444 658 etsi
1486 614 1643 658 antea

100 703 358 758 didiceram
401 712 430 752 e
458 707 684 766 cognato
719 705 809 750 tuo
838 697 1107 750 Ludovico
1144 697 1401 751 Carrione
1445 694 1643 764 juvene

98 811 193 851 non
237 791 536 854 illitterato,
588 789 640 843 in
686 789 838 857 cujus
887 804 981 843 ore
1026 789 1152 843 mihi
1206 789 1364 858 plane
1407 787 1645 840 habitare

97 889 224 942 visus
250 899 332 949 es,
358 882 487 937 adeo
514 888 663 935 tuum
689 896 814 949 erga
844 896 902 936 se
929 882 1189 948 studium,
1226 879 1645 936 munificentiam

97 995 150 1034 ac
195 977 416 1031 favorem
472 973 787 1043 frequenter
833 975 988 1030 nobis
1043 990 1250 1030 summa
1307 989 1427 1029 cum
1477 974 1644 1028 animi

96 1069 340 1136 voluptate
369 1065 653 1136 praedicat;
699 1066 866 1134 magis
896 1065 949 1120 id
990 1075 1164 1120 tamen
1203 1066 1530 1121 venerabilis
1559 1065 1650 1120 ille

97 1159 219 1214 Beda
251 1167 396 1224 tuus,
429 1172 601 1226 nuper
632 1157 686 1211 in
719 1157 928 1212 officina
963 1157 1292 1228 Hervagiana
1317 1167 1557 1224 renatus,
1590 1173 1652 1212 ac

95 1251 356 1306 multorum
387 1249 647 1305 librorum
678 1252 989 1306 accessione
1009 1293 1024 1318 ,
1067 1267 1172 1305 non
1221 1252 1337 1306 sine
1373 1251 1652 1306 immensis

96 1341 372 1408 sumptibus
401 1355 463 1396 ac
506 1341 697 1396 studiis
726 1351 912 1396 auctus
935 1385 950 1408 ,
985 1351 1208 1396 testatus
1233 1351 1332 1396 est.
1369 1341 1651 1396 Maximam

95 1435 249 1502 itaque
270 1433 319 1486 in
338 1447 489 1501 spem
517 1432 751 1488 adducor
770 1433 905 1500 fore,
933 1442 989 1488 ut
1013 1449 1132 1505 quae
1159 1443 1458 1502 temporum
1511 1433 1652 1503 inju-

100 1522 164 1574 ria
189 1521 237 1574 in
279 1521 516 1575 tenebris
546 1521 720 1576 adhuc
743 1522 928 1592 jacent
954 1532 1008 1578 et
1048 1538 1167 1578 cum
1199 1524 1380 1578 blattis
1407 1539 1469 1577 ac
1499 1522 1656 1578 tineis

93 1611 265 1666 alicubi
313 1609 576 1679 rixantur,
625 1628 686 1668 ea
735 1623 821 1680 tu,
868 1629 987 1683 quae
1020 1623 1106 1669 tua
1148 1625 1230 1670 est
1271 1615 1327 1668 in
1383 1614 1656 1669 veteribus

94 1704 444 1772 conquirendis
484 1704 760 1760 indefesso
805 1704 983 1760 studio
1010 1705 1317 1774 diligentia,
1363 1706 1655 1776 aliquando

1747 525 1897 583 atque
1914 513 2072 582 stylo,
2102 519 2148 564 ει
2166 511 2375 563 auribus
2397 521 2442 563 et
2461 510 2620 563 oculis
2646 512 2775 564 scire
2795 511 3087 576 volentium,
3116 513 3332 566 dicendo

1749 617 1797 659 et
1828 605 2093 659 scribendo
2136 602 2364 666 similia,
2409 603 2758 657 studiosorum
2797 604 2992 655 notitia:
3031 605 3334 668 intulerunt,

1749 697 1926 765 quales
1971 696 2252 764 quantique
2297 697 2392 747 viri
2419 710 2481 748 ex
2522 695 2782 748 communi
2816 693 3021 748 Domini
3075 698 3242 765 gratia
3283 697 3337 749 in

1749 790 1898 843 rebus
1929 789 2188 853 humanis,
2213 797 2257 841 et
2283 789 2446 841 vivere
2477 799 2520 839 et
2553 805 2708 854 usque
2726 789 2779 840 in
2798 789 2947 855 ﬁnem
2974 788 3136 840 obitus
3163 804 3333 856 perse-

1751 900 1926 938 verare
1950 879 2288 952 meruerunt.]
2315 883 2534 952 Afﬂatos
2565 883 2736 936 divino
2784 882 2985 951 Spiritu
3017 891 3173 937 vocat
3197 883 3336 938 bono

1752 975 1979 1030 consilio
2029 984 2188 1044 atque
2228 975 2408 1028 animo
2438 973 2574 1027 vitas
2613 973 2941 1039 scribentes,
2991 973 3112 1041 quia
3155 973 3339 1026 omnia

1755 1069 1896 1123 bona
1928 1083 1957 1122 a
1980 1067 2160 1132 divino
2182 1066 2360 1119 afflatu
2389 1066 2683 1133 procedere
2707 1066 2945 1135 putabat.
2970 1066 3135 1120 Nemo
3158 1075 3335 1120 tamen

1756 1167 1915 1227 neget
1944 1173 2066 1212 esse
2111 1165 2256 1210 recte
2284 1156 2422 1208 facta
2470 1155 2713 1224 qumdam
2760 1157 3025 1219 humana,
3071 1172 3189 1228 quae
3231 1157 3340 1211 Deo

1756 1251 1970 1321 quidem
2003 1256 2060 1304 ut
2107 1248 2356 1302 humanae
2382 1256 2587 1301 naturae
2627 1248 2830 1301 auctori
2859 1248 3156 1312 debentur,
3186 1249 3229 1302 si
3271 1249 3337 1301 ad

1758 1355 2062 1411 supremam
2115 1355 2331 1394 causam
2383 1339 2764 1403 ascendamus;
2816 1338 2910 1392 sed
2960 1353 3079 1405 qua:
3129 1337 3342 1391 nonnisi

1760 1435 2102 1490 incommode
2130 1437 2320 1503 afﬂatu
2364 1433 2483 1502 ejus
2531 1432 2645 1487 ﬁeri
2685 1432 2960 1496 dicantur,
2994 1441 3210 1501 pr0pter
3244 1430 3346 1485 ad-

1759 1528 1946 1581 mistas
1993 1525 2150 1580 nimis
2180 1525 2375 1579 multas
2403 1523 2600 1593 ingenii
2641 1524 2856 1578 humani
2887 1523 3342 1591 imperfectiones.

1760 1617 1849 1674 Sic
1878 1619 1992 1686 ipse
2023 1625 2078 1671 et
2099 1615 2188 1670 alii
2219 1617 2360 1670 bono
2389 1616 2589 1681 animo,
2620 1625 2679 1669 ut
2709 1615 2989 1684 putabant,
3013 1615 3348 1683 scripserunt

1760 1711 1900 1764 vitas
1930 1708 2268 1777 superiorum
2319 1709 2724 1776 episc0porum;
2767 1707 2857 1776 qui
2885 1721 3070 1760 eorum
3103 1706 3314 1760 animus

93 1791 136 1845 in
179 1795 510 1863 propatulum
553 1787 853 1862 allaturus,
887 1805 941 1850 et
979 1797 1122 1864 quod
1155 1798 1353 1851 no>tris
1384 1797 1656 1866 qualibus-
1686 1800 1734 1859 B
1763 1801 1947 1867 credo,
1977 1815 2042 1855 ex
2071 1798 2233 1854 officii
2261 1798 2340 1853 sui
2365 1797 2670 1868 cognitione
2693 1807 2848 1851 natus
2877 1806 3011 1859 erat,
3038 1811 3100 1850 ac
3121 1796 3348 1865 proinde

93 1897 275 1953 cunque
301 1886 578 1941 laboribus
618 1886 790 1952 deest,
819 1886 1188 1943 indubitanter
1214 1889 1524 1957 adjecturus
1552 1891 1656 1946 sis.

97 1971 343 2041 Siquidem
370 1975 615 2044 comperi
646 1985 700 2031 et
725 1990 854 2048 ego,
905 1989 1026 2046 post
1056 1978 1196 2031 hanc
1225 1988 1465 2032 nostram
1497 1977 1659 2034 abso—

95 2063 233 2116 lotam
283 2067 610 2134 editionem,
645 2067 901 2122 nonnulla
934 2082 1056 2123 esse
1085 2083 1205 2136 quae
1234 2069 1464 2138 diligens
1492 2070 1661 2124 lector

94 2157 309 2211 exactius
338 2167 392 2212 et
421 2160 595 2228 magis
625 2159 782 2228 plena
813 2160 1053 2216 numeris
1075 2163 1188 2215 suis
1220 2161 1432 2226 tradita,
1475 2169 1662 2230 optare

96 2245 258 2311 possit.
302 2247 355 2302 In
385 2250 720 2320 marginibus
766 2265 892 2306 vero
932 2252 1194 2306 librorum
1240 2261 1547 2307 nostrorum
1579 2257 1660 2322 (ut

95 2343 136 2386 et
156 2336 260 2404 ejus
288 2340 500 2394 consilii
533 2342 638 2395 mei
670 2341 761 2396 tibi
791 2352 1002 2397 constet
1031 2344 1191 2413 ratio)
1224 2345 1353 2397 satis
1377 2343 1661 2400 habuimus

95 2427 397 2484 voluminum
443 2443 621 2488 tomos
657 2433 915 2489 adnotare
940 2477 954 2500 ,
987 2437 1192 2491 omisso
1219 2438 1531 2505 paginarum
1565 2453 1664 2490 nu-

99 2531 241 2585 mero,
272 2523 414 2591 quod
446 2524 488 2576 is
514 2525 564 2577 in
598 2525 715 2579 aliis
742 2535 901 2595 atque
928 2527 1048 2581 aliis
1073 2527 1492 2596 exemplaribus,
1527 2528 1663 2581 alius

97 2621 144 2661 ac
172 2612 328 2667 multo
373 2615 776 2670 diversissimus
802 2621 902 2682 sit,
936 2634 1034 2672 nec
1077 2619 1216 2671 idem
1259 2619 1510 2672 omnibus
1549 2634 1665 2672 res—

100 2706 311 2774 pondere
352 2712 544 2778 possit.
586 2710 846 2764 Cteterum
881 2711 1016 2765 banc
1057 2712 1284 2779 opellam
1320 2719 1374 2764 et
1419 2712 1664 2779 qualem-

103 2809 282 2866 cunque
330 2797 649 2853 industriatn
684 2809 917 2852 nostram
941 2839 956 2864 ,
991 2809 1041 2853 te
1071 2811 1291 2855 auctore
1334 2809 1663 2869 susceptam,

99 2900 193 2940 cum
219 2890 561 2956 recordarer;
587 2891 776 2945 abduci
807 2893 872 2945 ab
905 2907 972 2945 eo
1002 2907 1105 2945 non
1142 2893 1290 2960 potui
1332 2894 1459 2962 quin
1502 2909 1666 2962 gene-

98 2991 216 3033 rosae.
251 2981 314 3036 D.
342 2982 404 3036 T.
430 2993 802 3038 consecratam
830 2985 1106 3039 humiliter
1127 2985 1400 3042 offerrem.
1421 2988 1666 3056 Accipies

98 3067 248 3136 itaque
277 3088 342 3127 eo
372 3089 482 3143 quo
530 3074 802 3129 offerimus
831 3075 1012 3128 animo
1038 3084 1093 3129 et
1124 3092 1220 3145 pro
1250 3085 1340 3130 tua
1371 3078 1530 3131 solita
1564 3077 1667 3131 ltu-

1762 1892 1876 1945 Deo
1903 1906 2134 1960 quoque,
2167 1889 2328 1943 officii
2373 1891 2607 1943 exactori
2628 1930 2643 1954 ,
2666 1889 2749 1943 vel
2779 1889 2879 1941 hoc
2912 1903 3072 1941 sensu
3102 1886 3346 1940 tribuen-

1763 1980 1882 2036 dus.
1925 1979 2030 2035 Sed
2072 1978 2240 2032 afﬂati
2270 1993 2402 2032 sane
2431 1992 2456 2030 a
2493 1977 2604 2031 Deo
2633 1992 2739 2031 non
2773 1977 2982 2031 fuerunt
3015 1973 3213 2030 ut'fere
3234 1975 3348 2029 dis-

1774 2071 2092 2125 simularent
2120 2069 2248 2122 vitia
2281 2078 2333 2123 et
2355 2068 2547 2124 delicta
2572 2083 2757 2123 eorum
2787 2083 3016 2138 quorum
3045 2068 3182 2122 vitas
3213 2067 3354 2122 scri-

1764 2164 1988 2226 bebant,
2015 2164 2353 2232 virtutesque
2379 2179 2442 2217 ac
2464 2162 2619 2217 dotes
2641 2163 2879 2218 modicas
2914 2171 3108 2232 praeter
3137 2177 3353 2216 omnem

1767 2254 1983 2308 modum
2013 2254 2361 2314 extollereut,
2387 2250 2607 2306 etvenia
2632 2251 2926 2322 indigentia
2943 2252 3092 2320 quasi
3113 2251 3353 2304 miranda

1764 2347 2151 2403 describerent.
2190 2345 2466 2416 Ejusmodi
2496 2347 2638 2399 enim
2681 2344 2963 2409 encomiis,
2993 2358 3061 2398 ne
3089 2344 3187 2397 alia
3210 2343 3348 2411 obji-

1767 2440 1903 2492 ciam
1927 2479 1942 2502 ,
1979 2438 2036 2491 fit
2061 2452 2166 2491 non
2196 2447 2302 2489 tam
2335 2445 2391 2489 ut
2420 2435 2616 2488 incauti
2651 2436 2880 2488 lectores
2909 2448 3094 2488 eorum
3130 2433 3356 2488 virtutes

1768 2533 2080 2596 imitentur,
2130 2541 2183 2585 et
2210 2546 2334 2584 vera
2368 2529 2560 2598 placita
2592 2537 2914 2595 sequantur;
2947 2542 3105 2596 quam
3139 2536 3199 2580 ut
3228 2526 3355 2578 vit‘a

1772 2623 2108 2676 dissimulata
2142 2623 2291 2689 quasi
2325 2622 2466 2674 licita
2499 2630 2552 2673 et
2583 2620 2832 2683 honesta,
2862 2625 3180 2686 erroresque
3202 2619 3355 2685 qua-.i

1772 2713 2053 2766 veritatem
2079 2712 2445 2774 defendendos
2474 2711 2574 2764 sibi
2609 2720 2948 2778 proponant;
2998 2725 3172 2779 neque
3211 2712 3358 2765 enim

1771 2810 1979 2872 putant,
2012 2802 2056 2856 si
2081 2803 2328 2872 fugienda
2360 2802 2474 2855 hzec
2500 2810 2711 2869 essent,
2742 2801 3170 2856 dissimulaturos
3194 2800 3362 2858 fuisse

1774 2901 1961 2952 barum
1987 2897 2212 2950 vitarum
2238 2896 2557 2964 scriptores;
2595 2909 2695 2949 nec
2722 2909 2780 2948 se
2809 2907 3034 2963 peccare
3057 2908 3211 2960 posse
3239 2910 3363 2948 cre-

1773 2986 1928 3050 dunt,
1966 2985 2091 3039 dum
2123 2985 2265 3040 viros
2296 3000 2464 3054 usque
2509 2985 2641 3039 adeo
2671 2984 2916 3039 laudatos
2960 2985 3256 3040 imitantur.
3297 2986 3358 3040 Ei

1773 3078 2115 3131 incommodo
2137 3077 2347 3131 obviam
2385 3078 2462 3131 ire
2491 3078 2760 3131 voluimus
2794 3079 2842 3130 in
2873 3077 3361 3133 animadversiOni-

99 3165 347 3230 manitate,
375 3166 642 3221 adversus
673 3168 1120 3222 calumniatorum
1151 3168 1412 3237 insultus,
1445 3179 1665 3225 nostros
1697 3167 1741 3229 C
1774 3169 1872 3224 bus
1930 3171 2128 3224 nostris
2155 3213 2170 3236 ,
2225 3169 2313 3222 ubi
2358 3182 2412 3222 ut
2465 3170 2730 3224 laudanda
2777 3170 3000 3226 candide
3028 3180 3082 3227 et
3124 3172 3358 3228 libenter

97 3264 291 3308 conatus
315 3258 562 3314 tuebere.

159 3344 270 3402 Vale
313 3351 585 3415 multum,
641 3351 978 3408 observande
1026 3353 1283 3417 Domine,
1326 3369 1536 3424 nosque
1592 3356 1664 3408 tui

97 3435 499 3493 studiosissimos
568 3452 752 3494 mutuo
816 3442 998 3512 dilige.
1068 3443 1330 3509 Lovanii,
1401 3459 1431 3498 e
1482 3452 1666 3497 nostro

100 3521 380 3583 Martiniano
419 3532 700 3599 coenobio,
733 3533 763 3586 9
790 3533 1002 3588 calend.
1036 3536 1277 3603 Apriles,
1321 3550 1461 3589 anno
1500 3534 1660 3590 1564.

532 3664 741 3718 ΑΝΙΜΑ
755 3666 1181 3723 DVERSIONES
1273 3697 1276 3699 -

538 3793 588 3830 IN
628 3795 788 3833 \‘lTAM
829 3795 874 3834 S.
923 3796 1222 3838 AUGUSTINI.

158 3879 358 3942 Prtefat.
393 3889 462 3945 de
523 3888 586 3944 iis
610 3891 701 3960 qui
727 3892 864 3948 vitas
905 3893 1141 3949 virorum
1177 3894 1665 3951 ecclesiasticorum

1774 3260 2110 3314 laudavimus
2135 3303 2150 3327 ,
2213 3261 2291 3315 sic
2337 3275 2435 3315 nec
2466 3261 2817 3330 vituperanda
2861 3262 3314 3318 dissimulavimus
3347 3281 3362 3328 ;

1774 3351 2023 3417 quamvis
2071 3353 2296 3405 multum
2325 3351 2464 3406 absit
2491 3360 2549 3406 ut
2580 3353 2758 3406 omnia
2802 3352 3174 3423 attigerimus,
3217 3357 3358 3419 quod

1776 3444 2054 3497 immensa:
2082 3453 2199 3498 erat
2221 3458 2421 3511 operae,
2449 3457 2550 3496 nec
2580 3458 2686 3497 uno
2719 3443 2992 3496 volumine
3021 3444 3136 3497 fieri
3166 3445 3366 3511 potuis-

1775 3542 1876 3586 sz-t.
1910 3533 2105 3587 Verum
2148 3533 2405 3602 quidquid
2451 3541 2676 3586 conatus
2707 3548 2848 3598 sum,
2879 3534 2928 3587 id
2960 3545 3026 3587 ex
3057 3549 3242 3586 amore
3271 3535 3362 3590 Dei

1778 3631 1830 3676 ct
1853 3623 2079 3691 proximi
2107 3623 2429 3690 profluxisse
2458 3623 2604 3675 novit
2631 3622 2721 3676 ille
2743 3623 2825 3675 cui
2848 3621 3146 3674 animorum
3174 3637 3364 3674 arcana

1778 3723 1986 3782 patent;
2044 3730 2237 3785 quem,
2292 3723 2350 3769 ut
2399 3714 2648 3770 tenebras
2697 3713 3005 3782 opinionum
3059 3721 3362 3768 nostrnrrm

1777 3809 2168 3878 afl‘tctnumque
2221 3809 2591 3863 frns'rationcs
2643 3808 2891 3863 d'scutiat
2945 3807 3061 3863 luce
3102 3807 3370 3863 adventus

1782 3901 1895 3954 Filii
1925 3901 2034 3968 sui,
2061 3904 2218 3956 etiam
2249 3910 2406 3971 atque
2437 3903 2596 3956 etiam
2629 3917 2688 3954 or
2709 3918 2740 3952 ι.
2781 3901 2970 3954 Amen.
