3892 6300
131 355 225 417 575
964 339 998 390 ι’
1083 312 1102 330 ’
1573 361 1668 417 Plt.

1851 366 1964 424 ΗΟ.
3283 371 3388 429 574

131 479 215 532 tim
227 490 339 532 cum
363 489 507 533 sacra
526 476 684 534 etiam
699 475 1108 536 Lovaniensium
1123 480 1490 548 theologorum
1507 480 1734 538 facultas
1745 483 2068 554 jampridem
2085 481 2137 538 in
2153 483 2432 554 Augustini
2449 485 2608 540 verba
2618 484 2874 556 jurasset.
2897 485 3162 543 Cancrum
3175 490 3382 545 exortis

132 566 216 622 Jan
232 567 456 622 senianis
474 566 707 622 dissidiis
721 569 1122 638 pleriquelonge
1137 571 1413 626 acerbiora
1432 581 1615 625 contra
1632 573 1984 643 Augustinum
2000 584 2055 629 et
2069 575 2214 643 loqui
2228 585 2281 630 et
2293 575 2531 631 scribere
2545 591 2652 633 non
2669 578 3052 633 extimuerunt.
3073 578 3190 634 Non
3205 579 3384 635 defue-

133 674 185 715 re
204 667 368 714 tamen
392 672 455 712 ex
487 667 668 713 nostra
687 658 885 714 familia
904 662 1000 715 viri
1020 662 1109 730 qui
1139 663 1316 731 magni
1347 663 1582 732 parentis
1613 673 1793 731 partes
1814 665 2076 720 acerrime
2099 664 2461 719 defensarent.
2496 665 2605 720 Hos
2633 667 2772 720 inter
2797 667 3017 722 emicuit
3044 653 3201 722 Pater
3225 668 3389 724 Caro.

131 749 206 805 lus
229 747 450 816 Moreau,
480 748 682 815 Gallus,
709 749 796 819 qui
828 759 972 806 tomo
994 753 1167 820 primo
1197 766 1412 806 suarum
1461 752 1513 806 in
1544 751 1931 807 Tertullianum
1959 754 2497 811 Animadversionum
2528 757 2658 810 satis
2705 757 2941 826 prolian
2980 757 3239 812 vindicias
3287 772 3386 828 pro

131 837 404 907 Augustino
431 837 676 904 inseruit,
701 839 843 908 quod
876 840 1058 895 itidem
1082 850 1239 895 antea
1268 842 1592 912 praestiterat
1617 842 1700 896 vir
1725 843 1949 912 insignis
1987 843 2224 900 Joannes
2257 845 2438 901 Rivius
2462 845 2623 916 Belga
2651 846 2788 902 libro
2817 857 3005 917 quarto
3033 848 3099 903 de
3121 849 3243 904 Vita
3271 852 3387 905 Au-

130 930 328 1000 gustini.
360 929 463 986 Sed
487 930 728 1000 profecto
751 939 967 987 nostros
987 933 1154 988 hosce
1175 934 1467 1003 scriptores
1490 943 1545 989 et
1565 934 1786 990 laterem
1821 936 2040 1003 lavisse,
2091 947 2144 993 et
2174 937 2350 994 surdis
2417 940 2678 996 cecinisse
2702 942 2906 1010 experti
2931 956 3147 1010 sumus;
3181 954 3386 1002 tantum

129 1021 254 1075 enim
276 1020 421 1075 abest
444 1030 502 1075 ut
531 1021 607 1076 illi
636 1021 704 1075 ab
729 1023 944 1090 incepto
973 1023 1297 1089 destiterint,
1330 1032 1387 1077 ut
1417 1023 1605 1093 majori
1639 1025 1794 1096 longe
1836 1037 2096 1094 apparatu
2123 1040 2286 1098 atque
2312 1030 2682 1087 infestioribus
2728 1032 2894 1087 armis
2922 1035 2974 1088 in
3025 1035 3385 1106 Augustinum

129 1111 388 1176 moverint,
425 1111 540 1165 hmc
561 1111 817 1168 adversus
845 1112 1240 1184 flipponensem
1264 1113 1541 1170 doctorem
1570 1116 1978 1185 scripturientes
2009 1137 2023 1172 :
2063 1139 2082 1173 ι
2110 1120 2391 1190 Augustini
2421 1124 2720 1181 doctrinam
2751 1128 3057 1194 obscuram,
3089 1129 3385 1198 difficilem,

129 1201 581 1269 intricatissimam,
612 1216 796 1257 secum
824 1201 939 1270 ipsa
992 1216 1340 1276 pugnantem,
1374 1205 1720 1276 pluribusque
1747 1211 2020 1267 erroribus
2049 1212 2343 1271 obnoxiam
2390 1230 2531 1273 esse.
2558 1219 2798 1275 Positum
2825 1222 2973 1277 illum
2999 1225 3101 1279 sub
3135 1224 3384 1297 caligine.

129 1293 176 1350 In
201 1295 493 1365 Pelagianis
515 1295 883 1365 oppugnandis
905 1295 1047 1350 ultra
1076 1295 1318 1351 veritatis
1338 1296 1540 1352 limites
1561 1307 1693 1352 aestu
1717 1298 2096 1370 disputationis
2125 1304 2423 1374 abreptum.
2463 1307 2693 1364 Licitum
2721 1326 2847 1368 esse
2882 1313 3078 1368 nedum
3128 1293 3387 1384 iudicem,

128 1386 210 1442 sed
237 1404 297 1441 ne
321 1387 582 1442 arbitrum
604 1387 821 1457 quidem
871 1389 1214 1446 honorarium
1244 1391 1296 1447 in
1354 1395 1738 1450 controversiis
1767 1396 1835 1452 de
1863 1397 2047 1452 divina
2099 1399 2267 1467 gratia
2297 1399 2446 1456 illum
2474 1402 2783 1462 admittere.
2809 1407 2978 1475 ipsius
3001 1421 3146 1462 arma
3171 1424 3276 1464 non
3303 1424 3392 1466 es-

129 1495 179 1535 se
203 1479 648 1549 inexpugnabilia,
682 1495 857 1549 neque
881 1481 1012 1537 satis
1032 1491 1154 1551 apta
1183 1483 1249 1538 ad
1277 1482 1602 1542 Calvinistas
1629 1487 1980 1556 superandos.
2021 1488 2405 1546 Haereticorum
2437 1498 2768 1564 argumentis
2796 1499 3016 1554 minime
3037 1499 3388 1568 satisfecisse,

128 1585 280 1638 neque
305 1571 502 1639 positas
537 1570 632 1626 abs
659 1585 718 1626 se
745 1571 926 1627 theses
955 1574 1400 1629 convincentibus
1430 1577 1760 1642 argumentis
1780 1580 2183 1646 comprobasse.
2216 1580 2329 1635 Non
2361 1597 2482 1639 esse
2507 1589 2868 1656 sepeliendam
2900 1591 3300 1658 scholasticam,
3331 1601 3390 1647 ut

131 1676 255 1714 unus
279 1668 462 1730 regnet
482 1662 843 1730 Augustinus,
874 1661 969 1717 sed
1001 1662 1343 1732 huncipsum
1366 1664 1431 1717 ad
1455 1663 1790 1720 scholastica:
1817 1667 2073 1721 amussim
2102 1669 2444 1737 exigendum.
2478 1673 2749 1731 Ridiculos
2774 1679 3049 1746 Augustini
3078 1680 3392 1737 adoratores

126 1752 180 1806 ad
208 1765 446 1806 nauseam
471 1749 851 1821 hyperbolicas
873 1752 925 1806 in
960 1753 1209 1808 eumdem
1240 1753 1428 1809 laudes
1455 1768 1768 1822 congerere.
1800 1753 2083 1810 Volentem
2113 1759 2428 1828 impugnare
2460 1765 2739 1832 Augustini
2763 1767 3059 1821 sententias
3087 1767 3393 1824 habiturum

125 1842 398 1911 adjutorem
426 1843 620 1898 Deum.
661 1862 679 1895 ι
715 1843 861 1910 Hmc,
889 1843 1060 1898 aliave
1087 1859 1224 1913 pene
1253 1845 1532 1898 innumera
1561 1843 1838 1912 addidere,
1887 1861 2006 1914 qua:
2037 1849 2089 1901 in
2119 1849 2266 1903 calce
2299 1849 2460 1920 hujus
2490 1854 2825 1922 Apologetici
2853 1855 3167 1913 referemus.
3195 1857 3397 1913 Ferunt

125 1935 274 1990 ςτωεὶ
303 1937 440 2006 regis
465 1936 636 1991 filium
661 1951 688 1989 a
717 1951 885 2005 puero
909 1947 1113 1991 mutum
1165 1936 1477 2005 (Ilerodol.,
1511 1936 1604 1989 lib.
1636 1933 1703 2000 l),
1732 1949 1852 1990 cum
1895 1941 2131 2005 parentis
2156 1941 2397 2012 jugulum
2429 1945 2615 2000 stricto
2641 1964 2894 2004 mucrone
2927 1953 3109 2020 irupeti
3140 1953 3207 2006 ab
3234 1953 3395 2008 home

125 2038 365 2094 cerneret,
401 2030 579 2098 ruptis
608 2029 898 2097 derepente
938 2031 1247 2085 miserantis
1287 2040 1496 2086 natura;
1539 2030 1740 2094 impetu
1795 2034 2038 2101 perpetui
2066 2033 2264 2089 silentii
2314 2038 2542 2092 vinculis
2592 2041 2969 2096 exclamasse:
3001 2045 3274 2118 Ἀνθρὼπε,
3324 2053 3396 2118 μή

126 2129 258 2174 κτεῖνε
287 2124 520 2195 κροίσον.
548 2125 619 2177 At
649 2136 767 2190 nos,
821 2122 1020 2191 quibus
1059 2125 1267 2194 integer
1314 2123 1566 2194 loquendi
1611 2138 1737 2182 usus
1769 2135 1873 2190 est,
1898 2126 2253 2195 Augustinum
2281 2140 2555 2197 parentem
2600 2132 2883 2200 Optimum,
2913 2133 3392 2206 doetissimumque

125 2223 358 2267 novorum
389 2230 679 2271 censorum
709 2216 925 2284 scriptis
953 2218 1169 2286 impune
1193 2216 1412 2271 lacerari
1445 2217 1840 2285 permittemus,
1871 2227 1926 2272 et
1955 2219 2061 2274 illis
2081 2219 2294 2287 quidem
2340 2219 2486 2274 mille
2507 2222 2870 2277 conviciorum
2903 2225 3136 2293 plaustra
3170 2229 3221 2282 in
3269 2245 3396 2283 san-

125 2309 248 2354 ctum
270 2303 546 2359 doctorem
579 2305 1011 2375 congerentibus,
1041 2320 1140 2360 nos
1170 2307 1356 2360 eadem
1390 2306 1521 2360 citra
1547 2307 1795 2375 querelas
1826 2305 1999 2373 plenis
2020 2307 2238 2361 auribus
2283 2308 2636 2377 excipientes,
2689 2315 2861 2366 ansati
2911 2329 3094 2382 pacem
3144 2318 3390 2371 servabi-

129 2408 244 2459 mus,
275 2397 426 2465 quasi
457 2412 520 2450 ea
553 2411 650 2449 nos
675 2396 804 2449 nihil
833 2399 1093 2464 tangant?
1121 2397 1424 2466 Degeneres
1445 2411 1577 2452 sane
1603 2413 1665 2451 ac
1691 2398 1860 2466 spurii
1893 2398 2150 2453 censendi
2181 2413 2444 2465 essemus,
2472 2401 2576 2453 imo
2602 2406 2843 2455 amentes
2867 2418 3085 2470 prorsus
3111 2407 3190 2459 vel
3217 2407 3390 2460 saxei.

126 2488 220 2541 siin
253 2501 395 2545 tanto
424 2493 664 2560 parentis
696 2491 1006 2546 discrimine
1036 2490 1174 2560 stylo
1206 2505 1572 2559 parcerernns,
1605 2493 1692 2558 qui
1716 2501 1769 2546 et
1796 2507 1915 2546 esse
1931 2503 1986 2547 et
2011 2492 2196 2546 haberi
2223 2492 2468 2546 volumus
2489 2495 2879 2562 Augustiniani.
2908 2497 3081 2550 Patris
3111 2499 3282 2553 honor
3312 2501 3387 2553 la-

125 2582 347 2651 cessitur,
376 2584 590 2653 pictatis
618 2591 700 2637 est
729 2584 979 2638 eumdem
1009 2585 1077 2635 ab
1099 2584 1528 2637 adversariorum
1555 2582 1711 2635 dictis
1741 2581 2033 2635 vindieare.
2054 2581 2308 2635 Ecclesiae
2329 2584 2822 2650 magistridoctrina
2847 2587 3142 2654 impetitur,
3171 2588 3289 2642 fidei
3312 2599 3396 2644 est

124 2667 244 2725 illam
268 2688 296 2726 a
325 2688 770 2742 quorumcunque
799 2675 998 2742 impetu
1019 2687 1284 2728 asserere.
1340 2673 1457 2726 Divi
1488 2673 1624 2725 fama
1664 2671 1996 2736 decurtatur,
2050 2673 2324 2740 religionis
2346 2682 2427 2726 est
2453 2675 2696 2729 eamdem
2723 2687 2920 2730 sartum
2957 2687 3257 2747 tectumque
3283 2697 3397 2738 scr-

132 2779 257 2819 vare.
285 2765 624 2831 Quantorum
652 2781 780 2836 ergo
809 2769 1098 2822 criminum
1127 2769 1206 2822 rei
1236 2768 1611 2831 evaderemus,
1643 2769 1686 2820 si
1714 2765 1922 2835 vulgari
1947 2767 2087 2822 forte
2112 2766 2538 2820 adversariorum
2571 2768 2948 2834 aestimatione,
2973 2780 3063 2824 aut
3090 2786 3275 2826 eorum
3304 2775 3396 2844 qui

127 2856 305 2912 eisdem
336 2871 496 2911 suam
527 2859 818 2914 vendidere
853 2860 1036 2927 fidem,
1084 2860 1404 2916 auctoritate
1431 2859 1648 2915 coerciti
1674 2857 1898 2928 injustas
1928 2858 2066 2915 adeo
2094 2860 2148 2913 in
2179 2859 2532 2928 Augustinum
2563 2869 2807 2928 peractas
2836 2876 3092 2918 censuras
3114 2867 3275 2921 surda
3297 2884 3394 2924 au-

128 2963 174 3003 re
198 2951 684 3017 pertransiremus!
718 2952 815 3007 Diu
847 2953 1062 3022 quidem
1091 2952 1359 3019 siluimus,
1401 2951 1736 3023 privatisque
1766 2951 2002 3021 querelis
2045 2951 2318 3020 ingentem
2350 2949 2515 3004 animi
2545 2950 2786 3005 dolorem
2818 2966 3040 3022 egerere
3061 2959 3392 3029 curavimus,

131 3043 388 3099 meliorem
448 3046 599 3102 hisce
648 3045 955 3102 hominibus
1006 3061 1131 3115 erga
1184 3045 1540 3116 Augustinum
1586 3053 1821 3100 mentem
1889 3055 2318 3112 comprecantes.
2374 3043 2479 3099 Sed
2533 3045 2663 3098 nihil
2723 3047 3045 3114 profecimus
3099 3053 3396 3122 patientia,

127 3131 214 3187 nisi
267 3144 322 3190 ut
369 3137 620 3206 graviora
677 3145 930 3207 tanquam
983 3137 1050 3192 de
1105 3136 1250 3192 facili
1331 3136 1685 3193 tolerantibus
1732 3138 2145 3206 ingererentur,
2193 3137 2337 3192 unde
2400 3137 2585 3207 pejora
2633 3137 2688 3194 in
2735 3139 2852 3196 dies
2909 3142 3232 3212 audientes,
3282 3148 3395 3218 jam

127 3228 317 3286 tandem
386 3233 913 3302 quantulamcunque
978 3232 1116 3287 hanc
1168 3240 1408 3288 nostram
1482 3231 1889 3290 advocationem
1965 3231 2266 3303 Augustino
2328 3232 2676 3290 commodare
2729 3236 2902 3292 coacti
2954 3253 3162 3294 sumus.
3212 3241 3394 3300 Nemi-

129 3333 234 3374 nem
282 3335 408 3378 vero
457 3322 598 3378 adeo
655 3324 870 3394 pietatis
926 3337 990 3377 ac
1058 3322 1332 3391 religionis
1389 3334 1666 3393 expertem
1722 3323 1959 3380 futurum
2033 3322 2310 3389 arbitror,
2372 3323 2464 3394 qui
2519 3325 2687 3381 hocce
2741 3319 3145 3399 Apologeticum
3225 3336 3391 3390 torvis

127 3413 274 3470 oculis
325 3417 641 3484 intueatur,
717 3417 1034 3489 nigrumque
1082 3418 1258 3474 eidem
1326 3417 1474 3473 theta
1523 3421 1783 3488 praeligat.
1833 3418 2044 3473 Etenim
2081 3457 2098 3483 ,
2154 3424 2214 3470 ut
2265 3415 2396 3471 olim
2466 3415 2534 3470 ad
2597 3417 3012 3473 Constantinum
3092 3422 3389 3491 Augustum

129 3504 412 3564 Lactantius
465 3510 688 3579 scripsit
748 3509 888 3582 (Lib.
949 3509 1185 3565 vInstit.
1235 3526 1352 3580 cap.
1397 3508 1453 3580 1)
1486 3525 1500 3563 :
1531 3526 1550 3561 ι
1587 3509 1644 3564 Si
1697 3509 1997 3578 sacrilegis,
2043 3515 2100 3562 et
2147 3507 2533 3577 proditoribus,
2588 3517 2644 3561 et
2700 3509 2956 3562 veneficis
3007 3520 3240 3578 potestas
3290 3515 3391 3569 de-

132 3592 364 3652 fendendi
388 3599 470 3653 sui
504 3598 691 3666 datur,
715 3614 816 3655 nec
845 3598 1200 3669 praedamnari
1232 3613 1557 3669 quemquam
1586 3597 1854 3669 incognita
1886 3610 2047 3652 causa
2078 3595 2225 3661 licet,
2259 3609 2365 3650 non
2396 3596 2596 3663 injuste
2622 3604 2808 3663 petere
2840 3598 3103 3664 videmur,
3142 3619 3160 3652 ι
3196 3611 3252 3655 ut
3287 3603 3395 3656 Au-

125 3691 334 3758 gustino,
361 3694 451 3762 qui
480 3693 658 3748 veluti
687 3692 976 3748 Christiani
1002 3692 1150 3749 orbis
1175 3691 1404 3758 deliciae,
1433 3701 1568 3748 teste
1597 3700 1786 3748 sancto
1814 3689 2107 3746 Cwlestino
2129 3703 2287 3759 papa,
2328 3705 2348 3740 ι
2385 3686 2580 3759 ubique
2607 3689 2816 3744 cunctis
2835 3698 2892 3745 et
2918 3691 3089 3744 amori
3133 3691 3291 3745 fuerit
3339 3703 3397 3747 et

125 3777 314 3853 honori,
349 3803 370 3838 ι
401 3785 611 3856 aliquis
632 3786 703 3840 sit
726 3785 1030 3840 defensioni
1051 3786 1223 3839 locus.
1249 3784 1380 3840 Nam
1407 3786 1639 3854 pessima
1681 3785 1819 3840 foret
1848 3792 2168 3862 nostrorum.
2187 3791 2490 3851 temporum
2510 3779 2769 3846 conditio,
2797 3782 2842 3836 si
2875 3782 3157 3851 Augustini
3203 3797 3397 3838 censo-

123 3869 248 3928 ribus
277 3883 498 3947 utraque
543 3876 690 3930 auris
719 3875 961 3943 daretur,
993 3890 1290 3947 eorumque
1320 3875 1578 3946 injuriosa
1636 3876 1857 3931 nimium
1891 3872 2189 3942 Augustino
2211 3871 2483 3926 volumina
2514 3887 2610 3942 per
2628 3886 2723 3928 ora
2750 3887 3053 3941 manusque
3108 3876 3390 3932 hominum

135 3965 410 4034 volitarent,
441 3979 494 4024 et
536 3968 708 4022 sancti
739 3968 974 4024 doctoris
1001 3969 1312 4025 defensores
1355 3986 1463 4026 non
1501 3968 1661 4024 modo
1715 3968 1940 4023 inauditi
1969 3966 2168 4038 judicio
2194 3966 2626 4033 excluderentur,
2660 3981 2842 4022 verum
2867 3968 3029 4022 etiam
3056 3968 3261 4026 eisdem
3318 3970 3394 4025 si-

127 4053 325 4112 lentium
350 4060 456 4115 lata
487 4059 624 4128 lege
653 4057 1002 4114 indiceretur.
1032 4059 1271 4114 lmtnane
1297 4074 1361 4113 ac
1388 4061 1472 4112 bar
1491 4059 1633 4114 harae
1683 4072 1900 4128 prorsus
1933 4057 2155 4112 feritatis
2179 4057 2482 4127 exemplum
2514 4054 2695 4125 fuerit,
2725 4071 2846 4112 cum
2873 4056 3256 4122 Rhadamistus
3312 4069 3396 4131 ty~

130 4163 399 4210 rannorum
430 4155 930 4211 truculentissimus
952 4155 1275 4213 Mithridatis
1301 4154 1677 4211 Armeniorum
1721 4156 1864 4226 regis
1885 4155 2044 4220 filios,
2071 4153 2213 4224 quod
2243 4171 2261 4206 ι
2297 4163 2577 4224 parentum
2607 4153 2844 4210 cmdibus
2873 4154 3393 4227 illacrymaverant,»

131 4247 388 4304 trucidavit
437 4248 696 4320 (Tacitus,
725 4249 816 4304 lib.
847 4263 921 4304 xtt
947 4248 1184 4320 Annal.).
1219 4248 1438 4319 iniquus
1465 4261 1597 4304 sane
1617 4247 1783 4319 judex
1807 4249 1900 4314 sis,
1928 4247 2042 4317 qui,
2080 4245 2239 4300 Patre
2280 4253 2468 4299 nostro
2516 4244 2666 4300 mille
2708 4247 2965 4301 conviciis
3003 4246 3276 4312 lacessito,
3335 4258 3398 4304 ut

132 4339 416 4416 llieronymi
447 4345 631 4403 verbis
653 4355 773 4401 utar
803 4346 980 4416 (Apol.
1008 4347 1196 4404 2cont.
1229 4345 1522 4417 Ruﬁnum),
1560 4363 1580 4399 ‹
1617 4362 1684 4402 ne
1712 4345 1966 4416 gemitum
1997 4342 2208 4414 quidem
2237 4356 2301 4396 ac
2329 4341 2597 4413 lacrymas
2621 4340 2794 4395 dolori
2819 4340 3016 4395 liberas
3039 4355 3159 4394 esse
3187 4354 3304 4394 cont
3325 4355 3390 4395 e-

133 4432 222 4487 dis.
257 4455 275 4489 ›
307 4437 581 4509 Legimus,
615 4453 736 4492 cum
764 4437 977 4494 Nerone
1006 4440 1304 4508 imperante
1335 4440 1504 4494 virtus
1527 4438 1704 4493 omnis
1733 4453 1829 4507 pro
1855 4436 2082 4493 crimine
2113 4435 2423 4501 haberetur,
2460 4435 2696 4488 Aruleno
2726 4433 2947 4488 Rustico
3002 4447 3068 4486 ac
3122 4430 3397 4487 Herennio

134 4522 411 4599 Senecioni,
447 4532 596 4602 quod
626 4533 1099 4589 innocentissimos
1127 4547 1191 4588 ac
1221 4532 1651 4604 sapientissimos
1680 4533 1825 4589 cives
1865 4531 2196 4596 laudassent,
2235 4547 2254 4582 ι
2291 4529 2518 4598 capitale
2546 4527 2733 4593 fuisse,
2780 4541 2951 4597 neque
2981 4525 3034 4580 in
3063 4527 3208 4594 ipsos
3233 4523 3398 4580 modo

138 4629 383 4688 auctores,
413 4625 509 4680 sed
536 4626 590 4678 in
620 4624 821 4680 liberos
848 4641 1060 4695 quoque
1087 4641 1274 4681 eorum
1306 4624 1550 4680 suavitum
1583 4621 1840 4693 (Tacitus,
1888 4622 1944 4675 in
1974 4621 2182 4690 praefat.
2205 4620 2275 4674 ad
2310 4618 2485 4674 Vitam
2515 4617 2819 4691 Agricolae).
2857 4637 2874 4669 ι
2907 4615 3012 4671 Sed
3039 4614 3180 4670 absit
3209 4624 3266 4669 ut
3294 4615 3398 4671 hoc

139 4705 320 4767 facinus
347 4717 518 4770 nOStri
548 4716 736 4770 szeculi
759 4716 830 4770 sit
860 4718 944 4772 vel
978 4717 1206 4785 exempli
1245 4733 1258 4770 :
1293 4730 1467 4785 neque
1497 4715 1635 4769 enim
1668 4713 1916 4770 homines
1943 4713 2010 4768 ab
2035 4713 2176 4767 avita
2207 4727 2329 4782 erga
2359 4713 2511 4767 divos
2536 4712 2792 4780 religione
2822 4709 2955 4762 adeo
2981 4707 3271 4763 recessisse
3303 4724 3399 4778 pu-

141 4803 268 4857 tandi
295 4819 435 4874 sunt,
466 4819 524 4865 ut
557 4810 841 4878 Augustini
865 4811 1048 4866 laudes
1075 4810 1418 4878 indignantes
1446 4809 1686 4872 audiant,
1719 4817 1881 4876 atque
1908 4807 2111 4863 editum
2166 4807 2310 4863 hunc
2337 4817 2578 4861 nostrum
2631 4822 2726 4873 pro
2778 4803 2968 4856 eodem
3024 4801 3217 4857 librum
3261 4804 3396 4857 irata

141 4905 280 4948 manu
308 4897 633 4968 discerpant.
662 4900 882 4969 Magnus
907 4900 1096 4956 stoicae
1121 4910 1282 4954 sectae
1316 4900 1588 4967 professor
1617 4900 1820 4954 Seneca
1850 4901 2042 4953 merito
2094 4900 2285 4967 impias
2315 4897 2619 4965 Praexaspis
2647 4895 2929 4949 Persarum
2961 4905 3188 4964 satrapae
3235 4909 3397 4951 voces

143 4997 394 5044 execratur
422 4992 565 5062 (Lib.
596 5006 654 5047 ιιι
684 4991 750 5045 de
779 4992 893 5056 Ira,
920 5007 967 5046 c.
999 4989 1112 5061 14),
1141 4990 1233 5061 qui
1262 5004 1383 5044 cum
1412 4988 1539 5044 citra
1571 4993 1826 5059 gemitum
1859 4989 1958 5043 sub
1986 4989 2158 5043 oculis
2188 4987 2425 5056 transfigi
2457 4986 2558 5041 sibi
2592 4984 2757 5040 filium
2788 4999 2817 5038 a
2846 4982 3108 5056 Cambyse
3139 5003 3264 5058 rege
3317 4989 3399 5041 vi-

145 5075 309 5147 disset,
338 5081 404 5135 ab
433 5085 622 5138 eodem
653 5083 1018 5152 interrogatus
1045 5099 1173 5138 num
1205 5090 1358 5138 certo
1387 5083 1496 5136 ictu
1527 5097 1756 5150 pransus
1775 5083 1850 5160 ad
1883 5096 2103 5150 scopum
2122 5079 2442 5144 collimaret,
2471 5080 2681 5150 tyranni
2711 5080 2984 5135 dexteram
3020 5081 3106 5135 lilii
3139 5081 3398 5151 sanguine

147 5180 415 5240 cruentam,
450 5173 850 5244 fumantemque
873 5189 966 5243 per
993 5171 1370 5228 detestabilem
1399 5171 1761 5226 adulationem
1793 5171 2047 5236 laudavit,
2108 5185 2396 5239 paremque
2428 5171 2480 5224 in
2529 5169 2830 5240 sagittando
2859 5173 3091 5242 Apollini
3121 5171 3270 5226 illam
3325 5172 3400 5226 di-

147 5257 228 5311 xit.
261 5261 396 5318 ltane
419 5279 664 5334 corpore,
695 5265 790 5319 sed
822 5264 992 5332 magis
1020 5263 1201 5318 animo
1231 5263 1373 5319 servi
1405 5264 1707 5330 exemplum
1739 5264 1960 5329 secutis,
2003 5277 2262 5317 novorum
2292 5276 2578 5318 censorum
2609 5278 2818 5328 manus,
2849 5279 2980 5334 quas
3008 5265 3161 5332 stylis
3217 5278 3395 5316 arma-

151 5354 218 5402 las
253 5353 535 5424 Augustino
569 5357 888 5426 intulerunt,
917 5355 1184 5419 laudibus,
1216 5355 1323 5409 imo
1355 5364 1409 5410 et
1438 5355 1636 5409 osculis
1667 5355 1819 5408 nobis
1848 5354 2134 5424 implenda:
2164 5354 2366 5409 erunt?
2397 5355 2683 5410 Hominum
2718 5371 2874 5426 quam
2905 5356 3150 5409 divorum
3208 5369 3395 5408 aman-

153 5439 242 5493 tinr
264 5443 389 5499 hanc
420 5447 572 5502 nobis
607 5447 1000 5516 iniquissimam
1030 5447 1200 5515 legem
1230 5446 1493 5513 imponet,
1516 5461 1546 5498 a
1577 5460 1677 5513 qna
1714 5455 1890 5499 tamen
1924 5460 2020 5498 nos
2050 5446 2247 5499 liberos
2277 5458 2399 5500 esse
2438 5445 2656 5510 scimus,
2687 5447 2884 5514 quippe
2914 5445 3002 5511 qui
3061 5441 3128 5495 ad
3185 5443 3400 5510 Augus-

154 5527 232 5579 tini
259 5532 612 5592 defensionem
643 5537 1040 5607 suscipiendam
1063 5537 1375 5606 apostolicae
1400 5535 1544 5591 sedis
1576 5536 1810 5590 decretis
1839 5537 2191 5605 impellimur,
2248 5539 2441 5606 quibus
2471 5537 2729 5608 refragari
2758 5538 2827 5592 sit
2855 5535 3026 5592 nefas.
3056 5535 3188 5590 Cum
3252 5535 3402 5589 licia-

151 5617 274 5684 Siani
302 5634 500 5683 veteres
531 5629 610 5686 illi
639 5632 1246 5700 Augustino-mastyges
1274 5628 1480 5683 litteras
1511 5629 1768 5698 quasdam
1801 5629 2186 5698 publicassent,
2220 5630 2271 5685 in
2303 5631 2495 5699 quibus
2541 5640 2759 5684 sanctus
2786 5629 2976 5684 doctor
3003 5629 3235 5699 pessime
3295 5644 3403 5687 tra-

152 5699 430 5784 ducebatur,
467 5699 771 5778 Bonifacius
805 5721 1041 5792 pontifex
1072 5699 1375 5790 indignatus
1398 5719 1692 5774 doctissimi
1719 5721 1815 5775 viri
1842 5735 2035 5776 nomen
2068 5737 2334 5793 quoquam
2386 5723 2632 5777 convicio
2666 5721 2886 5790 pulsari,
2940 5721 3152 5776 easdem
3185 5721 3403 5777 bmreti-

155 5811 317 5860 corum
353 5807 547 5867 litteras
587 5814 651 5870 ad
683 5813 1035 5886 Augustinum
1070 5828 1162 5883 per
1189 5812 1418 5885 Alipiutn
1452 5811 1771 5870 deferendas
1798 5813 2024 5880 curavit,
2055 5831 2160 5883 quo
2191 5831 2247 5873 sc
2277 5815 2342 5872 ab
2383 5815 2736 5887 impostorum
2792 5813 3073 5870 calumniis
3127 5813 3401 5870 vindicare

1772 5908 1798 5924 ο
