3892 6316
518 343 623 399 575
1414 336 1976 395 SUPPLEMENTUM
2014 336 2107 392 AD
2145 337 2369 394 UPEIiA
2410 338 2467 393 S.
2513 340 2899 397 AUGUSTINI.
3689 348 3786 401 576

521 460 721 518 posset.
751 450 884 504 llinc
923 448 1291 503 amantissimo
1324 447 1462 501 Patri
1494 448 1740 502 scribens
1792 449 2121 519 Augustinus
2152 448 2289 517 (Lib.
2324 465 2338 501 ι
2367 450 2435 501 ad
2468 450 2624 515 Bon.,
2655 469 2771 522 cap.
2803 454 2854 523 l)
2889 475 2903 512 ;
2934 456 3046 524 Ago
3074 463 3251 508 autem
3311 455 3527 523 gratias,
3592 458 3784 524 inquit,

488 532 491 535 ’
519 542 898 597 sincerissima:
931 540 981 593 in
1015 554 1112 593 nos
1140 538 1528 594 benevolentiae
1560 550 1683 604 tum,
1708 539 1849 609 quod
1878 554 1969 595 eas
1998 554 2083 594 me
2113 540 2278 593 latere
2305 538 2519 593 noluisti
2552 540 2756 598 litteras
2793 544 3124 598 inimicorum
3155 544 3337 614 gratia:
3360 544 3473 608 Dei,
3509 546 3561 598 in
3594 544 3786 614 quibus

478 620 491 709 ς
519 630 766 700 reperisti
795 646 990 684 nomen
1020 645 1195 683 meum
1220 630 1549 683 calumniose
1579 640 1737 696 atque
1774 628 2050 684 evidenter
2077 642 2415 698 expressum,
2443 630 2541 685 sed
2591 647 2749 701 spero
2776 632 2847 689 de
2876 634 3103 688 Domino
3134 634 3241 687 Deo
3269 644 3454 688 nostro
3484 636 3636 703 quod
3686 649 3784 688 non

516 725 634 779 sine
663 723 936 790 mercede,
996 736 1116 789 qum
1162 721 1215 775 in
1269 721 1421 775 coalis
1472 730 1576 785 est,
1616 721 1689 774 illi
1714 736 1799 776 me
1832 722 2072 776 lacerant
2098 720 2259 776 dente
2286 721 2566 778 maledico.
2604 741 2623 775 ι
2654 724 2759 779 Sed
2788 734 2843 779 et
2872 725 3127 779 Bonifacii
3156 739 3435 780 successor
3459 726 3784 781 leestinus

515 816 759 886 ejusdem
786 813 1111 869 sanctissimi
1141 813 1378 867 doctoris
1410 813 1600 867 honori
1627 814 1827 881 optime
1850 814 2152 873 consultum
2193 814 2394 868 voluit:
2427 815 2690 884 siquidem
2726 818 2815 871 vix
2843 819 3140 888 Augustino
3172 819 3310 873 inter
3337 831 3564 887 superos
3625 818 3783 871 relato

518 908 780 971 nonnulli,
812 922 1058 977 quorum,
1085 915 1219 959 teste
1243 915 1429 959 sancto
1460 903 1561 958 Pro
1576 919 1722 972 <pero
1754 903 1843 974 (In
1875 906 2079 973 prwfat.
2111 915 2246 959 cont.
2279 904 2496 976 Callet.)
2544 925 2562 958 ι
2593 923 2691 962 nec
2720 908 2855 964 ordo
2885 910 2939 964 in
2986 909 3252 975 Ecclesia,
3302 923 3401 962 nec
3452 910 3669 977 ingenia
3699 908 3785 963 de-

518 1002 790 1073 spicienda
820 1000 1157 1066 videbantur,
1194 1018 1212 1051 υ
1240 999 1414 1053 eidem
1446 998 1497 1052 in
1530 997 1714 1053 Galliis
1748 998 2047 1066 petulanter
2074 998 2319 1067 obloqui,
2346 998 2595 1068 illiusque
2623 1000 2788 1056 libros
2817 1001 3065 1057 censoria
3106 1002 3427 1055 auctoritate
3480 1000 3785 1054 examinare

519 1099 632 1152 ausi
662 1105 806 1160 sunt,
837 1094 925 1162 qui
961 1108 1080 1147 cum
1110 1100 1313 1159 essent,
1342 1090 1530 1145 eodem
1571 1090 1835 1158 Prospero
1861 1100 2104 1152 auctore,
2153 1107 2173 1141 ι
2207 1089 2361 1144 bona:
2409 1092 2675 1160 opinionis
2708 1094 2829 1162 viri,
2854 1093 3133 1162 {habentes
3179 1093 3415 1163 speciem
3466 1090 3687 1161 pietatis
3736 1092 3783 1146 in

508 1186 720 1259 pstud70,
767 1205 784 1235 ι
824 1181 1185 1252 Hipponensis
1211 1182 1455 1250 magistri
1484 1181 1681 1234 famam
1714 1195 1776 1234 ac
1797 1180 2094 1236 doctrinam
2126 1179 2178 1233 in
2212 1190 2417 1235 certum
2440 1183 2728 1239 discrimen
2758 1185 3063 1253 traxissent,
3096 1186 3152 1240 ui
3189 1183 3517 1240 leestiuus
3541 1186 3787 1255 gliscenti

521 1275 661 1330 malo
694 1274 1119 1343 praesentissimo
1146 1270 1388 1327 remedio
1416 1269 1624 1325 obviam
1649 1270 1852 1324 ivisset.
1886 1269 2097 1323 Etenim
2122 1269 2210 1323 ubi
2241 1270 2670 1329 adversariorum
2696 1274 3136 1341 machinationes,
3164 1275 3497 1330 delatoribus
3526 1277 3785 1345 Prospero

484 1367 489 1373 ’
519 1376 574 1421 et
595 1365 825 1433 Hilario,
850 1365 1123 1434 cognovit,
1154 1365 1359 1419 litteras
1382 1359 1449 1415 ad
1479 1359 1773 1414 Galliarum
1801 1360 2064 1415 antistites
2107 1359 2275 1427 dedit,
2304 1360 2499 1431 quibus
2528 1364 2732 1417 eisdem
2762 1364 3065 1434 indignatus
3094 1364 3237 1433 quod
3283 1364 3636 1433 Augustinum
3686 1364 3783 1418 im-

480 1449 488 1455 ’
520 1471 660 1527 pune
690 1456 911 1527 percelli
940 1456 1336 1525 permitterent,
1367 1471 1385 1505 t
1416 1450 1626 1518 Timeo,
1658 1452 1854 1521 inquit,
1892 1467 1959 1504 ne
1980 1452 2271 1507 connivere
2294 1454 2362 1507 sit
2393 1452 2495 1508 hoc
2523 1463 2723 1520 tacere,
2755 1470 2825 1510 ne
2852 1457 3023 1526 magis
3047 1456 3146 1525 ipsi
3179 1456 3485 1525 loquantur,
3533 1455 3623 1525 qui
3664 1470 3781 1525 per-

484 1555 489 1561 '
520 1549 741 1603 mittunt
771 1548 875 1602 illis
908 1546 1083 1602 taliter
1112 1546 1259 1613 loqui
1293 1564 1305 1599 :
1338 1545 1390 1599 in
1421 1545 1618 1599 talibus
1649 1544 1827 1598 causis
1854 1560 1959 1599 non
1992 1554 2141 1601 caret
2187 1546 2495 1614 suspicione
2525 1547 2882 1616 taciturnitas,
2935 1548 3060 1617 quia
3100 1559 3415 1603 occurreret
3469 1550 3694 1613 veritas,
3739 1547 3783 1602 si
3844 1566 3851 1575 ι

519 1639 727 1695 falsitas
747 1637 1090 1708 displiceret;
1116 1637 1311 1692 merito
1350 1650 1581 1705 namque
1623 1650 1783 1691 causa
1818 1650 1915 1691 nos
1944 1636 2185 1706 respicit,
2214 1638 2259 1691 si
2299 1652 2419 1690 tum
2452 1638 2666 1692 silentio
2691 1638 2965 1692 faveamus
3003 1640 3199 1693 errori.
3235 1638 3377 1708 Ergo
3428 1639 3781 1708 corripiantur

524 1728 852 1800 hujusmodi,
887 1743 992 1784 non
1024 1729 1094 1783 sit
1123 1727 1206 1782 bis
1235 1725 1469 1781 liberum
1502 1724 1699 1780 habere
1728 1740 1824 1794 pro
1872 1725 2149 1781 voluntate
2171 1739 2499 1781 sermonem.
2534 1744 2555 1778 ι
2592 1727 2725 1781 Dein
2770 1734 2913 1782 totus
2943 1726 2997 1781 in
3041 1728 3211 1781 sancti
3258 1726 3547 1796 Augustini
3592 1726 3781 1781 dudutn

520 1826 645 1891 sibi,
677 1838 796 1879 cum
825 1822 880 1877 in
909 1821 1044 1877 vivis
1073 1829 1238 1886 esset,
1260 1818 1571 1874 amicissimi
1618 1817 1805 1871 laudes
1852 1816 2077 1885 eﬂ‘usus,
2117 1834 2137 1868 ο
2166 1817 2540 1886 Augustinum,
2572 1817 2766 1886 inquit,
2806 1828 3005 1872 sanctas
3045 1817 3436 1872 recordationis
3478 1818 3657 1872 virum
3700 1834 3781 1887 pro

520 1915 627 1968 vita
656 1926 751 1966 sua
781 1920 942 1980 atque
960 1909 1168 1965 meritis
1196 1908 1247 1963 in
1268 1916 1451 1964 nostra
1476 1907 1853 1963 communione
1878 1922 2094 1977 semper
2122 1906 2426 1974 habuimus,
2452 1922 2551 1963 nec
2577 1924 2808 1976 unquam
2836 1910 2976 1963 hunc
3002 1909 3235 1963 sinistrte
3254 1908 3587 1979 suspicionis
3604 1912 3781 1967 saltem

525 2018 711 2057 rumor
739 2002 989 2072 aspersit,
1016 2017 1175 2071 quem
1201 2009 1362 2055 tanta:
1392 2000 1631 2055 scientia:
1657 1998 1792 2053 'olim
1824 1998 1987 2053 fuisse
2015 1997 2382 2062 meminimus,
2418 2006 2474 2051 ut
2500 1999 2642 2052 inter
2672 2000 2954 2068 magistros
2976 1999 3213 2067 optimos
3240 2000 3401 2052 etiam
3432 2014 3463 2053 a
3486 2003 3629 2055 meis
3654 2015 3783 2055 sem-

521 2112 617 2167 per
645 2095 1024 2151 decessoribus
1052 2094 1366 2148 haberetur.
1400 2093 1542 2146 Bene
1565 2106 1692 2159 ergo
1722 2090 1791 2144 de
1833 2106 1899 2144 eo
1927 2103 2117 2144 omnes
2147 2087 2200 2142 in
2223 2102 2513 2144 commune
2533 2100 2839 2156 senserunt,
2890 2100 3073 2161 utpote
3102 2093 3190 2160 qui
3230 2091 3427 2159 ubique
3482 2092 3696 2146 cunctis
3738 2102 3785 2147 et

524 2194 693 2248 amori
722 2190 904 2256 fuerit,
933 2199 985 2243 et
1014 2188 1226 2241 honori.
1261 2186 1411 2240 Unde
1441 2186 1803 2239 resistendum
1836 2185 2050 2247 talibus,
2074 2198 2212 2253 quos
2235 2183 2373 2238 male
2403 2197 2651 2239 crescere
2680 2183 2945 2240 videmus.
2980 2202 3002 2237 ι
3034 2184 3194 2239 Jubet
3221 2200 3349 2257 ergo
3373 2184 3674 2254 apostolica
3700 2200 3781 2239 se-

480 2272 483 2273 d
516 2288 611 2340 des
642 2296 694 2340 ut
724 2283 1004 2355 Augustini
1031 2294 1284 2336 censores
1319 2298 1336 2331 ι
1378 2281 1757 2347 corripiantur,
1788 2296 1892 2333 non
1922 2281 1990 2331 sit
2041 2280 2121 2332 his
2154 2279 2380 2333 liberum
2412 2278 2614 2333 habere
2661 2294 2759 2347 pro
2787 2280 3059 2336 voluntate
3087 2294 3430 2345 sermonem;
3460 2295 3484 2330 ι
3519 2280 3633 2333 lata
3674 2280 3783 2349 lege

516 2378 677 2430 etiam
704 2376 894 2439 sancit,
925 2394 941 2424 ‹
982 2372 1337 2427 resistendum
1372 2369 1583 2423 talibus.
1629 2388 1647 2420 ι
1681 2368 1793 2421 lloc
1817 2386 1841 2423 s
1862 2387 1947 2423 tne
1977 2383 2186 2426 veteres
2228 2371 2629 2440 Augustiniana:
2651 2372 2852 2426 schola:
2882 2387 3135 2441 proceres
3168 2373 3421 2441 Prosper,
3449 2372 3789 2443 Fulgentius,

482 2448 483 2451 η
516 2466 801 2529 Cmsarius,
837 2465 1177 2527 Prudentius,
1204 2462 1515 2531 the‘tnigius
1538 2461 1840 2515 eruditione
1863 2478 2015 2530 a‘que
2033 2477 2095 2516 ac
2110 2464 2392 2517 sanctitate
2412 2462 2750 2531 percelebres
2781 2478 2975 2533 magno
3018 2467 3199 2519 animo
3220 2466 3480 2529 exsecuti,
3509 2466 3785 2536 Augustini

520 2560 724 2631 scripta
750 2570 938 2617 contra
970 2557 1554 2627 Semi-Pelagianorum
1589 2558 1921 2623 aliorumque
1955 2558 2182 2611 insitltus
2208 2556 2583 2611 defenderunt.
2636 2558 2749 2612 lloc
2774 2557 2949 2628 ipsum
2980 2560 3194 2629 plurimi
3225 2561 3561 2616 recentiores
3585 2575 3785 2615 summa

515 2668 637 2710 cum
662 2652 820 2709 laude
850 2652 1236 2725 praestiterunt,
1266 2663 1495 2720 quorum
1524 2650 1764 2702 omnium
1796 2649 1973 2703 studia
2003 2650 2129 2703 vicit
2155 2648 2388 2703 eximius
2414 2646 2477 2700 P.
2514 2648 2758 2713 Macedo,
2787 2659 2865 2703 tot
2892 2665 2990 2718 pro
3046 2650 3289 2720 ejusdem
3324 2650 3435 2704 Pati
3453 2651 3499 2704 is
3550 2649 3783 2705 doctrina

518 2746 575 2799 in
606 2746 779 2802 lucem
808 2745 958 2801 libris
981 2744 1219 2800 emissis.
1253 2742 1431 2810 Quare
1454 2739 1747 2811 pontificiis
1787 2739 2055 2795 mandatis
2078 2742 2478 2814 obtemperans,
2512 2747 2892 2813 tantorumque
2923 2744 3137 2798 Patrum
3187 2744 3428 2812 exempla
3458 2743 3592 2798 licet
3640 2744 3784 2813 longo

518 2840 727 2907 positus
758 2839 1042 2894 intervallo
1072 2847 1311 2901 secutus,
1344 2836 1674 2890 recentiores
1698 2834 1953 2902 quosdam
1980 2835 2379 2904 Augustinianae
2404 2836 2663 2892 doctrinae
2692 2852 2947 2893 censores
2972 2840 3025 2892 in
3045 2840 3131 2906 jus
3154 2854 3345 2893 vocare
3366 2838 3613 2892 decrevi.
3644 2837 3782 2903 Quod

519 2933 734 2999 quidem
748 2931 1010 3000 judicium
1034 2930 1223 3000 majori
1242 2942 1343 2997 qua
1361 2936 1547 2996 potero
1566 2928 1823 2983 modestia
1843 2942 2167 2997 prosequar;
2189 2945 2455 2997 nunquam
2473 2933 2617 2986 enim
2642 2933 2914 2985 meliorem
2934 2948 3147 2985 causam
3165 2932 3289 2985 fecit
3305 2932 3606 3000 petulantia
3626 2932 3777 2985 dicen-

484 3018 487 3023 “
517 3026 607 3091 tis,
636 3026 727 3078 sed
754 3040 896 3093 smpe
923 3023 1183 3093 pejorem.
1215 3023 1387 3077 Amici
1412 3020 1629 3073 mihiilli
1662 3019 1915 3085 sunt,sed
1945 3035 2113 3088 usque
2142 3022 2206 3075 ad
2230 3036 2373 3090 aras,
2398 3038 2567 3093 usque
2587 3023 2652 3076 ad
2674 3024 3027 3092 Augustinum
3048 3039 3247 3078 meum.
3283 3024 3471 3077 Omnia
3502 3024 3781 3091 prmteribo

516 3128 634 3183 qua!
653 3113 778 3166 mihi
808 3114 1082 3167 acerbiora
1102 3112 1245 3165 dictu
1275 3111 1616 3175 videbuntur,
1651 3124 1821 3179 neque
1837 3111 2012 3164 solum
2032 3110 2158 3178 quid
2178 3112 2631 3179 il'osaudire,sed
2658 3116 2817 3170 etiam
2834 3116 2959 3185 quid
2987 3130 3073 3170 me
3094 3116 3278 3170 deceat
3308 3116 3509 3180 dicere,
3544 3114 3781 3171 conside-

518 3202 670 3259 rabo.
700 3202 853 3268 Quod
876 3202 919 3255 si
948 3202 1220 3270 quidpiam
1252 3200 1393 3254 fnrte
1434 3198 1751 3253 atuarulenti
1792 3199 2072 3265 exciderit,
2105 3200 2156 3254 id
2188 3205 2420 3270 prepriae
2452 3205 2686 3259 tribuant
2720 3207 3131 3277 importunitati,
3163 3222 3266 3276 qua
3297 3222 3395 3261 nos
3441 3208 3495 3262 in
3529 3223 3655 3261 eam
3701 3220 3785 3261 ne-

515 3290 821 3353 cessitatem
852 3294 1155 3363 conjeccrc,
1189 3303 1247 3348 ut
1276 3294 1392 3348 sine
1421 3295 1649 3361 graviori
1682 3293 2007 3364 quandoque
2038 3310 2388 3351 censurarum
2435 3298 2855 3364 reprehensione
2884 3300 2967 3352 vix
2999 3300 3263 3368 possimus
3293 3300 3658 3366 Augustinum
3698 3314 3783 3366 pro

516 3388 773 3459 dignitate
803 3386 1114 3442 defendere.
1149 3384 1249 3439 llic
1277 3386 1479 3439 interim
1509 3385 1658 3449 liber,
1690 3396 1746 3438 ut
1777 3384 1945 3438 Taciti
1972 3386 2037 3441 de
2088 3388 2333 3457 Agrictnla
2366 3389 2649 3445 scribentis
2678 3391 2946 3445 sententia
2978 3400 3118 3459 utar,
3174 3392 3359 3445 Itouirt'
3407 3390 3701 3462 Augustini
3730 3390 3782 3443 Ρ.

517 3482 582 3538 Ν.
616 3480 922 3545 destinatus,
954 3479 1267 3550 professione
1297 3481 1525 3548 pietatis,
1557 3490 1645 3532 aut
1670 3479 1912 3533 laudatus
1941 3481 2059 3545 erit,
2091 3492 2180 3534 aut
2207 3492 2499 3535 excusatus.

516 3726 1685 3888 VINDICUE
1834 3725 3775 3893 AUGUSTINIANfE.

1584 4017 2736 4060 “-“---η-ςῐέἰὲα11ῡεἲῖἲῖ³³-----’

1050 4168 1277 4225 CAPUT
1301 4170 1579 4225 Ριιιθειωί,
2126 4151 2175 4210 Α
2208 4163 2300 4201 nes
2331 4151 2555 4215 struxit,
2583 4150 2733 4217 cujus
2781 4148 3000 4219 quidem
3056 4146 3286 4201 auctoris
3337 4144 3538 4199 factum
3582 4142 3776 4213 duplici

517 4282 847 4355 Refelluntur
927 4299 1229 4357 argumenta
1282 4292 1463 4357 quibus
1510 4293 1744 4346 nonnulli
1791 4294 2102 4348 contendunt

585 4357 876 4430 doctrinam
925 4360 1099 4430 sancti
1121 4361 1394 4430 Augustini
1443 4362 1505 4415 de
1557 4365 1998 4430 prtrdrstinatione
2058 4374 2105 4419 et

587 4428 757 4498 gratia
786 4445 893 4482 esse
915 4429 1185 4498 difﬁcilem
1206 4428 1274 4482 iet
1300 4428 1584 4488 obscuram.
1618 4434 1956 4489 Sanctissinta
1987 4436 2103 4489 Cle-

586 4500 768 4583 mentis
795 4500 835 4553 Ᾱ
867 4510 1014 4569 pont.
1047 4510 1154 4572 apt.
1181 4517 1321 4557 max.
1350 4519 1442 4573 pro
1470 4517 1647 4559 sancto
1674 4506 1883 4559 doctore
1912 4517 2104 4561 senten-

587 4582 685 4625 tta.

591 4688 891 4756 Antequam
919 4688 1269 4756 quorumdam
1298 4690 1654 4744 recentiorum
1687 4691 1950 4753 convicia,
1983 4706 2102 4760 quas

523 4790 708 4836 contra
738 4790 983 4836 sanctum
1015 4781 1288 4837 doctorem
1322 4782 1549 4853 plurima
1572 4798 1913 4853 congessere,
1949 4785 2099 4853 sigil-

476 4944 479 4947 _
521 4872 668 4925 latim
700 4874 929 4928 referam
957 4874 1327 4945 refellamque,
1360 4890 1536 4943 operte
1582 4876 1813 4946 pretium
1846 4875 1973 4930 duxi
2013 4891 2101 4931 te-

478 5032 481 5033 ,
521 4974 743 5015 censere
771 4962 900 5031 quid
951 4965 1271 5034 Augustino,
1303 4966 1443 5035 quod
1499 4965 1563 5020 ad
1617 4966 1865 5020 traditam
1913 4972 2101 5021 contra

520 5052 835 5119 Pelagianos
864 5055 931 5108 de
976 5055 1151 5111 divina
1183 5058 1350 5127 gratia
1404 5072 1467 5113 ac
1522 5058 1995 5127 prmdestinatione
2035 5059 2100 5113 ab

523 5144 616 5199 illo
646 5142 943 5198 doctrinam
978 5148 1265 5202 universim
1321 5160 1627 5219 opponant;
1682 5152 1927 5220 inquiunt
1955 5150 2099 5206 enim

522 5250 641 5292 esse
690 5235 835 5288 illam
877 5234 1268 5301 difficillimam,
1318 5240 1633 5305 obscuram,
1662 5244 1987 5309 intricatum,
2021 5244 2101 5296 in-

518 5337 877 5393 constantem,
909 5326 1131 5392 variam,
1165 5330 1409 5401 ultraque
1442 5334 1679 5389 veritatis
1712 5334 1881 5390 lineas
1911 5349 2099 5390 excur-

520 5432 749 5480 rentum.
782 5421 952 5489 Quam
997 5421 1212 5490 quidem
1262 5428 1657 5481 accusationem
1688 5442 1809 5483 cum
1861 5428 2099 5497 pluribus

2211 4238 2336 4293 odio
2365 4241 2581 4311 dignum
2626 4240 2830 4308 judico,
2862 4240 2941 4293 vel
2997 4254 3061 4293 co
3100 4236 3241 4306 quod
3268 4236 3597 4301 doctrinam,
3631 4247 3780 4304 quam

2208 4334 2585 4403 sapientissimi
2609 4334 2806 4405 quique
2834 4332 2898 4387 ad
2920 4347 3085 4401 usque
3113 4330 3289 4384 sidera
3311 4328 3584 4392 extulere,
3613 4325 3781 4393 depri-

2208 4443 2356 4483 mere
2387 4430 2753 4493 lentavit,vel
2805 4445 2870 4484 co
2924 4428 3153 4483 maxime
3204 4425 3345 4495 quod
3394 4422 3782 4495 Augustiuianis

2209 4520 2374 4573 armis
2420 4529 2603 4573 contra
2635 4519 2913 4572 Calvinum
2971 4517 3251 4571 decertare
3280 4514 3578 4584 professus,
3608 4512 3779 4565 eadem

2210 4608 2321 4676 ipsa
2348 4624 2496 4662 arma
2553 4608 2699 4661 mille
2748 4608 2984 4661 dicteriis
3040 4606 3281 4667 infamat,
3314 4604 3646 4670 dubiumque
3676 4601 3783 4654 facit

2212 4703 2352 4754 sitne
2384 4700 2681 4765 Augustino
2706 4695 3463 4753 velCalviuoinfestiorltostis
3491 4692 3780 4748 habendus.

2210 4791 2444 4845 Adatuus
2476 4791 2617 4844 hunc
2647 4791 2856 4843 titulum
2888 4792 2937 4843 in
2970 4790 3106 4842 liht-o
3142 4786 3425 4842 vernacula
3457 4785 3637 4853 lingua
3666 4794 3781 4836 esa-

2207 4893 2321 4935 rato
2352 4882 2622 4947 inserips't
2651 4899 2663 4934 :
2698 4880 2873 4934 Culvin
2905 4881 3062 4948 defuit
3114 4896 3206 4950 par
3237 4879 3313 4953 soi
3342 4877 3501 4929 méme
3527 4886 3575 4929 et
3606 4872 3782 4943 partes

2204 4992 2370 5030 armes
2399 4977 2461 5028 de
2496 4978 2629 5029 saint
2687 4974 2938 5043 Augustin
2968 4974 3088 5043 qu‘il
3118 4972 3255 5023 aruit
3287 4970 3610 5039 iujustcment
3639 4978 3777 5016 usur-

2206 5068 2320 5135 pées
2349 5083 2437 5121 sur
2462 5070 2533 5121 les
2558 5066 2792 5118 malicrcs
2822 5064 2883 5117 de
2912 5064 2961 5115 ιιι
3006 5065 3173 5131 g'rticc,
3202 5062 3263 5113 de
3295 5064 3345 5112 la
3375 5059 3548 5111 liberte
3576 5065 3623 5108 ct
3650 5054 3709 5106 de
3736 5051 3780 5103 la

2203 5160 2620 5231 prédestination.
2652 5156 2856 5224 Nempe
2887 5173 2899 5211 :
2928 5153 3170 5209 Calvinus
3226 5151 3533 5205 destructus'
3562 5147 3780 5203 suismet,

2207 5261 2251 5304 et
2288 5249 2447 5303 sancti
2477 5248 2747 5318 Augustini
2801 5246 2978 5308 armis,
3006 5260 3118 5313 qua:
3142 5245 3273 5296 idem
3298 5242 3488 5312 injuste
3520 5232 3778 5304 usurpavit

2203 5347 2254 5398 in
2283 5345 2343 5397 iis
2366 5359 2477 5412 qua:
2500 5343 2569 5397 ad
2602 5342 2843 5413 gratiam,
2884 5340 3164 5393 libertatem
3194 5345 3240 5388 et
3288 5329 3772 5403 pt'tcdestinationem

2204 5436 2478 5505 peuitzent,
2505 5434 2789 5504 Augustini
2819 5433 3037 5488 nomine
3061 5424 3441 5499 grandioribus
3466 5414 3781 5476 characteri-

518 5517 847 5583 argnmentis
894 5525 1155 5571 conentur
1202 5518 1545 5586 persuadere,
1577 5520 1763 5573 eadem
1812 5520 1964 5576 nobis
1995 5521 2101 5577 sol-
2131 5532 2177 5593 Β
2209 5529 2328 5592 bus,
2354 5536 2511 5595 atque
2534 5541 2595 5581 ex
2632 5536 2857 5595 utraque
2881 5534 3031 5595 parte
3057 5523 3300 5592 paginam
3334 5518 3473 5587 illlpl-
3494 5516 3672 5569 ntibns
3697 5510 3781 5563 de‘

522 5612 693 5665 venda
726 5623 871 5677 sunt,
906 5630 972 5671 ne
1001 5617 1127 5687 quid
1159 5616 1293 5673 forte
1324 5617 1632 5673 detrimenti
1660 5620 1798 5686 apud
1828 5619 2102 5689 imperitos

529 5702 857 5773 nimiumque
890 5712 1090 5765 ercdul:
1115 5726 1140 5765 s
1172 5712 1555 5779 Auguseiniaua
1585 5712 1823 5765 doctrina
1860 5713 2106 5777 tatiamr.

524 5796 751 5866 Joanne»
780 5800 1009 5853 Alanus
1046 5804 1204 5857 hasce
1233 5814 1412 5857 contra
1463 5804 1809 5875 Augustinum
1845 5805 2097 5873 objectio-

2208 5620 2423 5672 lineato.
2462 5616 2625 5670 Porro
2654 5617 2904 5671 volumen
2951 5614 3081 5668 illud
3122 5613 3174 5666 in
3230 5621 3409 5675 partes
3433 5619 3515 5662 est
3558 5602 3781 5657 divisum

2222 5720 2350 5769 tres,
2380 5706 2432 5760 in
2461 5723 2680 5776 quarum
2698 5708 2859 5776 priori
2885 5706 3115 5760 etaltera
3145 5702 3270 5758 nihil
3302 5700 3369 5755 de
3392 5697 3561 5765 gratia
3586 5702 3636 5747 Cl
3666 5704 3779 5757 PN"

2219 5801 2567 5858 desiitiaiiUlIC
2601 5800 2897 5867 disseritur,
2925 5800 3199 5867 rariusque
3224 5796 3272 5849 in
3305 5791 3491 5847 iisdem
3518 5782 3781 5855 Augustin:
