3892 6298
96 319 182 372 577

1282 313 1603 371 γιΝῡιοιΑε
1644 316 2207 378 ΛυϐυδῖΊΝΙΛΝίΕ.

3252 326 3354 383 578

95 464 270 506 nomen
298 454 466 509 sonat,
503 447 554 500 in
588 456 910 515 postremam
957 459 1163 505 tantum
1213 462 1415 519 partem
1447 452 1514 505 de
1554 451 1653 505 illis

1765 453 2026 507 lumniusa
2059 455 2508 523 pronutttiavrrit,
2546 457 2643 510 hac
2686 459 3090 523 pra‘clarissima
3122 477 3347 519 censura

96 542 343 613 mysteriis
376 542 698 609 quaestiones
732 542 937 609 rejetit.
982 544 1099 609 Quo
1129 544 1357 597 consilio
1407 544 1456 597 id
1484 544 1656 613 egerit

96 648 238 690 nemo
268 647 367 688 non
401 632 605 701 ignorat
640 649 653 685 :
688 631 901 702 scripsit
946 636 1089 689 enim
1120 650 1239 691 cum
1288 636 1370 690 vel
1425 637 1657 691 maxime

93 712 378 781 lanseniani
410 724 671 778 tumultus
719 724 771 779 itt
823 726 1011 781 Galliis
1058 728 1361 782 ebullirent.
1390 728 1655 784 Caeterum

93 821 137 871 in
172 817 261 871 hac
289 816 571 872 voluminis
598 827 867 886 postrema
908 831 1057 887 parte
1100 822 1217 888 plus
1246 836 1420 889 opera:
1472 830 1657 876 contra

93 908 426 977 Augustinum
479 923 641 976 quam
674 919 859 963 contra
898 910 1175 964 Calvinum
1218 912 1389 981 punit.
1447 911 1655 968 Etenim

94 999 136 1052 in
187 998 440 1065 prioribus
471 999 654 1053 decem
686 1002 934 1069 capitulis
965 1002 1069 1056 late
1104 1002 1154 1056 in
1210 1019 1372 1056 unum
1406 1004 1655 1073 Augusti-

98 1106 203 1142 num
228 1090 465 1143 invectus
498 1089 720 1159 integris
744 1093 947 1147 vitibus
978 1093 1217 1147 decet-tit
1246 1109 1260 1157 ;
1322 1092 1373 1146 in
1422 1096 1656 1163 quinque

96 1191 253 1233 autem
289 1180 639 1249 sequentibus
668 1182 828 1236 veluti
859 1183 910 1236 in
943 1184 1242 1253 Augustino
1287 1184 1657 1253 persequendo

97 1273 572 1326 delassatuscontra
595 1272 875 1328 Calvinum
927 1276 1124 1345 Stylum
1171 1274 1425 1330 deflectit.
1460 1277 1653 1331 Verum

97 1362 138 1413 in
182 1359 381 1414 decimo
438 1369 617 1427 sexto,
650 1377 758 1431 quo
814 1365 1065 1419 universo
1112 1366 1370 1421 volumini
1418 1365 1654 1422 nobilem

98 1449 424 1518 colopltonem
457 1450 720 1520 imponat,
746 1462 1021 1522 resumpto
1041 1456 1222 1511 animo
1245 1457 1438 1511 iterum
1470 1457 1523 1511 in
1546 1457 1656 1513 Au-

94 1543 333 1609 gustintlm
364 1543 543 1607 irruit,
567 1554 625 1597 ut
679 1545 828 1599 saxei
877 1561 1007 1601 sane
1034 1548 1214 1603 cordis
1264 1549 1518 1604 censendi
1547 1549 1657 1603 sint

94 1634 168 1700 qui
196 1634 320 1686 citra
368 1649 476 1687 non
525 1634 705 1689 dicam
739 1635 1183 1705 indignationem,
1216 1639 1312 1692 sed
1356 1642 1657 1694 execratio-

93 1741 196 1780 nem
223 1725 351 1782 adeo
375 1734 572 1782 sancto
596 1726 803 1783 doctori
826 1729 1083 1797 injuriosa
1113 1731 1276 1785 verba
1302 1730 1651 1803 perlegeriut.

96 1818 301 1874 lloccine
329 1829 432 1885 est,
468 1821 694 1888 Adame,
723 1820 1026 1888 Calvinum,
1078 1838 1146 1876 an
1190 1824 1539 1893 Augustinum
1567 1824 1657 1880 de-
1686 1804 1735 1864 Β

98 1910 313 1966 strueret
360 1911 697 1967 Promiseras
741 1922 793 1969 te
842 1915 1012 1968 sancti
1040 1915 1319 1985 Augustini
1347 1917 1503 1970 armis
1532 1931 1655 1971 cum

94 2002 287 2059 Calvino
321 2020 763 2076 congressurum.
798 2009 867 2063 At
916 2011 1100 2078 quanti
1160 2026 1257 2081 per
1304 2021 1447 2067 tuam
1496 2013 1654 2068 ﬁdem

95 2094 300 2149 victricia
348 2096 438 2152 illa
481 2112 632 2152 arma
690 2098 854 2153 facis?
898 2099 1158 2155 Clamas:
1192 2104 1351 2155 Arma
1380 2104 1657 2174 Augustini

94 2185 479 2255 inexpugnabilia
514 2205 614 2243 non
656 2205 784 2255 esse,
814 2205 932 2261 cap.
957 2194 1012 2257 4,
1044 2207 1161 2263 pag.
1195 2192 1318 2248 581.
1349 2194 1495 2250 itane
1536 2197 1656 2266 jac-

94 2284 153 2331 tas
172 2278 418 2347 plumbeos
435 2282 701 2351 pugiones,
719 2282 958 2339 utfacete
990 2284 1081 2338 lib.
1106 2300 1186 2339 tu.
1221 2294 1368 2340 cont.
1393 2287 1501 2342 Jul.
1525 2302 1646 2357 cap.

95 2368 132 2429 7,
160 2369 225 2423 ait
265 2373 612 2441 Augustinus,
638 2374 789 2443 queis
837 2376 1132 2430 adversarii
1180 2377 1426 2447 jugulum
1462 2380 1655 2445 petas?

94 2459 182 2517 Sub
207 2466 486 2535 Augustini
514 2468 766 2537 auspiciis
794 2469 846 2522 in
890 2468 1096 2523 hostem
1127 2485 1331 2533 moves,
1356 2480 1411 2525 et
1459 2470 1650 2527 ducem

95 2552 206 2607 hunc
233 2564 377 2610 tuum
409 2556 557 2612 mille
579 2558 817 2613 dicteriis
841 2560 1072 2614 oneras?
1094 2560 1348 2615 Sanctum
1372 2561 1648 2617 doctorem

94 2655 114 2692 a
137 2642 425 2700 Calvinistis
454 2646 549 2700 abs
572 2653 623 2699 te
651 2647 981 2701 vindicatum
1006 2650 1069 2702 iri
1103 2650 1389 2718 promittis,
1414 2661 1463 2705 et
1497 2666 1652 2706 eunt-

94 2731 184 2785 dem
206 2734 455 2788 hostibus
484 2736 701 2801 prodis?
729 2737 850 2791 lltec
883 2738 1120 2807 loqueris
1155 2754 1274 2807 pag.
1310 2740 1557 2809 650,cap.
1578 2739 1610 2792 8
1638 2758 1649 2794 :

95 2822 140 2875 Si
172 2826 300 2878 intra
329 2826 602 2879 verborum
656 2829 820 2882 sancti
870 2830 1146 2900 Augustini
1198 2831 1525 2885 altitudinem
1577 2849 1654 2886 me

95 2918 391 2982 continerent,
419 2917 699 2973 Calvinista
729 2936 908 2974 essem.
934 2922 1103 2975 Addis
1130 2936 1247 2990 eap.
1287 2923 1376 2986 l6,
1397 2940 1495 2993 pag
1515 2925 1649 2980 760:

96 3006 194 3062 Orbi
218 3011 447 3064 universo
471 3020 647 3063 nolunt
678 3021 772 3077 est,
807 3014 939 3066 inter
964 3029 1135 3068 omnes
1160 3013 1341 3067 Patres
1366 3032 1522 3068 unum
1554 3017 1659 3069 Aur

93 3101 317 3166 gustiuum
369 3102 694 3158 eucharistia:
739 3103 1041 3173 mysterium
1085 3106 1305 3159 maxime
1335 3106 1644 3175 curtftttlissr.

95 3189 206 3254 Quid
235 3191 371 3260 quod
430 3191 626 3246 scribis
655 3206 773 3262 pag.
797 3194 925 3257 596,
950 3207 1070 3261 cap.
1097 3196 1151 3257 4,
1185 3174 1464 3263 Augustini
1506 3196 1649 3249 dicta
1682 3174 1726 3233 (ἶ

96 3294 183 3333 .ton
210 3294 325 3336 esse
351 3290 477 3350 apta
510 3282 578 3334 ad
616 3282 963 3337 exarmandos
1010 3282 1350 3336 Calvinistas!
1379 3282 1647 3337 Praeterea

94 3370 435 3440 Augustinum,
487 3371 687 3440 inquis,
743 3372 981 3427 sensisse
1034 3372 1317 3442 impiorum
1374 3373 1655 3428 hominum-

94 3460 490 3525 reprobationem
528 3462 597 3514 ab
627 3461 874 3532 originali
897 3464 1054 3531 culpa
1095 3477 1214 3517 esse
1243 3464 1563 3531 derivatum,
1597 3474 1652 3519 et

97 3544 210 3603 illius
240 3550 368 3606 hanc
398 3555 618 3606 unicam
647 3567 768 3607 esse
791 3571 804 3604 t
824 3568 1004 3607 ausam
1038 3568 1156 3621 pag.
1187 3553 1318 3612 ἔδεις
1350 3562 1403 3606 at
1434 3555 1648 3622 cap.i0,

94 3651 192 3707 pag.
220 3640 338 3708 σθ’,
358 3659 445 3698 scr
467 3644 559 3698 bis
581 3658 699 3698 eam
723 3644 1044 3698 sententiam
1076 3643 1164 3696 tibi
1194 3643 1388 3696 licitum
1412 3658 1517 3697 esse
1539 3646 1657 3695 Iter-

92 3747 197 3802 rere,
220 3740 349 3807 quod
375 3751 547 3793 mater
569 3747 640 3792 est
669 3739 833 3803 illius,
854 3754 1008 3807 quam
1033 3737 1274 3792 Calvinus
1300 3745 1443 3789 tanta
1474 3738 1661 3807 impie--

93 3834 171 3881 late
189 3846 243 3883 ac
264 3833 398 3886 rabie
425 3844 616 3886 contra
667 3830 951 3885 Ecclesium
998 3832 1247 3885 inculcat.
1276 3833 1341 3885 Et
1371 3846 1491 3901 pag.
1523 3829 1650 3899 624,

92 3931 184 3987 Cap.
214 3924 261 3987 7,
292 3926 520 3979 testaris
551 3926 907 3994 Augustinum
939 3924 1143 3979 dixisse
1172 3940 1416 3977 mannam
1467 3935 1513 3977 et
1559 3940 1651 3978 eu-

92 4007 355 4067 charistiam
377 4032 484 4069 esse
525 4030 841 4079 LQUALITER
884 4015 1103 4086 ﬁguram
1131 4014 1255 4068 Iesu
1286 4015 1493 4069 Christi.
1525 4015 1655 4082 Quae

95 4101 234 4165 prima
274 4103 693 4161 Calvlnistarum
746 4106 971 4161 haeresis
1024 4113 1131 4161 est.
1175 4104 1411 4161 Putasne
1448 4104 1654 4161 Calvini

102 4201 364 4251 sectatores
390 4212 451 4253 ac
485 4197 860 4252 Genevensem
906 4195 1146 4251 scholam
1179 4211 1283 4249 non
1309 4197 1480 4266 plenis
1510 4198 1655 4253 auri-

101 4276 179 4334 bus
222 4285 520 4358 ingentique
553 4289 742 4358 plausu
786 4287 971 4343 isthmc
1017 4298 1106 4343 tua
1154 4288 1299 4343 dicta
1354 4290 1651 4359 excepisse,

103 4388 197 4430 cum
225 4389 270 4435 te
292 4381 468 4451 judice
500 4398 658 4437 suum
690 4382 799 4437 fere
829 4382 1039 4436 videant
1072 4382 1428 4451 Augustinum
1452 4425 1466 4447 ,
1496 4370 1653 4452 quem

104 4473 250 4524 tamen
277 4485 457 4529 contra
484 4474 707 4529 eosdem
740 4484 907 4540 stare,
933 4483 985 4527 te
1010 4474 1500 4543 demonstraturum
1532 4487 1655 4541 pro-

104 4557 322 4617 miseras?
361 4564 464 4620 Sed
501 4566 589 4619 his
616 4565 850 4631 omissis,
883 4571 952 4619 ob
976 4582 1095 4635 qua:
1125 4565 1430 4622 Calvinista:
1456 4568 1653 4635 gratias

105 4646 316 4717 referunt,
344 4656 529 4710 saltem
558 4655 779 4719 debent,
810 4671 967 4726 quam
995 4666 1183 4711 contra
1229 4667 1475 4714 sanctum
1525 4657 1655 4714 doc-

106 4738 241 4795 iorem
268 4748 657 4802 accusatiOnem
679 4746 943 4813 instituas,
977 4748 1282 4803 audiamus.

160 4827 320 4899 Itaque
341 4838 595 4902 Adamus,
623 4853 780 4909 quem
829 4838 1066 4909 intelligo
1105 4840 1244 4894 inter
1273 4840 1498 4893 celebres
1528 4856 1655 4894 auc-

110 4926 257 4978 toresa
280 4930 547 4985 sodalibus
591 4932 880 4996 numerari,
913 4932 1073 5001 capiti
1104 4943 1296 5001 quarto
1341 4934 1481 4985 hunc
1523 4932 1650 4985 titu-

111 5008 195 5066 lum
220 5021 358 5076 dedit
396 5024 563 5091 (Dial.
592 5040 644 5078 vt
676 5025 739 5078 de
785 5023 942 5092 Opin.
976 5024 1259 5095 probabili)
1292 5042 1303 5075 :
1354 5022 1655 5077 Doctrinam

112 5109 241 5162 Iancti
265 5110 528 5185 Augustini
559 5117 623 5170 de
652 5118 907 5187 mysteriis
936 5118 1117 5189 gratia:
1137 5159 1151 5182 ,
1203 5116 1472 5178 libertatis,
1524 5130 1656 5183 prte-

113 5195 418 5260 devtinationis
443 5216 489 5261 et
511 5210 837 5262 eueharistia:
858 5224 963 5262 esse
980 5208 1341 5277 difﬁcillimam
1370 5206 1651 5274 intellectu,

113 5290 263 5341 “eam
290 5294 637 5350 obscuritatem
667 5315 880 5365 magnas
909 5298 1178 5351 divisiones
1223 5310 1327 5350 tum
1370 5298 1503 5363 vivo,
1548 5306 1653 5349 tum

115 5386 278 5468 tuortuo
296 5384 574 5455 Augustino
598 5391 872 5457 peperisse,
906 5400 1013 5444 etc.
1037 5388 1243 5443 Rursus
1263 5399 1419 5457 caput
1440 5399 1657 5445 sextum

118 5470 173 5516 lla
197 5467 416 5532 inscribit
446 5497 455 5529 :
496 5479 641 5533 Nova
669 5490 970 5550 argumenta
1004 5480 1072 5534 ad
1118 5481 1439 5551 probandum
1468 5480 1658 5535 doctri-

117 5568 211 5607 nam
235 5568 384 5619 sancti
414 5572 681 5638 Augusrini
709 5573 773 5626 de
803 5572 1054 5642 mysteriis
1085 5572 1267 5641 gratia:
1295 5581 1343 5624 et
1389 5571 1655 5641 prasdesti-

115 5649 303 5732 nationis
318 5670 421 5710 esse
441 5660 709 5715 obscuram
730 5672 776 5717 et
791 5661 1062 5732 difﬁcilem
1075 5662 1350 5715 intellectu.
1379 5661 1503 5730 Pag.
1525 5660 1652 5717 610.

118 5728 161 5785 ³³³
185 5752 277 5807 (ιυο
300 5747 497 5816 quidem
528 5756 701 5824 capite
732 5728 1025 5825 cum—plura
1055 5766 1164 5811 tum
1210 5754 1366 5819 falsa,
1407 5728 1517 5808 tum
1564 5770 1653 5809 ca-

1684 4531 1732 4591 Ι)

1758 544 2027 599 concludit
2052 560 2065 597 :
2097 562 2115 594 ι
2150 545 2254 598 Sed
2282 544 2407 598 illud
2431 546 2571 614 quod
2597 546 2832 601 tenebris
2850 562 2911 603 ac
2934 551 3163 603 nubibus
3184 551 3352 605 libros

1760 636 1917 703 hujus
1950 636 2119 689 sancti
2162 646 2213 689 et
2244 637 2500 706 sapientis
2555 638 2791 693 doctoris
2840 639 3090 706 obduxit,
3141 642 3354 709 quodve

1726 728 2066 782 adnotatum
2101 728 2199 782 fuit
2245 744 2275 782 a
2333 731 2698 786 celeberrimis
2746 732 3026 802 theologis,
3076 742 3157 787 est
3201 733 3346 803 quod

1758 834 1863 873 non
1894 819 2097 887 absque
2123 818 2380 888 profunda
2412 820 2762 876 meditatione
2791 836 2896 875 non
2921 836 3137 889 semper
3161 822 3347 877 distin-

1757 910 1869 980 guit
1900 908 1953 963 id
1974 910 2115 978 quod
2148 908 2306 965 docet
2337 912 2410 965 uti
2434 911 2677 975 dubium,
2709 920 2762 966 et
2793 912 2935 981 quod
2966 913 3149 981 tradit,
3180 922 3239 966 ut
3266 914 3350 967 in-

1759 1002 2082 1066 dubitabile;
2127 1004 2338 1072 quodve
2378 1002 2508 1058 dicit
2548 1004 2885 1058 adversarios
2923 1004 3263 1074 impugnans,
3300 1014 3356 1059 et

1760 1094 1902 1163 quod
1935 1093 2093 1146 docet
2125 1108 2220 1146 sua
2270 1091 2585 1149 defendens.
2623 1095 2778 1164 Saepe
2821 1094 3097 1166 oppositas
3138 1095 3239 1149 sibi
3284 1094 3352 1148 ab

1758 1184 2082 1240 adversariis
2110 1184 2441 1254 objectiones
2482 1187 2536 1240 in
2567 1186 2789 1242 eosdem
2820 1194 3117 1258 retorquet,
3164 1202 3260 1242 eos
3295 1187 3348 1242 in

1758 1276 2117 1332 absurditates
2160 1278 2322 1332 miras
2365 1276 2679 1347 conjiciens.
2727 1279 3040 1334 lnstantiam
3098 1280 3349 1334 instantia

1758 1368 1935 1422 solvit.
1969 1368 2351 1422 inconveniens
2378 1369 2579 1423 refutat
2611 1366 2927 1425 diliicultate
2949 1368 3106 1439 longe
3134 1368 3349 1439 majori.

1762 1460 2020 1530 Ulterius,
2053 1476 2159 1515 non
2183 1462 2327 1516 clare
2349 1465 2591 1531 exponit,
2621 1478 2746 1516 num
2779 1461 3112 1531 objectiones
3127 1460 3192 1515 ad
3222 1476 3351 1517 suos

1758 1551 1943 1606 hostes
1973 1550 2365 1621 impugnandos
2389 1562 2671 1621 proponat,
2697 1552 2779 1607 vel
2813 1553 2957 1622 quod
3000 1552 3054 1606 in
3104 1553 3182 1607 cis
3225 1567 3347 1607 cum

1759 1641 1950 1696 iisdem
1983 1643 2283 1705 conveniat,
2317 1650 2424 1695 etc.
2457 1642 2581 1696 iizec
2622 1642 2835 1711 quidem
2880 1641 3120 1710 ejusdem
3168 1641 3349 1696 addita

1758 1732 2097 1802 perplexitati
2129 1733 2181 1786 in
2214 1734 2480 1787 sententia
2506 1733 2823 1803 proferenda
2860 1732 2914 1787 in
2961 1731 3060 1787 hac
3100 1732 3346 1797 materia,

1760 1838 1825 1880 ac
1855 1825 2194 1879 considerata
2238 1826 2453 1895 insuper
2506 1826 2851 1880 distinctione
2904 1824 3161 1880 librorum
3220 1832 3347 1877 ante

1760 1916 2123 1984 episcopatum
2154 1926 2207 1970 et
2253 1917 2306 1969 in
2348 1917 2653 1985 episcopatu
2705 1915 3045 1984 scriptorum,
3092 1928 3191 1970 nec
3237 1928 3343 1968 non

1759 2003 1995 2058 dissidiis
2025 2003 2304 2057 doctorum
2336 2005 2406 2057 ob
2434 2019 2616 2058 veram
2669 2002 2908 2071 ejusdem
2952 2002 3211 2057 doctrina:
3256 2004 3345 2056 in-‘

1762 2095 2106 2164 telligentiam
2142 2095 2561 2164 percipiendam,
2597 2095 2725 2148 mihi
2759 2094 2961 2149 licitum
3006 2103 3090 2150 est
3124 2094 3349 2149 conclu-‘

1758 2188 1906 2254 dere,
1941 2188 2177 2259 noluisse
2200 2204 2326 2242 suos
2348 2202 2537 2241 sensus
2563 2186 2706 2242 clare
2734 2201 3026 2254 exponere,
3054 2186 3135 2240 vcl
3159 2188 3211 2240 in
3237 2185 3344 2241 illis

1756 2280 2089 2349 explicandis
2119 2294 2223 2333 non
2247 2280 2317 2334 ita
2351 2279 2560 2334 felicem
2595 2279 2779 2342 fuisse,
2812 2289 2867 2331 ttt
2899 2280 3077 2333 nullus
3118 2278 3185 2333 de
3227 2278 3343 2346 ejus

1757 2383 1939 2428 mente
1963 2372 2243 2426 dubitandi
2274 2373 2508 2440 supersit
2534 2371 2701 2425 locus.
2733 2372 2909 2438 Quare
2939 2370 3208 2425 immerito
3248 2384 3344 2421 vo-

1755 2462 1873 2517 lunt
1900 2462 2072 2531 ipsum
2110 2476 2233 2517 esse
2271 2460 2547 2516 oraculum
2576 2461 2763 2530 gratia:
2790 2470 2842 2513 et
2868 2460 3081 2514 concilii
3111 2456 3347 2513 Triden-'

1756 2555 1851 2609 tini
1878 2556 2247 2622 interpretem.
2282 2573 2299 2605 »
2329 2554 2466 2620 Quid
2494 2554 2851 2623 arrogantius,
2880 2552 3008 2622 quid
3037 2552 3340 2615 absurdius,

1756 2645 2236 2713 quidindecentius
2264 2656 2447 2698 contra
2481 2645 2835 2713 Augustinum
2868 2644 2971 2698 dici
3007 2645 3199 2713 possit,
3234 2659 3341 2697 non

1758 2734 1935 2789 video.
1969 2735 2033 2788 At
2060 2748 2165 2801 quo
2186 2734 2409 2787 consilio
2450 2734 2538 2787 illa
2581 2734 2857 2799 eructarit,
2892 2733 3025 2787 satis
3058 2742 3142 2788 est
3176 2734 3344 2787 manis

1762 2824 1975 2888 fetum,
2002 2838 2194 2894 nempe
2225 2836 2281 2878 ut
2303 2824 2581 2893 Augustini
2606 2824 2888 2878 deserendi
2912 2824 3216 2893 itnpos'tam
3240 2824 3347 2877 sibi

1761 2917 2138 2971 necessitatem
2200 2916 2530 2969 ostenderet.
2595 2914 3030 2983 Quotusquisque
3075 2915 3216 2970 enim
3265 2925 3349 2969 est

1759 3008 1849 3075 qui
1874 3007 2224 3076 Augustinum
2258 3021 2367 3074 prae
2395 3006 2515 3060 aliis
2546 3007 2696 3076 sequi
2738 3007 2909 3074 malit,
2962 3007 3006 3061 si
3054 3021 3179 3061 vera
3222 3014 3349 3059 sunt

1758 3113 1879 3167 qua:
1901 3098 2072 3152 eidem
2104 3098 2339 3151 Adamus
2367 3098 2621 3166 opponit?
2645 3098 2780 3151 Hinc
2801 3111 2920 3165 cap.
2953 3097 3043 3163 16,
3070 3112 3191 3167 pag.
3216 3098 3345 3165 767i,

1756 3190 1952 3244 clamat
1981 3206 1994 3241 :
2027 3206 2046 3240 ι
2079 3189 2168 3243 Hae
2197 3189 2479 3258 Augustini
2513 3188 2749 3243 tenebrae
2777 3202 2864 3245 me
2902 3197 3100 3261 cegunt
3143 3190 3210 3243 ad
3261 3190 3343 3243 lu-

1756 3294 1874 3337 cem
1903 3282 2028 3336 alibi
2056 3283 2435 3351 quaerendam,
2467 3296 2626 3348 quam
2652 3280 2868 3350 quidem
2914 3282 2969 3336 in
3015 3281 3239 3353 synodis
3290 3293 3347 3336 et

1761 3373 1988 3426 aliorum
2032 3373 2311 3426 doctorum
2346 3371 2498 3426 libris
2528 3370 2766 3426 invenio.
2807 3388 2827 3422 ι
2859 3370 3131 3427 Habemus
3174 3371 3348 3426 homi-

1758 3465 1839 3518 nis
1860 3463 2277 3519 confessionem.
2862 3534 2863 3537 η

1831 3555 2156 3620 Victorinus,
2204 3554 2589 3609 celeberrimus
2629 3552 2895 3623 quondam
2918 3553 3103 3608 Romae
3142 3554 3347 3621 rhetor,

1759 3661 1821 3702 ac
1854 3645 2163 3716 Hieronymi
2195 3654 2248 3699 et
2277 3644 2564 3713 Augustini
2600 3644 2869 3712 prtcconio
2895 3644 3013 3697 orbi
3042 3651 3220 3711 notus,
3244 3658 3345 3699 vo-

1758 3736 2019 3791 luminum
2043 3735 2422 3790 obscuritatem
2452 3734 2647 3804 triplici
2677 3750 2743 3789 cx
2770 3747 2929 3788 causa
2952 3732 3083 3788 oriri
3110 3732 3346 3799 dicebat,

1758 3837 1819 3885 ut
1851 3822 2075 3882 testatur
2102 3837 2321 3882 sanctus
2347 3826 2701 3898 llieronymus
2734 3827 2787 3881 in
2832 3826 3095 3895 protentio
3122 3825 3216 3881 lib.
3249 3841 3348 3883 xm

1758 3921 1815 3977 in
1845 3920 2183 3977 Ezechielem
2217 3939 2231 3974 :
2269 3939 2287 3973 ι
2338 3920 2437 3977 Vel
2462 3922 2539 3976 rei
2569 3920 2958 3991 magnitudine,
2985 3920 3071 3976 vel
3103 3920 3342 3977 doctoris

1758 4011 2051 4082 imperitia,
2082 4013 2167 4069 vel
2198 4014 2469 4069 audientis
2499 4013 2717 4069 duritia.
2760 4032 2780 4067 ι
2830 4012 3048 4070 Poterat
3100 4024 3345 4083 quartam

1759 4104 1980 4172 addere,
2033 4120 2228 4175 nempe
2276 4105 2521 4161 docentis
2555 4106 2836 4173 malitiam,
2878 4106 3019 4176 quod
3070 4104 3347 4163 Aristoteli

1759 4198 1890 4253 vitio
1920 4199 2146 4252 vertitur
2162 4199 2405 4253 obscuris
2431 4200 2718 4254 verborum
2750 4200 3044 4256 involucris
3074 4216 3201 4256 suos
3218 4216 3346 4256 sen-

1760 4306 1855 4346 sus
1876 4292 2167 4345 occulenti.
2198 4290 2379 4346 Sancti
2426 4292 2707 4359 Augustini
2738 4292 3038 4347 doctrinam
3068 4291 3136 4345 de
3178 4293 3345 4360 gratia

1760 4391 1809 4436 et
1836 4381 2005 4434 libero
2035 4380 2259 4433 arbitrio
2289 4395 2350 4434 ac
2379 4381 2852 4448 praedestinatione
2900 4395 3022 4437 esse
3060 4380 3345 4434 obscuram

1760 4482 1919 4542 atque
1944 4470 2215 4526 difficilem
2248 4473 2314 4525 oh
2338 4474 2412 4526 rei
2439 4473 2883 4535 magnitudinem.
2927 4474 2998 4526 ob
3042 4470 3347 4526 divinorum
3408 4530 3413 4533 τ

1758 4566 2107 4620 consiliorum
2142 4564 2578 4633 profunditatem,
2613 4567 2682 4621 ob
2729 4565 2969 4636 mysterii
2998 4563 3345 4618 secretissimi

1757 4656 2097 4710 altitudinem
2134 4656 2364 4711 libenter
2395 4658 2759 4713 concedimus.
2801 4657 2932 4723 Quis
2962 4655 3106 4708 enim
3136 4653 3347 4723 ignorat

1758 4757 2012 4819 quantum
2040 4747 2277 4802 omnium
2307 4757 2523 4804 :etatum
2549 4747 2877 4817 sapientibus
2909 4743 3238 4798 difficultatis
3266 4744 3348 4797 in-

1755 4843 1924 4912 gessit
1966 4842 2211 4895 humanae
2253 4842 2545 4895 voluntatis
2589 4840 2771 4893 liberae
2812 4854 2931 4890 cum
2982 4838 3159 4894 divina
3202 4853 3342 4910 prie-

1756 4931 1980 4987 scientia
2004 4947 2067 4986 ac
2099 4931 2573 5000 prmdestinatione
2604 4927 2929 4983 concordia?
2980 4928 3166 4983 Testes
3218 4939 3347 5005 sunt

1757 5034 1997 5078 veterum
2030 5020 2471 5089 philosophorum
2514 5033 2752 5073 errores.
2804 5019 2931 5074 inde
2987 5021 3130 5075 enim
3177 5020 3344 5077 Stoici

1756 5113 1924 5166 fatum
1955 5110 2267 5164 invehentes
2298 5108 2523 5163 liberum
2555 5106 2832 5164 arbitrium
2857 5109 3187 5166 suﬂ’ocarunt
3214 5130 3224 5164 :
3253 5112 3349 5165 arti

1759 5216 1878 5257 cum
1907 5199 2169 5256 Cicerone
2218 5200 2641 5268 contingentium
2684 5200 2964 5255 scientiam
3011 5200 3120 5256 Deo
3162 5186 3343 5254 sustu-i

1762 5296 1893 5350 lere.
1927 5293 2064 5349 llinc
2097 5291 2296 5361 pariter
2325 5292 2465 5346 inter
2504 5292 2856 5350 scholasticos
2897 5294 3174 5363 theologos
3219 5292 3341 5345 diu-

1763 5395 1915 5441 turna
1954 5399 2015 5441 ac
2044 5392 2303 5455 perpetuo
2329 5384 2582 5440 duratura
2614 5383 2832 5441 dissidia
2864 5394 2979 5441 orta
3007 5392 3150 5438 sunt.
3205 5378 3349 5449 Ipsi?

1759 5486 1868 5532 met
1916 5477 2267 5545 recentiores,
2323 5476 2414 5545 qui
2468 5477 2695 5547 planiori
2734 5492 2794 5535 se
2836 5476 2926 5532 via
2974 5476 3076 5530 iter
3118 5468 3353 5543 carpere'

1757 5568 2074 5639 gloriantur,
2110 5569 2161 5622 in
2191 5568 2453 5636 pluribus,
2476 5567 2545 5623 de
2577 5566 2768 5621 divinis
2797 5564 3347 5636 prmdeﬂnitionibus,‘

1757 5660 1961 5715 scilicet
1978 5659 2044 5731 de
2066 5658 2278 5730 objecto
2295 5659 2531 5715 scientias
2558 5657 2769 5724 medim,
2796 5658 2863 5712 de
2884 5657 3051 5727 gratia
3081 5647 3354 5728 congrua,

1758 5753 1983 5824 aliisque
2013 5767 2193 5809 secum
2223 5752 2452 5807 invicem
2484 5749 2745 5805 acerrime
2771 5758 3167 5814 conccrtantes,
3196 5746 3341 5802 civili
