3892 6314
482 313 585 366 579

1375 293 1934 355 SUPPLEMENTUM
1973 292 2062 348 AD
2101 291 2325 346 OPERA
2365 290 2425 348 S.
2469 288 2856 349 AUGUSTINI.
3649 283 3763 338 580

485 460 552 500 eo
580 442 720 498 bello
747 439 822 496 rei
853 435 1217 495 difﬁcultatem
1252 434 1504 489 fatentur.
1534 432 1726 487 Molina
1748 431 1804 486 in
1834 430 2071 485 Concor-
2097 407 2144 467 Α
2174 436 2327 498 getur
2367 427 2585 482 erroris.
2619 445 2637 478 ι
2686 425 2802 480 Lib.
2834 438 2888 478 ιιι
2922 420 3112 491 Opcris
3141 417 3379 490 imperf.,
3411 431 3533 487 cap.
3566 417 3653 472 61.
3696 419 3762 476 Et

485 537 570 591 dia
593 543 785 606 qua-st.
817 531 905 595 M,
937 539 1038 584 art.
1075 529 1160 593 15,
1188 527 1327 596 disp.
1358 525 1456 590 53,
1491 523 1690 579 memb.
1737 522 1790 589 2,
1823 521 1853 593 ς
1882 520 2068 576 Parvi-

483 625 736 695 pendunt,
780 623 1004 686 fatetur,
1053 626 1224 673 semet
1273 617 1532 685 pertinaci
1572 614 1758 684 viginti
1807 629 2069 668 annorum

487 717 670 770 labore
719 713 1034 773 insudasse,
1089 723 1195 777 quo
1243 707 1529 761 humanam
1591 706 1893 760 libertatem
1949 720 2069 759 cum

489 809 757 881 mysteriis
785 808 973 876 gratiae
993 819 1056 858 ac
1077 801 1566 872 praedestinationis
1587 807 1957 867 componeret,
1981 797 2069 869 qui

487 912 666 957 tamen
703 899 1097 955 Thomistarum
1126 895 1327 964 judicio
1357 895 1567 948 inanem
1611 907 1829 962 operam
1872 893 2067 962 posuit.

487 995 596 1050 Sed
628 995 728 1048 hoc
758 993 857 1047 sub
881 991 971 1044 lite
1000 989 1246 1054 dimisso,
1276 997 1424 1042 certe
1472 1002 1538 1042 eo
1589 996 1786 1042 conatu
1818 987 2073 1041 difﬁcilli-

489 1101 630 1140 mam
656 1083 979 1154 provinciam
1003 1097 1063 1136 se
1090 1096 1395 1150 aggressum
1418 1082 1672 1135 ostendit.
1708 1081 1928 1136 Suarius
1956 1097 2073 1135 om-

490 1176 636 1230 nium
676 1174 1034 1230 recentiorum
1072 1172 1417 1242 gravissimus
1452 1174 1684 1240 scriptor
1725 1185 1868 1228 tomo
1923 1189 1957 1226 ιι
2004 1172 2072 1228 de

488 1265 664 1330 Grat.,
719 1263 810 1318 lib.
866 1279 918 1331 v,
954 1263 1006 1318 in
1041 1263 1297 1329 prteludio
1333 1278 1493 1332 agens
1525 1263 1591 1318 de
1625 1264 1792 1333 gratia
1840 1264 2070 1329 efﬁcaci,

489 1353 629 1409 idem
669 1354 901 1423 ingenue
930 1353 1179 1407 afﬁrmat.
1218 1353 1349 1407 llinc
1372 1352 1720 1420 Augustinus,
1761 1352 1922 1420 epist.
1974 1353 2068 1420 47,

487 1446 555 1501 ad
583 1445 948 1507 Valentinum,
984 1452 1140 1498 vocat
1176 1458 1294 1498 eam
1326 1444 1674 1513 qumstionem
1703 1445 2071 1515 difﬁcillimam

486 1548 534 1594 et
561 1539 740 1609 paucis
765 1536 1171 1606 intelligibilem;
1202 1547 1258 1591 et
1281 1551 1401 1604 cap.
1433 1535 1521 1602 47,
1555 1536 1622 1592 de
1649 1535 1827 1592 Gratia
1848 1534 2066 1606 Christi,

486 1629 555 1683 ad
580 1629 968 1682 discernendum
995 1626 1281 1698 difﬁcilem.
1309 1626 1452 1680 Idem
1477 1640 1642 1681 serm.
1688 1627 1722 1680 5
1759 1626 1828 1681 de
1883 1626 2071 1682 Verbis

489 1719 755 1789 Apostoli,
798 1733 919 1773 cum
951 1719 1017 1773 de
1063 1718 1241 1773 divina
1288 1717 1454 1786 gratia
1498 1716 1657 1771 verba
1699 1716 1765 1772 ad
1815 1718 2068 1786 populum

2173 537 2293 576 cum
2324 521 2467 576 idem
2500 519 2788 574 haareticus
2834 515 3004 571 sancti
3052 514 3288 569 doctoris
3328 512 3646 568 sententiam
3677 513 3762 567 in-

2177 615 2392 668 tellectu
2441 612 2710 666 difﬁcilem
2737 622 2879 662 esse
2919 611 3236 675 opponeret,
3268 601 3555 672 respondit
3582 603 3762 672 Augu-

2173 705 2384 760 stinus:
2422 720 2439 753 r
2468 702 2692 756 Prorsus
2722 699 3012 766 intelligor,
3045 695 3181 749 velis
3212 695 3386 759 nolis;
3417 692 3514 748 sed
3547 704 3603 747 tu
3626 706 3760 748 con-

2175 804 2254 849 tra
2287 795 2385 848 ista
2415 793 2542 848 nihil
2575 791 2839 852 dicturus,
2870 789 2948 842 vis
2977 801 3081 841 non
3105 784 3325 854 intelligi
3359 784 3498 852 quod
3529 798 3632 854 ego
3657 797 3756 838 ve-

2175 888 2448 943 rissimum
2502 895 2664 954 atque
2714 881 3077 937 ﬁrmissimum
3127 880 3261 934 dixi.
3293 896 3313 930 ι
3361 877 3480 934 Lib.
3520 891 3598 948 tv,
3637 890 3760 948 cap.

2176 982 2301 1037 “0.
2336 981 2477 1048 Lege
2502 979 2570 1034 de
2597 977 2680 1031 his
2710 977 2865 1046 plura
2897 974 2949 1029 in
2974 973 3290 1029 Antithetis.

2245 1069 2514 1125 Caeterum
2541 1068 2777 1124 Adamus
2805 1078 3010 1121 coctam
3041 1065 3170 1118 olim
3201 1079 3230 1117 a
3259 1059 3560 1131 Pelagianis
3589 1073 3759 1115 cram-

2176 1162 2296 1217 bem
2323 1176 2651 1233 recoquensn
2703 1158 3143 1229 Augustinianam
3182 1157 3481 1212 doctrinam
3513 1155 3646 1210 vitio
3667 1156 3767 1210 ob-

2176 1253 2450 1307 scuritatis
2484 1252 2729 1317 infamat,
2757 1266 2915 1321 quam
2948 1266 3054 1304 non
3087 1248 3466 1319 mysteriorum
3498 1250 3769 1318 magnitu-

2176 1343 2312 1404 dini,
2337 1358 2442 1396 non
2466 1340 2629 1397 debili
2652 1342 2915 1396 lectorum
2945 1339 3336 1410 intelligentiae,
3358 1338 3456 1393 sed
3479 1338 3769 1408 Augustini

2178 1433 2401 1489 malitite
2425 1433 2666 1502 deputat,
2699 1434 2896 1503 quippe
2923 1433 3011 1502 qui
3041 1446 3168 1487 suos
3195 1443 3388 1485 sensus
3417 1430 3563 1484 clare
3583 1429 3768 1485 dicere

2181 1530 2374 1598 notuit,
2426 1528 2510 1584 vel
2557 1530 2746 1583 saltem
2797 1543 2901 1583 non
2945 1526 3132 1592 valuit,
3164 1533 3220 1579 ut
3250 1522 3441 1578 scribit
3480 1537 3606 1592 pag.
3637 1523 3764 1577 615.

2181 1623 2328 1677 ltane
2376 1635 2626 1690 magnum
2674 1617 2807 1674 illud
2855 1617 3224 1674 Africanarum
3257 1614 3584 1685 synodorum
3618 1613 3769 1682 lnge-

2182 1717 2348 1781 uium,
2398 1727 2502 1784 quo
2538 1712 2752 1768 nomine
2775 1710 2980 1766 audivit
3027 1709 3355 1778 Augustinus
3381 1722 3445 1763 ex
3477 1707 3768 1776 Prospero,

489 1808 723 1864 facturus
751 1819 914 1878 esset,
947 1809 1082 1863 dixit
1127 1823 1186 1863 se
1231 1808 1410 1862 habere
1458 1817 1665 1879 propter
1715 1809 2074 1861 obscuritatem
2107 1790 2150 1850 Β
2179 1822 2298 1877 cap.
2327 1807 2361 1858 2
2388 1813 2578 1864 contra
2633 1802 2892 1873 ingratos,
2952 1803 3088 1856 adeo
3137 1800 3365 1856 bardum
3405 1799 3492 1855 vel
3525 1798 3770 1854 invidum

487 1917 659 1955 rerum
688 1902 955 1971 difﬁcilem
996 1901 1414 1971 disputationem.
1448 1900 1714 1955 Caeterum
1744 1901 2075 1970 sapientissi-

489 2006 611 2048 mus
650 1992 732 2047 vir
773 1992 1018 2048 obscuris
1076 1993 1249 2048 lucem
1307 2001 1360 2048 et
1409 1991 1720 2048 difﬁcilibus
1768 1992 2074 2048 facilitatem

488 2092 747 2155 quantum
781 2086 950 2154 potuit
983 2086 1224 2155 ingessit.
1257 2084 1392 2139 Nulli
1443 2099 1574 2140 sane
1622 2084 1789 2139 labori
1840 2087 2078 2154 pepercit

489 2190 597 2246 quo
619 2185 673 2231 et
699 2177 997 2232 clarissime
1023 2185 1075 2232 et
1107 2176 1418 2246 planissime
1462 2175 1800 2245 loqueretur;
1831 2176 2078 2243 precibus

487 2265 649 2322 etiam
681 2269 848 2322 Deum
879 2269 1108 2323 subinde
1139 2267 1360 2336 rogabat
1383 2276 1441 2322 ut
1466 2267 1532 2321 ad
1560 2259 1772 2336 captum
1807 2268 1987 2336 populi
2011 2269 2077 2322 de

490 2359 662 2427 gratia
709 2359 1006 2414 disserendi
1063 2359 1366 2413 facultatem
1413 2357 1515 2412 sibi
1547 2357 1932 2426 impertiretur.
1965 2361 2077 2412 Au-

492 2449 669 2503 diatur
702 2451 751 2504 in
786 2452 1046 2518 prommio
1073 2465 1239 2506 serm.
1265 2450 1332 2503 15
1356 2450 1426 2506 de
1475 2450 1635 2505 Verb.
1665 2450 1927 2520 Apostoli,
1955 2465 2077 2506 cum

500 2542 556 2595 in
604 2541 969 2610 superioribus
1009 2541 1077 2596 de
1121 2542 1239 2612 lt-ge
1276 2551 1330 2597 et
1363 2541 1532 2611 gratia
1577 2540 1693 2596 fuse
1733 2549 2074 2612 perorasset:

503 2653 522 2686 ο
545 2635 704 2690 Verbi
728 2635 842 2701 Dei,
869 2637 1055 2706 inquit,
1077 2636 1304 2691 altitudo
1325 2647 1548 2692 exercet
1573 2635 1830 2703 studium,
1853 2649 1960 2690 non
1986 2634 2079 2690 de-

497 2736 655 2797 negat
686 2726 1041 2784 intellectum.
1068 2726 1124 2781 Si
1147 2725 1326 2782 omnia
1353 2727 1534 2782 clausa
1555 2737 1758 2797 essent,
1784 2725 1914 2781 nihil
1937 2735 2079 2782 esset

497 2819 638 2872 unde
683 2817 1053 2872 revelarentur
1107 2817 1357 2872 obscura.
1413 2817 1619 2873 Rursus
1653 2820 1698 2872 si
1731 2800 1908 2873 omnia
1942 2826 2082 2872 tecta

497 2917 701 2972 essent,
738 2923 842 2960 non
874 2917 1016 2962 esset
1042 2908 1183 2960 unde
1212 2908 1524 2961 alimentum
1553 2907 1728 2961 anima
1756 2905 2075 2974 pertiperet,

496 3008 550 3051 et
582 2997 803 3051 haberet
837 2998 978 3052 vires
1008 2997 1199 3064 quibus
1229 3007 1410 3066 posset
1439 2997 1506 3050 ad
1543 2998 1727 3050 clausa
1758 2999 1989 3064 pulsare.
2020 2998 2076 3050 ln

501 3089 820 3144 lectionibus
867 3089 1177 3154 apostolicis
1222 3087 1611 3157 superioribus,
1655 3103 1787 3156 quas
1829 3090 2075 3144 charitati

2176 1898 2408 1968 iudicas,
2442 1905 2502 1951 ut
2530 1903 2651 1966 post
2682 1895 2872 1962 viginti
2918 1893 3033 1949 fere
3073 1907 3336 1947 annorum
3379 1899 3612 1946 conatus
3639 1904 3771 1944 non-

2179 1992 2306 2047 dum
2351 2004 2502 2046 suam
2545 1988 2867 2044 sententiam
2902 1986 3171 2056 explicare
3201 1985 3467 2054 potuerit,
3501 1992 3622 2048 aut,
3661 1997 3767 2054 quo

2181 2084 2328 2138 solus
2351 2096 2543 2152 sapere
2567 2080 2858 2144 videretur,
2910 2078 3144 2133 noluerit
3186 2085 3332 2130 tanto
3356 2091 3478 2130 cum
3509 2074 3773 2129 Ecclesiae

2181 2175 2348 2229 totius
2399 2172 2763 2228 detrimento?
2802 2169 2910 2226 Sed
2956 2169 3235 2224 videamus
3257 2167 3450 2236 quibus
3479 2182 3774 2236 argumen-

2181 2267 2250 2322 tis
2286 2281 2408 2334 cap.
2452 2265 2515 2333 4,
2560 2265 2596 2320 5
2623 2273 2678 2319 et
2706 2263 2760 2330 6,
2791 2263 3021 2332 probare
3066 2261 3335 2316 recentior
3379 2259 3470 2315 ille
3513 2271 3771 2323 conetur,

2180 2357 2353 2413 sancti
2393 2356 2677 2427 Augustini
2719 2355 3021 2410 doctrinam
3047 2354 3116 2409 de
3141 2351 3314 2423 gratia
3342 2360 3397 2407 et
3424 2351 3598 2407 libero
3622 2352 3775 2407 arbi-

2182 2451 2308 2514 trio,
2342 2461 2444 2502 nec
2481 2461 2587 2502 non
2619 2446 2686 2502 de
2714 2444 3190 2515 praedestinatione
3218 2458 3339 2501 esse
3367 2443 3662 2500 obscuram
3701 2454 3778 2499 at-

2181 2552 2284 2608 que
2317 2536 2612 2592 difﬁcilem.
2636 2537 2870 2607 Opponit
2892 2537 3042 2590 initio
3062 2536 3243 2590 statim
3269 2549 3389 2606 cap.
3414 2533 3469 2602 4,
3495 2549 3622 2606 pag.
3647 2534 3776 2602 590,

2183 2630 2399 2687 Florum
2465 2629 2790 2684 monachum
2850 2629 3263 2683 Adrumetinum
3317 2629 3548 2698 primum
3607 2628 3781 2684 fuisse

2187 2724 2307 2794 qui,
2355 2723 2758 2795 Augustiniana:
2807 2721 3064 2775 doctrina:
3114 2720 3444 2775 obscuritate
3480 2720 3775 2790 deceptus.

2183 2824 2372 2869 contra
2411 2813 2637 2869 liberum
2677 2811 2959 2867 arbitrium
2989 2811 3388 2882 dogmatizarit.
3417 2810 3636 2866 Etenim
3674 2827 3782 2866 non

2184 2906 2490 2975 intelligens
2539 2905 2822 2975 Augustini
2866 2905 3152 2975 epistolam
3189 2904 3255 2958 ad
3298 2904 3531 2970 Sixtum,
3580 2913 3780 2959 contra

2184 2995 2417 3050 hominis
2463 2996 2768 3050 libertatem
2818 3010 2936 3050 eam
2986 2996 3130 3065 loqui
3161 2994 3620 3049 existimabatzat
3660 3009 3781 3050 cum

2183 3087 2377 3154 reliqui
2418 3087 2668 3140 monachi
2704 3089 3009 3155 Oppositum
3041 3085 3408 3151 defenderent,
3440 3102 3525 3141 res
3555 3087 3628 3142 ab
3667 3090 3784 3157 ipso

501 3188 716 3240 vestrae,
749 3186 1004 3246 quantum
1039 3155 1568 3243 Dominusﬁadjuvare
1589 3178 1834 3246 dignatus
1854 3189 1958 3244 est,
1987 3196 2084 3234 ex-
2105 3155 2153 3217 ο
2187 3173 2349 3229 Floro
2395 3175 2620 3242 aliisque
2652 3177 2718 3228 ad
2752 3177 3107 3245 Augustinum
3141 3176 3314 3232 delata
3340 3186 3446 3241 est,
3475 3155 3785 3244 quibusin-

502 3267 797 3334 posuimus,
843 3267 1062 3319 multum
1108 3267 1345 3320 laborem
1386 3277 1441 3322 et
1483 3267 1898 3322 sollicitudinem
1937 3273 2081 3339 passi

513 3373 717 3411 sunms.
766 3358 1238 3425 Cottipatiebamur
1268 3360 1417 3413 vobis
1445 3369 1499 3414 et
1527 3360 1738 3414 solliciti
1769 3377 1984 3418 eramus
2028 3374 2082 3420 et

503 3466 598 3517 pro
630 3453 781 3503 nolitis
810 3462 860 3504 et
893 3466 987 3519 pro
1017 3451 1185 3504 vobis.
1219 3450 1482 3515 Quantum
1513 3461 1690 3506 autem
1720 3453 1967 3507 existimo
1989 3457 2086 3510 ad-

502 3540 636 3607 juvil.
664 3549 714 3593 rt.
747 3556 843 3594 nos
865 3549 915 3594 et
961 3555 1052 3594 vos
1089 3539 1367 3608 Dominus,
1400 3552 1454 3596 et
1486 3556 1547 3596 ea
1577 3557 1698 3612 qua:
1729 3557 1949 3612 prorsus
1977 3545 2085 3600 dif-

505 3628 660 3684 lic-ilia
704 3630 1019 3685 videbantur
1057 3631 1138 3686 sic
1168 3647 1263 3701 per
1305 3647 1405 3686 nos
1444 3633 1683 3688 enodare
1709 3633 1953 3704 dignatus
1982 3645 2084 3705 est,

502 3733 560 3777 nt
584 3722 729 3777 nulla
760 3725 986 3792 quaestio
1017 3733 1322 3779 remaneret
1363 3738 1483 3792 quas
1529 3726 1812 3781 conturbet
1851 3738 2085 3784 mentem

507 3814 669 3881 piam.
722 3813 887 3881 lmpia
931 3814 1072 3867 enim
1105 3829 1257 3869 mens
1286 3813 1401 3866 odit
1429 3815 1592 3868 etiam
1636 3816 1806 3884 ipsum
1841 3819 2088 3874 intellec-

505 3917 617 3958 tum
646 3922 666 3956 ι
699 3914 804 3959 etc.
837 3905 997 3958 Libro
1026 3907 1188 3960 etiam
1220 3907 1380 3960 tertio
1411 3907 1478 3961 de
1513 3919 1854 3975 peccatorum
1885 3912 2089 3968 Meritis

505 4006 560 4048 et
597 3995 961 4059 remisssione,
1007 4010 1129 4062 cap.
1169 3996 1226 4061 2,
1277 3996 1472 4050 futuris
1513 3997 1838 4054 adversariis
1867 4001 1957 4070 qui
1988 4003 2090 4059 sibi

507 4085 755 4152 loquendi
809 4085 1191 4141 obscuritatem
1245 4086 1507 4156 objecturi
1557 4097 1730 4156 erant,
1791 4090 1940 4147 hisce
1995 4109 2090 4151 ora

505 4176 768 4228 obstruxit
794 4191 808 4227 :
843 4192 861 4227 ι
886 4173 1020 4240 Quia
1050 4193 1109 4232 ea
1143 4192 1261 4247 qua:
1291 4194 1387 4246 pro
1413 4188 1599 4234 natura
1625 4183 1978 4250 quaestionum
2010 4185 2092 4238 di-

506 4263 687 4318 lucide
722 4263 865 4319 d=cta
915 4267 1186 4336 existimo,
1234 4269 1409 4324 adhuc
1461 4285 1565 4325 non
1611 4271 1944 4344 intelligunt,
1983 4290 2090 4330 non

508 4357 637 4412 mihi
686 4357 1082 4413 calumnientur
1130 4375 1226 4429 pro
1276 4361 1594 4432 negligentia
1621 4363 1708 4419 vel
1735 4361 1832 4435 p'ro
1858 4380 1992 4420 mea:
2017 4367 2093 4421 fa-

506 4450 721 4505 cultatis
768 4448 1083 4518 indigentia,
1117 4450 1211 4504 sed
1245 4451 1412 4506 Deum
1440 4453 1616 4521 potius
1647 4469 1745 4524 pro
1783 4456 2093 4525 accipienda

2187 3264 2469 3319 struendis
2499 3275 2717 3319 sanctus
2753 3265 2943 3320 doctor
2968 3270 3120 3322 binas
3149 3268 3214 3322 ad
3249 3267 3586 3322 Valentinum
3621 3269 3787 3324 abba-

2187 3364 2297 3410 tem
2328 3356 2532 3410 litteras
2559 3355 2726 3420 dedit,
2756 3356 2939 3410 addito
2967 3360 3127 3413 etiam
3156 3359 3293 3413 libro
3321 3359 3387 3414 de
3414 3357 3596 3413 Gratia
3635 3370 3704 3415 et
3730 3361 3788 3414 li-

2188 3447 2320 3503 bero
2346 3447 2593 3515 arbitrio,
2626 3447 2904 3517 alteroque
2928 3448 2997 3504 de
3027 3449 3383 3520 Correptione
3419 3458 3475 3506 et
3501 3451 3715 3520 gratia,
3741 3453 3790 3506 in

2187 3541 2382 3610 quibus
2407 3555 2470 3595 ea
2497 3555 2617 3611 quae
2646 3540 2931 3595 obscurius
2961 3542 3014 3596 in
3042 3543 3271 3610 epistola
3298 3544 3366 3598 ad
3388 3545 3601 3600 Sixtum
3635 3545 3792 3601 dixe.

2189 3645 2294 3702 rat,
2319 3634 2522 3689 clarius
2545 3633 2820 3703 explicuit.
2853 3632 3052 3688 Verum
3081 3643 3368 3702 antequam
3392 3648 3609 3703 pravam
3642 3635 3792 3690 illius

2189 3727 2432 3797 epistolae
2455 3727 2862 3795 intelligentiam
2896 3741 2999 3779 non
3023 3740 3086 3780 ex
3111 3726 3391 3794 Augustini
3421 3727 3788 3795 obscuritate,

2189 3817 2284 3871 sed
2305 3833 2370 3872 ex
2399 3817 2659 3870 lectorum
2690 3816 2907 3880 duritie,
2939 3825 2995 3869 ut
3029 3815 3282 3870 Victorini
3316 3818 3495 3872 verbis
3518 3827 3680 3883 utar,
3707 3820 3791 3875 de—

2191 3907 2394 3962 rivasse
2423 3905 2727 3975 ostendam,
2774 3906 2964 3975 Supina
3012 3905 3199 3960 Adatni
3255 3907 3307 3958 in
3352 3906 3675 3976 Augustino
3722 3914 3790 3966 le-

2192 3997 2369 4067 gendo
2394 3997 2598 4051 incuria
2619 3996 2928 4065 castiganda
2960 4006 3062 4062 est,
3091 3994 3423 4064 quiFlorum
3453 4001 3788 4054 monachum

2194 4091 2336 4146 haud
2365 4099 2569 4146 rectum
2613 4089 2758 4143 illius
2789 4088 3032 4157 epistola:
3059 4102 3276 4142 sensum
3311 4088 3550 4142 tenuisse
3573 4091 3788 4145 calum-

2195 4184 2396 4250 niatur,
2445 4196 2567 4236 cum
2613 4189 2798 4251 aperte
2846 4179 3174 4249 Augustinus
3204 4179 3352 4233 illum
3387 4179 3600 4248 quidem
3637 4190 3790 4235 recte

2194 4273 2430 4329 sensisse
2461 4281 2709 4339 testetur,
2735 4270 2830 4326 sed
2857 4286 2962 4325 non
2994 4270 3156 4324 fuisse
3179 4268 3247 4324 ab
3274 4269 3393 4324 aliis
3424 4269 3788 4336 intellectum,

2196 4364 2269 4417 ita
2290 4363 2432 4418 enim
2453 4362 2520 4415 ad
2543 4361 2837 4416 monachos
2859 4359 2980 4416 illos
2999 4360 3186 4416 scribit
3213 4374 3334 4428 cap.
3375 4359 3398 4414 1
3433 4359 3501 4413 de
3526 4359 3786 4430 Corrept.

2199 4466 2255 4512 et
2277 4465 2418 4526 grat.
2446 4472 2459 4508 :
2494 4473 2513 4507 ι
2539 4455 2687 4509 Hanc
2709 4454 2893 4518 ﬁdem,
2920 4469 3039 4523 qua:
3070 4454 3188 4508 sine
3211 4452 3374 4508 dubio
3402 4467 3546 4517 vera,
3578 4460 3633 4508 et
3667 4470 3790 4523 pro.

509 4539 857 4609 intelligentia
884 4540 1260 4608 deprecentur.
1291 4560 1311 4594 ι
1346 4541 1416 4596 Et
1439 4543 1654 4612 quidem
1681 4544 1802 4600 libri
1827 4546 1914 4600 isti
1939 4548 2094 4615 primi
2121 4529 2172 4589 Ῐ)
2199 4548 2433 4618 phetica,
2459 4558 2512 4601 et
2539 4546 2835 4615 apostolica
2859 4545 2990 4601 ﬁdes
3013 4554 3114 4609 est,
3144 4545 3304 4600 etiam
3328 4545 3380 4600 in
3407 4544 3569 4598 fratre
3601 4559 3787 4601 nosuo

511 4632 660 4688 fuere
705 4633 845 4687 inter
871 4646 966 4687 eos
995 4647 1128 4701 quos
1157 4647 1316 4702 supra
1348 4635 1562 4704 triginta
1597 4650 1692 4702 pro
1722 4635 1894 4690 divina
1925 4640 2094 4705 gratia

511 4721 798 4778 asserenda
821 4722 1075 4778 adversus
1097 4721 1336 4792 ejusdem
1355 4724 1532 4779 hostes
1555 4725 1903 4780 elucubravit.
1920 4728 2096 4794 Quare

511 4830 635 4869 cum
663 4815 989 4883 Augustinus
1019 4814 1104 4870 vel
1135 4815 1286 4870 initio
1316 4815 1690 4885 disputationis
1720 4832 1909 4874 recens
1940 4835 2096 4874 exor-

509 4916 601 4968 ιω,
633 4905 863 4976 indeque
892 4907 1022 4960 satis
1075 4907 1316 4962 obscura:
1343 4921 1405 4962 ac
1458 4907 1716 4974 dilﬁcilis,
1755 4908 1991 4967 dilucide
2032 4927 2094 4967 se

508 4996 746 5052 locutum
777 4999 993 5067 dixerit,
1022 5017 1157 5071 quos
1186 5001 1499 5058 clarissimas
1527 5002 1786 5060 doctrinae
1825 5005 2006 5062 radios
2031 5021 2094 5062 re

509 5091 644 5146 satis
689 5104 956 5160 superque
994 5102 1071 5146 tot
1101 5110 1362 5150 annorum
1389 5095 1585 5164 spatio,
1619 5104 1698 5152 tot
1729 5097 1956 5167 publicis
1986 5098 2097 5168 pri-

512 5179 763 5248 vatisque
791 5182 1193 5249 congressibus,
1235 5194 1313 5240 tot
1337 5185 1570 5257 denique
1598 5186 1957 5244 voluminibus
1982 5188 2096 5257 epi-

413 5347 416 5350 .
508 5271 770 5342 stolisque
793 5269 1034 5325 discussa
1062 5280 1225 5342 atque
1253 5276 1520 5345 explicata
1550 5278 1814 5347 sparsisse
1836 5278 2094 5334 dicendus

510 5366 640 5424 est?
670 5364 810 5421 Sane
836 5375 961 5418 cum
988 5360 1229 5419 Julianus
1257 5377 1447 5436 sancto
1475 5367 1683 5424 doctori
1712 5369 2095 5426 obscuritatem

506 5462 860 5532 obiectasset,
912 5458 1080 5515 hocce
1115 5459 1184 5514 ab
1222 5461 1522 5533 Augustino
1563 5476 1881 5533 responsum
1932 5461 2094 5518 tulit:

516 5573 537 5606 ι
561 5555 695 5619 Quia
718 5555 969 5611 tenebras
991 5562 1198 5610 vestras
1226 5553 1570 5625 redarguunt,
1598 5555 1750 5611 vobis
1783 5553 1955 5610 lucida
1987 5568 2098 5610 non

511 5642 780 5711 videntur,
810 5655 865 5701 et
892 5660 1224 5718 quaecunque
1254 5646 1407 5702 vobis
1437 5659 1528 5704 sua
1561 5647 1804 5702 radiante
1833 5647 1950 5703 luce
1977 5660 2094 5701 mo-

511 5733 650 5787 lesta
692 5743 835 5801 sunt,
866 5744 1052 5790 contra
1087 5737 1174 5792 illa
1204 5751 1298 5792 cor
1327 5736 1596 5804 clauditis,
1625 5751 1692 5793 ne
1725 5736 1847 5793 inde
1881 5751 1984 5793 nox
2013 5736 2095 5794 fu-

2200 4640 2361 4694 Floro
2391 4638 2662 4691 invenisse
2707 4652 2792 4690 me
2837 4636 3064 4706 gaudeo,
3113 4637 3254 4692 unde
3294 4636 3348 4691 hi
3393 4637 3568 4705 potius
3615 4638 3788 4693 corri-

2199 4728 2358 4799 gendi
2379 4736 2526 4793 sunt,
2559 4742 2694 4797 quos
2719 4727 2935 4796 quidem
2964 4729 3196 4797 propitio
3223 4728 3333 4783 Deo
3364 4736 3640 4784 correctos
3670 4742 3787 4784 esse

2195 4820 2307 4889 jam
2351 4820 2627 4882 existimo,
2675 4818 2767 4887 qui
2808 4833 2931 4872 eum
2973 4833 3080 4872 non
3131 4819 3518 4889 intelligebant.
3546 4836 3567 4870 ι
3604 4817 3787 4886 Itaque

2203 4908 2455 4964 monachi
2488 4909 2706 4978 quidam
2736 4910 2909 4963 sancti
2932 4907 3172 4963 doctoris
3196 4910 3475 4978 epistolam
3501 4922 3609 4963 uon
3639 4909 3787 4963 intel-

2199 5002 2454 5072 ligebant,
2486 5002 2642 5071 cujus
2674 5011 2851 5056 tamen
2879 5016 3097 5057 sensum
3125 5001 3327 5072 optime
3352 5001 3544 5058 Florus
3572 5016 3785 5057 assecu-

2201 5103 2311 5162 tus,
2337 5093 2557 5147 nihilex
2581 5092 2856 5161 Augustini
2883 5093 3065 5148 verbis
3089 5093 3433 5149 obscuritatis
3462 5105 3652 5160 passus
3684 5098 3782 5145 est.

2202 5187 2356 5242 Unde
2381 5200 2539 5255 prava
2563 5185 2778 5240 illorum
2803 5185 3153 5256 intelligentia
3179 5201 3285 5242 non
3310 5185 3600 5256 Augustini
3632 5183 3776 5248 vitio,

2201 5276 2343 5348 quod
2375 5277 2608 5330 noluerit
2624 5287 2716 5331 aut
2736 5291 2844 5331 non
2867 5278 3104 5344 potuerit
3116 5277 3270 5334 clare
3291 5274 3786 5346 IMMGSI.

2204 5367 2303 5424 sed
2330 5367 2494 5422 debili
2519 5367 2906 5423 modum
2931 5369 3129 5438 capturi,
3159 5367 3250 5439 qui
3281 5368 3515 5424 necdum
3539 5364 3788 5435 Augusti

2206 5459 2418 5515 nianam
2449 5458 2728 5530 epistolam
2756 5473 2862 5514 non
2896 5459 3280 5530 percipiebant,
3311 5457 3408 5515 sed
3435 5473 3534 5516 nec
3563 5457 3780 5514 Florum

2204 5547 2451 5608 eamdem
2503 5549 2745 5618 pluribus
2774 5549 3133 5620 explicantem
3163 5549 3554 5621 intelligebant.
3582 5545 3687 5604 Sed
3714 5543 3782 5599 de

2204 5640 2288 5696 bis
2317 5639 2487 5695 fusius
2509 5639 2740 5698 diximus
2767 5639 2861 5698 lib.
2895 5656 2911 5698 ι
2941 5640 3079 5699 Hist.
3105 5641 3312 5713 Pelag.,
3343 5655 3464 5712 cap.
3486 5638 3579 5708 23,
3607 5646 3664 5696 et
3689 5635 3776 5692 lib.

2203 5750 2260 5806 ιι,
2293 5749 2410 5806 cap.
2445 5735 2528 5791 15.
