  <div class='ocr_page' id='page_1' title='image "/cluster/home/n/w/nwhite01/storage/ocr_20150623/47/uva.x000827107/298.png"; bbox 0 0 3892 6334; ppageno 0'>
   <div class='ocr_carea' id='block_1_1' title="bbox 110 332 193 388">
    <p class='ocr_par' dir='ltr' id='par_1_1' title="bbox 110 332 193 388">
     <span class='ocr_line' id='line_1_1' title="bbox 110 332 193 388; baseline 0.024 -2"><span class='ocrx_word' id='word_1_1' title='bbox 110 332 193 388; x_wconf 64' lang='grc'><strong>581</strong></span> 
     </span>
    </p>
   </div>
   <div class='ocr_carea' id='block_1_2' title="bbox 1292 314 2214 374">
    <p class='ocr_par' dir='ltr' id='par_1_2' title="bbox 1292 314 2214 374">
     <span class='ocr_line' id='line_1_2' title="bbox 1292 314 2214 374; baseline -0.002 0"><span class='ocrx_word' id='word_1_2' title='bbox 1292 315 1612 374; x_wconf 65' lang='lat' dir='ltr'><strong>Vl-NDICUE</strong></span> <span class='ocrx_word' id='word_1_3' title='bbox 1653 314 2214 373; x_wconf 71' lang='lat' dir='ltr'><strong>AUGUSTINIAN/E.</strong></span> 
     </span>
    </p>
   </div>
   <div class='ocr_carea' id='block_1_3' title="bbox 3251 314 3355 370">
    <p class='ocr_par' dir='ltr' id='par_1_3' title="bbox 3251 314 3355 370">
     <span class='ocr_line' id='line_1_3' title="bbox 3251 314 3355 370; baseline -0.019 0"><span class='ocrx_word' id='word_1_4' title='bbox 3251 314 3355 370; x_wconf 71' lang='lat'><strong>589</strong></span> 
     </span>
    </p>
   </div>
   <div class='ocr_carea' id='block_1_4' title="bbox 73 429 3346 507">
    <p class='ocr_par' dir='ltr' id='par_1_4' title="bbox 73 429 3346 507">
     <span class='ocr_line' id='line_1_4' title="bbox 73 429 3346 507; baseline -0.004 -6"><span class='ocrx_word' id='word_1_5' title='bbox 73 467 84 501; x_wconf 70' lang='lat' dir='ltr'><strong>i</strong></span> <span class='ocrx_word' id='word_1_6' title='bbox 167 443 312 500; x_wconf 78' lang='lat' dir='ltr'><strong>Addit</strong></span> <span class='ocrx_word' id='word_1_7' title='bbox 336 440 568 495; x_wconf 86' lang='lat' dir='ltr'><strong>Adamus</strong></span> <span class='ocrx_word' id='word_1_8' title='bbox 592 453 710 507; x_wconf 90' lang='lat' dir='ltr'><strong>pag.</strong></span> <span class='ocrx_word' id='word_1_9' title='bbox 743 435 844 492; x_wconf 74' lang='grc'><strong>591</strong></span> <span class='ocrx_word' id='word_1_10' title='bbox 880 452 894 490; x_wconf 87' lang='lat'><strong>:</strong></span> <span class='ocrx_word' id='word_1_11' title='bbox 923 453 940 486; x_wconf 72' lang='grc' dir='ltr'>ι</span> <span class='ocrx_word' id='word_1_12' title='bbox 973 432 1082 488; x_wconf 83' lang='lat' dir='ltr'><strong>Hos</strong></span> <span class='ocrx_word' id='word_1_13' title='bbox 1111 432 1315 501; x_wconf 85' lang='lat' dir='ltr'><strong>primos</strong></span> <span class='ocrx_word' id='word_1_14' title='bbox 1337 430 1477 500; x_wconf 90' lang='lat' dir='ltr'><strong>apud</strong></span> <span class='ocrx_word' id='word_1_15' title='bbox 1512 429 1654 483; x_wconf 87' lang='lat' dir='ltr'><strong>Afri-</strong></span> <span class='ocrx_word' id='word_1_16' title='bbox 1681 433 1731 492; x_wconf 78' lang='grc' dir='ltr'><strong>Α</strong></span> <span class='ocrx_word' id='word_1_17' title='bbox 1759 431 1918 484; x_wconf 82' lang='lat' dir='ltr'><strong>sionis</strong></span> <span class='ocrx_word' id='word_1_18' title='bbox 1948 432 2160 485; x_wconf 81' lang='lat' dir='ltr'><strong>obscuro</strong></span> <span class='ocrx_word' id='word_1_19' title='bbox 2198 430 2473 502; x_wconf 79' lang='lat' dir='ltr'><strong>impeditos</strong></span> <span class='ocrx_word' id='word_1_20' title='bbox 2515 431 2794 499; x_wconf 76' lang='lat' dir='ltr'><strong>Augustini</strong></span> <span class='ocrx_word' id='word_1_21' title='bbox 2820 431 3120 487; x_wconf 79' lang='lat' dir='ltr'><strong>doctrinam</strong></span> <span class='ocrx_word' id='word_1_22' title='bbox 3159 444 3346 502; x_wconf 86' lang='lat' dir='ltr'><strong>aperte</strong></span> 
     </span>
    </p>
   </div>
   <div class='ocr_carea' id='block_1_5' title="bbox 107 520 1662 599">
    <p class='ocr_par' dir='ltr' id='par_1_5' title="bbox 107 520 1662 599">
     <span class='ocr_line' id='line_1_5' title="bbox 107 520 1662 599; baseline -0.014 -6"><span class='ocrx_word' id='word_1_23' title='bbox 107 553 207 593; x_wconf 83' lang='lat' dir='ltr'><strong>caui</strong></span> <span class='ocrx_word' id='word_1_24' title='bbox 249 541 416 587; x_wconf 90' lang='lat' dir='ltr'><strong>motus</strong></span> <span class='ocrx_word' id='word_1_25' title='bbox 460 545 527 586; x_wconf 80' lang='lat' dir='ltr'><strong>ex</strong></span> <span class='ocrx_word' id='word_1_26' title='bbox 568 527 971 599; x_wconf 84' lang='lat' dir='ltr'><strong>Augustinianae</strong></span> <span class='ocrx_word' id='word_1_27' title='bbox 1015 521 1274 578; x_wconf 74' lang='lat' dir='ltr'><strong>doctrina:</strong></span> <span class='ocrx_word' id='word_1_28' title='bbox 1331 520 1662 574; x_wconf 81' lang='lat' dir='ltr'><strong>obscuritate</strong></span> 
     </span>
    </p>
   </div>
   <div class='ocr_carea' id='block_1_6' title="bbox 106 609 1661 686">
    <p class='ocr_par' dir='ltr' id='par_1_6' title="bbox 106 609 1661 686">
     <span class='ocr_line' id='line_1_6' title="bbox 106 609 1661 686; baseline -0.012 -5"><span class='ocrx_word' id='word_1_29' title='bbox 106 637 237 681; x_wconf 86' lang='lat' dir='ltr'><strong>ortos</strong></span> <span class='ocrx_word' id='word_1_30' title='bbox 284 622 533 686; x_wconf 86' lang='lat' dir='ltr'><strong>Gallicani</strong></span> <span class='ocrx_word' id='word_1_31' title='bbox 580 620 840 674; x_wconf 87' lang='lat' dir='ltr'><strong>tumultus</strong></span> <span class='ocrx_word' id='word_1_32' title='bbox 879 615 1149 672; x_wconf 86' lang='lat' dir='ltr'><strong>consecuti</strong></span> <span class='ocrx_word' id='word_1_33' title='bbox 1200 620 1345 667; x_wconf 91' lang='lat' dir='ltr'><strong>sunt.</strong></span> <span class='ocrx_word' id='word_1_34' title='bbox 1376 611 1488 665; x_wconf 82' lang='lat' dir='ltr'><strong>Viri</strong></span> <span class='ocrx_word' id='word_1_35' title='bbox 1517 609 1661 664; x_wconf 90' lang='lat' dir='ltr'><strong>enim</strong></span> 
     </span>
    </p>
   </div>
   <div class='ocr_carea' id='block_1_7' title="bbox 107 697 1664 783">
    <p class='ocr_par' dir='ltr' id='par_1_7' title="bbox 107 697 1664 783">
     <span class='ocr_line' id='line_1_7' title="bbox 107 697 1664 783; baseline -0.013 -12"><span class='ocrx_word' id='word_1_36' title='bbox 107 727 204 771; x_wconf 90' lang='lat' dir='ltr'><strong>tum</strong></span> <span class='ocrx_word' id='word_1_37' title='bbox 232 712 421 783; x_wconf 81' lang='lat' dir='ltr'><strong>pietate</strong></span> <span class='ocrx_word' id='word_1_38' title='bbox 453 722 561 764; x_wconf 92' lang='lat' dir='ltr'><strong>tum</strong></span> <span class='ocrx_word' id='word_1_39' title='bbox 602 709 843 763; x_wconf 89' lang='lat' dir='ltr'><strong>doctrina</strong></span> <span class='ocrx_word' id='word_1_40' title='bbox 875 705 1109 774; x_wconf 79' lang='lat' dir='ltr'><strong>insignes</strong></span> <span class='ocrx_word' id='word_1_41' title='bbox 1149 700 1398 756; x_wconf 66' lang='lat' dir='ltr'><strong>Massiliae</strong></span> <span class='ocrx_word' id='word_1_42' title='bbox 1446 708 1501 755; x_wconf 89' lang='lat' dir='ltr'><strong>et</strong></span> <span class='ocrx_word' id='word_1_43' title='bbox 1523 697 1664 766; x_wconf 90' lang='lat' dir='ltr'><strong>apud</strong></span> 
     </span>
    </p>
   </div>
   <div class='ocr_carea' id='block_1_8' title="bbox 109 788 1665 868">
    <p class='ocr_par' dir='ltr' id='par_1_8' title="bbox 109 788 1665 868">
     <span class='ocr_line' id='line_1_8' title="bbox 109 788 1665 868; baseline -0.011 -10"><span class='ocrx_word' id='word_1_44' title='bbox 109 804 290 858; x_wconf 86' lang='lat' dir='ltr'><strong>vicinas</strong></span> <span class='ocrx_word' id='word_1_45' title='bbox 335 800 558 865; x_wconf 86' lang='lat' dir='ltr'><strong>insulas,</strong></span> <span class='ocrx_word' id='word_1_46' title='bbox 601 812 743 868; x_wconf 69' lang='lat' dir='ltr'><strong>mgre</strong></span> <span class='ocrx_word' id='word_1_47' title='bbox 786 795 1033 852; x_wconf 89' lang='lat' dir='ltr'><strong>ferebant</strong></span> <span class='ocrx_word' id='word_1_48' title='bbox 1072 792 1423 862; x_wconf 75' lang='lat' dir='ltr'><strong>Augustinum</strong></span> <span class='ocrx_word' id='word_1_49' title='bbox 1448 834 1463 858; x_wconf 95' lang='lat'><strong>,</strong></span> <span class='ocrx_word' id='word_1_50' title='bbox 1511 788 1665 858; x_wconf 85' lang='lat' dir='ltr'><strong>cujus</strong></span> 
     </span>
    </p>
   </div>
   <div class='ocr_carea' id='block_1_9' title="bbox 109 880 1667 963">
    <p class='ocr_par' dir='ltr' id='par_1_9' title="bbox 109 880 1667 963">
     <span class='ocr_line' id='line_1_9' title="bbox 109 880 1667 963; baseline -0.008 -16"><span class='ocrx_word' id='word_1_51' title='bbox 109 904 279 963; x_wconf 84' lang='lat' dir='ltr'><strong>magna</strong></span> <span class='ocrx_word' id='word_1_52' title='bbox 311 890 361 944; x_wconf 93' lang='lat' dir='ltr'><strong>in</strong></span> <span class='ocrx_word' id='word_1_53' title='bbox 394 889 633 946; x_wconf 82' lang='lat' dir='ltr'><strong>Ecclesia</strong></span> <span class='ocrx_word' id='word_1_54' title='bbox 657 885 944 942; x_wconf 61' lang='lat' dir='ltr'><strong>estimatio</strong></span> <span class='ocrx_word' id='word_1_55' title='bbox 961 893 1100 950; x_wconf 90' lang='lat' dir='ltr'><strong>erat,</strong></span> <span class='ocrx_word' id='word_1_56' title='bbox 1131 882 1387 937; x_wconf 91' lang='lat' dir='ltr'><strong>nonnulla</strong></span> <span class='ocrx_word' id='word_1_57' title='bbox 1417 880 1667 936; x_wconf 86' lang='lat' dir='ltr'><strong>docuisse</strong></span> 
     </span>
    </p>
   </div>
   <div class='ocr_carea' id='block_1_10' title="bbox 103 969 1666 1052">
    <p class='ocr_par' dir='ltr' id='par_1_10' title="bbox 103 969 1666 1052">
     <span class='ocr_line' id='line_1_10' title="bbox 103 969 1666 1052; baseline -0.006 -18"><span class='ocrx_word' id='word_1_58' title='bbox 103 997 209 1052; x_wconf 78' lang='lat' dir='ltr'><strong>qua:</strong></span> <span class='ocrx_word' id='word_1_59' title='bbox 237 979 302 1035; x_wconf 88' lang='lat' dir='ltr'><strong>ob</strong></span> <span class='ocrx_word' id='word_1_60' title='bbox 329 977 708 1034; x_wconf 84' lang='lat' dir='ltr'><strong>obscuritatem</strong></span> <span class='ocrx_word' id='word_1_61' title='bbox 757 972 1355 1030; x_wconf 71' lang='lat' dir='ltr'><strong>Praedestinatianorum</strong></span> <span class='ocrx_word' id='word_1_62' title='bbox 1390 969 1578 1024; x_wconf 80' lang='lat' dir='ltr'><strong>haeresi</strong></span> <span class='ocrx_word' id='word_1_63' title='bbox 1604 984 1666 1024; x_wconf 83' lang='lat' dir='ltr'><strong>ea</strong></span> 
     </span>
    </p>
   </div>
   <div class='ocr_carea' id='block_1_11' title="bbox 105 1060 1668 1140">
    <p class='ocr_par' dir='ltr' id='par_1_11' title="bbox 105 1060 1668 1140">
     <span class='ocr_line' id='line_1_11' title="bbox 105 1060 1668 1140; baseline -0.008 -14"><span class='ocrx_word' id='word_1_64' title='bbox 105 1075 398 1140; x_wconf 88' lang='lat' dir='ltr'><strong>tempestate</strong></span> <span class='ocrx_word' id='word_1_65' title='bbox 416 1083 507 1138; x_wconf 90' lang='lat' dir='ltr'><strong>per</strong></span> <span class='ocrx_word' id='word_1_66' title='bbox 537 1066 736 1122; x_wconf 89' lang='lat' dir='ltr'><strong>Gallias</strong></span> <span class='ocrx_word' id='word_1_67' title='bbox 765 1065 1008 1136; x_wconf 89' lang='lat' dir='ltr'><strong>gliscenti</strong></span> <span class='ocrx_word' id='word_1_68' title='bbox 1039 1062 1277 1117; x_wconf 76' lang='lat' dir='ltr'><strong>favorem</strong></span> <span class='ocrx_word' id='word_1_69' title='bbox 1319 1060 1560 1130; x_wconf 70' lang='lat' dir='ltr'><strong>praebere</strong></span> <span class='ocrx_word' id='word_1_70' title='bbox 1590 1061 1668 1114; x_wconf 89' lang='lat' dir='ltr'><strong>vi-</strong></span> 
     </span>
    </p>
   </div>
   <div class='ocr_carea' id='block_1_12' title="bbox 107 1151 1668 1217">
    <p class='ocr_par' dir='ltr' id='par_1_12' title="bbox 107 1151 1668 1217">
     <span class='ocr_line' id='line_1_12' title="bbox 107 1151 1668 1217; baseline -0.009 -1"><span class='ocrx_word' id='word_1_71' title='bbox 107 1162 368 1217; x_wconf 88' lang='lat' dir='ltr'><strong>debantur.</strong></span> <span class='ocrx_word' id='word_1_72' title='bbox 413 1159 579 1212; x_wconf 89' lang='lat' dir='ltr'><strong>Porro</strong></span> <span class='ocrx_word' id='word_1_73' title='bbox 649 1171 769 1212; x_wconf 90' lang='lat' dir='ltr'><strong>cum</strong></span> <span class='ocrx_word' id='word_1_74' title='bbox 843 1155 958 1209; x_wconf 61' lang='lat' dir='ltr'><strong>huic</strong></span> <span class='ocrx_word' id='word_1_75' title='bbox 1019 1153 1177 1208; x_wconf 90' lang='lat' dir='ltr'><strong>latius</strong></span> <span class='ocrx_word' id='word_1_76' title='bbox 1242 1151 1668 1215; x_wconf 84' lang='lat' dir='ltr'><strong>diffamarentur,</strong></span> 
     </span>
    </p>
   </div>
   <div class='ocr_carea' id='block_1_13' title="bbox 107 1241 1669 1322">
    <p class='ocr_par' dir='ltr' id='par_1_13' title="bbox 107 1241 1669 1322">
     <span class='ocr_line' id='line_1_13' title="bbox 107 1241 1669 1322; baseline -0.012 -11"><span class='ocrx_word' id='word_1_77' title='bbox 107 1255 322 1322; x_wconf 81' lang='lat' dir='ltr'><strong>Prosper</strong></span> <span class='ocrx_word' id='word_1_78' title='bbox 367 1257 424 1306; x_wconf 90' lang='lat' dir='ltr'><strong>et</strong></span> <span class='ocrx_word' id='word_1_79' title='bbox 468 1249 701 1304; x_wconf 87' lang='lat' dir='ltr'><strong>Hilarius</strong></span> <span class='ocrx_word' id='word_1_80' title='bbox 745 1247 814 1302; x_wconf 87' lang='lat' dir='ltr'><strong>de</strong></span> <span class='ocrx_word' id='word_1_81' title='bbox 846 1248 927 1300; x_wconf 87' lang='lat' dir='ltr'><strong>bis</strong></span> <span class='ocrx_word' id='word_1_82' title='bbox 974 1243 1330 1315; x_wconf 81' lang='lat' dir='ltr'><strong>Augustinum</strong></span> <span class='ocrx_word' id='word_1_83' title='bbox 1363 1256 1455 1311; x_wconf 89' lang='lat' dir='ltr'><strong>per</strong></span> <span class='ocrx_word' id='word_1_84' title='bbox 1486 1241 1669 1295; x_wconf 84' lang='lat' dir='ltr'><strong>literas</strong></span> 
     </span>
    </p>
   </div>
   <div class='ocr_carea' id='block_1_14' title="bbox 106 1337 1673 1408">
    <p class='ocr_par' dir='ltr' id='par_1_14' title="bbox 106 1337 1673 1408">
     <span class='ocr_line' id='line_1_14' title="bbox 106 1337 1673 1408; baseline -0.008 -8"><span class='ocrx_word' id='word_1_85' title='bbox 106 1346 374 1400; x_wconf 82' lang='lat' dir='ltr'><strong>certiorem</strong></span> <span class='ocrx_word' id='word_1_86' title='bbox 405 1340 711 1406; x_wconf 87' lang='lat' dir='ltr'><strong>reddidere,</strong></span> <span class='ocrx_word' id='word_1_87' title='bbox 754 1352 859 1408; x_wconf 94' lang='lat' dir='ltr'><strong>quo</strong></span> <span class='ocrx_word' id='word_1_88' title='bbox 885 1337 1082 1392; x_wconf 91' lang='lat' dir='ltr'><strong>clarius</strong></span> <span class='ocrx_word' id='word_1_89' title='bbox 1108 1350 1259 1389; x_wconf 90' lang='lat' dir='ltr'><strong>suam</strong></span> <span class='ocrx_word' id='word_1_90' title='bbox 1289 1342 1520 1388; x_wconf 90' lang='lat' dir='ltr'><strong>mentem</strong></span> <span class='ocrx_word' id='word_1_91' title='bbox 1545 1346 1673 1400; x_wconf 87' lang='lat' dir='ltr'><strong>ape-</strong></span> 
     </span>
    </p>
   </div>
   <div class='ocr_carea' id='block_1_15' title="bbox 99 1421 1673 1490">
    <p class='ocr_par' dir='ltr' id='par_1_15' title="bbox 99 1421 1673 1490">
     <span class='ocr_line' id='line_1_15' title="bbox 99 1421 1673 1490; baseline -0.01 0"><span class='ocrx_word' id='word_1_92' title='bbox 99 1439 235 1490; x_wconf 88' lang='lat' dir='ltr'><strong>riret.</strong></span> <span class='ocrx_word' id='word_1_93' title='bbox 265 1448 286 1486; x_wconf 75' lang='lat' dir='ltr'><strong>s</strong></span> <span class='ocrx_word' id='word_1_94' title='bbox 323 1431 551 1485; x_wconf 85' lang='lat' dir='ltr'><strong>Fabulas</strong></span> <span class='ocrx_word' id='word_1_95' title='bbox 577 1430 748 1484; x_wconf 89' lang='lat' dir='ltr'><strong>bellas</strong></span> <span class='ocrx_word' id='word_1_96' title='bbox 777 1429 941 1482; x_wconf 84' lang='lat' dir='ltr'><strong>neotit</strong></span> <span class='ocrx_word' id='word_1_97' title='bbox 969 1428 1056 1480; x_wconf 89' lang='lat' dir='ltr'><strong>hic</strong></span> <span class='ocrx_word' id='word_1_98' title='bbox 1094 1427 1355 1489; x_wconf 79' lang='lat' dir='ltr'><strong>scriptor;</strong></span> <span class='ocrx_word' id='word_1_99' title='bbox 1389 1438 1511 1476; x_wconf 89' lang='lat' dir='ltr'><strong>nam</strong></span> <span class='ocrx_word' id='word_1_100' title='bbox 1541 1421 1577 1475; x_wconf 91' lang='lat' dir='ltr'><strong>ii</strong></span> <span class='ocrx_word' id='word_1_101' title='bbox 1606 1421 1673 1476; x_wconf 91' lang='lat' dir='ltr'><strong>de</strong></span> 
     </span>
    </p>
   </div>
   <div class='ocr_carea' id='block_1_16' title="bbox 97 1513 1670 1593">
    <p class='ocr_par' dir='ltr' id='par_1_16' title="bbox 97 1513 1670 1593">
     <span class='ocr_line' id='line_1_16' title="bbox 97 1513 1670 1593; baseline -0.009 -16"><span class='ocrx_word' id='word_1_102' title='bbox 97 1525 278 1593; x_wconf 89' lang='lat' dir='ltr'><strong>quibus</strong></span> <span class='ocrx_word' id='word_1_103' title='bbox 305 1523 536 1590; x_wconf 81' lang='lat' dir='ltr'><strong>Prosper</strong></span> <span class='ocrx_word' id='word_1_104' title='bbox 565 1529 620 1574; x_wconf 92' lang='lat' dir='ltr'><strong>et</strong></span> <span class='ocrx_word' id='word_1_105' title='bbox 650 1518 883 1572; x_wconf 85' lang='lat' dir='ltr'><strong>Hilarius</strong></span> <span class='ocrx_word' id='word_1_106' title='bbox 913 1517 978 1570; x_wconf 91' lang='lat' dir='ltr'><strong>ad</strong></span> <span class='ocrx_word' id='word_1_107' title='bbox 1007 1516 1358 1582; x_wconf 80' lang='lat' dir='ltr'><strong>Augustinum</strong></span> <span class='ocrx_word' id='word_1_108' title='bbox 1386 1513 1670 1580; x_wconf 89' lang='lat' dir='ltr'><strong>scribunt,</strong></span> 
     </span>
    </p>
   </div>
   <div class='ocr_carea' id='block_1_17' title="bbox 95 1602 1672 1683">
    <p class='ocr_par' dir='ltr' id='par_1_17' title="bbox 95 1602 1672 1683">
     <span class='ocr_line' id='line_1_17' title="bbox 95 1602 1672 1683; baseline -0.008 -14"><span class='ocrx_word' id='word_1_109' title='bbox 95 1628 423 1683; x_wconf 81' lang='lat' dir='ltr'><strong>nequaquam</strong></span> <span class='ocrx_word' id='word_1_110' title='bbox 455 1611 603 1664; x_wconf 91' lang='lat' dir='ltr'><strong>fuere</strong></span> <span class='ocrx_word' id='word_1_111' title='bbox 634 1607 1092 1664; x_wconf 73' lang='lat' dir='ltr'><strong>Przedestiuatiani</strong></span> <span class='ocrx_word' id='word_1_112' title='bbox 1118 1645 1133 1670; x_wconf 95' lang='lat'><strong>,</strong></span> <span class='ocrx_word' id='word_1_113' title='bbox 1164 1605 1252 1674; x_wconf 91' lang='lat' dir='ltr'><strong>qui</strong></span> <span class='ocrx_word' id='word_1_114' title='bbox 1299 1620 1362 1658; x_wconf 83' lang='lat' dir='ltr'><strong>ex</strong></span> <span class='ocrx_word' id='word_1_115' title='bbox 1390 1602 1672 1672; x_wconf 88' lang='lat' dir='ltr'><strong>Augustini</strong></span> 
     </span>
    </p>
   </div>
   <div class='ocr_carea' id='block_1_18' title="bbox 94 1693 1671 1766">
    <p class='ocr_par' dir='ltr' id='par_1_18' title="bbox 94 1693 1671 1766">
     <span class='ocr_line' id='line_1_18' title="bbox 94 1693 1671 1766; baseline -0.008 -9"><span class='ocrx_word' id='word_1_116' title='bbox 94 1705 424 1757; x_wconf 88' lang='lat' dir='ltr'><strong>ob-curitate</strong></span> <span class='ocrx_word' id='word_1_117' title='bbox 448 1704 497 1753; x_wconf 93' lang='lat' dir='ltr'><strong>in</strong></span> <span class='ocrx_word' id='word_1_118' title='bbox 529 1713 739 1754; x_wconf 90' lang='lat' dir='ltr'><strong>errores</strong></span> <span class='ocrx_word' id='word_1_119' title='bbox 767 1699 898 1766; x_wconf 88' lang='lat' dir='ltr'><strong>lapsi</strong></span> <span class='ocrx_word' id='word_1_120' title='bbox 927 1706 1125 1762; x_wconf 89' lang='lat' dir='ltr'><strong>essent,</strong></span> <span class='ocrx_word' id='word_1_121' title='bbox 1167 1696 1264 1748; x_wconf 91' lang='lat' dir='ltr'><strong>sed</strong></span> <span class='ocrx_word' id='word_1_122' title='bbox 1306 1695 1452 1748; x_wconf 91' lang='lat' dir='ltr'><strong>fuere</strong></span> <span class='ocrx_word' id='word_1_123' title='bbox 1493 1693 1671 1748; x_wconf 89' lang='lat' dir='ltr'><strong>Semi-</strong></span> 
     </span>
    </p>
   </div>
   <div class='ocr_carea' id='block_1_19' title="bbox 1767 523 3355 594">
    <p class='ocr_par' dir='ltr' id='par_1_19' title="bbox 1767 523 3355 594">
     <span class='ocr_line' id='line_1_19' title="bbox 1767 523 3355 594; baseline 0.003 -18"><span class='ocrx_word' id='word_1_124' title='bbox 1767 535 1831 576; x_wconf 86' lang='lat' dir='ltr'><strong>ac</strong></span> <span class='ocrx_word' id='word_1_125' title='bbox 1864 523 2028 589; x_wconf 90' lang='lat' dir='ltr'><strong>probe</strong></span> <span class='ocrx_word' id='word_1_126' title='bbox 2075 523 2400 576; x_wconf 84' lang='lat' dir='ltr'><strong>intellectam</strong></span> <span class='ocrx_word' id='word_1_127' title='bbox 2448 537 2787 592; x_wconf 84' lang='lat' dir='ltr'><strong>oppugnasse</strong></span> <span class='ocrx_word' id='word_1_128' title='bbox 2819 567 2834 591; x_wconf 95' lang='lat'><strong>,</strong></span> <span class='ocrx_word' id='word_1_129' title='bbox 2890 523 3172 594; x_wconf 87' lang='lat' dir='ltr'><strong>Augustini</strong></span> <span class='ocrx_word' id='word_1_130' title='bbox 3225 541 3355 580; x_wconf 86' lang='lat' dir='ltr'><strong>vero</strong></span> 
     </span>
    </p>
   </div>
   <div class='ocr_carea' id='block_1_20' title="bbox 1767 612 3355 684">
    <p class='ocr_par' dir='ltr' id='par_1_20' title="bbox 1767 612 3355 684">
     <span class='ocr_line' id='line_1_20' title="bbox 1767 612 3355 684; baseline 0.001 -17"><span class='ocrx_word' id='word_1_131' title='bbox 1767 621 2063 667; x_wconf 84' lang='lat' dir='ltr'><strong>sectatores</strong></span> <span class='ocrx_word' id='word_1_132' title='bbox 2090 628 2155 668; x_wconf 81' lang='lat' dir='ltr'><strong>ex</strong></span> <span class='ocrx_word' id='word_1_133' title='bbox 2185 612 2374 667; x_wconf 86' lang='lat' dir='ltr'><strong>iisdem</strong></span> <span class='ocrx_word' id='word_1_134' title='bbox 2401 614 2573 668; x_wconf 85' lang='lat' dir='ltr'><strong>sancti</strong></span> <span class='ocrx_word' id='word_1_135' title='bbox 2616 613 2859 669; x_wconf 91' lang='lat' dir='ltr'><strong>Doctoris</strong></span> <span class='ocrx_word' id='word_1_136' title='bbox 2887 614 3036 670; x_wconf 89' lang='lat' dir='ltr'><strong>libris</strong></span> <span class='ocrx_word' id='word_1_137' title='bbox 3065 614 3355 684; x_wconf 80' lang='lat' dir='ltr'><strong>intelligen-</strong></span> 
     </span>
    </p>
   </div>
   <div class='ocr_carea' id='block_1_21' title="bbox 1768 704 3356 778">
    <p class='ocr_par' dir='ltr' id='par_1_21' title="bbox 1768 704 3356 778">
     <span class='ocr_line' id='line_1_21' title="bbox 1768 704 3356 778; baseline 0.003 -20"><span class='ocrx_word' id='word_1_138' title='bbox 1768 704 1924 758; x_wconf 82' lang='lat' dir='ltr'><strong>tiores</strong></span> <span class='ocrx_word' id='word_1_139' title='bbox 1972 705 2135 758; x_wconf 87' lang='lat' dir='ltr'><strong>multo</strong></span> <span class='ocrx_word' id='word_1_140' title='bbox 2182 705 2636 776; x_wconf 72' lang='lat' dir='ltr'><strong>instructioresque</strong></span> <span class='ocrx_word' id='word_1_141' title='bbox 2679 723 2787 762; x_wconf 85' lang='lat' dir='ltr'><strong>esse</strong></span> <span class='ocrx_word' id='word_1_142' title='bbox 2818 707 3006 778; x_wconf 77' lang='lat' dir='ltr'><strong>factos,</strong></span> <span class='ocrx_word' id='word_1_143' title='bbox 3055 708 3197 778; x_wconf 89' lang='lat' dir='ltr'><strong>quod</strong></span> <span class='ocrx_word' id='word_1_144' title='bbox 3249 722 3356 762; x_wconf 88' lang='lat' dir='ltr'><strong>non</strong></span> 
     </span>
    </p>
   </div>
   <div class='ocr_carea' id='block_1_22' title="bbox 1767 795 3355 870">
    <p class='ocr_par' dir='ltr' id='par_1_22' title="bbox 1767 795 3355 870">
     <span class='ocr_line' id='line_1_22' title="bbox 1767 795 3355 870; baseline 0.003 -18"><span class='ocrx_word' id='word_1_145' title='bbox 1767 805 1849 852; x_wconf 86' lang='lat' dir='ltr'><strong>est</strong></span> <span class='ocrx_word' id='word_1_146' title='bbox 1878 795 1946 850; x_wconf 91' lang='lat' dir='ltr'><strong>de</strong></span> <span class='ocrx_word' id='word_1_147' title='bbox 1975 797 2258 866; x_wconf 87' lang='lat' dir='ltr'><strong>Augustini</strong></span> <span class='ocrx_word' id='word_1_148' title='bbox 2276 808 2468 853; x_wconf 89' lang='lat' dir='ltr'><strong>mente</strong></span> <span class='ocrx_word' id='word_1_149' title='bbox 2492 800 2667 854; x_wconf 91' lang='lat' dir='ltr'><strong>minus</strong></span> <span class='ocrx_word' id='word_1_150' title='bbox 2695 809 2840 856; x_wconf 91' lang='lat' dir='ltr'><strong>recte</strong></span> <span class='ocrx_word' id='word_1_151' title='bbox 2869 808 3084 870; x_wconf 89' lang='lat' dir='ltr'><strong>propter</strong></span> <span class='ocrx_word' id='word_1_152' title='bbox 3105 800 3355 856; x_wconf 89' lang='lat' dir='ltr'><strong>obscuri-</strong></span> 
     </span>
    </p>
   </div>
   <div class='ocr_carea' id='block_1_23' title="bbox 1770 889 3362 962">
    <p class='ocr_par' dir='ltr' id='par_1_23' title="bbox 1770 889 3362 962">
     <span class='ocr_line' id='line_1_23' title="bbox 1770 889 3362 962; baseline 0.004 -23"><span class='ocrx_word' id='word_1_153' title='bbox 1770 893 1934 940; x_wconf 90' lang='lat' dir='ltr'><strong>tatem</strong></span> <span class='ocrx_word' id='word_1_154' title='bbox 1965 897 2215 955; x_wconf 87' lang='lat' dir='ltr'><strong>percepta</strong></span> <span class='ocrx_word' id='word_1_155' title='bbox 2241 903 2487 943; x_wconf 90' lang='lat' dir='ltr'><strong>rumores</strong></span> <span class='ocrx_word' id='word_1_156' title='bbox 2527 891 2580 945; x_wconf 93' lang='lat' dir='ltr'><strong>in</strong></span> <span class='ocrx_word' id='word_1_157' title='bbox 2612 889 2799 945; x_wconf 90' lang='lat' dir='ltr'><strong>Galliis</strong></span> <span class='ocrx_word' id='word_1_158' title='bbox 2825 901 3075 960; x_wconf 77' lang='lat' dir='ltr'><strong>exortes,</strong></span> <span class='ocrx_word' id='word_1_159' title='bbox 3111 901 3170 947; x_wconf 94' lang='lat' dir='ltr'><strong>ut</strong></span> <span class='ocrx_word' id='word_1_160' title='bbox 3207 892 3362 962; x_wconf 88' lang='lat' dir='ltr'><strong>fingit</strong></span> 
     </span>
    </p>
   </div>
   <div class='ocr_carea' id='block_1_24' title="bbox 1771 978 3360 1048">
    <p class='ocr_par' dir='ltr' id='par_1_24' title="bbox 1771 978 3360 1048">
     <span class='ocr_line' id='line_1_24' title="bbox 1771 978 3360 1048; baseline 0.003 -17"><span class='ocrx_word' id='word_1_161' title='bbox 1771 978 2040 1048; x_wconf 87' lang='lat' dir='ltr'><strong>Adamus,</strong></span> <span class='ocrx_word' id='word_1_162' title='bbox 2087 979 2181 1033; x_wconf 90' lang='lat' dir='ltr'><strong>sed</strong></span> <span class='ocrx_word' id='word_1_163' title='bbox 2222 980 2291 1034; x_wconf 91' lang='lat' dir='ltr'><strong>de</strong></span> <span class='ocrx_word' id='word_1_164' title='bbox 2333 980 2572 1048; x_wconf 86' lang='lat' dir='ltr'><strong>ejusdem</strong></span> <span class='ocrx_word' id='word_1_165' title='bbox 2626 982 2884 1037; x_wconf 71' lang='lat' dir='ltr'><strong>doctrina:</strong></span> <span class='ocrx_word' id='word_1_166' title='bbox 2927 983 3176 1038; x_wconf 92' lang='lat' dir='ltr'><strong>omnibus</strong></span> <span class='ocrx_word' id='word_1_167' title='bbox 3219 992 3360 1037; x_wconf 80' lang='lat' dir='ltr'><strong>notae</strong></span> 
     </span>
    </p>
   </div>
   <div class='ocr_carea' id='block_1_25' title="bbox 1773 1069 3360 1142">
    <p class='ocr_par' dir='ltr' id='par_1_25' title="bbox 1773 1069 3360 1142">
     <span class='ocr_line' id='line_1_25' title="bbox 1773 1069 3360 1142; baseline 0.003 -20"><span class='ocrx_word' id='word_1_168' title='bbox 1773 1069 2002 1124; x_wconf 74' lang='lat' dir='ltr'><strong>veritate</strong></span> <span class='ocrx_word' id='word_1_169' title='bbox 2029 1069 2194 1139; x_wconf 88' lang='lat' dir='ltr'><strong>litigia</strong></span> <span class='ocrx_word' id='word_1_170' title='bbox 2223 1077 2380 1124; x_wconf 89' lang='lat' dir='ltr'><strong>enata</strong></span> <span class='ocrx_word' id='word_1_171' title='bbox 2411 1085 2554 1138; x_wconf 85' lang='lat' dir='ltr'><strong>esse,</strong></span> <span class='ocrx_word' id='word_1_172' title='bbox 2583 1071 2870 1140; x_wconf 84' lang='lat' dir='ltr'><strong>Prospero,</strong></span> <span class='ocrx_word' id='word_1_173' title='bbox 2904 1073 3104 1128; x_wconf 85' lang='lat' dir='ltr'><strong>Hilario</strong></span> <span class='ocrx_word' id='word_1_174' title='bbox 3131 1073 3360 1142; x_wconf 81' lang='lat' dir='ltr'><strong>aliisque</strong></span> 
     </span>
    </p>
   </div>
   <div class='ocr_carea' id='block_1_26' title="bbox 1773 1157 3358 1226">
    <p class='ocr_par' dir='ltr' id='par_1_26' title="bbox 1773 1157 3358 1226">
     <span class='ocr_line' id='line_1_26' title="bbox 1773 1157 3358 1226; baseline 0.003 -15"><span class='ocrx_word' id='word_1_175' title='bbox 1773 1157 2126 1226; x_wconf 87' lang='lat' dir='ltr'><strong>Augustinum</strong></span> <span class='ocrx_word' id='word_1_176' title='bbox 2173 1158 2606 1225; x_wconf 80' lang='lat' dir='ltr'><strong>defendentibus,</strong></span> <span class='ocrx_word' id='word_1_177' title='bbox 2638 1161 2898 1218; x_wconf 89' lang='lat' dir='ltr'><strong>Cassiano</strong></span> <span class='ocrx_word' id='word_1_178' title='bbox 2945 1178 2977 1218; x_wconf 90' lang='lat' dir='ltr'><strong>e</strong></span> <span class='ocrx_word' id='word_1_179' title='bbox 3017 1171 3205 1218; x_wconf 85' lang='lat' dir='ltr'><strong>contra</strong></span> <span class='ocrx_word' id='word_1_180' title='bbox 3235 1177 3358 1218; x_wconf 91' lang='lat' dir='ltr'><strong>cum</strong></span> 
     </span>
    </p>
   </div>
   <div class='ocr_carea' id='block_1_27' title="bbox 1779 1249 3364 1322">
    <p class='ocr_par' dir='ltr' id='par_1_27' title="bbox 1779 1249 3364 1322">
     <span class='ocr_line' id='line_1_27' title="bbox 1779 1249 3364 1322; baseline 0.006 -21"><span class='ocrx_word' id='word_1_181' title='bbox 1779 1249 2059 1305; x_wconf 68' lang='lat' dir='ltr'><strong>fmderatis</strong></span> <span class='ocrx_word' id='word_1_182' title='bbox 2089 1250 2334 1305; x_wconf 89' lang='lat' dir='ltr'><strong>eumdem</strong></span> <span class='ocrx_word' id='word_1_183' title='bbox 2370 1250 2824 1322; x_wconf 88' lang='lat' dir='ltr'><strong>impugnantibus.</strong></span> <span class='ocrx_word' id='word_1_184' title='bbox 2877 1253 3081 1309; x_wconf 91' lang='lat' dir='ltr'><strong>Scribit</strong></span> <span class='ocrx_word' id='word_1_185' title='bbox 3127 1255 3364 1310; x_wconf 84' lang='lat' dir='ltr'><strong>Adamus</strong></span> 
     </span>
    </p>
   </div>
   <div class='ocr_carea' id='block_1_28' title="bbox 1776 1337 3362 1413">
    <p class='ocr_par' dir='ltr' id='par_1_28' title="bbox 1776 1337 3362 1413">
     <span class='ocr_line' id='line_1_28' title="bbox 1776 1337 3362 1413; baseline 0.004 -20"><span class='ocrx_word' id='word_1_186' title='bbox 1776 1355 1898 1409; x_wconf 89' lang='lat' dir='ltr'><strong>pag.</strong></span> <span class='ocrx_word' id='word_1_187' title='bbox 1933 1340 2057 1404; x_wconf 70' lang='lat'><strong>594,</strong></span> <span class='ocrx_word' id='word_1_188' title='bbox 2099 1339 2421 1410; x_wconf 88' lang='lat' dir='ltr'><strong>Prosperum</strong></span> <span class='ocrx_word' id='word_1_189' title='bbox 2468 1350 2521 1396; x_wconf 92' lang='lat' dir='ltr'><strong>et</strong></span> <span class='ocrx_word' id='word_1_190' title='bbox 2549 1337 2830 1410; x_wconf 89' lang='lat' dir='ltr'><strong>Hilarium,</strong></span> <span class='ocrx_word' id='word_1_191' title='bbox 2861 1343 3003 1413; x_wconf 91' lang='lat' dir='ltr'><strong>quod</strong></span> <span class='ocrx_word' id='word_1_192' title='bbox 3023 1358 3053 1398; x_wconf 91' lang='lat' dir='ltr'><strong>a</strong></span> <span class='ocrx_word' id='word_1_193' title='bbox 3085 1345 3362 1400; x_wconf 81' lang='lat' dir='ltr'><strong>nonnullis</strong></span> 
     </span>
    </p>
   </div>
   <div class='ocr_carea' id='block_1_29' title="bbox 1775 1432 3366 1503">
    <p class='ocr_par' dir='ltr' id='par_1_29' title="bbox 1775 1432 3366 1503">
     <span class='ocr_line' id='line_1_29' title="bbox 1775 1432 3366 1503; baseline 0.003 -18"><span class='ocrx_word' id='word_1_194' title='bbox 1775 1433 2104 1503; x_wconf 84' lang='lat' dir='ltr'><strong>presbyteris</strong></span> <span class='ocrx_word' id='word_1_195' title='bbox 2160 1432 2652 1488; x_wconf 73' lang='lat' dir='ltr'><strong>Praadestinatianis</strong></span> <span class='ocrx_word' id='word_1_196' title='bbox 2687 1441 2929 1489; x_wconf 88' lang='lat' dir='ltr'><strong>suosmet</strong></span> <span class='ocrx_word' id='word_1_197' title='bbox 2998 1449 3210 1490; x_wconf 87' lang='lat' dir='ltr'><strong>errores</strong></span> <span class='ocrx_word' id='word_1_198' title='bbox 3262 1434 3366 1490; x_wconf 84' lang='lat' dir='ltr'><strong>Au-</strong></span> 
     </span>
    </p>
   </div>
   <div class='ocr_carea' id='block_1_30' title="bbox 1774 1522 3366 1595">
    <p class='ocr_par' dir='ltr' id='par_1_30' title="bbox 1774 1522 3366 1595">
     <span class='ocr_line' id='line_1_30' title="bbox 1774 1522 3366 1595; baseline 0.003 -19"><span class='ocrx_word' id='word_1_199' title='bbox 1774 1522 1974 1592; x_wconf 91' lang='lat' dir='ltr'><strong>gustini</strong></span> <span class='ocrx_word' id='word_1_200' title='bbox 2021 1522 2238 1577; x_wconf 91' lang='lat' dir='ltr'><strong>nomine</strong></span> <span class='ocrx_word' id='word_1_201' title='bbox 2272 1522 2529 1578; x_wconf 78' lang='lat' dir='ltr'><strong>suffulciri</strong></span> <span class='ocrx_word' id='word_1_202' title='bbox 2560 1531 2886 1592; x_wconf 89' lang='lat' dir='ltr'><strong>cernerent,</strong></span> <span class='ocrx_word' id='word_1_203' title='bbox 2918 1524 2996 1579; x_wconf 90' lang='lat' dir='ltr'><strong>rei</strong></span> <span class='ocrx_word' id='word_1_204' title='bbox 3047 1524 3366 1595; x_wconf 81' lang='lat' dir='ltr'><strong>indignitate</strong></span> 
     </span>
    </p>
   </div>
   <div class='ocr_carea' id='block_1_31' title="bbox 1776 1605 3367 1686">
    <p class='ocr_par' dir='ltr' id='par_1_31' title="bbox 1776 1605 3367 1686">
     <span class='ocr_line' id='line_1_31' title="bbox 1776 1605 3367 1686; baseline 0.004 -19"><span class='ocrx_word' id='word_1_205' title='bbox 1776 1622 2075 1667; x_wconf 87' lang='lat' dir='ltr'><strong>commotos</strong></span> <span class='ocrx_word' id='word_1_206' title='bbox 2131 1611 2199 1666; x_wconf 87' lang='lat' dir='ltr'><strong>ad</strong></span> <span class='ocrx_word' id='word_1_207' title='bbox 2253 1612 2604 1668; x_wconf 74' lang='lat' dir='ltr'><strong>leestinum</strong></span> <span class='ocrx_word' id='word_1_208' title='bbox 2647 1605 2836 1684; x_wconf 85' lang='lat' dir='ltr'><strong>papam</strong></span> <span class='ocrx_word' id='word_1_209' title='bbox 2890 1614 3180 1683; x_wconf 90' lang='lat' dir='ltr'><strong>profectos,</strong></span> <span class='ocrx_word' id='word_1_210' title='bbox 3213 1616 3303 1686; x_wconf 92' lang='lat' dir='ltr'><strong>qui</strong></span> <span class='ocrx_word' id='word_1_211' title='bbox 3333 1631 3367 1673; x_wconf 90' lang='lat' dir='ltr'><strong>e</strong></span> 
     </span>
    </p>
   </div>
   <div class='ocr_carea' id='block_1_32' title="bbox 1778 1705 3369 1775">
    <p class='ocr_par' dir='ltr' id='par_1_32' title="bbox 1778 1705 3369 1775">
     <span class='ocr_line' id='line_1_32' title="bbox 1778 1705 3369 1775; baseline 0.004 -20"><span class='ocrx_word' id='word_1_212' title='bbox 1778 1705 2001 1773; x_wconf 88' lang='lat' dir='ltr'><strong>vestigio</strong></span> <span class='ocrx_word' id='word_1_213' title='bbox 2022 1705 2225 1760; x_wconf 89' lang='lat' dir='ltr'><strong>litteras</strong></span> <span class='ocrx_word' id='word_1_214' title='bbox 2253 1705 2319 1759; x_wconf 90' lang='lat' dir='ltr'><strong>ad</strong></span> <span class='ocrx_word' id='word_1_215' title='bbox 2351 1705 2538 1761; x_wconf 69' lang='lat' dir='ltr'><strong>Gallice</strong></span> <span class='ocrx_word' id='word_1_216' title='bbox 2566 1707 2845 1774; x_wconf 80' lang='lat' dir='ltr'><strong>episcOpos</strong></span> <span class='ocrx_word' id='word_1_217' title='bbox 2869 1705 3033 1771; x_wconf 89' lang='lat' dir='ltr'><strong>dedit,</strong></span> <span class='ocrx_word' id='word_1_218' title='bbox 3060 1707 3271 1775; x_wconf 83' lang='lat' dir='ltr'><strong>quibus,</strong></span> <span class='ocrx_word' id='word_1_219' title='bbox 3296 1707 3369 1761; x_wconf 92' lang='lat' dir='ltr'><strong>do</strong></span> 
     </span>
    </p>
   </div>
   <div class='ocr_carea' id='block_1_33' title="bbox 98 1783 3369 1866">
    <p class='ocr_par' dir='ltr' id='par_1_33' title="bbox 98 1783 3369 1866">
     <span class='ocr_line' id='line_1_33' title="bbox 98 1783 3369 1866; baseline -0.005 -17"><span class='ocrx_word' id='word_1_220' title='bbox 98 1793 386 1862; x_wconf 77' lang='lat' dir='ltr'><strong>Pelagiani,</strong></span> <span class='ocrx_word' id='word_1_221' title='bbox 417 1790 727 1853; x_wconf 81' lang='lat' dir='ltr'><strong>Cassianus,</strong></span> <span class='ocrx_word' id='word_1_222' title='bbox 768 1787 1020 1850; x_wconf 89' lang='lat' dir='ltr'><strong>Hilarius,</strong></span> <span class='ocrx_word' id='word_1_223' title='bbox 1054 1785 1386 1848; x_wconf 83' lang='lat' dir='ltr'><strong>Vincentius,</strong></span> <span class='ocrx_word' id='word_1_224' title='bbox 1418 1783 1670 1849; x_wconf 85' lang='lat' dir='ltr'><strong>Faustus,</strong></span> <span class='ocrx_word' id='word_1_225' title='bbox 1708 1802 1752 1861; x_wconf 75' lang='grc' dir='ltr'><strong>Β</strong></span> <span class='ocrx_word' id='word_1_226' title='bbox 1781 1795 1944 1849; x_wconf 65' lang='lat' dir='ltr'><strong>verba</strong></span> <span class='ocrx_word' id='word_1_227' title='bbox 1972 1795 2162 1849; x_wconf 70' lang='lat' dir='ltr'><strong>Adami</strong></span> <span class='ocrx_word' id='word_1_228' title='bbox 2211 1811 2329 1866; x_wconf 59' lang='lat' dir='ltr'><strong>pag,</strong></span> <span class='ocrx_word' id='word_1_229' title='bbox 2363 1794 2491 1863; x_wconf 62' lang='lat'><strong>595,</strong></span> <span class='ocrx_word' id='word_1_230' title='bbox 2564 1811 2657 1851; x_wconf 72' lang='grc' dir='ltr'><strong>ονα</strong></span> <span class='ocrx_word' id='word_1_231' title='bbox 2710 1797 2927 1851; x_wconf 55' lang='lat' dir='ltr'><strong>omni,</strong></span> <span class='ocrx_word' id='word_1_232' title='bbox 2973 1798 3203 1851; x_wconf 59' lang='lat' dir='ltr'><strong>omnibus</strong></span> <span class='ocrx_word' id='word_1_233' title='bbox 3257 1799 3369 1851; x_wconf 56' lang='lat' dir='ltr'><strong>is“,</strong></span> 
     </span>
    </p>
   </div>
   <div class='ocr_carea' id='block_1_34' title="bbox 98 1875 1672 1954">
    <p class='ocr_par' dir='ltr' id='par_1_34' title="bbox 98 1875 1672 1954">
     <span class='ocr_line' id='line_1_34' title="bbox 98 1875 1672 1954; baseline -0.007 -15"><span class='ocrx_word' id='word_1_234' title='bbox 98 1887 307 1954; x_wconf 81' lang='lat' dir='ltr'><strong>aliique,</strong></span> <span class='ocrx_word' id='word_1_235' title='bbox 363 1890 422 1936; x_wconf 93' lang='lat' dir='ltr'><strong>ut</strong></span> <span class='ocrx_word' id='word_1_236' title='bbox 469 1880 636 1935; x_wconf 89' lang='lat' dir='ltr'><strong>fusius</strong></span> <span class='ocrx_word' id='word_1_237' title='bbox 680 1879 817 1933; x_wconf 89' lang='lat' dir='ltr'><strong>libro</strong></span> <span class='ocrx_word' id='word_1_238' title='bbox 858 1894 895 1932; x_wconf 87' lang='lat' dir='ltr'><strong>ll</strong></span> <span class='ocrx_word' id='word_1_239' title='bbox 946 1875 1194 1933; x_wconf 77' lang='lat' dir='ltr'><strong>Histoiite</strong></span> <span class='ocrx_word' id='word_1_240' title='bbox 1227 1877 1525 1946; x_wconf 75' lang='lat' dir='ltr'><strong>Pelagiana:</strong></span> <span class='ocrx_word' id='word_1_241' title='bbox 1573 1875 1672 1929; x_wconf 88' lang='lat' dir='ltr'><strong>de-</strong></span> 
     </span>
    </p>
   </div>
   <div class='ocr_carea' id='block_1_35' title="bbox 100 1968 1676 2038">
    <p class='ocr_par' dir='ltr' id='par_1_35' title="bbox 100 1968 1676 2038">
     <span class='ocr_line' id='line_1_35' title="bbox 100 1968 1676 2038; baseline -0.007 -7"><span class='ocrx_word' id='word_1_242' title='bbox 100 1985 441 2032; x_wconf 88' lang='lat' dir='ltr'><strong>monstratum</strong></span> <span class='ocrx_word' id='word_1_243' title='bbox 471 1982 581 2038; x_wconf 90' lang='lat' dir='ltr'><strong>est;</strong></span> <span class='ocrx_word' id='word_1_244' title='bbox 616 1972 694 2026; x_wconf 91' lang='lat' dir='ltr'><strong>illi</strong></span> <span class='ocrx_word' id='word_1_245' title='bbox 724 1972 866 2026; x_wconf 92' lang='lat' dir='ltr'><strong>enim</strong></span> <span class='ocrx_word' id='word_1_246' title='bbox 917 1970 1078 2024; x_wconf 90' lang='lat' dir='ltr'><strong>fidem</strong></span> <span class='ocrx_word' id='word_1_247' title='bbox 1123 1976 1180 2023; x_wconf 91' lang='lat' dir='ltr'><strong>et</strong></span> <span class='ocrx_word' id='word_1_248' title='bbox 1222 1968 1676 2038; x_wconf 85' lang='lat' dir='ltr'><strong>perseverantiam</strong></span> 
     </span>
    </p>
   </div>
   <div class='ocr_carea' id='block_1_36' title="bbox 100 2056 1678 2132">
    <p class='ocr_par' dir='ltr' id='par_1_36' title="bbox 100 2056 1678 2132">
     <span class='ocr_line' id='line_1_36' title="bbox 100 2056 1678 2132; baseline -0.007 -12"><span class='ocrx_word' id='word_1_249' title='bbox 100 2081 209 2120; x_wconf 83' lang='lat' dir='ltr'><strong>esse</strong></span> <span class='ocrx_word' id='word_1_250' title='bbox 233 2064 371 2118; x_wconf 92' lang='lat' dir='ltr'><strong>dona</strong></span> <span class='ocrx_word' id='word_1_251' title='bbox 408 2062 498 2116; x_wconf 89' lang='lat' dir='ltr'><strong>Dei</strong></span> <span class='ocrx_word' id='word_1_252' title='bbox 523 2061 919 2132; x_wconf 84' lang='lat' dir='ltr'><strong>pernegabant,</strong></span> <span class='ocrx_word' id='word_1_253' title='bbox 959 2059 1113 2114; x_wconf 89' lang='lat' dir='ltr'><strong>nobis</strong></span> <span class='ocrx_word' id='word_1_254' title='bbox 1147 2073 1219 2114; x_wconf 79' lang='lat' dir='ltr'><strong>ex</strong></span> <span class='ocrx_word' id='word_1_255' title='bbox 1265 2058 1421 2113; x_wconf 92' lang='lat' dir='ltr'><strong>nobis</strong></span> <span class='ocrx_word' id='word_1_256' title='bbox 1451 2056 1581 2126; x_wconf 91' lang='lat' dir='ltr'><strong>ipsis</strong></span> <span class='ocrx_word' id='word_1_257' title='bbox 1613 2070 1678 2110; x_wconf 90' lang='lat' dir='ltr'><strong>ea</strong></span> 
     </span>
    </p>
   </div>
   <div class='ocr_carea' id='block_1_37' title="bbox 103 2146 1682 2225">
    <p class='ocr_par' dir='ltr' id='par_1_37' title="bbox 103 2146 1682 2225">
     <span class='ocr_line' id='line_1_37' title="bbox 103 2146 1682 2225; baseline -0.007 -15"><span class='ocrx_word' id='word_1_258' title='bbox 103 2155 373 2225; x_wconf 76' lang='lat' dir='ltr'><strong>provenire</strong></span> <span class='ocrx_word' id='word_1_259' title='bbox 401 2152 738 2208; x_wconf 78' lang='lat' dir='ltr'><strong>dictitantes.</strong></span> <span class='ocrx_word' id='word_1_260' title='bbox 775 2149 960 2207; x_wconf 80' lang='lat' dir='ltr'><strong>Nullos</strong></span> <span class='ocrx_word' id='word_1_261' title='bbox 986 2164 1116 2205; x_wconf 87' lang='lat' dir='ltr'><strong>sane</strong></span> <span class='ocrx_word' id='word_1_262' title='bbox 1166 2158 1292 2203; x_wconf 92' lang='lat' dir='ltr'><strong>tunc</strong></span> <span class='ocrx_word' id='word_1_263' title='bbox 1322 2147 1487 2202; x_wconf 88' lang='lat' dir='ltr'><strong>fuisse</strong></span> <span class='ocrx_word' id='word_1_264' title='bbox 1537 2146 1682 2200; x_wconf 70' lang='lat' dir='ltr'><strong>Prte-</strong></span> 
     </span>
    </p>
   </div>
   <div class='ocr_carea' id='block_1_38' title="bbox 103 2235 1684 2312">
    <p class='ocr_par' dir='ltr' id='par_1_38' title="bbox 103 2235 1684 2312">
     <span class='ocr_line' id='line_1_38' title="bbox 103 2235 1684 2312; baseline -0.008 -11"><span class='ocrx_word' id='word_1_265' title='bbox 103 2245 484 2302; x_wconf 86' lang='lat' dir='ltr'><strong>destinatianos</strong></span> <span class='ocrx_word' id='word_1_266' title='bbox 511 2252 654 2312; x_wconf 89' lang='lat' dir='ltr'><strong>patet</strong></span> <span class='ocrx_word' id='word_1_267' title='bbox 693 2257 758 2297; x_wconf 83' lang='lat' dir='ltr'><strong>ex</strong></span> <span class='ocrx_word' id='word_1_268' title='bbox 789 2241 982 2296; x_wconf 89' lang='lat' dir='ltr'><strong>litteris</strong></span> <span class='ocrx_word' id='word_1_269' title='bbox 1007 2238 1254 2310; x_wconf 89' lang='lat' dir='ltr'><strong>Prosperi</strong></span> <span class='ocrx_word' id='word_1_270' title='bbox 1283 2248 1334 2292; x_wconf 93' lang='lat' dir='ltr'><strong>et</strong></span> <span class='ocrx_word' id='word_1_271' title='bbox 1358 2235 1560 2302; x_wconf 88' lang='lat' dir='ltr'><strong>Hilarii,</strong></span> <span class='ocrx_word' id='word_1_272' title='bbox 1582 2250 1684 2290; x_wconf 85' lang='lat' dir='ltr'><strong>ne-</strong></span> 
     </span>
    </p>
   </div>
   <div class='ocr_carea' id='block_1_39' title="bbox 105 2330 1680 2406">
    <p class='ocr_par' dir='ltr' id='par_1_39' title="bbox 105 2330 1680 2406">
     <span class='ocr_line' id='line_1_39' title="bbox 105 2330 1680 2406; baseline -0.006 -15"><span class='ocrx_word' id='word_1_273' title='bbox 105 2347 196 2406; x_wconf 71' lang='lat' dir='ltr'><strong>Que</strong></span> <span class='ocrx_word' id='word_1_274' title='bbox 224 2337 370 2390; x_wconf 90' lang='lat' dir='ltr'><strong>enim</strong></span> <span class='ocrx_word' id='word_1_275' title='bbox 402 2333 683 2404; x_wconf 84' lang='lat' dir='ltr'><strong>Augustini</strong></span> <span class='ocrx_word' id='word_1_276' title='bbox 726 2332 898 2403; x_wconf 89' lang='lat' dir='ltr'><strong>ipsius</strong></span> <span class='ocrx_word' id='word_1_277' title='bbox 940 2331 1237 2386; x_wconf 88' lang='lat' dir='ltr'><strong>doctrinam</strong></span> <span class='ocrx_word' id='word_1_278' title='bbox 1293 2330 1345 2383; x_wconf 92' lang='lat' dir='ltr'><strong>in</strong></span> <span class='ocrx_word' id='word_1_279' title='bbox 1395 2342 1680 2396; x_wconf 85' lang='lat' dir='ltr'><strong>pravorum</strong></span> 
     </span>
    </p>
   </div>
   <div class='ocr_carea' id='block_1_40' title="bbox 106 2419 1679 2499">
    <p class='ocr_par' dir='ltr' id='par_1_40' title="bbox 106 2419 1679 2499">
     <span class='ocr_line' id='line_1_40' title="bbox 106 2419 1679 2499; baseline -0.007 -17"><span class='ocrx_word' id='word_1_280' title='bbox 106 2431 402 2499; x_wconf 84' lang='lat' dir='ltr'><strong>doginatum</strong></span> <span class='ocrx_word' id='word_1_281' title='bbox 445 2426 849 2480; x_wconf 78' lang='lat' dir='ltr'><strong>fundamentum</strong></span> <span class='ocrx_word' id='word_1_282' title='bbox 889 2439 919 2478; x_wconf 90' lang='lat' dir='ltr'><strong>a</strong></span> <span class='ocrx_word' id='word_1_283' title='bbox 962 2421 1452 2478; x_wconf 74' lang='lat' dir='ltr'><strong>Praedestinatianis</strong></span> <span class='ocrx_word' id='word_1_284' title='bbox 1497 2419 1679 2484; x_wconf 89' lang='lat' dir='ltr'><strong>sumi,</strong></span> 
     </span>
    </p>
   </div>
   <div class='ocr_carea' id='block_1_41' title="bbox 107 2513 1686 2588">
    <p class='ocr_par' dir='ltr' id='par_1_41' title="bbox 107 2513 1686 2588">
     <span class='ocr_line' id='line_1_41' title="bbox 107 2513 1686 2588; baseline -0.006 -16"><span class='ocrx_word' id='word_1_285' title='bbox 107 2522 188 2573; x_wconf 83' lang='lat' dir='ltr'><strong>sed</strong></span> <span class='ocrx_word' id='word_1_286' title='bbox 213 2534 239 2570; x_wconf 91' lang='lat' dir='ltr'><strong>a</strong></span> <span class='ocrx_word' id='word_1_287' title='bbox 269 2517 518 2588; x_wconf 90' lang='lat' dir='ltr'><strong>plurimis</strong></span> <span class='ocrx_word' id='word_1_288' title='bbox 549 2517 693 2570; x_wconf 86' lang='lat' dir='ltr'><strong>illam</strong></span> <span class='ocrx_word' id='word_1_289' title='bbox 722 2513 1022 2585; x_wconf 85' lang='lat' dir='ltr'><strong>impugnari</strong></span> <span class='ocrx_word' id='word_1_290' title='bbox 1057 2513 1276 2580; x_wconf 90' lang='lat' dir='ltr'><strong>dicunt,</strong></span> <span class='ocrx_word' id='word_1_291' title='bbox 1311 2513 1387 2567; x_wconf 86' lang='lat' dir='ltr'><strong>uti</strong></span> <span class='ocrx_word' id='word_1_292' title='bbox 1417 2526 1606 2566; x_wconf 88' lang='lat' dir='ltr'><strong>novam</strong></span> <span class='ocrx_word' id='word_1_293' title='bbox 1632 2518 1686 2564; x_wconf 87' lang='lat' dir='ltr'><strong>et</strong></span> 
     </span>
    </p>
   </div>
   <div class='ocr_carea' id='block_1_42' title="bbox 107 2600 1687 2673">
    <p class='ocr_par' dir='ltr' id='par_1_42' title="bbox 107 2600 1687 2673">
     <span class='ocr_line' id='line_1_42' title="bbox 107 2600 1687 2673; baseline -0.007 -11"><span class='ocrx_word' id='word_1_294' title='bbox 107 2609 408 2663; x_wconf 82' lang='lat' dir='ltr'><strong>absurdam.</strong></span> <span class='ocrx_word' id='word_1_295' title='bbox 445 2608 590 2660; x_wconf 83' lang='lat' dir='ltr'><strong>Dabo</strong></span> <span class='ocrx_word' id='word_1_296' title='bbox 637 2607 850 2660; x_wconf 90' lang='lat' dir='ltr'><strong>initium</strong></span> <span class='ocrx_word' id='word_1_297' title='bbox 899 2603 1140 2673; x_wconf 65' lang='lat' dir='ltr'><strong>epistolae</strong></span> <span class='ocrx_word' id='word_1_298' title='bbox 1186 2603 1358 2656; x_wconf 89' lang='lat' dir='ltr'><strong>sancti</strong></span> <span class='ocrx_word' id='word_1_299' title='bbox 1414 2600 1687 2668; x_wconf 86' lang='lat' dir='ltr'><strong>Prosperi,</strong></span> 
     </span>
    </p>
   </div>
   <div class='ocr_carea' id='block_1_43' title="bbox 110 2694 1689 2767">
    <p class='ocr_par' dir='ltr' id='par_1_43' title="bbox 110 2694 1689 2767">
     <span class='ocr_line' id='line_1_43' title="bbox 110 2694 1689 2767; baseline -0.006 -12"><span class='ocrx_word' id='word_1_300' title='bbox 110 2704 216 2755; x_wconf 90' lang='lat' dir='ltr'><strong>inde</strong></span> <span class='ocrx_word' id='word_1_301' title='bbox 243 2703 391 2755; x_wconf 90' lang='lat' dir='ltr'><strong>enim</strong></span> <span class='ocrx_word' id='word_1_302' title='bbox 437 2699 648 2767; x_wconf 84' lang='lat' dir='ltr'><strong>objecta</strong></span> <span class='ocrx_word' id='word_1_303' title='bbox 697 2701 994 2765; x_wconf 81' lang='lat' dir='ltr'><strong>Augustino</strong></span> <span class='ocrx_word' id='word_1_304' title='bbox 1026 2697 1324 2750; x_wconf 88' lang='lat' dir='ltr'><strong>obscuritas</strong></span> <span class='ocrx_word' id='word_1_305' title='bbox 1349 2734 1365 2759; x_wconf 96' lang='lat'><strong>,</strong></span> <span class='ocrx_word' id='word_1_306' title='bbox 1395 2709 1458 2746; x_wconf 83' lang='lat' dir='ltr'><strong>ex</strong></span> <span class='ocrx_word' id='word_1_307' title='bbox 1487 2709 1589 2761; x_wconf 91' lang='lat' dir='ltr'><strong>qua</strong></span> <span class='ocrx_word' id='word_1_308' title='bbox 1637 2694 1689 2746; x_wconf 89' lang='lat' dir='ltr'><strong>in</strong></span> 
     </span>
    </p>
   </div>
   <div class='ocr_carea' id='block_1_44' title="bbox 111 2782 1691 2853">
    <p class='ocr_par' dir='ltr' id='par_1_44' title="bbox 111 2782 1691 2853">
     <span class='ocr_line' id='line_1_44' title="bbox 111 2782 1691 2853; baseline -0.005 -12"><span class='ocrx_word' id='word_1_309' title='bbox 111 2788 279 2844; x_wconf 81' lang='lat' dir='ltr'><strong>Galliis</strong></span> <span class='ocrx_word' id='word_1_310' title='bbox 363 2788 630 2841; x_wconf 88' lang='lat' dir='ltr'><strong>tumultus</strong></span> <span class='ocrx_word' id='word_1_311' title='bbox 681 2798 897 2840; x_wconf 78' lang='lat' dir='ltr'><strong>exortos</strong></span> <span class='ocrx_word' id='word_1_312' title='bbox 951 2786 1102 2853; x_wconf 82' lang='lat' dir='ltr'><strong>fingit</strong></span> <span class='ocrx_word' id='word_1_313' title='bbox 1152 2782 1507 2847; x_wconf 86' lang='lat' dir='ltr'><strong>adversarius,</strong></span> <span class='ocrx_word' id='word_1_314' title='bbox 1565 2797 1691 2835; x_wconf 87' lang='lat' dir='ltr'><strong>cva-</strong></span> 
     </span>
    </p>
   </div>
   <div class='ocr_carea' id='block_1_45' title="bbox 113 2874 1693 2948">
    <p class='ocr_par' dir='ltr' id='par_1_45' title="bbox 113 2874 1693 2948">
     <span class='ocr_line' id='line_1_45' title="bbox 113 2874 1693 2948; baseline -0.004 -14"><span class='ocrx_word' id='word_1_315' title='bbox 113 2883 267 2936; x_wconf 87' lang='lat' dir='ltr'><strong>nescit</strong></span> <span class='ocrx_word' id='word_1_316' title='bbox 302 2897 317 2934; x_wconf 90' lang='lat'><strong>:</strong></span> <span class='ocrx_word' id='word_1_317' title='bbox 357 2898 377 2931; x_wconf 75' lang='grc' dir='ltr'><strong><em>ι</em></strong></span> <span class='ocrx_word' id='word_1_318' title='bbox 415 2878 566 2932; x_wconf 83' lang='lat' dir='ltr'><strong>Multi</strong></span> <span class='ocrx_word' id='word_1_319' title='bbox 599 2893 744 2948; x_wconf 87' lang='lat' dir='ltr'><strong>ergo,</strong></span> <span class='ocrx_word' id='word_1_320' title='bbox 780 2878 986 2945; x_wconf 89' lang='lat' dir='ltr'><strong>inquit,</strong></span> <span class='ocrx_word' id='word_1_321' title='bbox 1017 2891 1296 2932; x_wconf 87' lang='lat' dir='ltr'><strong>servorum</strong></span> <span class='ocrx_word' id='word_1_322' title='bbox 1345 2874 1565 2940; x_wconf 87' lang='lat' dir='ltr'><strong>Christi,</strong></span> <span class='ocrx_word' id='word_1_323' title='bbox 1604 2875 1693 2941; x_wconf 88' lang='lat' dir='ltr'><strong>qui</strong></span> 
     </span>
    </p>
   </div>
   <div class='ocr_carea' id='block_1_46' title="bbox 111 2968 1696 3037">
    <p class='ocr_par' dir='ltr' id='par_1_46' title="bbox 111 2968 1696 3037">
     <span class='ocr_line' id='line_1_46' title="bbox 111 2968 1696 3037; baseline -0.007 -8"><span class='ocrx_word' id='word_1_324' title='bbox 111 2976 156 3029; x_wconf 89' lang='lat' dir='ltr'><strong>in</strong></span> <span class='ocrx_word' id='word_1_325' title='bbox 200 2973 529 3029; x_wconf 80' lang='lat' dir='ltr'><strong>Massiliensi</strong></span> <span class='ocrx_word' id='word_1_326' title='bbox 575 2973 705 3025; x_wconf 88' lang='lat' dir='ltr'><strong>urbe</strong></span> <span class='ocrx_word' id='word_1_327' title='bbox 745 2971 1083 3037; x_wconf 87' lang='lat' dir='ltr'><strong>consistunt,</strong></span> <span class='ocrx_word' id='word_1_328' title='bbox 1133 2969 1183 3024; x_wconf 92' lang='lat' dir='ltr'><strong>in</strong></span> <span class='ocrx_word' id='word_1_329' title='bbox 1239 2968 1548 3022; x_wconf 79' lang='lat' dir='ltr'><strong>Sanctitatis</strong></span> <span class='ocrx_word' id='word_1_330' title='bbox 1595 2976 1696 3019; x_wconf 71' lang='lat' dir='ltr'><strong>tua:</strong></span> 
     </span>
    </p>
   </div>
   <div class='ocr_carea' id='block_1_47' title="bbox 113 3057 1699 3133">
    <p class='ocr_par' dir='ltr' id='par_1_47' title="bbox 113 3057 1699 3133">
     <span class='ocr_line' id='line_1_47' title="bbox 113 3057 1699 3133; baseline -0.008 -14"><span class='ocrx_word' id='word_1_331' title='bbox 113 3066 336 3133; x_wconf 56' lang='lat' dir='ltr'><strong>scriptie,</strong></span> <span class='ocrx_word' id='word_1_332' title='bbox 365 3079 490 3132; x_wconf 72' lang='lat' dir='ltr'><strong>quze</strong></span> <span class='ocrx_word' id='word_1_333' title='bbox 521 3062 778 3116; x_wconf 80' lang='lat' dir='ltr'><strong>adversus</strong></span> <span class='ocrx_word' id='word_1_334' title='bbox 825 3061 1140 3130; x_wconf 84' lang='lat' dir='ltr'><strong>Pelagianos</strong></span> <span class='ocrx_word' id='word_1_335' title='bbox 1181 3059 1465 3112; x_wconf 73' lang='lat' dir='ltr'><strong>brereticos</strong></span> <span class='ocrx_word' id='word_1_336' title='bbox 1509 3057 1699 3112; x_wconf 87' lang='lat' dir='ltr'><strong>condi-</strong></span> 
     </span>
    </p>
   </div>
   <div class='ocr_carea' id='block_1_48' title="bbox 1780 1885 3371 1957">
    <p class='ocr_par' dir='ltr' id='par_1_48' title="bbox 1780 1885 3371 1957">
     <span class='ocr_line' id='line_1_48' title="bbox 1780 1885 3371 1957; baseline 0.002 -16"><span class='ocrx_word' id='word_1_337' title='bbox 1780 1885 2085 1956; x_wconf 84' lang='lat' dir='ltr'><strong>presbyteris</strong></span> <span class='ocrx_word' id='word_1_338' title='bbox 2125 1889 2214 1957; x_wconf 86' lang='lat' dir='ltr'><strong>qui</strong></span> <span class='ocrx_word' id='word_1_339' title='bbox 2244 1904 2365 1942; x_wconf 87' lang='lat' dir='ltr'><strong>suos</strong></span> <span class='ocrx_word' id='word_1_340' title='bbox 2413 1903 2609 1943; x_wconf 85' lang='lat' dir='ltr'><strong>errores</strong></span> <span class='ocrx_word' id='word_1_341' title='bbox 2637 1888 2729 1942; x_wconf 83' lang='lat' dir='ltr'><strong>sub</strong></span> <span class='ocrx_word' id='word_1_342' title='bbox 2773 1890 3076 1944; x_wconf 83' lang='lat' dir='ltr'><strong>obscuritate</strong></span> <span class='ocrx_word' id='word_1_343' title='bbox 3107 1891 3371 1944; x_wconf 75' lang='lat' dir='ltr'><strong>uerborum</strong></span> 
     </span>
    </p>
   </div>
   <div class='ocr_carea' id='block_1_49' title="bbox 1779 1979 3370 2051">
    <p class='ocr_par' dir='ltr' id='par_1_49' title="bbox 1779 1979 3370 2051">
     <span class='ocr_line' id='line_1_49' title="bbox 1779 1979 3370 2051; baseline 0.003 -18"><span class='ocrx_word' id='word_1_344' title='bbox 1779 1979 1948 2033; x_wconf 82' lang='lat' dir='ltr'><strong>sancti</strong></span> <span class='ocrx_word' id='word_1_345' title='bbox 1999 1980 2276 2049; x_wconf 80' lang='lat' dir='ltr'><strong>Augustini</strong></span> <span class='ocrx_word' id='word_1_346' title='bbox 2318 1979 2571 2051; x_wconf 82' lang='lat' dir='ltr'><strong>tegebant.</strong></span> <span class='ocrx_word' id='word_1_347' title='bbox 2632 1979 2690 2036; x_wconf 89' lang='lat' dir='ltr'><strong>Si</strong></span> <span class='ocrx_word' id='word_1_348' title='bbox 2736 1991 2790 2036; x_wconf 95' lang='lat' dir='ltr'><strong>et</strong></span> <span class='ocrx_word' id='word_1_349' title='bbox 2829 1981 3083 2037; x_wconf 72' lang='lat' dir='ltr'><strong>delatoris</strong></span> <span class='ocrx_word' id='word_1_350' title='bbox 3122 1981 3370 2051; x_wconf 88' lang='lat' dir='ltr'><strong>Prosperi</strong></span> 
     </span>
    </p>
   </div>
   <div class='ocr_carea' id='block_1_50' title="bbox 1782 2069 3375 2144">
    <p class='ocr_par' dir='ltr' id='par_1_50' title="bbox 1782 2069 3375 2144">
     <span class='ocr_line' id='line_1_50' title="bbox 1782 2069 3375 2144; baseline 0.003 -20"><span class='ocrx_word' id='word_1_351' title='bbox 1782 2069 1949 2139; x_wconf 91' lang='lat' dir='ltr'><strong>dicta,</strong></span> <span class='ocrx_word' id='word_1_352' title='bbox 1971 2079 2027 2126; x_wconf 87' lang='lat' dir='ltr'><strong>et</strong></span> <span class='ocrx_word' id='word_1_353' title='bbox 2051 2071 2327 2128; x_wconf 81' lang='lat' dir='ltr'><strong>C(elestini</strong></span> <span class='ocrx_word' id='word_1_354' title='bbox 2353 2072 2549 2140; x_wconf 88' lang='lat' dir='ltr'><strong>judicis</strong></span> <span class='ocrx_word' id='word_1_355' title='bbox 2575 2071 2679 2127; x_wconf 86' lang='lat' dir='ltr'><strong>lata</strong></span> <span class='ocrx_word' id='word_1_356' title='bbox 2722 2088 2820 2143; x_wconf 88' lang='lat' dir='ltr'><strong>pro</strong></span> <span class='ocrx_word' id='word_1_357' title='bbox 2862 2072 3159 2144; x_wconf 86' lang='lat' dir='ltr'><strong>Augustino</strong></span> <span class='ocrx_word' id='word_1_358' title='bbox 3203 2072 3375 2129; x_wconf 88' lang='lat' dir='ltr'><strong>vindi-</strong></span> 
     </span>
    </p>
   </div>
   <div class='ocr_carea' id='block_1_51' title="bbox 1783 2161 3373 2233">
    <p class='ocr_par' dir='ltr' id='par_1_51' title="bbox 1783 2161 3373 2233">
     <span class='ocr_line' id='line_1_51' title="bbox 1783 2161 3373 2233; baseline 0.005 -20"><span class='ocrx_word' id='word_1_359' title='bbox 1783 2161 1958 2215; x_wconf 91' lang='lat' dir='ltr'><strong>cando</strong></span> <span class='ocrx_word' id='word_1_360' title='bbox 1977 2162 2247 2216; x_wconf 88' lang='lat' dir='ltr'><strong>sententia</strong></span> <span class='ocrx_word' id='word_1_361' title='bbox 2269 2161 2692 2230; x_wconf 90' lang='lat' dir='ltr'><strong>intercidissent,</strong></span> <span class='ocrx_word' id='word_1_362' title='bbox 2717 2173 2962 2232; x_wconf 87' lang='lat' dir='ltr'><strong>poterant</strong></span> <span class='ocrx_word' id='word_1_363' title='bbox 2982 2163 3069 2218; x_wconf 90' lang='lat' dir='ltr'><strong>illa</strong></span> <span class='ocrx_word' id='word_1_364' title='bbox 3105 2173 3373 2233; x_wconf 88' lang='lat' dir='ltr'><strong>utcunque</strong></span> 
     </span>
    </p>
   </div>
   <div class='ocr_carea' id='block_1_52' title="bbox 1784 2248 3373 2320">
    <p class='ocr_par' dir='ltr' id='par_1_52' title="bbox 1784 2248 3373 2320">
     <span class='ocr_line' id='line_1_52' title="bbox 1784 2248 3373 2320; baseline 0.001 -16"><span class='ocrx_word' id='word_1_365' title='bbox 1784 2249 1853 2304; x_wconf 87' lang='lat' dir='ltr'><strong>ab</strong></span> <span class='ocrx_word' id='word_1_366' title='bbox 1898 2249 2106 2304; x_wconf 89' lang='lat' dir='ltr'><strong>Adamo</strong></span> <span class='ocrx_word' id='word_1_367' title='bbox 2149 2248 2295 2318; x_wconf 84' lang='lat' dir='ltr'><strong>fingi,</strong></span> <span class='ocrx_word' id='word_1_368' title='bbox 2335 2264 2443 2320; x_wconf 90' lang='lat' dir='ltr'><strong>quo</strong></span> <span class='ocrx_word' id='word_1_369' title='bbox 2480 2249 2925 2320; x_wconf 85' lang='lat' dir='ltr'><strong>Augustinianam</strong></span> <span class='ocrx_word' id='word_1_370' title='bbox 2987 2251 3373 2307; x_wconf 85' lang='lat' dir='ltr'><strong>obscuritatem</strong></span> 
     </span>
    </p>
   </div>
   <div class='ocr_carea' id='block_1_53' title="bbox 1786 2339 3373 2411">
    <p class='ocr_par' dir='ltr' id='par_1_53' title="bbox 1786 2339 3373 2411">
     <span class='ocr_line' id='line_1_53' title="bbox 1786 2339 3373 2411; baseline 0.002 -16"><span class='ocrx_word' id='word_1_371' title='bbox 1786 2339 2000 2395; x_wconf 92' lang='lat' dir='ltr'><strong>illorum</strong></span> <span class='ocrx_word' id='word_1_372' title='bbox 2041 2342 2365 2396; x_wconf 89' lang='lat' dir='ltr'><strong>tumultuum</strong></span> <span class='ocrx_word' id='word_1_373' title='bbox 2411 2340 2610 2396; x_wconf 87' lang='lat' dir='ltr'><strong>fontem</strong></span> <span class='ocrx_word' id='word_1_374' title='bbox 2655 2342 3022 2411; x_wconf 88' lang='lat' dir='ltr'><strong>persuaderet.</strong></span> <span class='ocrx_word' id='word_1_375' title='bbox 3062 2341 3132 2398; x_wconf 88' lang='lat' dir='ltr'><strong>At</strong></span> <span class='ocrx_word' id='word_1_376' title='bbox 3151 2358 3218 2398; x_wconf 77' lang='lat' dir='ltr'><strong>ex</strong></span> <span class='ocrx_word' id='word_1_377' title='bbox 3240 2343 3373 2398; x_wconf 88' lang='lat' dir='ltr'><strong>Pro-</strong></span> 
     </span>
    </p>
   </div>
   <div class='ocr_carea' id='block_1_54' title="bbox 1787 2431 3380 2502">
    <p class='ocr_par' dir='ltr' id='par_1_54' title="bbox 1787 2431 3380 2502">
     <span class='ocr_line' id='line_1_54' title="bbox 1787 2431 3380 2502; baseline 0.001 -16"><span class='ocrx_word' id='word_1_378' title='bbox 1787 2432 1930 2501; x_wconf 90' lang='lat' dir='ltr'><strong>speri</strong></span> <span class='ocrx_word' id='word_1_379' title='bbox 1961 2439 2018 2487; x_wconf 88' lang='lat' dir='ltr'><strong>et</strong></span> <span class='ocrx_word' id='word_1_380' title='bbox 2055 2431 2334 2487; x_wconf 76' lang='lat' dir='ltr'><strong>leestini</strong></span> <span class='ocrx_word' id='word_1_381' title='bbox 2355 2433 2571 2501; x_wconf 90' lang='lat' dir='ltr'><strong>scriptis</strong></span> <span class='ocrx_word' id='word_1_382' title='bbox 2590 2442 2792 2502; x_wconf 66' lang='lat' dir='ltr'><strong>apertae</strong></span> <span class='ocrx_word' id='word_1_383' title='bbox 2812 2431 3060 2488; x_wconf 69' lang='lat' dir='ltr'><strong>falsitatis</strong></span> <span class='ocrx_word' id='word_1_384' title='bbox 3082 2448 3204 2488; x_wconf 91' lang='lat' dir='ltr'><strong>reus</strong></span> <span class='ocrx_word' id='word_1_385' title='bbox 3226 2442 3380 2489; x_wconf 89' lang='lat' dir='ltr'><strong>tene-</strong></span> 
     </span>
    </p>
   </div>
   <div class='ocr_carea' id='block_1_55' title="bbox 1791 2522 3382 2593">
    <p class='ocr_par' dir='ltr' id='par_1_55' title="bbox 1791 2522 3382 2593">
     <span class='ocr_line' id='line_1_55' title="bbox 1791 2522 3382 2593; baseline 0.002 -18"><span class='ocrx_word' id='word_1_386' title='bbox 1791 2530 1898 2576; x_wconf 92' lang='lat' dir='ltr'><strong>tur.</strong></span> <span class='ocrx_word' id='word_1_387' title='bbox 1919 2523 2002 2587; x_wconf 92' lang='lat' dir='ltr'><strong>Hi,</strong></span> <span class='ocrx_word' id='word_1_388' title='bbox 2025 2533 2212 2577; x_wconf 84' lang='lat' dir='ltr'><strong>cuntra</strong></span> <span class='ocrx_word' id='word_1_389' title='bbox 2235 2537 2371 2592; x_wconf 92' lang='lat' dir='ltr'><strong>quos</strong></span> <span class='ocrx_word' id='word_1_390' title='bbox 2397 2522 2650 2592; x_wconf 89' lang='lat' dir='ltr'><strong>Prosper,</strong></span> <span class='ocrx_word' id='word_1_391' title='bbox 2677 2523 2899 2593; x_wconf 85' lang='lat' dir='ltr'><strong>ejusque</strong></span> <span class='ocrx_word' id='word_1_392' title='bbox 2919 2524 3120 2592; x_wconf 89' lang='lat' dir='ltr'><strong>collega</strong></span> <span class='ocrx_word' id='word_1_393' title='bbox 3145 2523 3382 2578; x_wconf 84' lang='lat' dir='ltr'><strong>Hilarius</strong></span> 
     </span>
    </p>
   </div>
   <div class='ocr_carea' id='block_1_56' title="bbox 1793 2611 3380 2683">
    <p class='ocr_par' dir='ltr' id='par_1_56' title="bbox 1793 2611 3380 2683">
     <span class='ocr_line' id='line_1_56' title="bbox 1793 2611 3380 2683; baseline 0.001 -19"><span class='ocrx_word' id='word_1_394' title='bbox 1793 2611 2016 2664; x_wconf 80' lang='lat' dir='ltr'><strong>Romam</strong></span> <span class='ocrx_word' id='word_1_395' title='bbox 2049 2612 2271 2679; x_wconf 89' lang='lat' dir='ltr'><strong>profecti</strong></span> <span class='ocrx_word' id='word_1_396' title='bbox 2292 2621 2441 2675; x_wconf 87' lang='lat' dir='ltr'><strong>sunt,</strong></span> <span class='ocrx_word' id='word_1_397' title='bbox 2466 2627 2573 2665; x_wconf 91' lang='lat' dir='ltr'><strong>non</strong></span> <span class='ocrx_word' id='word_1_398' title='bbox 2597 2613 2747 2667; x_wconf 91' lang='lat' dir='ltr'><strong>fuere</strong></span> <span class='ocrx_word' id='word_1_399' title='bbox 2771 2614 2952 2668; x_wconf 22' lang='lat' dir='ltr'><strong>n-‘scio</strong></span> <span class='ocrx_word' id='word_1_400' title='bbox 2971 2615 3059 2682; x_wconf 91' lang='lat' dir='ltr'><strong>qui</strong></span> <span class='ocrx_word' id='word_1_401' title='bbox 3083 2613 3380 2683; x_wconf 86' lang='lat' dir='ltr'><strong>presbyteri</strong></span> 
     </span>
    </p>
   </div>
   <div class='ocr_carea' id='block_1_57' title="bbox 1797 2701 3385 2771">
    <p class='ocr_par' dir='ltr' id='par_1_57' title="bbox 1797 2701 3385 2771">
     <span class='ocr_line' id='line_1_57' title="bbox 1797 2701 3385 2771; baseline 0.004 -18"><span class='ocrx_word' id='word_1_402' title='bbox 1797 2701 2258 2755; x_wconf 71' lang='lat' dir='ltr'><strong>Praetlt-stinatiani</strong></span> <span class='ocrx_word' id='word_1_403' title='bbox 2299 2702 2398 2756; x_wconf 90' lang='lat' dir='ltr'><strong>sub</strong></span> <span class='ocrx_word' id='word_1_404' title='bbox 2422 2702 2704 2771; x_wconf 89' lang='lat' dir='ltr'><strong>Augustini</strong></span> <span class='ocrx_word' id='word_1_405' title='bbox 2747 2705 2962 2758; x_wconf 82' lang='lat' dir='ltr'><strong>nomine</strong></span> <span class='ocrx_word' id='word_1_406' title='bbox 3002 2719 3214 2759; x_wconf 81' lang='lat' dir='ltr'><strong>errores</strong></span> <span class='ocrx_word' id='word_1_407' title='bbox 3255 2719 3385 2759; x_wconf 90' lang='lat' dir='ltr'><strong>suos</strong></span> 
     </span>
    </p>
   </div>
   <div class='ocr_carea' id='block_1_58' title="bbox 1799 2791 3387 2864">
    <p class='ocr_par' dir='ltr' id='par_1_58' title="bbox 1799 2791 3387 2864">
     <span class='ocr_line' id='line_1_58' title="bbox 1799 2791 3387 2864; baseline 0.003 -20"><span class='ocrx_word' id='word_1_408' title='bbox 1799 2791 2153 2854; x_wconf 86' lang='lat' dir='ltr'><strong>venditantes.</strong></span> <span class='ocrx_word' id='word_1_409' title='bbox 2193 2792 2291 2846; x_wconf 88' lang='lat' dir='ltr'><strong>sed</strong></span> <span class='ocrx_word' id='word_1_410' title='bbox 2330 2794 2477 2846; x_wconf 87' lang='lat' dir='ltr'><strong>fuere</strong></span> <span class='ocrx_word' id='word_1_411' title='bbox 2537 2793 2691 2860; x_wconf 87' lang='lat' dir='ltr'><strong>plane</strong></span> <span class='ocrx_word' id='word_1_412' title='bbox 2729 2794 3157 2864; x_wconf 67' lang='lat' dir='ltr'><strong>SemiJ’elagiani</strong></span> <span class='ocrx_word' id='word_1_413' title='bbox 3200 2795 3387 2848; x_wconf 85' lang='lat' dir='ltr'><strong>Massi-</strong></span> 
     </span>
    </p>
   </div>
   <div class='ocr_carea' id='block_1_59' title="bbox 1803 2883 3384 2953">
    <p class='ocr_par' dir='ltr' id='par_1_59' title="bbox 1803 2883 3384 2953">
     <span class='ocr_line' id='line_1_59' title="bbox 1803 2883 3384 2953; baseline 0.001 -17"><span class='ocrx_word' id='word_1_414' title='bbox 1803 2884 1999 2938; x_wconf 89' lang='lat' dir='ltr'><strong>lienses</strong></span> <span class='ocrx_word' id='word_1_415' title='bbox 2023 2923 2037 2948; x_wconf 94' lang='lat'><strong>,</strong></span> <span class='ocrx_word' id='word_1_416' title='bbox 2067 2884 2156 2953; x_wconf 89' lang='lat' dir='ltr'><strong>qui</strong></span> <span class='ocrx_word' id='word_1_417' title='bbox 2179 2883 2352 2938; x_wconf 89' lang='lat' dir='ltr'><strong>sancti</strong></span> <span class='ocrx_word' id='word_1_418' title='bbox 2376 2883 2658 2953; x_wconf 84' lang='lat' dir='ltr'><strong>Augustini</strong></span> <span class='ocrx_word' id='word_1_419' title='bbox 2702 2885 2866 2941; x_wconf 90' lang='lat' dir='ltr'><strong>libros</strong></span> <span class='ocrx_word' id='word_1_420' title='bbox 2888 2897 2942 2940; x_wconf 93' lang='lat' dir='ltr'><strong>et</strong></span> <span class='ocrx_word' id='word_1_421' title='bbox 2980 2886 3276 2941; x_wconf 89' lang='lat' dir='ltr'><strong>doctrinam</strong></span> <span class='ocrx_word' id='word_1_422' title='bbox 3303 2890 3384 2939; x_wconf 89' lang='lat' dir='ltr'><strong>la-</strong></span> 
     </span>
    </p>
   </div>
   <div class='ocr_carea' id='block_1_60' title="bbox 1801 2974 3386 3044">
    <p class='ocr_par' dir='ltr' id='par_1_60' title="bbox 1801 2974 3386 3044">
     <span class='ocr_line' id='line_1_60' title="bbox 1801 2974 3386 3044; baseline -0.001 -16"><span class='ocrx_word' id='word_1_423' title='bbox 1801 2974 2075 3028; x_wconf 63' lang='lat' dir='ltr'><strong>errabant.</strong></span> <span class='ocrx_word' id='word_1_424' title='bbox 2126 2975 2236 3027; x_wconf 85' lang='lat' dir='ltr'><strong>Hoc</strong></span> <span class='ocrx_word' id='word_1_425' title='bbox 2279 2974 2447 3028; x_wconf 86' lang='lat' dir='ltr'><strong>fusius</strong></span> <span class='ocrx_word' id='word_1_426' title='bbox 2487 2989 2516 3028; x_wconf 90' lang='lat' dir='ltr'><strong>a</strong></span> <span class='ocrx_word' id='word_1_427' title='bbox 2556 2974 2712 3028; x_wconf 89' lang='lat' dir='ltr'><strong>nobis</strong></span> <span class='ocrx_word' id='word_1_428' title='bbox 2754 2975 3037 3042; x_wconf 89' lang='lat' dir='ltr'><strong>probatum</strong></span> <span class='ocrx_word' id='word_1_429' title='bbox 3078 2985 3162 3031; x_wconf 92' lang='lat' dir='ltr'><strong>est</strong></span> <span class='ocrx_word' id='word_1_430' title='bbox 3205 2977 3295 3029; x_wconf 87' lang='lat' dir='ltr'><strong>lib.</strong></span> <span class='ocrx_word' id='word_1_431' title='bbox 3325 2990 3386 3044; x_wconf 85' lang='lat' dir='ltr'><strong>tt,</strong></span> 
     </span>
    </p>
   </div>
   <div class='ocr_carea' id='block_1_61' title="bbox 1807 3061 3312 3132">
    <p class='ocr_par' dir='ltr' id='par_1_61' title="bbox 1807 3061 3312 3132">
     <span class='ocr_line' id='line_1_61' title="bbox 1807 3061 3312 3132; baseline 0.001 -17"><span class='ocrx_word' id='word_1_432' title='bbox 1807 3063 1940 3116; x_wconf 91' lang='lat' dir='ltr'><strong>Hist.</strong></span> <span class='ocrx_word' id='word_1_433' title='bbox 1967 3063 2170 3131; x_wconf 85' lang='lat' dir='ltr'><strong>Pelag.,</strong></span> <span class='ocrx_word' id='word_1_434' title='bbox 2198 3077 2317 3130; x_wconf 86' lang='lat' dir='ltr'><strong>cap.</strong></span> <span class='ocrx_word' id='word_1_435' title='bbox 2353 3061 2437 3126; x_wconf 80' lang='lat' dir='ltr'><strong>l5,</strong></span> <span class='ocrx_word' id='word_1_436' title='bbox 2465 3078 2585 3129; x_wconf 71' lang='lat' dir='ltr'><strong>quze</strong></span> <span class='ocrx_word' id='word_1_437' title='bbox 2632 3063 2719 3118; x_wconf 89' lang='lat' dir='ltr'><strong>hic</strong></span> <span class='ocrx_word' id='word_1_438' title='bbox 2741 3075 2986 3132; x_wconf 87' lang='lat' dir='ltr'><strong>repetere</strong></span> <span class='ocrx_word' id='word_1_439' title='bbox 3011 3081 3116 3120; x_wconf 89' lang='lat' dir='ltr'><strong>non</strong></span> <span class='ocrx_word' id='word_1_440' title='bbox 3142 3077 3312 3120; x_wconf 89' lang='lat' dir='ltr'><strong>vacat.</strong></span> 
     </span>
    </p>
   </div>
   <div class='ocr_carea' id='block_1_62' title="bbox 114 3151 3391 3229">
    <p class='ocr_par' dir='ltr' id='par_1_62' title="bbox 114 3151 3391 3229">
     <span class='ocr_line' id='line_1_62' title="bbox 114 3151 3391 3229; baseline 0.001 -20"><span class='ocrx_word' id='word_1_441' title='bbox 114 3159 246 3223; x_wconf 89' lang='lat' dir='ltr'><strong>disti,</strong></span> <span class='ocrx_word' id='word_1_442' title='bbox 281 3153 625 3210; x_wconf 85' lang='lat' dir='ltr'><strong>contrarium</strong></span> <span class='ocrx_word' id='word_1_443' title='bbox 672 3162 861 3221; x_wconf 91' lang='lat' dir='ltr'><strong>putant</strong></span> <span class='ocrx_word' id='word_1_444' title='bbox 908 3152 1122 3205; x_wconf 88' lang='lat' dir='ltr'><strong>Patrum</strong></span> <span class='ocrx_word' id='word_1_445' title='bbox 1152 3152 1412 3219; x_wconf 67' lang='lat' dir='ltr'><strong>opinioni,</strong></span> <span class='ocrx_word' id='word_1_446' title='bbox 1444 3160 1497 3203; x_wconf 92' lang='lat' dir='ltr'><strong>et</strong></span> <span class='ocrx_word' id='word_1_447' title='bbox 1526 3151 1699 3204; x_wconf 83' lang='lat' dir='ltr'><strong>eccle-</strong></span> <span class='ocrx_word' id='word_1_448' title='bbox 1725 3170 1771 3229; x_wconf 69' lang='grc' dir='ltr'>ε</span> <span class='ocrx_word' id='word_1_449' title='bbox 1878 3152 2054 3222; x_wconf 86' lang='lat' dir='ltr'><strong>Pergit</strong></span> <span class='ocrx_word' id='word_1_450' title='bbox 2079 3163 2257 3221; x_wconf 69' lang='lat' dir='ltr'><strong>ccepto</strong></span> <span class='ocrx_word' id='word_1_451' title='bbox 2304 3154 2541 3207; x_wconf 85' lang='lat' dir='ltr'><strong>Adamus</strong></span> <span class='ocrx_word' id='word_1_452' title='bbox 2579 3156 2730 3209; x_wconf 79' lang='lat' dir='ltr'><strong>novis</strong></span> <span class='ocrx_word' id='word_1_453' title='bbox 2771 3159 3100 3227; x_wconf 88' lang='lat' dir='ltr'><strong>argumentis</strong></span> <span class='ocrx_word' id='word_1_454' title='bbox 3141 3157 3391 3227; x_wconf 87' lang='lat' dir='ltr'><strong>Augusti-</strong></span> 
     </span>
    </p>
   </div>
   <div class='ocr_carea' id='block_1_63' title="bbox 113 3242 1696 3314">
    <p class='ocr_par' dir='ltr' id='par_1_63' title="bbox 113 3242 1696 3314">
     <span class='ocr_line' id='line_1_63' title="bbox 113 3242 1696 3314; baseline -0.006 -12"><span class='ocrx_word' id='word_1_455' title='bbox 113 3249 316 3302; x_wconf 72' lang='lat' dir='ltr'><strong>Siastico</strong></span> <span class='ocrx_word' id='word_1_456' title='bbox 355 3247 546 3300; x_wconf 87' lang='lat' dir='ltr'><strong>sensui</strong></span> <span class='ocrx_word' id='word_1_457' title='bbox 575 3243 832 3314; x_wconf 89' lang='lat' dir='ltr'><strong>quidquid</strong></span> <span class='ocrx_word' id='word_1_458' title='bbox 880 3243 932 3296; x_wconf 91' lang='lat' dir='ltr'><strong>in</strong></span> <span class='ocrx_word' id='word_1_459' title='bbox 964 3243 1045 3297; x_wconf 90' lang='lat' dir='ltr'><strong>eis</strong></span> <span class='ocrx_word' id='word_1_460' title='bbox 1087 3242 1154 3297; x_wconf 91' lang='lat' dir='ltr'><strong>de</strong></span> <span class='ocrx_word' id='word_1_461' title='bbox 1183 3243 1466 3295; x_wconf 86' lang='lat' dir='ltr'><strong>vocatione</strong></span> <span class='ocrx_word' id='word_1_462' title='bbox 1493 3242 1696 3296; x_wconf 89' lang='lat' dir='ltr'><strong>electo-</strong></span> 
     </span>
    </p>
   </div>
   <div class='ocr_carea' id='block_1_64' title="bbox 116 3334 1698 3407">
    <p class='ocr_par' dir='ltr' id='par_1_64' title="bbox 116 3334 1698 3407">
     <span class='ocr_line' id='line_1_64' title="bbox 116 3334 1698 3407; baseline -0.004 -14"><span class='ocrx_word' id='word_1_463' title='bbox 116 3355 221 3394; x_wconf 85' lang='lat' dir='ltr'><strong>rum</strong></span> <span class='ocrx_word' id='word_1_464' title='bbox 260 3339 570 3395; x_wconf 88' lang='lat' dir='ltr'><strong>sccundum</strong></span> <span class='ocrx_word' id='word_1_465' title='bbox 620 3338 712 3393; x_wconf 88' lang='lat' dir='ltr'><strong>Dei</strong></span> <span class='ocrx_word' id='word_1_466' title='bbox 759 3336 1088 3407; x_wconf 86' lang='lat' dir='ltr'><strong>propositum</strong></span> <span class='ocrx_word' id='word_1_467' title='bbox 1120 3336 1428 3404; x_wconf 67' lang='lat' dir='ltr'><strong>disyutasti.</strong></span> <span class='ocrx_word' id='word_1_468' title='bbox 1464 3334 1530 3388; x_wconf 76' lang='lat' dir='ltr'><strong>Et</strong></span> <span class='ocrx_word' id='word_1_469' title='bbox 1575 3350 1698 3389; x_wconf 89' lang='lat' dir='ltr'><strong>cum</strong></span> 
     </span>
    </p>
   </div>
   <div class='ocr_carea' id='block_1_65' title="bbox 117 3429 1698 3498">
    <p class='ocr_par' dir='ltr' id='par_1_65' title="bbox 117 3429 1698 3498">
     <span class='ocr_line' id='line_1_65' title="bbox 117 3429 1698 3498; baseline -0.002 -16"><span class='ocrx_word' id='word_1_470' title='bbox 117 3433 416 3498; x_wconf 84' lang='lat' dir='ltr'><strong>aliquandiu</strong></span> <span class='ocrx_word' id='word_1_471' title='bbox 454 3431 769 3484; x_wconf 87' lang='lat' dir='ltr'><strong>tarditatem</strong></span> <span class='ocrx_word' id='word_1_472' title='bbox 801 3444 951 3484; x_wconf 91' lang='lat' dir='ltr'><strong>suam</strong></span> <span class='ocrx_word' id='word_1_473' title='bbox 967 3430 1186 3497; x_wconf 89' lang='lat' dir='ltr'><strong>culpare</strong></span> <span class='ocrx_word' id='word_1_474' title='bbox 1211 3429 1516 3492; x_wconf 89' lang='lat' dir='ltr'><strong>maluerint,</strong></span> <span class='ocrx_word' id='word_1_475' title='bbox 1542 3442 1698 3496; x_wconf 80' lang='lat' dir='ltr'><strong>quam</strong></span> 
     </span>
    </p>
   </div>
   <div class='ocr_carea' id='block_1_66' title="bbox 115 3520 1702 3590">
    <p class='ocr_par' dir='ltr' id='par_1_66' title="bbox 115 3520 1702 3590">
     <span class='ocr_line' id='line_1_66' title="bbox 115 3520 1702 3590; baseline 0 -18"><span class='ocrx_word' id='word_1_476' title='bbox 115 3537 212 3575; x_wconf 88' lang='lat' dir='ltr'><strong>non</strong></span> <span class='ocrx_word' id='word_1_477' title='bbox 239 3523 521 3576; x_wconf 87' lang='lat' dir='ltr'><strong>intellecta</strong></span> <span class='ocrx_word' id='word_1_478' title='bbox 552 3521 968 3590; x_wconf 80' lang='lat' dir='ltr'><strong>reprehendere,</strong></span> <span class='ocrx_word' id='word_1_479' title='bbox 998 3521 1320 3590; x_wconf 89' lang='lat' dir='ltr'><strong>quidamque</strong></span> <span class='ocrx_word' id='word_1_480' title='bbox 1346 3534 1528 3573; x_wconf 87' lang='lat' dir='ltr'><strong>eorum</strong></span> <span class='ocrx_word' id='word_1_481' title='bbox 1569 3520 1702 3572; x_wconf 86' lang='lat' dir='ltr'><strong>luci-</strong></span> 
     </span>
    </p>
   </div>
   <div class='ocr_carea' id='block_1_67' title="bbox 119 3611 1704 3684">
    <p class='ocr_par' dir='ltr' id='par_1_67' title="bbox 119 3611 1704 3684">
     <span class='ocr_line' id='line_1_67' title="bbox 119 3611 1704 3684; baseline -0.001 -19"><span class='ocrx_word' id='word_1_482' title='bbox 119 3613 314 3668; x_wconf 90' lang='lat' dir='ltr'><strong>diorem</strong></span> <span class='ocrx_word' id='word_1_483' title='bbox 346 3629 522 3684; x_wconf 89' lang='lat' dir='ltr'><strong>super</strong></span> <span class='ocrx_word' id='word_1_484' title='bbox 547 3614 668 3680; x_wconf 90' lang='lat' dir='ltr'><strong>hoc,</strong></span> <span class='ocrx_word' id='word_1_485' title='bbox 695 3621 854 3682; x_wconf 89' lang='lat' dir='ltr'><strong>atque</strong></span> <span class='ocrx_word' id='word_1_486' title='bbox 877 3613 1198 3680; x_wconf 82' lang='lat' dir='ltr'><strong>apertiorem</strong></span> <span class='ocrx_word' id='word_1_487' title='bbox 1227 3611 1578 3665; x_wconf 79' lang='lat' dir='ltr'><strong>Deatitudinis</strong></span> <span class='ocrx_word' id='word_1_488' title='bbox 1602 3620 1704 3664; x_wconf 68' lang='lat' dir='ltr'><strong>tuae</strong></span> 
     </span>
    </p>
   </div>
   <div class='ocr_carea' id='block_1_68' title="bbox 118 3699 1710 3774">
    <p class='ocr_par' dir='ltr' id='par_1_68' title="bbox 118 3699 1710 3774">
     <span class='ocr_line' id='line_1_68' title="bbox 118 3699 1710 3774; baseline -0.002 -17"><span class='ocrx_word' id='word_1_489' title='bbox 118 3706 508 3774; x_wconf 64' lang='lat' dir='ltr'><strong>expositionem</strong></span> <span class='ocrx_word' id='word_1_490' title='bbox 550 3705 814 3759; x_wconf 91' lang='lat' dir='ltr'><strong>voluerint</strong></span> <span class='ocrx_word' id='word_1_491' title='bbox 843 3705 1134 3772; x_wconf 87' lang='lat' dir='ltr'><strong>postulare,</strong></span> <span class='ocrx_word' id='word_1_492' title='bbox 1163 3702 1339 3757; x_wconf 79' lang='lat' dir='ltr'><strong>evenit</strong></span> <span class='ocrx_word' id='word_1_493' title='bbox 1368 3718 1434 3756; x_wconf 84' lang='lat' dir='ltr'><strong>ex</strong></span> <span class='ocrx_word' id='word_1_494' title='bbox 1481 3699 1710 3769; x_wconf 82' lang='lat' dir='ltr'><strong>disposi-</strong></span> 
     </span>
    </p>
   </div>
   <div class='ocr_carea' id='block_1_69' title="bbox 119 3792 1710 3864">
    <p class='ocr_par' dir='ltr' id='par_1_69' title="bbox 119 3792 1710 3864">
     <span class='ocr_line' id='line_1_69' title="bbox 119 3792 1710 3864; baseline -0.003 -15"><span class='ocrx_word' id='word_1_495' title='bbox 119 3799 256 3852; x_wconf 88' lang='lat' dir='ltr'><strong>tione</strong></span> <span class='ocrx_word' id='word_1_496' title='bbox 281 3796 678 3854; x_wconf 66' lang='lat' dir='ltr'><strong>misericordiae</strong></span> <span class='ocrx_word' id='word_1_497' title='bbox 706 3797 822 3861; x_wconf 89' lang='lat' dir='ltr'><strong>Dei,</strong></span> <span class='ocrx_word' id='word_1_498' title='bbox 863 3805 921 3850; x_wconf 88' lang='lat' dir='ltr'><strong>ut</strong></span> <span class='ocrx_word' id='word_1_499' title='bbox 949 3810 1069 3851; x_wconf 91' lang='lat' dir='ltr'><strong>cmn</strong></span> <span class='ocrx_word' id='word_1_500' title='bbox 1101 3794 1358 3864; x_wconf 89' lang='lat' dir='ltr'><strong>quosdam</strong></span> <span class='ocrx_word' id='word_1_501' title='bbox 1405 3793 1541 3847; x_wconf 90' lang='lat' dir='ltr'><strong>intra</strong></span> <span class='ocrx_word' id='word_1_502' title='bbox 1571 3792 1710 3846; x_wconf 82' lang='lat' dir='ltr'><strong>Afri-</strong></span> 
     </span>
    </p>
   </div>
   <div class='ocr_carea' id='block_1_70' title="bbox 118 3872 1712 3955">
    <p class='ocr_par' dir='ltr' id='par_1_70' title="bbox 118 3872 1712 3955">
     <span class='ocr_line' id='line_1_70' title="bbox 118 3872 1712 3955; baseline -0.001 -13"><span class='ocrx_word' id='word_1_503' title='bbox 118 3903 226 3942; x_wconf 89' lang='lat' dir='ltr'><strong>cam</strong></span> <span class='ocrx_word' id='word_1_504' title='bbox 279 3889 487 3943; x_wconf 89' lang='lat' dir='ltr'><strong>similia</strong></span> <span class='ocrx_word' id='word_1_505' title='bbox 547 3891 860 3951; x_wconf 85' lang='lat' dir='ltr'><strong>movissent,</strong></span> <span class='ocrx_word' id='word_1_506' title='bbox 909 3872 1220 3940; x_wconf 87' lang='lat' dir='ltr'><strong>librumde</strong></span> <span class='ocrx_word' id='word_1_507' title='bbox 1271 3884 1619 3955; x_wconf 87' lang='lat' dir='ltr'><strong>Correptione</strong></span> <span class='ocrx_word' id='word_1_508' title='bbox 1657 3893 1712 3940; x_wconf 90' lang='lat' dir='ltr'><strong>et</strong></span> 
     </span>
    </p>
   </div>
   <div class='ocr_carea' id='block_1_71' title="bbox 121 3975 1709 4048">
    <p class='ocr_par' dir='ltr' id='par_1_71' title="bbox 121 3975 1709 4048">
     <span class='ocr_line' id='line_1_71' title="bbox 121 3975 1709 4048; baseline -0.001 -16"><span class='ocrx_word' id='word_1_509' title='bbox 121 3979 274 4045; x_wconf 81' lang='lat' dir='ltr'><strong>gratia</strong></span> <span class='ocrx_word' id='word_1_510' title='bbox 309 3980 545 4048; x_wconf 88' lang='lat' dir='ltr'><strong>plenum</strong></span> <span class='ocrx_word' id='word_1_511' title='bbox 572 3977 768 4032; x_wconf 75' lang='lat' dir='ltr'><strong>divina:</strong></span> <span class='ocrx_word' id='word_1_512' title='bbox 796 3975 1133 4031; x_wconf 88' lang='lat' dir='ltr'><strong>auctoritatis</strong></span> <span class='ocrx_word' id='word_1_513' title='bbox 1192 3979 1488 4040; x_wconf 87' lang='lat' dir='ltr'><strong>emitteres,</strong></span> <span class='ocrx_word' id='word_1_514' title='bbox 1520 3992 1626 4045; x_wconf 89' lang='lat' dir='ltr'><strong>quo</strong></span> <span class='ocrx_word' id='word_1_515' title='bbox 1659 3982 1709 4030; x_wconf 89' lang='lat' dir='ltr'><strong>in</strong></span> 
     </span>
    </p>
   </div>
   <div class='ocr_carea' id='block_1_72' title="bbox 120 4065 1712 4137">
    <p class='ocr_par' dir='ltr' id='par_1_72' title="bbox 120 4065 1712 4137">
     <span class='ocr_line' id='line_1_72' title="bbox 120 4065 1712 4137; baseline -0.001 -16"><span class='ocrx_word' id='word_1_516' title='bbox 120 4071 357 4125; x_wconf 84' lang='lat' dir='ltr'><strong>notitiam</strong></span> <span class='ocrx_word' id='word_1_517' title='bbox 385 4081 639 4126; x_wconf 87' lang='lat' dir='ltr'><strong>nostram</strong></span> <span class='ocrx_word' id='word_1_518' title='bbox 665 4070 931 4137; x_wconf 88' lang='lat' dir='ltr'><strong>insperata</strong></span> <span class='ocrx_word' id='word_1_519' title='bbox 959 4065 1358 4136; x_wconf 89' lang='lat' dir='ltr'><strong>opportunitate</strong></span> <span class='ocrx_word' id='word_1_520' title='bbox 1379 4067 1578 4132; x_wconf 89' lang='lat' dir='ltr'><strong>delato,</strong></span> <span class='ocrx_word' id='word_1_521' title='bbox 1611 4080 1712 4135; x_wconf 84' lang='lat' dir='ltr'><strong>pu-</strong></span> 
     </span>
    </p>
   </div>
   <div class='ocr_carea' id='block_1_73' title="bbox 122 4157 1714 4230">
    <p class='ocr_par' dir='ltr' id='par_1_73' title="bbox 122 4157 1714 4230">
     <span class='ocr_line' id='line_1_73' title="bbox 122 4157 1714 4230; baseline 0.002 -19"><span class='ocrx_word' id='word_1_522' title='bbox 122 4162 346 4217; x_wconf 88' lang='lat' dir='ltr'><strong>tavimus</strong></span> <span class='ocrx_word' id='word_1_523' title='bbox 369 4176 577 4216; x_wconf 88' lang='lat' dir='ltr'><strong>omnes</strong></span> <span class='ocrx_word' id='word_1_524' title='bbox 597 4159 844 4230; x_wconf 86' lang='lat' dir='ltr'><strong>querelas</strong></span> <span class='ocrx_word' id='word_1_525' title='bbox 865 4159 1233 4214; x_wconf 80' lang='lat' dir='ltr'><strong>resistentium</strong></span> <span class='ocrx_word' id='word_1_526' title='bbox 1262 4157 1568 4226; x_wconf 78' lang='lat' dir='ltr'><strong>sopit-udas,</strong></span> <span class='ocrx_word' id='word_1_527' title='bbox 1591 4159 1714 4225; x_wconf 87' lang='lat' dir='ltr'><strong>quia</strong></span> 
     </span>
    </p>
   </div>
   <div class='ocr_carea' id='block_1_74' title="bbox 123 4247 1716 4322">
    <p class='ocr_par' dir='ltr' id='par_1_74' title="bbox 123 4247 1716 4322">
     <span class='ocr_line' id='line_1_74' title="bbox 123 4247 1716 4322; baseline -0.001 -20"><span class='ocrx_word' id='word_1_528' title='bbox 123 4251 375 4309; x_wconf 87' lang='lat' dir='ltr'><strong>universis</strong></span> <span class='ocrx_word' id='word_1_529' title='bbox 408 4250 830 4322; x_wconf 64' lang='lat' dir='ltr'><strong>quaestionibus,</strong></span> <span class='ocrx_word' id='word_1_530' title='bbox 872 4249 939 4304; x_wconf 91' lang='lat' dir='ltr'><strong>de</strong></span> <span class='ocrx_word' id='word_1_531' title='bbox 981 4249 1177 4320; x_wconf 91' lang='lat' dir='ltr'><strong>quibus</strong></span> <span class='ocrx_word' id='word_1_532' title='bbox 1221 4247 1549 4303; x_wconf 88' lang='lat' dir='ltr'><strong>consulenda</strong></span> <span class='ocrx_word' id='word_1_533' title='bbox 1599 4256 1716 4301; x_wconf 87' lang='lat' dir='ltr'><strong>erat</strong></span> 
     </span>
    </p>
   </div>
   <div class='ocr_carea' id='block_1_75' title="bbox 121 4340 1717 4411">
    <p class='ocr_par' dir='ltr' id='par_1_75' title="bbox 121 4340 1717 4411">
     <span class='ocr_line' id='line_1_75' title="bbox 121 4340 1717 4411; baseline 0.001 -16"><span class='ocrx_word' id='word_1_534' title='bbox 121 4340 378 4400; x_wconf 85' lang='lat' dir='ltr'><strong>Sanctitas</strong></span> <span class='ocrx_word' id='word_1_535' title='bbox 412 4356 534 4408; x_wconf 86' lang='lat' dir='ltr'><strong>tua,</strong></span> <span class='ocrx_word' id='word_1_536' title='bbox 576 4353 681 4397; x_wconf 88' lang='lat' dir='ltr'><strong>tam</strong></span> <span class='ocrx_word' id='word_1_537' title='bbox 733 4343 889 4411; x_wconf 85' lang='lat' dir='ltr'><strong>plene</strong></span> <span class='ocrx_word' id='word_1_538' title='bbox 938 4340 1047 4396; x_wconf 89' lang='lat' dir='ltr'><strong>illic</strong></span> <span class='ocrx_word' id='word_1_539' title='bbox 1105 4341 1453 4410; x_wconf 90' lang='lat' dir='ltr'><strong>absoluteque</strong></span> <span class='ocrx_word' id='word_1_540' title='bbox 1492 4356 1717 4408; x_wconf 80' lang='lat' dir='ltr'><strong>respon-</strong></span> 
     </span>
    </p>
   </div>
   <div class='ocr_carea' id='block_1_76' title="bbox 122 4433 1714 4508">
    <p class='ocr_par' dir='ltr' id='par_1_76' title="bbox 122 4433 1714 4508">
     <span class='ocr_line' id='line_1_76' title="bbox 122 4433 1714 4508; baseline 0.001 -22"><span class='ocrx_word' id='word_1_541' title='bbox 122 4450 233 4489; x_wconf 89' lang='lat' dir='ltr'><strong>sum</strong></span> <span class='ocrx_word' id='word_1_542' title='bbox 253 4448 358 4503; x_wconf 90' lang='lat' dir='ltr'><strong>est,</strong></span> <span class='ocrx_word' id='word_1_543' title='bbox 390 4436 560 4508; x_wconf 90' lang='lat' dir='ltr'><strong>quasi</strong></span> <span class='ocrx_word' id='word_1_544' title='bbox 583 4436 682 4490; x_wconf 86' lang='lat' dir='ltr'><strong>hoc</strong></span> <span class='ocrx_word' id='word_1_545' title='bbox 707 4434 1009 4505; x_wconf 87' lang='lat' dir='ltr'><strong>specialiter</strong></span> <span class='ocrx_word' id='word_1_546' title='bbox 1034 4433 1322 4499; x_wconf 88' lang='lat' dir='ltr'><strong>studueris,</strong></span> <span class='ocrx_word' id='word_1_547' title='bbox 1346 4445 1400 4488; x_wconf 92' lang='lat' dir='ltr'><strong>ut</strong></span> <span class='ocrx_word' id='word_1_548' title='bbox 1429 4449 1546 4503; x_wconf 76' lang='lat' dir='ltr'><strong>qua:</strong></span> <span class='ocrx_word' id='word_1_549' title='bbox 1577 4435 1714 4502; x_wconf 90' lang='lat' dir='ltr'><strong>apud</strong></span> 
     </span>
    </p>
   </div>
   <div class='ocr_carea' id='block_1_77' title="bbox 1805 3244 3390 3321">
    <p class='ocr_par' dir='ltr' id='par_1_77' title="bbox 1805 3244 3390 3321">
     <span class='ocr_line' id='line_1_77' title="bbox 1805 3244 3390 3321; baseline 0.005 -23"><span class='ocrx_word' id='word_1_550' title='bbox 1805 3244 2016 3299; x_wconf 85' lang='lat' dir='ltr'><strong>nianam</strong></span> <span class='ocrx_word' id='word_1_551' title='bbox 2058 3244 2443 3300; x_wconf 75' lang='lat' dir='ltr'><strong>obscnritatem</strong></span> <span class='ocrx_word' id='word_1_552' title='bbox 2479 3247 2704 3314; x_wconf 92' lang='lat' dir='ltr'><strong>probare</strong></span> <span class='ocrx_word' id='word_1_553' title='bbox 2728 3250 2960 3304; x_wconf 81' lang='lat' dir='ltr'><strong>enitens.</strong></span> <span class='ocrx_word' id='word_1_554' title='bbox 2985 3251 3219 3319; x_wconf 87' lang='lat' dir='ltr'><strong>Opponit</strong></span> <span class='ocrx_word' id='word_1_555' title='bbox 3245 3252 3390 3321; x_wconf 87' lang='lat' dir='ltr'><strong>quod</strong></span> 
     </span>
    </p>
   </div>
   <div class='ocr_carea' id='block_1_78' title="bbox 1804 3337 3394 3407">
    <p class='ocr_par' dir='ltr' id='par_1_78' title="bbox 1804 3337 3394 3407">
     <span class='ocr_line' id='line_1_78' title="bbox 1804 3337 3394 3407; baseline 0.004 -17"><span class='ocrx_word' id='word_1_556' title='bbox 1804 3337 1871 3390; x_wconf 91' lang='lat' dir='ltr'><strong>de</strong></span> <span class='ocrx_word' id='word_1_557' title='bbox 1893 3337 2008 3404; x_wconf 87' lang='lat' dir='ltr'><strong>ejus</strong></span> <span class='ocrx_word' id='word_1_558' title='bbox 2032 3345 2131 3390; x_wconf 89' lang='lat' dir='ltr'><strong>&#39;em</strong></span> <span class='ocrx_word' id='word_1_559' title='bbox 2158 3338 2424 3390; x_wconf 83' lang='lat' dir='ltr'><strong>sententia</strong></span> <span class='ocrx_word' id='word_1_560' title='bbox 2453 3338 2520 3392; x_wconf 90' lang='lat' dir='ltr'><strong>de</strong></span> <span class='ocrx_word' id='word_1_561' title='bbox 2548 3338 3019 3406; x_wconf 71' lang='lat' dir='ltr'><strong>prmdcstinatione</strong></span> <span class='ocrx_word' id='word_1_562' title='bbox 3042 3339 3230 3407; x_wconf 85' lang='lat' dir='ltr'><strong>ingens</strong></span> <span class='ocrx_word' id='word_1_563' title='bbox 3255 3342 3394 3397; x_wconf 88' lang='lat' dir='ltr'><strong>inter</strong></span> 
     </span>
    </p>
   </div>
   <div class='ocr_carea' id='block_1_79' title="bbox 1807 3430 3396 3498">
    <p class='ocr_par' dir='ltr' id='par_1_79' title="bbox 1807 3430 3396 3498">
     <span class='ocr_line' id='line_1_79' title="bbox 1807 3430 3396 3498; baseline 0.004 -17"><span class='ocrx_word' id='word_1_564' title='bbox 1807 3430 2087 3496; x_wconf 76' lang='lat' dir='ltr'><strong>theologos</strong></span> <span class='ocrx_word' id='word_1_565' title='bbox 2131 3430 2498 3483; x_wconf 86' lang='lat' dir='ltr'><strong>controversia</strong></span> <span class='ocrx_word' id='word_1_566' title='bbox 2542 3441 2658 3495; x_wconf 90' lang='lat' dir='ltr'><strong>est,</strong></span> <span class='ocrx_word' id='word_1_567' title='bbox 2704 3446 2823 3498; x_wconf 87' lang='lat' dir='ltr'><strong>pag.</strong></span> <span class='ocrx_word' id='word_1_568' title='bbox 2869 3430 2971 3484; x_wconf 80' lang='grc'><strong>596</strong></span> <span class='ocrx_word' id='word_1_569' title='bbox 3011 3432 3218 3484; x_wconf 87' lang='lat' dir='ltr'><strong>addens</strong></span> <span class='ocrx_word' id='word_1_570' title='bbox 3259 3433 3396 3487; x_wconf 90' lang='lat' dir='ltr'><strong>adeo</strong></span> 
     </span>
    </p>
   </div>
   <div class='ocr_carea' id='block_1_80' title="bbox 1807 3519 3395 3587">
    <p class='ocr_par' dir='ltr' id='par_1_80' title="bbox 1807 3519 3395 3587">
     <span class='ocr_line' id='line_1_80' title="bbox 1807 3519 3395 3587; baseline 0.002 -14"><span class='ocrx_word' id='word_1_571' title='bbox 1807 3520 1953 3573; x_wconf 92' lang='lat' dir='ltr'><strong>illam</strong></span> <span class='ocrx_word' id='word_1_572' title='bbox 1979 3534 2101 3572; x_wconf 88' lang='lat' dir='ltr'><strong>esse</strong></span> <span class='ocrx_word' id='word_1_573' title='bbox 2125 3519 2428 3583; x_wconf 83' lang='lat' dir='ltr'><strong>difficilem,</strong></span> <span class='ocrx_word' id='word_1_574' title='bbox 2456 3531 2507 3571; x_wconf 93' lang='lat' dir='ltr'><strong>ut</strong></span> <span class='ocrx_word' id='word_1_575' title='bbox 2540 3535 2728 3587; x_wconf 84' lang='lat' dir='ltr'><strong>graves</strong></span> <span class='ocrx_word' id='word_1_576' title='bbox 2757 3521 3016 3573; x_wconf 90' lang='lat' dir='ltr'><strong>tumultus</strong></span> <span class='ocrx_word' id='word_1_577' title='bbox 3061 3522 3112 3572; x_wconf 93' lang='lat' dir='ltr'><strong>in</strong></span> <span class='ocrx_word' id='word_1_578' title='bbox 3153 3521 3395 3576; x_wconf 88' lang='lat' dir='ltr'><strong>Ecclesia</strong></span> 
     </span>
    </p>
   </div>
   <div class='ocr_carea' id='block_1_81' title="bbox 1808 3607 3397 3676">
    <p class='ocr_par' dir='ltr' id='par_1_81' title="bbox 1808 3607 3397 3676">
     <span class='ocr_line' id='line_1_81' title="bbox 1808 3607 3397 3676; baseline 0 -14"><span class='ocrx_word' id='word_1_579' title='bbox 1808 3609 2076 3662; x_wconf 83' lang='lat' dir='ltr'><strong>excitarit.</strong></span> <span class='ocrx_word' id='word_1_580' title='bbox 2099 3607 2283 3661; x_wconf 86' lang='lat' dir='ltr'><strong>Tradit</strong></span> <span class='ocrx_word' id='word_1_581' title='bbox 2322 3607 2482 3661; x_wconf 89' lang='lat' dir='ltr'><strong>etiam</strong></span> <span class='ocrx_word' id='word_1_582' title='bbox 2526 3610 2784 3676; x_wconf 71' lang='lat' dir='ltr'><strong>quo~dam</strong></span> <span class='ocrx_word' id='word_1_583' title='bbox 2815 3625 2879 3662; x_wconf 79' lang='lat' dir='ltr'><strong>ex</strong></span> <span class='ocrx_word' id='word_1_584' title='bbox 2918 3609 3204 3676; x_wconf 83' lang='lat' dir='ltr'><strong>Augustini</strong></span> <span class='ocrx_word' id='word_1_585' title='bbox 3231 3620 3397 3663; x_wconf 65' lang='grc' dir='ltr'><strong>εει-ιιι·</strong></span> 
     </span>
    </p>
   </div>
   <div class='ocr_carea' id='block_1_82' title="bbox 1813 3698 3398 3765">
    <p class='ocr_par' dir='ltr' id='par_1_82' title="bbox 1813 3698 3398 3765">
     <span class='ocr_line' id='line_1_82' title="bbox 1813 3698 3398 3765; baseline -0.001 -11"><span class='ocrx_word' id='word_1_586' title='bbox 1813 3700 2019 3754; x_wconf 87' lang='lat' dir='ltr'><strong>toribus</strong></span> <span class='ocrx_word' id='word_1_587' title='bbox 2050 3700 2101 3753; x_wconf 94' lang='lat' dir='ltr'><strong>in</strong></span> <span class='ocrx_word' id='word_1_588' title='bbox 2143 3698 2362 3753; x_wconf 85' lang='lat' dir='ltr'><strong>materia</strong></span> <span class='ocrx_word' id='word_1_589' title='bbox 2383 3699 2449 3752; x_wconf 90' lang='lat' dir='ltr'><strong>de</strong></span> <span class='ocrx_word' id='word_1_590' title='bbox 2473 3700 2643 3765; x_wconf 86' lang='lat' dir='ltr'><strong>gratia</strong></span> <span class='ocrx_word' id='word_1_591' title='bbox 2666 3698 3158 3762; x_wconf 88' lang='lat' dir='ltr'><strong>illumdeseruisse,</strong></span> <span class='ocrx_word' id='word_1_592' title='bbox 3183 3701 3265 3753; x_wconf 90' lang='lat' dir='ltr'><strong>vel</strong></span> <span class='ocrx_word' id='word_1_593' title='bbox 3292 3716 3398 3753; x_wconf 85' lang='lat' dir='ltr'><strong>non</strong></span> 
     </span>
    </p>
   </div>
   <div class='ocr_carea' id='block_1_83' title="bbox 1812 3791 3401 3861">
    <p class='ocr_par' dir='ltr' id='par_1_83' title="bbox 1812 3791 3401 3861">
     <span class='ocr_line' id='line_1_83' title="bbox 1812 3791 3401 3861; baseline -0.002 -12"><span class='ocrx_word' id='word_1_594' title='bbox 1812 3809 1973 3849; x_wconf 89' lang='lat' dir='ltr'><strong>ausos</strong></span> <span class='ocrx_word' id='word_1_595' title='bbox 2022 3793 2186 3848; x_wconf 90' lang='lat' dir='ltr'><strong>fuisse</strong></span> <span class='ocrx_word' id='word_1_596' title='bbox 2243 3793 2523 3861; x_wconf 83' lang='lat' dir='ltr'><strong>Augustini</strong></span> <span class='ocrx_word' id='word_1_597' title='bbox 2565 3792 2813 3860; x_wconf 86' lang='lat' dir='ltr'><strong>dogmata</strong></span> <span class='ocrx_word' id='word_1_598' title='bbox 2857 3791 3070 3860; x_wconf 88' lang='lat' dir='ltr'><strong>publice</strong></span> <span class='ocrx_word' id='word_1_599' title='bbox 3112 3793 3401 3847; x_wconf 85' lang='lat' dir='ltr'><strong>defendere</strong></span> 
     </span>
    </p>
   </div>
   <div class='ocr_carea' id='block_1_84' title="bbox 1815 3884 3400 3956">
    <p class='ocr_par' dir='ltr' id='par_1_84' title="bbox 1815 3884 3400 3956">
     <span class='ocr_line' id='line_1_84' title="bbox 1815 3884 3400 3956; baseline 0 -18"><span class='ocrx_word' id='word_1_600' title='bbox 1815 3901 1935 3956; x_wconf 84' lang='lat' dir='ltr'><strong>pag.</strong></span> <span class='ocrx_word' id='word_1_601' title='bbox 1968 3885 2093 3949; x_wconf 82' lang='lat' dir='ltr'><strong>(ilo,</strong></span> <span class='ocrx_word' id='word_1_602' title='bbox 2123 3885 2272 3938; x_wconf 90' lang='lat' dir='ltr'><strong>initio</strong></span> <span class='ocrx_word' id='word_1_603' title='bbox 2293 3900 2412 3953; x_wconf 90' lang='lat' dir='ltr'><strong>cap.</strong></span> <span class='ocrx_word' id='word_1_604' title='bbox 2459 3885 2546 3940; x_wconf 79' lang='grc'><strong>10.</strong></span> <span class='ocrx_word' id='word_1_605' title='bbox 2591 3884 2695 3938; x_wconf 88' lang='lat' dir='ltr'><strong>Ter</strong></span> <span class='ocrx_word' id='word_1_606' title='bbox 2718 3884 2877 3938; x_wconf 81' lang='lat' dir='ltr'><strong>etiam</strong></span> <span class='ocrx_word' id='word_1_607' title='bbox 2903 3886 3218 3939; x_wconf 89' lang='lat' dir='ltr'><strong>sententiam</strong></span> <span class='ocrx_word' id='word_1_608' title='bbox 3244 3901 3305 3938; x_wconf 87' lang='lat' dir='ltr'><strong>ea</strong></span> <span class='ocrx_word' id='word_1_609' title='bbox 3345 3886 3400 3938; x_wconf 86' lang='lat' dir='ltr'><strong>iu</strong></span> 
     </span>
    </p>
   </div>
   <div class='ocr_carea' id='block_1_85' title="bbox 1814 3975 3397 4047">
    <p class='ocr_par' dir='ltr' id='par_1_85' title="bbox 1814 3975 3397 4047">
     <span class='ocr_line' id='line_1_85' title="bbox 1814 3975 3397 4047; baseline -0.001 -19"><span class='ocrx_word' id='word_1_610' title='bbox 1814 3979 2113 4047; x_wconf 66' lang='lat' dir='ltr'><strong>quastione</strong></span> <span class='ocrx_word' id='word_1_611' title='bbox 2152 3987 2383 4030; x_wconf 87' lang='lat' dir='ltr'><strong>mutasse</strong></span> <span class='ocrx_word' id='word_1_612' title='bbox 2417 3992 2532 4046; x_wconf 76' lang='lat' dir='ltr'><strong>pag.</strong></span> <span class='ocrx_word' id='word_1_613' title='bbox 2579 3975 2706 4039; x_wconf 65' lang='lat'><strong>£97,</strong></span> <span class='ocrx_word' id='word_1_614' title='bbox 2731 3984 2787 4029; x_wconf 91' lang='lat' dir='ltr'><strong>et</strong></span> <span class='ocrx_word' id='word_1_615' title='bbox 2825 3991 2945 4043; x_wconf 89' lang='lat' dir='ltr'><strong>pag.</strong></span> <span class='ocrx_word' id='word_1_616' title='bbox 2977 3977 3072 4030; x_wconf 78' lang='lat' dir='ltr'><strong>6U</strong></span> <span class='ocrx_word' id='word_1_617' title='bbox 3102 3977 3251 4030; x_wconf 88' lang='lat' dir='ltr'><strong>addit</strong></span> <span class='ocrx_word' id='word_1_618' title='bbox 3286 3979 3397 4030; x_wconf 86' lang='lat' dir='ltr'><strong>Au-</strong></span> 
     </span>
    </p>
   </div>
   <div class='ocr_carea' id='block_1_86' title="bbox 1816 4067 3508 4144">
    <p class='ocr_par' dir='ltr' id='par_1_86' title="bbox 1816 4067 3508 4144">
     <span class='ocr_line' id='line_1_86' title="bbox 1816 4067 3508 4144; baseline -0.001 -21"><span class='ocrx_word' id='word_1_619' title='bbox 1816 4072 2082 4139; x_wconf 87' lang='lat' dir='ltr'><strong>gustinum</strong></span> <span class='ocrx_word' id='word_1_620' title='bbox 2105 4082 2247 4132; x_wconf 65' lang='lat' dir='ltr'><strong>saepe</strong></span> <span class='ocrx_word' id='word_1_621' title='bbox 2279 4070 2583 4122; x_wconf 87' lang='lat' dir='ltr'><strong>confessum</strong></span> <span class='ocrx_word' id='word_1_622' title='bbox 2622 4081 2744 4121; x_wconf 88' lang='lat' dir='ltr'><strong>esse</strong></span> <span class='ocrx_word' id='word_1_623' title='bbox 2781 4067 3124 4122; x_wconf 80' lang='lat' dir='ltr'><strong>difficultates</strong></span> <span class='ocrx_word' id='word_1_624' title='bbox 3166 4067 3248 4122; x_wconf 88' lang='lat' dir='ltr'><strong>vel</strong></span> <span class='ocrx_word' id='word_1_625' title='bbox 3285 4082 3316 4122; x_wconf 84' lang='lat' dir='ltr'><strong>a</strong></span> <span class='ocrx_word' id='word_1_626' title='bbox 3343 4083 3403 4122; x_wconf 91' lang='lat' dir='ltr'><strong>se</strong></span> <span class='ocrx_word' id='word_1_627' title='bbox 3496 4135 3508 4144; x_wconf 37' lang='lat'><em>.</em></span> 
     </span>
    </p>
   </div>
   <div class='ocr_carea' id='block_1_87' title="bbox 1814 4158 3405 4228">
    <p class='ocr_par' dir='ltr' id='par_1_87' title="bbox 1814 4158 3405 4228">
     <span class='ocr_line' id='line_1_87' title="bbox 1814 4158 3405 4228; baseline -0.001 -14"><span class='ocrx_word' id='word_1_628' title='bbox 1814 4162 1898 4215; x_wconf 85' lang='lat' dir='ltr'><strong>vel</strong></span> <span class='ocrx_word' id='word_1_629' title='bbox 1927 4162 1994 4215; x_wconf 90' lang='lat' dir='ltr'><strong>ab</strong></span> <span class='ocrx_word' id='word_1_630' title='bbox 2016 4160 2338 4215; x_wconf 86' lang='lat' dir='ltr'><strong>adversariis</strong></span> <span class='ocrx_word' id='word_1_631' title='bbox 2376 4169 2564 4212; x_wconf 91' lang='lat' dir='ltr'><strong>contra</strong></span> <span class='ocrx_word' id='word_1_632' title='bbox 2607 4158 2860 4228; x_wconf 82' lang='lat' dir='ltr'><strong>mysteria</strong></span> <span class='ocrx_word' id='word_1_633' title='bbox 2883 4159 3071 4226; x_wconf 78' lang='lat' dir='ltr'><strong>gratia:</strong></span> <span class='ocrx_word' id='word_1_634' title='bbox 3092 4167 3146 4212; x_wconf 90' lang='lat' dir='ltr'><strong>et</strong></span> <span class='ocrx_word' id='word_1_635' title='bbox 3165 4158 3405 4227; x_wconf 70' lang='lat' dir='ltr'><strong>praedes-</strong></span> 
     </span>
    </p>
   </div>
   <div class='ocr_carea' id='block_1_88' title="bbox 1818 4247 3406 4318">
    <p class='ocr_par' dir='ltr' id='par_1_88' title="bbox 1818 4247 3406 4318">
     <span class='ocr_line' id='line_1_88' title="bbox 1818 4247 3406 4318; baseline -0.003 -12"><span class='ocrx_word' id='word_1_636' title='bbox 1818 4251 2122 4306; x_wconf 72' lang='lat' dir='ltr'><strong>stlnationis</strong></span> <span class='ocrx_word' id='word_1_637' title='bbox 2167 4250 2468 4318; x_wconf 86' lang='lat' dir='ltr'><strong>propositas</strong></span> <span class='ocrx_word' id='word_1_638' title='bbox 2519 4247 2657 4302; x_wconf 81' lang='lat' dir='ltr'><strong>datis</strong></span> <span class='ocrx_word' id='word_1_639' title='bbox 2713 4261 2744 4302; x_wconf 86' lang='lat' dir='ltr'><strong>a</strong></span> <span class='ocrx_word' id='word_1_640' title='bbox 2801 4262 2862 4302; x_wconf 92' lang='lat' dir='ltr'><strong>se</strong></span> <span class='ocrx_word' id='word_1_641' title='bbox 2900 4247 3257 4303; x_wconf 86' lang='lat' dir='ltr'><strong>solutionibus</strong></span> <span class='ocrx_word' id='word_1_642' title='bbox 3296 4263 3406 4302; x_wconf 91' lang='lat' dir='ltr'><strong>non</strong></span> 
     </span>
    </p>
   </div>
   <div class='ocr_carea' id='block_1_89' title="bbox 1821 4337 3403 4410">
    <p class='ocr_par' dir='ltr' id='par_1_89' title="bbox 1821 4337 3403 4410">
     <span class='ocr_line' id='line_1_89' title="bbox 1821 4337 3403 4410; baseline -0.003 -15"><span class='ocrx_word' id='word_1_643' title='bbox 1821 4341 1972 4406; x_wconf 88' lang='lat' dir='ltr'><strong>elidi,</strong></span> <span class='ocrx_word' id='word_1_644' title='bbox 2016 4355 2273 4410; x_wconf 90' lang='lat' dir='ltr'><strong>suamque</strong></span> <span class='ocrx_word' id='word_1_645' title='bbox 2307 4347 2538 4394; x_wconf 90' lang='lat' dir='ltr'><strong>mentem</strong></span> <span class='ocrx_word' id='word_1_646' title='bbox 2583 4337 2702 4408; x_wconf 87' lang='lat' dir='ltr'><strong>plus</strong></span> <span class='ocrx_word' id='word_1_647' title='bbox 2731 4337 3120 4408; x_wconf 89' lang='lat' dir='ltr'><strong>objectionibus</strong></span> <span class='ocrx_word' id='word_1_648' title='bbox 3162 4351 3403 4391; x_wconf 87' lang='lat' dir='ltr'><strong>commo-</strong></span> 
     </span>
    </p>
   </div>
   <div class='ocr_carea' id='block_1_90' title="bbox 1822 4429 3405 4500">
    <p class='ocr_par' dir='ltr' id='par_1_90' title="bbox 1822 4429 3405 4500">
     <span class='ocr_line' id='line_1_90' title="bbox 1822 4429 3405 4500; baseline -0.004 -14"><span class='ocrx_word' id='word_1_649' title='bbox 1822 4442 1929 4486; x_wconf 85' lang='lat' dir='ltr'><strong>tam</strong></span> <span class='ocrx_word' id='word_1_650' title='bbox 1953 4432 2135 4496; x_wconf 91' lang='lat' dir='ltr'><strong>fuisse,</strong></span> <span class='ocrx_word' id='word_1_651' title='bbox 2158 4447 2314 4500; x_wconf 89' lang='lat' dir='ltr'><strong>quam</strong></span> <span class='ocrx_word' id='word_1_652' title='bbox 2341 4431 2780 4499; x_wconf 89' lang='lat' dir='ltr'><strong>responsionibus</strong></span> <span class='ocrx_word' id='word_1_653' title='bbox 2802 4431 3060 4486; x_wconf 85' lang='lat' dir='ltr'><strong>sedatam.</strong></span> <span class='ocrx_word' id='word_1_654' title='bbox 3093 4429 3224 4483; x_wconf 87' lang='lat' dir='ltr'><strong>Item</strong></span> <span class='ocrx_word' id='word_1_655' title='bbox 3264 4442 3405 4481; x_wconf 87' lang='lat' dir='ltr'><strong>eum-</strong></span> 
     </span>
    </p>
   </div>
   <div class='ocr_carea' id='block_1_91' title="bbox 129 4517 3408 4598">
    <p class='ocr_par' dir='ltr' id='par_1_91' title="bbox 129 4517 3408 4598">
     <span class='ocr_line' id='line_1_91' title="bbox 129 4517 3408 4598; baseline -0.002 -22"><span class='ocrx_word' id='word_1_656' title='bbox 129 4539 219 4581; x_wconf 79' lang='lat' dir='ltr'><strong>nns</strong></span> <span class='ocrx_word' id='word_1_657' title='bbox 247 4539 402 4582; x_wconf 88' lang='lat' dir='ltr'><strong>erant</strong></span> <span class='ocrx_word' id='word_1_658' title='bbox 439 4528 657 4582; x_wconf 86' lang='lat' dir='ltr'><strong>turbata</strong></span> <span class='ocrx_word' id='word_1_659' title='bbox 686 4539 1060 4594; x_wconf 88' lang='lat' dir='ltr'><strong>componeres.</strong></span> <span class='ocrx_word' id='word_1_660' title='bbox 1096 4523 1384 4579; x_wconf 85' lang='lat' dir='ltr'><strong>Recensito</strong></span> <span class='ocrx_word' id='word_1_661' title='bbox 1412 4535 1588 4579; x_wconf 88' lang='lat' dir='ltr'><strong>autem</strong></span> <span class='ocrx_word' id='word_1_662' title='bbox 1621 4526 1721 4579; x_wconf 88' lang='lat' dir='ltr'><strong>hoc</strong></span> <span class='ocrx_word' id='word_1_663' title='bbox 1751 4539 1802 4598; x_wconf 76' lang='grc' dir='ltr'>ο</span> <span class='ocrx_word' id='word_1_664' title='bbox 1826 4521 1970 4587; x_wconf 88' lang='lat' dir='ltr'><strong>dem,</strong></span> <span class='ocrx_word' id='word_1_665' title='bbox 2000 4534 2121 4575; x_wconf 88' lang='lat' dir='ltr'><strong>cum</strong></span> <span class='ocrx_word' id='word_1_666' title='bbox 2151 4519 2375 4590; x_wconf 86' lang='lat' dir='ltr'><strong>alicujus</strong></span> <span class='ocrx_word' id='word_1_667' title='bbox 2404 4519 2783 4588; x_wconf 89' lang='lat' dir='ltr'><strong>insuperabilis</strong></span> <span class='ocrx_word' id='word_1_668' title='bbox 2812 4518 3142 4574; x_wconf 80' lang='lat' dir='ltr'><strong>difficultatis</strong></span> <span class='ocrx_word' id='word_1_669' title='bbox 3171 4517 3408 4588; x_wconf 83' lang='lat' dir='ltr'><strong>pondere</strong></span> 
     </span>
    </p>
   </div>
   <div class='ocr_carea' id='block_1_92' title="bbox 129 4612 1721 4684">
    <p class='ocr_par' dir='ltr' id='par_1_92' title="bbox 129 4612 1721 4684">
     <span class='ocr_line' id='line_1_92' title="bbox 129 4612 1721 4684; baseline 0.003 -18"><span class='ocrx_word' id='word_1_670' title='bbox 129 4612 485 4672; x_wconf 77' lang='lat' dir='ltr'><strong>Beatitudinis</strong></span> <span class='ocrx_word' id='word_1_671' title='bbox 549 4627 655 4671; x_wconf 69' lang='lat' dir='ltr'><strong>tuae</strong></span> <span class='ocrx_word' id='word_1_672' title='bbox 699 4615 876 4681; x_wconf 84' lang='lat' dir='ltr'><strong>libro,</strong></span> <span class='ocrx_word' id='word_1_673' title='bbox 917 4615 1054 4669; x_wconf 90' lang='lat' dir='ltr'><strong>sicut</strong></span> <span class='ocrx_word' id='word_1_674' title='bbox 1113 4613 1203 4684; x_wconf 90' lang='lat' dir='ltr'><strong>qui</strong></span> <span class='ocrx_word' id='word_1_675' title='bbox 1269 4623 1508 4668; x_wconf 82' lang='lat' dir='ltr'><strong>sanctam</strong></span> <span class='ocrx_word' id='word_1_676' title='bbox 1561 4623 1721 4682; x_wconf 87' lang='lat' dir='ltr'><strong>atque</strong></span> 
     </span>
    </p>
   </div>
   <div class='ocr_carea' id='block_1_93' title="bbox 131 4705 1724 4776">
    <p class='ocr_par' dir='ltr' id='par_1_93' title="bbox 131 4705 1724 4776">
     <span class='ocr_line' id='line_1_93' title="bbox 131 4705 1724 4776; baseline 0.003 -21"><span class='ocrx_word' id='word_1_677' title='bbox 131 4707 478 4772; x_wconf 84' lang='lat' dir='ltr'><strong>apostolicam</strong></span> <span class='ocrx_word' id='word_1_678' title='bbox 511 4706 774 4760; x_wconf 69' lang='lat' dir='ltr'><strong>doctrinae</strong></span> <span class='ocrx_word' id='word_1_679' title='bbox 817 4713 922 4759; x_wconf 62' lang='lat' dir='ltr'><strong>tuae</strong></span> <span class='ocrx_word' id='word_1_680' title='bbox 943 4705 1315 4760; x_wconf 89' lang='lat' dir='ltr'><strong>auctoritatem</strong></span> <span class='ocrx_word' id='word_1_681' title='bbox 1344 4715 1501 4760; x_wconf 91' lang='lat' dir='ltr'><strong>antea</strong></span> <span class='ocrx_word' id='word_1_682' title='bbox 1532 4719 1724 4776; x_wconf 90' lang='lat' dir='ltr'><strong>seque-</strong></span> 
     </span>
    </p>
   </div>
   <div class='ocr_carea' id='block_1_94' title="bbox 130 4795 1726 4866">
    <p class='ocr_par' dir='ltr' id='par_1_94' title="bbox 130 4795 1726 4866">
     <span class='ocr_line' id='line_1_94' title="bbox 130 4795 1726 4866; baseline 0.002 -17"><span class='ocrx_word' id='word_1_683' title='bbox 130 4795 339 4865; x_wconf 88' lang='lat' dir='ltr'><strong>bantur,</strong></span> <span class='ocrx_word' id='word_1_684' title='bbox 373 4796 838 4866; x_wconf 89' lang='lat' dir='ltr'><strong>intelligentiores</strong></span> <span class='ocrx_word' id='word_1_685' title='bbox 870 4798 1037 4852; x_wconf 91' lang='lat' dir='ltr'><strong>multo</strong></span> <span class='ocrx_word' id='word_1_686' title='bbox 1068 4797 1554 4864; x_wconf 88' lang='lat' dir='ltr'><strong>instructioresque</strong></span> <span class='ocrx_word' id='word_1_687' title='bbox 1601 4807 1726 4852; x_wconf 88' lang='lat' dir='ltr'><strong>sunt</strong></span> 
     </span>
    </p>
   </div>
   <div class='ocr_carea' id='block_1_95' title="bbox 132 4887 1725 4961">
    <p class='ocr_par' dir='ltr' id='par_1_95' title="bbox 132 4887 1725 4961">
     <span class='ocr_line' id='line_1_95' title="bbox 132 4887 1725 4961; baseline 0.002 -20"><span class='ocrx_word' id='word_1_688' title='bbox 132 4887 272 4956; x_wconf 81' lang='lat' dir='ltr'><strong>facti,</strong></span> <span class='ocrx_word' id='word_1_689' title='bbox 322 4891 396 4945; x_wconf 85' lang='lat' dir='ltr'><strong>ita</strong></span> <span class='ocrx_word' id='word_1_690' title='bbox 428 4891 524 4961; x_wconf 88' lang='lat' dir='ltr'><strong>qui</strong></span> <span class='ocrx_word' id='word_1_691' title='bbox 573 4888 936 4959; x_wconf 90' lang='lat' dir='ltr'><strong>persuasionis</strong></span> <span class='ocrx_word' id='word_1_692' title='bbox 974 4902 1085 4943; x_wconf 69' lang='lat' dir='ltr'><strong>suae</strong></span> <span class='ocrx_word' id='word_1_693' title='bbox 1130 4887 1560 4956; x_wconf 89' lang='lat' dir='ltr'><strong>impediebantur</strong></span> <span class='ocrx_word' id='word_1_694' title='bbox 1602 4888 1725 4943; x_wconf 87' lang='lat' dir='ltr'><strong>obs-</strong></span> 
     </span>
    </p>
   </div>
   <div class='ocr_carea' id='block_1_96' title="bbox 135 4976 1727 5048">
    <p class='ocr_par' dir='ltr' id='par_1_96' title="bbox 135 4976 1727 5048">
     <span class='ocr_line' id='line_1_96' title="bbox 135 4976 1727 5048; baseline -0.001 -16"><span class='ocrx_word' id='word_1_695' title='bbox 135 4993 279 5048; x_wconf 88' lang='lat' dir='ltr'><strong>curo,</strong></span> <span class='ocrx_word' id='word_1_696' title='bbox 321 4981 660 5044; x_wconf 87' lang='lat' dir='ltr'><strong>aversiores,</strong></span> <span class='ocrx_word' id='word_1_697' title='bbox 703 4993 859 5046; x_wconf 85' lang='lat' dir='ltr'><strong>quam</strong></span> <span class='ocrx_word' id='word_1_698' title='bbox 902 4977 1110 5032; x_wconf 88' lang='lat' dir='ltr'><strong>fuerant</strong></span> <span class='ocrx_word' id='word_1_699' title='bbox 1148 4986 1506 5031; x_wconf 90' lang='lat' dir='ltr'><strong>recesserunt.</strong></span> <span class='ocrx_word' id='word_1_700' title='bbox 1545 4993 1564 5026; x_wconf 73' lang='grc' dir='ltr'><strong>ι</strong></span> <span class='ocrx_word' id='word_1_701' title='bbox 1603 4976 1727 5031; x_wconf 71' lang='lat' dir='ltr'><strong>Haec</strong></span> 
     </span>
    </p>
   </div>
   <div class='ocr_carea' id='block_1_97' title="bbox 135 5065 1728 5136">
    <p class='ocr_par' dir='ltr' id='par_1_97' title="bbox 135 5065 1728 5136">
     <span class='ocr_line' id='line_1_97' title="bbox 135 5065 1728 5136; baseline -0.001 -15"><span class='ocrx_word' id='word_1_702' title='bbox 135 5069 238 5124; x_wconf 92' lang='lat' dir='ltr'><strong>ille.</strong></span> <span class='ocrx_word' id='word_1_703' title='bbox 265 5070 834 5126; x_wconf 77' lang='lat' dir='ltr'><strong>Audin&#39;Massilienses</strong></span> <span class='ocrx_word' id='word_1_704' title='bbox 879 5083 984 5121; x_wconf 92' lang='lat' dir='ltr'><strong>non</strong></span> <span class='ocrx_word' id='word_1_705' title='bbox 1017 5067 1317 5136; x_wconf 85' lang='lat' dir='ltr'><strong>Augustino</strong></span> <span class='ocrx_word' id='word_1_706' title='bbox 1345 5065 1728 5120; x_wconf 87' lang='lat' dir='ltr'><strong>obscuritatem</strong></span> 
     </span>
    </p>
   </div>
   <div class='ocr_carea' id='block_1_98' title="bbox 136 5156 1726 5229">
    <p class='ocr_par' dir='ltr' id='par_1_98' title="bbox 136 5156 1726 5229">
     <span class='ocr_line' id='line_1_98' title="bbox 136 5156 1726 5229; baseline -0.001 -18"><span class='ocrx_word' id='word_1_707' title='bbox 136 5158 430 5229; x_wconf 88' lang='lat' dir='ltr'><strong>objecisse,</strong></span> <span class='ocrx_word' id='word_1_708' title='bbox 498 5160 598 5214; x_wconf 87' lang='lat' dir='ltr'><strong>sed</strong></span> <span class='ocrx_word' id='word_1_709' title='bbox 659 5159 951 5212; x_wconf 85' lang='lat' dir='ltr'><strong>tarditatem</strong></span> <span class='ocrx_word' id='word_1_710' title='bbox 1010 5174 1159 5210; x_wconf 88' lang='lat' dir='ltr'><strong>suam</strong></span> <span class='ocrx_word' id='word_1_711' title='bbox 1205 5157 1418 5227; x_wconf 83' lang='lat' dir='ltr'><strong>culpare</strong></span> <span class='ocrx_word' id='word_1_712' title='bbox 1465 5156 1726 5226; x_wconf 76' lang='lat' dir='ltr'><strong>maluisse,</strong></span> 
     </span>
    </p>
   </div>
   <div class='ocr_carea' id='block_1_99' title="bbox 135 5246 1732 5316">
    <p class='ocr_par' dir='ltr' id='par_1_99' title="bbox 135 5246 1732 5316">
     <span class='ocr_line' id='line_1_99' title="bbox 135 5246 1732 5316; baseline -0.003 -16"><span class='ocrx_word' id='word_1_713' title='bbox 135 5265 280 5314; x_wconf 85' lang='lat' dir='ltr'><strong>quam</strong></span> <span class='ocrx_word' id='word_1_714' title='bbox 307 5268 414 5305; x_wconf 86' lang='lat' dir='ltr'><strong>non</strong></span> <span class='ocrx_word' id='word_1_715' title='bbox 449 5249 715 5304; x_wconf 60' lang='lat' dir='ltr'><strong>intellecta</strong></span> <span class='ocrx_word' id='word_1_716' title='bbox 743 5247 1149 5316; x_wconf 68' lang='lat' dir='ltr'><strong>reprehendere?</strong></span> <span class='ocrx_word' id='word_1_717' title='bbox 1177 5246 1368 5301; x_wconf 83' lang='lat' dir='ltr'><strong>Narrat</strong></span> <span class='ocrx_word' id='word_1_718' title='bbox 1390 5254 1568 5300; x_wconf 92' lang='lat' dir='ltr'><strong>autem</strong></span> <span class='ocrx_word' id='word_1_719' title='bbox 1590 5260 1732 5300; x_wconf 54' lang='lat' dir='ltr'><strong>non;</strong></span> 
     </span>
    </p>
   </div>
   <div class='ocr_carea' id='block_1_100' title="bbox 140 5334 1729 5408">
    <p class='ocr_par' dir='ltr' id='par_1_100' title="bbox 140 5334 1729 5408">
     <span class='ocr_line' id='line_1_100' title="bbox 140 5334 1729 5408; baseline 0 -19"><span class='ocrx_word' id='word_1_720' title='bbox 140 5339 308 5394; x_wconf 84' lang='lat' dir='ltr'><strong>nullos</strong></span> <span class='ocrx_word' id='word_1_721' title='bbox 339 5339 666 5396; x_wconf 87' lang='lat' dir='ltr'><strong>lueidiorem</strong></span> <span class='ocrx_word' id='word_1_722' title='bbox 680 5339 1072 5408; x_wconf 79' lang='lat' dir='ltr'><strong>expositionem</strong></span> <span class='ocrx_word' id='word_1_723' title='bbox 1102 5337 1420 5407; x_wconf 87' lang='lat' dir='ltr'><strong>postulasse,</strong></span> <span class='ocrx_word' id='word_1_724' title='bbox 1455 5352 1561 5391; x_wconf 90' lang='lat' dir='ltr'><strong>non</strong></span> <span class='ocrx_word' id='word_1_725' title='bbox 1587 5334 1729 5406; x_wconf 88' lang='lat' dir='ltr'><strong>quod</strong></span> 
     </span>
    </p>
   </div>
   <div class='ocr_carea' id='block_1_101' title="bbox 139 5426 1737 5499">
    <p class='ocr_par' dir='ltr' id='par_1_101' title="bbox 139 5426 1737 5499">
     <span class='ocr_line' id='line_1_101' title="bbox 139 5426 1737 5499; baseline 0.002 -21"><span class='ocrx_word' id='word_1_726' title='bbox 139 5427 220 5482; x_wconf 88' lang='lat' dir='ltr'><strong>illa</strong></span> <span class='ocrx_word' id='word_1_727' title='bbox 249 5445 372 5499; x_wconf 62' lang='lat' dir='ltr'><strong>quae</strong></span> <span class='ocrx_word' id='word_1_728' title='bbox 413 5430 757 5499; x_wconf 88' lang='lat' dir='ltr'><strong>Augustinus</strong></span> <span class='ocrx_word' id='word_1_729' title='bbox 787 5436 1089 5483; x_wconf 81' lang='lat' dir='ltr'><strong>astruxerat</strong></span> <span class='ocrx_word' id='word_1_730' title='bbox 1110 5467 1127 5494; x_wconf 91' lang='lat'><strong>,</strong></span> <span class='ocrx_word' id='word_1_731' title='bbox 1158 5427 1384 5482; x_wconf 87' lang='lat' dir='ltr'><strong>obscura</strong></span> <span class='ocrx_word' id='word_1_732' title='bbox 1412 5437 1596 5495; x_wconf 89' lang='lat' dir='ltr'><strong>erant,</strong></span> <span class='ocrx_word' id='word_1_733' title='bbox 1641 5426 1737 5481; x_wconf 79' lang='lat' dir='ltr'><strong>sed</strong></span> 
     </span>
    </p>
   </div>
   <div class='ocr_carea' id='block_1_102' title="bbox 141 5516 1738 5587">
    <p class='ocr_par' dir='ltr' id='par_1_102' title="bbox 141 5516 1738 5587">
     <span class='ocr_line' id='line_1_102' title="bbox 141 5516 1738 5587; baseline 0.003 -21"><span class='ocrx_word' id='word_1_734' title='bbox 141 5517 274 5584; x_wconf 88' lang='lat' dir='ltr'><strong>quod</strong></span> <span class='ocrx_word' id='word_1_735' title='bbox 317 5520 516 5574; x_wconf 89' lang='lat' dir='ltr'><strong>eadem</strong></span> <span class='ocrx_word' id='word_1_736' title='bbox 547 5518 745 5573; x_wconf 83' lang='lat' dir='ltr'><strong>clarius</strong></span> <span class='ocrx_word' id='word_1_737' title='bbox 773 5517 840 5573; x_wconf 88' lang='lat' dir='ltr'><strong>ad</strong></span> <span class='ocrx_word' id='word_1_738' title='bbox 869 5517 1108 5586; x_wconf 91' lang='lat' dir='ltr'><strong>ipsorum</strong></span> <span class='ocrx_word' id='word_1_739' title='bbox 1139 5525 1351 5587; x_wconf 84' lang='lat' dir='ltr'><strong>captqu</strong></span> <span class='ocrx_word' id='word_1_740' title='bbox 1385 5516 1583 5587; x_wconf 68' lang='lat' dir='ltr'><strong>exponi</strong></span> <span class='ocrx_word' id='word_1_741' title='bbox 1615 5531 1738 5586; x_wconf 86' lang='lat' dir='ltr'><strong>per-</strong></span> 
     </span>
    </p>
   </div>
   <div class='ocr_carea' id='block_1_103' title="bbox 141 5606 1737 5681">
    <p class='ocr_par' dir='ltr' id='par_1_103' title="bbox 141 5606 1737 5681">
     <span class='ocr_line' id='line_1_103' title="bbox 141 5606 1737 5681; baseline 0.003 -20"><span class='ocrx_word' id='word_1_742' title='bbox 141 5611 416 5676; x_wconf 82' lang='lat' dir='ltr'><strong>0ptabant,</strong></span> <span class='ocrx_word' id='word_1_743' title='bbox 443 5606 574 5681; x_wconf 77' lang='lat' dir='ltr'><strong>qua:</strong></span> <span class='ocrx_word' id='word_1_744' title='bbox 603 5621 777 5666; x_wconf 91' lang='lat' dir='ltr'><strong>tamen</strong></span> <span class='ocrx_word' id='word_1_745' title='bbox 827 5610 1078 5666; x_wconf 91' lang='lat' dir='ltr'><strong>acutioris</strong></span> <span class='ocrx_word' id='word_1_746' title='bbox 1102 5609 1295 5680; x_wconf 89' lang='lat' dir='ltr'><strong>ingenii</strong></span> <span class='ocrx_word' id='word_1_747' title='bbox 1345 5611 1472 5666; x_wconf 83' lang='lat' dir='ltr'><strong>viris</strong></span> <span class='ocrx_word' id='word_1_748' title='bbox 1503 5611 1633 5665; x_wconf 88' lang='lat' dir='ltr'><strong>satis</strong></span> <span class='ocrx_word' id='word_1_749' title='bbox 1656 5625 1737 5666; x_wconf 87' lang='lat' dir='ltr'><strong>es-</strong></span> 
     </span>
    </p>
   </div>
   <div class='ocr_carea' id='block_1_104' title="bbox 141 5701 1740 5773">
    <p class='ocr_par' dir='ltr' id='par_1_104' title="bbox 141 5701 1740 5773">
     <span class='ocr_line' id='line_1_104' title="bbox 141 5701 1740 5773; baseline 0.003 -21"><span class='ocrx_word' id='word_1_750' title='bbox 141 5711 253 5754; x_wconf 84' lang='lat' dir='ltr'><strong>sent</strong></span> <span class='ocrx_word' id='word_1_751' title='bbox 282 5704 600 5758; x_wconf 88' lang='lat' dir='ltr'><strong>manifesta.</strong></span> <span class='ocrx_word' id='word_1_752' title='bbox 630 5704 830 5761; x_wconf 81' lang='lat' dir='ltr'><strong>Rursus</strong></span> <span class='ocrx_word' id='word_1_753' title='bbox 858 5705 934 5760; x_wconf 90' lang='lat' dir='ltr'><strong>ait</strong></span> <span class='ocrx_word' id='word_1_754' title='bbox 957 5701 1172 5760; x_wconf 84' lang='lat' dir='ltr'><strong>eosdem</strong></span> <span class='ocrx_word' id='word_1_755' title='bbox 1199 5714 1381 5773; x_wconf 84' lang='lat' dir='ltr'><strong>postea</strong></span> <span class='ocrx_word' id='word_1_756' title='bbox 1405 5718 1510 5758; x_wconf 75' lang='lat' dir='ltr'><strong>sua:</strong></span> <span class='ocrx_word' id='word_1_757' title='bbox 1531 5718 1740 5770; x_wconf 81' lang='lat' dir='ltr'><strong>persua-</strong></span> 
     </span>
    </p>
   </div>
   <div class='ocr_carea' id='block_1_105' title="bbox 1829 4609 3409 4684">
    <p class='ocr_par' dir='ltr' id='par_1_105' title="bbox 1829 4609 3409 4684">
     <span class='ocr_line' id='line_1_105' title="bbox 1829 4609 3409 4684; baseline -0.004 -18"><span class='ocrx_word' id='word_1_758' title='bbox 1829 4625 2186 4684; x_wconf 83' lang='lat' dir='ltr'><strong>piemeretur,</strong></span> <span class='ocrx_word' id='word_1_759' title='bbox 2210 4614 2277 4666; x_wconf 89' lang='lat' dir='ltr'><strong>ad</strong></span> <span class='ocrx_word' id='word_1_760' title='bbox 2318 4612 2406 4666; x_wconf 84' lang='lat' dir='ltr'><strong>illa</strong></span> <span class='ocrx_word' id='word_1_761' title='bbox 2442 4613 2737 4680; x_wconf 68' lang='lat' dir='ltr'><strong>Scriptura:</strong></span> <span class='ocrx_word' id='word_1_762' title='bbox 2779 4611 2939 4664; x_wconf 86' lang='lat' dir='ltr'><strong>verba</strong></span> <span class='ocrx_word' id='word_1_763' title='bbox 2986 4609 3326 4678; x_wconf 88' lang='lat' dir='ltr'><strong>confugisse:</strong></span> <span class='ocrx_word' id='word_1_764' title='bbox 3365 4611 3409 4661; x_wconf 84' lang='grc' dir='ltr'>υ</span> 
     </span>
    </p>
   </div>
   <div class='ocr_carea' id='block_1_106' title="bbox 1827 4698 3407 4770">
    <p class='ocr_par' dir='ltr' id='par_1_106' title="bbox 1827 4698 3407 4770">
     <span class='ocr_line' id='line_1_106' title="bbox 1827 4698 3407 4770; baseline -0.004 -12"><span class='ocrx_word' id='word_1_765' title='bbox 1827 4705 2050 4758; x_wconf 87' lang='lat' dir='ltr'><strong>altitudo</strong></span> <span class='ocrx_word' id='word_1_766' title='bbox 2099 4703 2395 4757; x_wconf 84' lang='lat' dir='ltr'><strong>divitiarum</strong></span> <span class='ocrx_word' id='word_1_767' title='bbox 2444 4704 2710 4770; x_wconf 79' lang='lat' dir='ltr'><strong>sapientia:</strong></span> <span class='ocrx_word' id='word_1_768' title='bbox 2756 4711 2802 4754; x_wconf 91' lang='lat' dir='ltr'><strong>et</strong></span> <span class='ocrx_word' id='word_1_769' title='bbox 2851 4700 3073 4753; x_wconf 63' lang='lat' dir='ltr'><strong>scientia</strong></span> <span class='ocrx_word' id='word_1_770' title='bbox 3129 4698 3255 4752; x_wconf 64' lang='lat' dir='ltr'><strong>Dei!</strong></span> <span class='ocrx_word' id='word_1_771' title='bbox 3300 4710 3407 4753; x_wconf 79' lang='lat' dir='ltr'><strong>ctc.</strong></span> 
     </span>
    </p>
   </div>
   <div class='ocr_carea' id='block_1_107' title="bbox 1831 4788 3410 4868">
    <p class='ocr_par' dir='ltr' id='par_1_107' title="bbox 1831 4788 3410 4868">
     <span class='ocr_line' id='line_1_107' title="bbox 1831 4788 3410 4868; baseline -0.004 -20"><span class='ocrx_word' id='word_1_772' title='bbox 1831 4794 2010 4868; x_wconf 85' lang='lat' dir='ltr'><strong>(Rom.</strong></span> <span class='ocrx_word' id='word_1_773' title='bbox 2036 4796 2132 4866; x_wconf 66' lang='grc' dir='ltr'><strong>χι).</strong></span> <span class='ocrx_word' id='word_1_774' title='bbox 2153 4792 2418 4850; x_wconf 70' lang='lat' dir='ltr'><strong>Prazterea</strong></span> <span class='ocrx_word' id='word_1_775' title='bbox 2444 4791 2606 4847; x_wconf 90' lang='lat' dir='ltr'><strong>tradit</strong></span> <span class='ocrx_word' id='word_1_776' title='bbox 2629 4792 2824 4846; x_wconf 88' lang='lat' dir='ltr'><strong>ibidem</strong></span> <span class='ocrx_word' id='word_1_777' title='bbox 2851 4788 3135 4842; x_wconf 75' lang='lat' dir='ltr'><strong>inclinasse</strong></span> <span class='ocrx_word' id='word_1_778' title='bbox 3159 4789 3410 4856; x_wconf 82' lang='lat' dir='ltr'><strong>AuguSti-</strong></span> 
     </span>
    </p>
   </div>
   <div class='ocr_carea' id='block_1_108' title="bbox 1831 4876 3410 4949">
    <p class='ocr_par' dir='ltr' id='par_1_108' title="bbox 1831 4876 3410 4949">
     <span class='ocr_line' id='line_1_108' title="bbox 1831 4876 3410 4949; baseline -0.005 -9"><span class='ocrx_word' id='word_1_779' title='bbox 1831 4902 1958 4940; x_wconf 87' lang='lat' dir='ltr'><strong>num</strong></span> <span class='ocrx_word' id='word_1_780' title='bbox 2003 4883 2401 4940; x_wconf 84' lang='lat' dir='ltr'><strong>Comntentaria</strong></span> <span class='ocrx_word' id='word_1_781' title='bbox 2425 4884 2477 4936; x_wconf 92' lang='lat' dir='ltr'><strong>in</strong></span> <span class='ocrx_word' id='word_1_782' title='bbox 2502 4880 2792 4949; x_wconf 83' lang='lat' dir='ltr'><strong>Epistulam</strong></span> <span class='ocrx_word' id='word_1_783' title='bbox 2831 4876 2980 4930; x_wconf 76' lang='lat' dir='ltr'><strong>Pauli</strong></span> <span class='ocrx_word' id='word_1_784' title='bbox 3021 4880 3085 4930; x_wconf 90' lang='lat' dir='ltr'><strong>ad</strong></span> <span class='ocrx_word' id='word_1_785' title='bbox 3120 4877 3410 4944; x_wconf 76' lang='lat' dir='ltr'><strong>Romanos,</strong></span> 
     </span>
    </p>
   </div>
   <div class='ocr_carea' id='block_1_109' title="bbox 1833 4966 3409 5042">
    <p class='ocr_par' dir='ltr' id='par_1_109' title="bbox 1833 4966 3409 5042">
     <span class='ocr_line' id='line_1_109' title="bbox 1833 4966 3409 5042; baseline -0.006 -13"><span class='ocrx_word' id='word_1_786' title='bbox 1833 4975 1921 5030; x_wconf 90' lang='lat' dir='ltr'><strong>ubi</strong></span> <span class='ocrx_word' id='word_1_787' title='bbox 1951 4973 2240 5042; x_wconf 81' lang='lat' dir='ltr'><strong>Apostolus</strong></span> <span class='ocrx_word' id='word_1_788' title='bbox 2264 4972 2332 5025; x_wconf 90' lang='lat' dir='ltr'><strong>de</strong></span> <span class='ocrx_word' id='word_1_789' title='bbox 2373 4971 2630 5039; x_wconf 78' lang='lat' dir='ltr'><strong>mysterio</strong></span> <span class='ocrx_word' id='word_1_790' title='bbox 2671 4966 3154 5036; x_wconf 69' lang='lat' dir='ltr'><strong>praedestinationis</strong></span> <span class='ocrx_word' id='word_1_791' title='bbox 3196 4978 3409 5035; x_wconf 86' lang='lat' dir='ltr'><strong>tractat,</strong></span> 
     </span>
    </p>
   </div>
   <div class='ocr_carea' id='block_1_110' title="bbox 1834 5059 3400 5129">
    <p class='ocr_par' dir='ltr' id='par_1_110' title="bbox 1834 5059 3400 5129">
     <span class='ocr_line' id='line_1_110' title="bbox 1834 5059 3400 5129; baseline -0.002 -11"><span class='ocrx_word' id='word_1_792' title='bbox 1834 5062 1928 5118; x_wconf 91' lang='lat' dir='ltr'><strong>sed</strong></span> <span class='ocrx_word' id='word_1_793' title='bbox 1962 5063 2035 5117; x_wconf 87' lang='lat' dir='ltr'><strong>rei</strong></span> <span class='ocrx_word' id='word_1_794' title='bbox 2067 5060 2344 5115; x_wconf 85' lang='lat' dir='ltr'><strong>altitudine</strong></span> <span class='ocrx_word' id='word_1_795' title='bbox 2383 5059 2696 5113; x_wconf 89' lang='lat' dir='ltr'><strong>deterritum</strong></span> <span class='ocrx_word' id='word_1_796' title='bbox 2735 5072 2870 5126; x_wconf 85' lang='lat' dir='ltr'><strong>Opus</strong></span> <span class='ocrx_word' id='word_1_797' title='bbox 2896 5060 3267 5129; x_wconf 88' lang='lat' dir='ltr'><strong>imperfectum</strong></span> <span class='ocrx_word' id='word_1_798' title='bbox 3300 5063 3400 5116; x_wconf 79' lang='lat' dir='ltr'><strong>reli</strong></span> 
     </span>
    </p>
   </div>
   <div class='ocr_carea' id='block_1_111' title="bbox 1836 5149 3418 5225">
    <p class='ocr_par' dir='ltr' id='par_1_111' title="bbox 1836 5149 3418 5225">
     <span class='ocr_line' id='line_1_111' title="bbox 1836 5149 3418 5225; baseline -0.001 -17"><span class='ocrx_word' id='word_1_799' title='bbox 1836 5156 2037 5225; x_wconf 89' lang='lat' dir='ltr'><strong>quisse.</strong></span> <span class='ocrx_word' id='word_1_800' title='bbox 2061 5153 2298 5208; x_wconf 85' lang='lat' dir='ltr'><strong>Tandem</strong></span> <span class='ocrx_word' id='word_1_801' title='bbox 2332 5165 2452 5220; x_wconf 89' lang='lat' dir='ltr'><strong>pag.</strong></span> <span class='ocrx_word' id='word_1_802' title='bbox 2484 5149 2590 5206; x_wconf 73' lang='lat' dir='ltr'><strong>6M-</strong></span> <span class='ocrx_word' id='word_1_803' title='bbox 2619 5150 2985 5206; x_wconf 86' lang='lat' dir='ltr'><strong>dilficultatem</strong></span> <span class='ocrx_word' id='word_1_804' title='bbox 3016 5167 3155 5207; x_wconf 61' lang='grc' dir='ltr'><strong>νεῖαι</strong></span> <span class='ocrx_word' id='word_1_805' title='bbox 3202 5161 3258 5208; x_wconf 92' lang='lat' dir='ltr'><strong>et</strong></span> <span class='ocrx_word' id='word_1_806' title='bbox 3297 5167 3418 5221; x_wconf 83' lang='lat' dir='ltr'><strong>ger-</strong></span> 
     </span>
    </p>
   </div>
   <div class='ocr_carea' id='block_1_112' title="bbox 1837 5242 3420 5314">
    <p class='ocr_par' dir='ltr' id='par_1_112' title="bbox 1837 5242 3420 5314">
     <span class='ocr_line' id='line_1_112' title="bbox 1837 5242 3420 5314; baseline -0.001 -16"><span class='ocrx_word' id='word_1_807' title='bbox 1837 5260 2009 5300; x_wconf 58' lang='lat' dir='ltr'><strong>manas</strong></span> <span class='ocrx_word' id='word_1_808' title='bbox 2038 5243 2434 5314; x_wconf 75' lang='lat' dir='ltr'><strong>Augustiuiana:</strong></span> <span class='ocrx_word' id='word_1_809' title='bbox 2456 5242 2733 5297; x_wconf 74' lang='lat' dir='ltr'><strong>sententiae</strong></span> <span class='ocrx_word' id='word_1_810' title='bbox 2754 5245 3103 5313; x_wconf 77' lang='lat' dir='ltr'><strong>assequenda:</strong></span> <span class='ocrx_word' id='word_1_811' title='bbox 3130 5244 3254 5299; x_wconf 91' lang='lat' dir='ltr'><strong>inde</strong></span> <span class='ocrx_word' id='word_1_812' title='bbox 3297 5257 3420 5309; x_wconf 79' lang='lat' dir='ltr'><strong>pro-</strong></span> 
     </span>
    </p>
   </div>
   <div class='ocr_carea' id='block_1_113' title="bbox 1837 5333 3420 5405">
    <p class='ocr_par' dir='ltr' id='par_1_113' title="bbox 1837 5333 3420 5405">
     <span class='ocr_line' id='line_1_113' title="bbox 1837 5333 3420 5405; baseline -0.002 -15"><span class='ocrx_word' id='word_1_813' title='bbox 1837 5335 1948 5400; x_wconf 87' lang='lat' dir='ltr'><strong>bat,</strong></span> <span class='ocrx_word' id='word_1_814' title='bbox 1974 5334 2115 5405; x_wconf 90' lang='lat' dir='ltr'><strong>quod</strong></span> <span class='ocrx_word' id='word_1_815' title='bbox 2157 5349 2261 5389; x_wconf 91' lang='lat' dir='ltr'><strong>non</strong></span> <span class='ocrx_word' id='word_1_816' title='bbox 2302 5348 2406 5388; x_wconf 89' lang='lat' dir='ltr'><strong>una</strong></span> <span class='ocrx_word' id='word_1_817' title='bbox 2433 5342 2515 5387; x_wconf 90' lang='lat' dir='ltr'><strong>est</strong></span> <span class='ocrx_word' id='word_1_818' title='bbox 2544 5333 2780 5402; x_wconf 85' lang='lat' dir='ltr'><strong>ejusdem</strong></span> <span class='ocrx_word' id='word_1_819' title='bbox 2811 5348 2874 5390; x_wconf 89' lang='lat' dir='ltr'><strong>ac</strong></span> <span class='ocrx_word' id='word_1_820' title='bbox 2913 5344 3167 5391; x_wconf 86' lang='lat' dir='ltr'><strong>constans</strong></span> <span class='ocrx_word' id='word_1_821' title='bbox 3205 5347 3420 5400; x_wconf 87' lang='lat' dir='ltr'><strong>semper</strong></span> 
     </span>
    </p>
   </div>
   <div class='ocr_carea' id='block_1_114' title="bbox 1844 5425 3418 5498">
    <p class='ocr_par' dir='ltr' id='par_1_114' title="bbox 1844 5425 3418 5498">
     <span class='ocr_line' id='line_1_114' title="bbox 1844 5425 3418 5498; baseline -0.002 -13"><span class='ocrx_word' id='word_1_822' title='bbox 1844 5427 2048 5497; x_wconf 86' lang='lat' dir='ltr'><strong>Opinio,</strong></span> <span class='ocrx_word' id='word_1_823' title='bbox 2093 5426 2190 5482; x_wconf 89' lang='lat' dir='ltr'><strong>sed</strong></span> <span class='ocrx_word' id='word_1_824' title='bbox 2229 5426 2457 5498; x_wconf 64' lang='lat' dir='ltr'><strong>diversae</strong></span> <span class='ocrx_word' id='word_1_825' title='bbox 2485 5435 2643 5496; x_wconf 82' lang='lat' dir='ltr'><strong>atque</strong></span> <span class='ocrx_word' id='word_1_826' title='bbox 2689 5435 3008 5498; x_wconf 82' lang='lat' dir='ltr'><strong>pugnantes.</strong></span> <span class='ocrx_word' id='word_1_827' title='bbox 3062 5427 3174 5496; x_wconf 84' lang='lat' dir='ltr'><strong>Ego</strong></span> <span class='ocrx_word' id='word_1_828' title='bbox 3201 5425 3418 5495; x_wconf 83' lang='lat' dir='ltr'><strong>quidem</strong></span> 
     </span>
    </p>
   </div>
   <div class='ocr_carea' id='block_1_115' title="bbox 1841 5497 3423 5588">
    <p class='ocr_par' dir='ltr' id='par_1_115' title="bbox 1841 5497 3423 5588">
     <span class='ocr_line' id='line_1_115' title="bbox 1841 5497 3423 5588; baseline -0.001 -15"><span class='ocrx_word' id='word_1_829' title='bbox 1841 5515 2246 5587; x_wconf 85' lang='lat' dir='ltr'><strong>responsionem</strong></span> <span class='ocrx_word' id='word_1_830' title='bbox 2276 5497 2822 5588; x_wconf 61' lang='lat' dir='ltr'><strong>paucisperstringo;</strong></span> <span class='ocrx_word' id='word_1_831' title='bbox 2868 5531 3044 5586; x_wconf 87' lang='lat' dir='ltr'><strong>neque</strong></span> <span class='ocrx_word' id='word_1_832' title='bbox 3075 5516 3219 5571; x_wconf 92' lang='lat' dir='ltr'><strong>enim</strong></span> <span class='ocrx_word' id='word_1_833' title='bbox 3270 5499 3423 5587; x_wconf 74' lang='lat' dir='ltr'><strong>nego-</strong></span> 
     </span>
    </p>
   </div>
   <div class='ocr_carea' id='block_1_116' title="bbox 1842 5607 3425 5678">
    <p class='ocr_par' dir='ltr' id='par_1_116' title="bbox 1842 5607 3425 5678">
     <span class='ocr_line' id='line_1_116' title="bbox 1842 5607 3425 5678; baseline 0.001 -15"><span class='ocrx_word' id='word_1_834' title='bbox 1842 5609 1974 5663; x_wconf 88' lang='lat' dir='ltr'><strong>tium</strong></span> <span class='ocrx_word' id='word_1_835' title='bbox 2000 5608 2294 5665; x_wconf 81' lang='lat' dir='ltr'><strong>adversarii</strong></span> <span class='ocrx_word' id='word_1_836' title='bbox 2319 5609 2528 5678; x_wconf 86' lang='lat' dir='ltr'><strong>objecta</strong></span> <span class='ocrx_word' id='word_1_837' title='bbox 2561 5607 2713 5664; x_wconf 89' lang='lat' dir='ltr'><strong>nobis</strong></span> <span class='ocrx_word' id='word_1_838' title='bbox 2744 5609 3037 5664; x_wconf 89' lang='lat' dir='ltr'><strong>facessunt.</strong></span> <span class='ocrx_word' id='word_1_839' title='bbox 3064 5608 3321 5664; x_wconf 84' lang='lat' dir='ltr'><strong>Gallicani</strong></span> <span class='ocrx_word' id='word_1_840' title='bbox 3349 5609 3425 5664; x_wconf 92' lang='lat' dir='ltr'><strong>illi</strong></span> 
     </span>
    </p>
   </div>
   <div class='ocr_carea' id='block_1_117' title="bbox 1846 5701 3405 5772">
    <p class='ocr_par' dir='ltr' id='par_1_117' title="bbox 1846 5701 3405 5772">
     <span class='ocr_line' id='line_1_117' title="bbox 1846 5701 3405 5772; baseline -0.001 -15"><span class='ocrx_word' id='word_1_841' title='bbox 1846 5701 2104 5760; x_wconf 89' lang='lat' dir='ltr'><strong>tumultus</strong></span> <span class='ocrx_word' id='word_1_842' title='bbox 2135 5717 2240 5759; x_wconf 92' lang='lat' dir='ltr'><strong>non</strong></span> <span class='ocrx_word' id='word_1_843' title='bbox 2263 5701 2387 5758; x_wconf 85' lang='lat' dir='ltr'><strong>inde</strong></span> <span class='ocrx_word' id='word_1_844' title='bbox 2418 5703 2522 5758; x_wconf 92' lang='lat' dir='ltr'><strong>orti</strong></span> <span class='ocrx_word' id='word_1_845' title='bbox 2553 5711 2700 5770; x_wconf 86' lang='lat' dir='ltr'><strong>sunt,</strong></span> <span class='ocrx_word' id='word_1_846' title='bbox 2733 5701 2874 5772; x_wconf 75' lang='lat' dir='ltr'><strong>quod</strong></span> <span class='ocrx_word' id='word_1_847' title='bbox 2916 5701 3140 5757; x_wconf 90' lang='lat' dir='ltr'><strong>obscura</strong></span> <span class='ocrx_word' id='word_1_848' title='bbox 3169 5702 3251 5758; x_wconf 86' lang='lat' dir='ltr'><strong>vel</strong></span> <span class='ocrx_word' id='word_1_849' title='bbox 3291 5702 3405 5757; x_wconf 78' lang='lat' dir='ltr'><strong>difﬁ</strong></span> 
     </span>
    </p>
   </div>
  </div>
