3892 6306
473 331 582 391 585

1364 320 1924 381 SUPPLEMENTUM
1966 326 2057 380 AD
2096 324 2324 381 Ol’EllA
2368 326 2423 382 S.
2466 325 2856 383 AUGUSTINI.

3638 328 3749 383 εδει

473 447 594 501 cilis
642 444 917 499 intellectu
964 441 1247 513 Augustini
1297 442 1563 495 sententia
1614 440 1927 506 habebatur,
1958 442 2051 497 sed
2084 446 2135 504 Α
2162 443 2388 497 rissimis
2429 443 2580 498 libris
2627 443 2694 497 de
2725 439 3203 497 Prmdestinatione
3250 430 3558 498 sanctorum
3592 454 3651 499 et
3684 446 3752 503 de

473 538 614 607 quod
657 537 896 606 plerique
944 536 1191 591 eamdem
1237 537 1560 591 sententiam
1612 539 1783 607 probe
1816 539 1884 594 ab
1934 539 2064 609 ipsis

474 630 802 685 intellectam
824 628 1148 682 contrariam
1180 628 1439 695 putabant
1470 630 1812 698 antiquorum
1845 629 2061 686 Patrum

470 723 913 785 definitionibus,
967 727 1105 775 teste
1149 719 1420 790 Prospero
1471 722 1523 775 in
1577 722 1804 791 epistola
1848 722 1914 776 ad
1966 725 2066 776 Αιιο

472 816 762 884 gustinum.
792 814 905 868 Duo
925 813 1067 865 enim
1100 811 1188 865 hic
1210 811 1587 882 distinguenda
1621 823 1782 869 sunt:
1814 814 1898 869 vel
1919 816 2060 869 enim

472 903 709 959 difﬁcilis
738 903 998 959 asseritur
1029 902 1308 970 Augustini
1336 906 1622 974 sententia,
1672 905 1813 974 quod
1843 904 2063 975 intelligi

474 1011 579 1053 non
602 998 703 1051 nisi
744 996 824 1050 dif
827 995 1032 1050 liculter
1053 996 1243 1064 possit,
1270 996 1354 1051 vel
1384 999 1522 1066 quod
1548 998 1673 1053 licet
1718 1007 1862 1054 recte
1885 999 2061 1067 perci-

472 1088 668 1156 piatur,
720 1089 951 1139 ltumano
1005 1085 1298 1141 intellectui
1344 1088 1527 1142 durior
1573 1088 1855 1154 videatur,
1909 1074 2063 1142 cuive

473 1193 578 1231 non
627 1176 699 1229 ita
740 1172 915 1229 facilis
958 1190 1215 1231 assensus
1260 1179 1587 1247 praebeatur.
1642 1179 1877 1234 Primum
1931 1195 2062 1235 sane

472 1267 664 1322 falsum
696 1275 800 1333 est,
826 1281 946 1321 nam
973 1267 1336 1323 Massilienses
1383 1269 1584 1338 Optime
1615 1270 2061 1340 Augustinianam

474 1358 794 1414 sententiam
827 1357 893 1413 de
922 1357 1091 1429 gratia
1115 1358 1305 1413 Adami
1332 1368 1387 1414 et
1409 1360 1602 1415 stantis
1623 1369 1679 1415 et
1702 1362 1962 1431 reparati,
1994 1362 2062 1418 de

473 1451 950 1520 predestinatione
976 1452 1295 1518 electorum,
1334 1453 1402 1508 de
1428 1454 1740 1508 eorumdem
1767 1462 1919 1509 certo
1964 1470 2060 1507 nu-

475 1556 643 1606 mero,
669 1541 735 1595 de
757 1541 898 1596 dono
920 1544 1336 1609 perseverantia:
1365 1544 1596 1598 assecuti
1628 1552 1770 1609 sunt,
1796 1553 1854 1597 ut
1886 1543 2062 1612 palam

474 1634 530 1686 lit
551 1650 614 1686 ex
643 1632 831 1685 litteris
857 1631 1108 1701 Prosperi
1133 1644 1187 1687 et
1221 1632 1428 1698 liilarii,
1466 1635 1554 1703 qui
1584 1633 1764 1693 itidem
1793 1648 1912 1688 cum
1943 1634 2064 1688 aliis

473 1739 660 1779 verum
709 1724 991 1792 Augustini
1022 1736 1241 1778 sensum
1277 1732 1602 1791 tenuerunt,
1638 1741 1797 1795 quem
1845 1727 1891 1781 si
1942 1744 2066 1781 non-

2169 533 2320 589 Dono
2378 535 2793 603 perseverantia:
2843 544 3000 588 natos
3033 533 3246 589 ibidem
3302 536 3561 590 tumultus
3605 552 3759 593 com-

2165 636 2432 698 pesceret.
2465 629 2597 681 Cum
2629 626 2966 696 Augustinus
3006 625 3073 679 de
3103 624 3254 680 initio
3286 626 3405 680 ﬁdei
3438 636 3599 697 atque
3630 644 3755 698 per-

2164 721 2481 775 severantia:
2512 719 2656 774 dono
2699 734 2761 773 ea
2788 718 3032 774 docuerit
3060 734 3179 789 quae
3211 720 3489 774 verissima
3520 730 3675 791 sunt,
3710 736 3761 779 et

2166 811 2355 865 eadem
2408 811 2459 864 in
2514 808 2846 879 synodorum
2900 816 3085 876 postea
3142 822 3377 865 canones
3422 811 3757 879 transierint,

2164 899 2477 964 Ca‘ssianus,
2536 900 2788 963 Faustus,
2848 899 3081 954 Hilarius
3130 898 3491 969 Arelatensis,
3560 904 3762 975 aliique

2166 990 2597 1059 reprehendendi
2646 998 2794 1057 sunt,
2852 990 2942 1059 qui
2993 991 3294 1061 Augustino
3322 993 3760 1052 contradicentes

2167 1096 2447 1137 erroneam
2478 1081 2778 1136 doctrinam
2806 1081 3144 1136 defendendo
3168 1123 3181 1145 ,
3206 1082 3553 1152 gravissimas
3571 1085 3760 1141 Gallia:

2168 1175 2353 1229 turbas
2386 1189 2665 1245 peperere.
2698 1173 2777 1227 Ex
2806 1173 2889 1228 his
2903 1182 3115 1229 constat
3138 1174 3400 1229 Adamum
3430 1186 3761 1246 prtepostere

2166 1268 2233 1322 de
2264 1268 2373 1322 illis
2408 1267 2699 1323 Gallicanis
2730 1267 2965 1323 dissidiis
2988 1267 3277 1339 judicasse.
3312 1270 3449 1325 Hinc
3485 1281 3632 1326 recte
3663 1274 3762 1328 sub

2169 1359 2456 1429 Hhemigio
2495 1358 2835 1414 sanctissimo
2872 1374 2935 1413 ac
2964 1358 3282 1415 doctissimo
3330 1358 3626 1417 Galliarum
3668 1378 3763 1418 an-

2173 1452 2343 1507 tistite
2374 1447 2613 1507 Ecclesia
2648 1451 3018 1520 Lugdunensis
3048 1463 3169 1505 ante
3216 1451 3559 1522 octingentos
3590 1469 3759 1508 annos

2166 1545 2234 1600 de
2266 1547 2367 1605 hoc
2418 1547 2535 1613 ipso
2565 1546 2929 1614 pronuntiavit
2962 1562 2976 1599 :
3034 1563 3052 1597 ε
3085 1545 3414 1615 Augustinus
3462 1561 3566 1602 nec
3616 1559 3761 1602 tanta

2171 1638 2573 1706 perturbatione
2602 1649 2656 1691 et
2708 1637 3072 1692 commotione
3104 1638 3336 1691 ﬁdelium
3364 1637 3432 1693 ab
3463 1638 3764 1696 intentione

2168 1731 2533 1785 voracissima:
2566 1740 2621 1783 et
2652 1730 2974 1801 ﬁdelissimae
3004 1729 3261 1784 doctrina:
3303 1745 3414 1785 sua:
3461 1731 3637 1803 frangi
3669 1747 3765 1801 po.

476 1816 607 1869 nulli
650 1815 861 1884 es:eqtti
894 1814 1220 1884 nequivere,
1272 1815 1508 1884 ipsorum
1540 1817 1737 1885 ingenii
1795 1816 2067 1897 debilitati,
2094 1821 2141 1879 B
2173 1820 2275 1873 tnit
2305 1827 2398 1873 aut
2436 1820 2704 1873 revocari.
2736 1818 2843 1874 Sed
2896 1820 3066 1888 magis
3094 1833 3191 1874 eos
3230 1829 3282 1874 et
3314 1819 3533 1890 scriptis
3564 1822 3680 1875 suis
3710 1823 3759 1875 in

473 1906 792 1973 deputetur;
823 1919 996 1974 neque
1025 1906 1169 1960 enim
1200 1906 1300 1959 soli
1337 1906 1466 1959 vitio
1518 1907 1651 1960 verti
1697 1916 1874 1975 potest
1923 1908 2065 1977 quod

472 2009 594 2047 eum
627 1996 764 2063 talpa
792 2008 899 2048 non
924 1994 1127 2049 videat.
1158 1996 1213 2049 in
1241 1996 1411 2051 altero
1450 2011 1581 2051 vero
1609 2009 1768 2051 sensu
1791 1998 2064 2053 difficilem

472 2084 641 2138 videri
667 2085 838 2137 sancti
869 2085 1455 2141 Doctorisscntentiam
1484 2087 1551 2141 de
1572 2087 2060 2156 prmdestinatione,

472 2190 575 2232 nec
614 2177 727 2245 ipse
759 2176 1089 2247 Augustinus
1120 2179 1365 2246 negavit;
1398 2190 1485 2231 res
1511 2178 1655 2231 enim
1699 2179 2064 2233 secretissima

475 2276 578 2333 est,
610 2282 768 2336 quam
799 2276 977 2321 tamen
1002 2276 1078 2320 tot
1118 2266 1291 2330 libris,
1322 2277 1579 2335 quantum
1606 2268 1795 2335 potuit,
1828 2268 2062 2321 reddidit

484 2358 801 2413 faciliorem.
827 2356 940 2412 Non
985 2358 1070 2411 ibo
1098 2357 1303 2411 inlicias
1330 2358 1499 2410 sancti
1533 2359 1816 2427 Augustini
1845 2368 2064 2413 senten-

482 2452 609 2506 tiam
649 2450 716 2503 de
748 2449 1217 2515 praedestinatione
1244 2458 1370 2503 ante
1398 2450 1623 2517 praevisa
1669 2449 1858 2504 merita
1884 2450 2064 2519 plures

472 2543 525 2596 in
574 2540 762 2596 Galiiis
804 2539 1070 2607 turbasse,
1123 2538 1266 2593 unde
1312 2541 1647 2609 gravissima:
1685 2541 2063 2595 contentiones

472 2643 767 2694 emersere,
807 2628 979 2683 doctis
1021 2628 1282 2697 quibusve
1323 2629 1377 2683 in
1426 2638 1605 2698 partes
1633 2630 1847 2686 divisis.
1879 2629 2063 2700 Neque

472 2721 615 2778 enim
639 2717 838 2773 indocti
876 2718 1179 2774 absolutam
1222 2719 1750 2788 prmdeStinationem
1794 2736 1916 2777 cum
1966 2722 2067 2776 bu—

474 2832 631 2872 mana
655 2818 904 2872 libertate
929 2816 1178 2886 componi
1230 2831 1389 2886 posse
1421 2818 1811 2888 percipiebant,
1838 2828 1894 2874 et
1922 2818 2065 2873 docti

474 2909 633 2963 etiam
681 2909 780 2962 viri
834 2907 1063 2977 idipsum
1109 2921 1253 2975 aegre
1298 2910 1745 2976 assequebantur.
1793 2909 2065 2963 Cmterum

474 2999 803 3068 Augustinus
846 2999 1061 3053 illorum
1111 2998 1459 3052 dissidierum
1506 3002 1705 3053 certior
1753 2998 1958 3062 factus,
2010 3002 2063 3054 in

476 3090 627 3144 libris
650 3088 718 3143 de
749 3087 1231 3142 Przedestinatione
1257 3096 1562 3141 sanctorum
1595 3098 1649 3142 et
1668 3090 1735 3144 de
1763 3089 1916 3142 Dono
1940 3105 2064 3158 per-

2171 1919 2428 1979 quantum
2460 1909 2630 1978 potuit
2666 1900 2945 1963 admonuit
2972 1920 3027 1964 et
3056 1910 3326 1979 instruxit,
3359 1912 3765 1969 etorationibus

2169 2002 2308 2071 apud
2336 2002 2502 2056 Deum
2533 2000 2767 2069 profns7s
2797 2001 3027 2055 ﬁdeliter
3056 2001 3281 2070 adjuvit,
3314 2010 3372 2056 ut
3395 2002 3767 2072 intelligerent

2169 2103 2226 2148 et
2265 2103 2623 2164 agnoscerent
2650 2110 2809 2163 quam
2843 2096 3149 2149 necessario
3181 2102 3236 2148 et
3264 2110 3422 2164 quam
3473 2097 3767 2154 salubriter

2171 2197 2388 2256 propter
2458 2186 2976 2241 commendationem
3033 2186 3227 2240 divina:
3277 2187 3464 2256 gratia:
3516 2188 3769 2257 ejusdem

2177 2277 2669 2348 prmdestiuationis
2695 2278 2893 2332 veritas
2922 2279 3141 2332 omnino
3171 2285 3227 2332 et
3248 2276 3518 2332 credenda
3545 2287 3601 2332 et
3631 2294 3771 2349 pra:-

2169 2369 2391 2424 dicanda
2421 2378 2586 2425 esset.
2630 2386 2647 2418 ι
2700 2368 2818 2423 Lib.
2854 2369 2921 2423 de
2972 2368 3096 2423 trib.
3148 2370 3332 2438 epist.,
3381 2383 3504 2439 cap.
3538 2369 3631 2423 55.
3673 2370 3771 2424 ita-

2169 2476 2273 2531 que
2330 2461 2465 2517 falso
2524 2471 2711 2516 contra
2769 2471 3020 2515 sanctum
3058 2461 3412 2531 Augustinum
3444 2460 3662 2516 locutus
3693 2469 3773 2518 est

2170 2552 2475 2607 Ludovicus
2506 2551 2697 2606 Molina
2731 2552 2783 2605 in
2826 2566 2921 2605 sua
2950 2550 3270 2617 Concordia,
3305 2550 3420 2606 haec
3462 2549 3721 2607 scribens
3753 2569 3769 2607 :

2178 2663 2196 2696 ι
2239 2642 2526 2712 Augustini
2549 2643 2792 2697 doctrina
2820 2643 2886 2697 de
2915 2640 3383 2711 praedestinatione
3412 2640 3684 2710 plurimos
3708 2656 3773 2697 ex

2173 2735 2423 2790 ﬁdelibus
2452 2776 2466 2802 ,
2496 2736 2797 2805 praesertim
2818 2748 2882 2788 ex
2914 2733 2979 2787 iis
3008 2734 3098 2802 qui
3129 2732 3182 2786 in
3213 2730 3382 2788 Gallia
3410 2732 3771 2787 morabantur

2173 2840 2279 2881 non
2311 2824 2771 2887 solumindoetos,
2805 2822 2898 2877 sed
2929 2822 3091 2877 etiam
3124 2822 3311 2876 doctos
3339 2822 3531 2875 mirum
3566 2820 3622 2874 in
3654 2835 3773 2876 mo-

2170 2916 2295 2970 dum
2355 2915 2608 2978 turbavit,
2664 2928 2732 2968 ne
2775 2913 2950 2967 dicam
3001 2913 3147 2967 illius
3197 2910 3484 2967 occasione
3528 2910 3770 2966 salutem

2170 3018 2356 3058 eorum
2410 3002 2573 3058 fuisse
2607 3003 2976 3072 periclitatam.
3022 3001 3100 3055 Ne
3151 3001 3295 3056 enim
3342 2999 3609 3070 ejusmodi
3641 3001 3772 3057 doc-

2170 3094 2324 3148 trime
2354 3094 2716 3159 adhmrerent,
2750 3093 2942 3148 hmresi
2975 3093 3154 3162 potius
3186 3092 3484 3163 Pelagiana:
3513 3107 3583 3146 ex
3614 3101 3773 3161 parte

475 3178 799 3232 severantia;
827 3178 1072 3233 eamdem
1104 3177 1171 3231 de
1210 3176 1685 3245 praedesdnatione
1734 3182 2057 3235 sententiam
2088 3186 2135 3250 C
2167 3184 2574 3238 assentiendum
2626 3184 2903 3252 putabant.
2947 3202 2965 3233 ι
3026 3181 3211 3252 Neque
3266 3183 3410 3237 enim
3464 3180 3770 3250 rejicienda

473 3274 531 3321 et
556 3273 868 3321 constanter
890 3265 1082 3330 tenuit,
1100 3275 1154 3319 et
1176 3265 1499 3321 solidissime
1526 3268 1884 3324 conﬁrmavit.
1917 3271 2062 3328 Sane

474 3356 529 3411 in
559 3355 697 3412 libro
719 3359 786 3411 de
816 3355 967 3411 Dono
997 3357 1434 3426 perseverantiae,
1466 3373 1583 3427 cap.
1606 3360 1696 3426 ΞΟ,
1729 3360 2066 3429 respondens

475 3447 915 3504 Massiliensibus.
941 3448 1033 3520 qui
1064 3448 1355 3504 dicebant:
1396 3467 1415 3500 ι
1454 3449 1569 3503 Νοιι
1600 3465 1734 3519 opus
1776 3450 1943 3507 fuisse
1968 3453 2065 3507 ltu-

474 3542 773 3612 juscemodi
801 3541 1177 3612 disputationis
1206 3543 1417 3598 incerto
1444 3541 1622 3597 minus
1652 3543 2065 3615 intelligentium

477 3643 557 3690 tot
584 3635 748 3690 corda
780 3634 1015 3700 turbari;
1058 3634 1313 3702 quoniam
1354 3648 1462 3688 non
1492 3633 1671 3689 minus
1721 3635 1928 3690 utiliter
1951 3628 2070 3691 sine

477 3728 579 3782 hac
608 3727 921 3783 definitione
942 3726 1431 3797 prazdestinationis
1449 3741 1545 3795 per
1561 3734 1637 3779 tot
1665 3741 1833 3783 annos
1849 3726 2066 3784 defensa

475 3829 559 3874 est
583 3819 851 3873 catholica
889 3818 1045 3883 ﬁdes,
1080 3836 1099 3869 ι
1132 3818 1368 3873 ostendit
1388 3818 1496 3885 jam
1527 3819 1652 3870 olim
1700 3828 1825 3874 ante
1850 3826 2069 3876 exertos"

480 3909 796 3979 Pelagianos
843 3908 1033 3963 eadem
1085 3922 1145 3962 se
1174 3907 1424 3962 docuisse
1456 3947 1471 3972 ,
1502 3923 1620 3975 (ιιιιε
1652 3918 1838 3977 postea
1879 3920 2069 3966 contra

477 3996 699 4051 eosdem
742 3996 1025 4065 operosius
1070 4003 1127 4050 et
1155 3996 1466 4065 diligentius
1508 3996 1882 4053 demonstrare
1923 4002 2072 4056 comé

378 4144 389 4155 _
481 4087 670 4156 pulsus
700 4086 878 4141 fuerat
911 4101 926 4142 :
970 4103 989 4137 ‹
1029 4086 1441 4142 Prmdestinatio
1464 4128 1478 4151 ,
1512 4088 1700 4157 inquit,
1735 4090 2071 4157 prmdicanda

482 4186 587 4243 est,
640 4187 696 4231 ιιι
725 4179 896 4248 possit
945 4192 1072 4233 vera
1103 4178 1196 4234 Dei
1229 4180 1421 4249 gratia,
1448 4179 1550 4233 hoc
1578 4188 1662 4234 est
1712 4195 1831 4250 quae
1862 4196 1967 4234 non
1998 4198 2073 4238 se-

480 4268 713 4325 cundum
746 4270 935 4325 merita
967 4278 1147 4323 nostra
1178 4271 1355 4336 datur,
1382 4270 1729 4340 insuperabili
1764 4274 2067 4330 munitione

480 4358 719 4431 defendi,
760 4381 778 4414 ι
813 4375 935 4431 cap.
975 4360 1067 4414 21.
1121 4360 1191 4415 Ει
1234 4361 1449 4429 quidem
1491 4371 1710 4419 sanctus
1739 4364 1928 4420 doctor
1968 4365 2070 4419 do-

480 4469 607 4509 num
640 4452 760 4510 fidei
791 4460 845 4507 et
883 4450 1111 4522 primam
1159 4451 1389 4521 gratiam
1440 4466 1510 4506 ex
1563 4453 1811 4510 absoluto
1853 4454 2072 4509 decreto

2168 3284 2293 3329 sunt
2324 3277 2609 3343 pharmaca
2652 3273 2805 3345 quod
2863 3274 3014 3328 initio
3043 3273 3261 3342 quidem
3317 3281 3500 3341 sorpta
3555 3281 3770 3328 stoma-

2169 3366 2331 3420 chum
2363 3366 2729 3421 delicatiorem
2762 3365 2979 3421 turbare
3016 3368 3215 3421 solent.
3265 3363 3415 3419 Haud
3440 3363 3591 3419 salus
3641 3364 3767 3419 illo.

2171 3472 2287 3511 rum
2346 3456 2644 3527 periclitata
2691 3464 2796 3517 est,
2842 3456 2934 3525 qui
2983 3456 3034 3510 in
3069 3455 3369 3526 quaestione
3425 3454 3674 3509 nondum
3710 3454 3773 3508 ab

2171 3546 2470 3617 apostolica
2510 3546 2640 3602 sede
2667 3544 2849 3600 decisa
2880 3560 2986 3599 non
3029 3544 3100 3599 ita
3130 3559 3191 3602 se
3231 3544 3416 3599 faciles
3446 3543 3772 3613 praebebant

2171 3639 2237 3693 ad
2270 3638 2712 3709 Augustinianam
2745 3637 3063 3693 sententiam
3119 3635 3516 3706 recipiendam;
3562 3637 3771 3693 scimus

2171 3733 2316 3785 enim
2343 3730 2680 3795 Cassianum,
2740 3730 3019 3796 Faustum,
3072 3727 3334 3783 liilarium
3389 3727 3771 3787 Arelatensem

2171 3822 2504 3889 episcOputn,
2530 3820 2619 3889 qui
2650 3819 3242 3889 Semi-Peiagianorum
3283 3818 3557 3889 principes
3590 3820 3770 3888 fuere,

2172 3911 2248 3965 uti
2275 3921 2492 3964 sanctos
2520 3910 2576 3973 in
2607 3909 2795 3964 Galliis
2825 3909 2951 3973 coli,
2989 3918 3045 3962 ut
3086 3908 3139 3962 in
3169 3908 3451 3978 Pelagiana
3500 3908 3768 3977 Historia,

2172 4001 2265 4055 lib.
2325 4016 2381 4067 tt,
2417 4014 2535 4068 cap.
2584 3999 2670 4065 12,
2703 4000 2858 4054 nobis
2902 4000 3231 4069 descriptum
3263 4007 3368 4053 est.
3420 3999 3554 4066 Quis
3584 4014 3769 4058 autem

2176 4107 2284 4147 non
2317 4093 2543 4147 moleste
2598 4092 2732 4147 ierat
2764 4092 3092 4147 recentiores
3128 4091 3409 4163 Augustini
3463 4091 3767 4147 doctrinam

2174 4182 2251 4237 uti
2283 4182 2676 4236 Gallicanarum
2725 4182 2959 4236 rixarum
3013 4197 3235 4237 causam
3284 4181 3589 4247 traducere,
3640 4198 3765 4238 cum

2174 4274 2395 4329 easdem
2438 4276 2658 4328 omnino
2704 4273 3077 4329 contentiones
3106 4288 3209 4328 una
3241 4275 3353 4343 ipsa
3382 4274 3655 4329 sedaverit
3685 4287 3765 4330 at-

2174 4378 2279 4433 que
2305 4365 2608 4431 sustulerit,
2652 4363 3088 4434 quandoquidem
3142 4354 3458 4420 Arausicani
3502 4379 3763 4433 canones,

2175 4454 2266 4523 qui
2296 4469 2482 4524 pacem
2510 4455 2705 4509 Galliis
2735 4454 2955 4518 dedere,
2986 4453 3271 4521 exscripta:
3302 4453 3369 4507 ad
3398 4454 3622 4508 verbum
3656 4458 3765 4510 Au-

483 4546 577 4601 Dei
633 4542 933 4614 suspendit,
985 4555 1092 4612 quo
1146 4542 1324 4596 omnia
1379 4557 1600 4613 prorsus
1654 4544 1847 4599 merita
1895 4546 2068 4598 divina
2100 4557 2147 4615 ι)
2176 4543 2379 4614 gustini
2428 4542 2710 4597 sententia:
2738 4544 2897 4597 sunt?
2936 4544 3089 4609 Quod
3130 4544 3282 4598 initio
3312 4544 3526 4613 quidem
3562 4546 3759 4600 factum

480 4639 651 4709 gratia
680 4636 1039 4693 antecederet.
1094 4633 1229 4690 Hinc
1271 4636 1721 4705 Sami-Pelagiani
1773 4637 2069 4707 Augustino

486 4731 669 4787 hostes
717 4728 847 4784 facti
877 4743 975 4799 per
1003 4734 1218 4782 centum
1251 4724 1365 4793 fere
1413 4739 1584 4779 annos
1633 4726 1801 4779 variis
1833 4726 2069 4780 dissidiis

484 4820 685 4874 Gallias
713 4817 1028 4888 fatigarunt,
1060 4817 1234 4872 donec
1263 4815 1316 4869 in
1347 4816 1680 4870 Arausicana
1708 4816 1914 4885 synodo
1947 4830 1981 4869 il
2005 4832 2071 4871 ex

489 4910 773 4977 Augustini
802 4911 956 4964 libris
1003 4908 1143 4963 datis
1194 4906 1474 4975 l‘CSpOHSiS
1506 4907 1771 4960 diuturnae
1800 4906 1904 4960 εγω
1935 4906 2074 4961 inter

491 5001 684 5053 doctos
712 4998 963 5054 homines
1010 5000 1225 5068 agitatae
1255 4999 1628 5053 contentiones
1682 4996 1840 5052 ﬁnem
1871 5003 2074 5053 sortitae

489 5097 637 5144 sunt.
670 5086 879 5142 Nullius
910 5103 1043 5141 sane
1071 5089 1245 5158 culpa:
1275 5088 1605 5158 Augustinus
1647 5103 1771 5143 reus
1810 5088 1933 5144 inde
1965 5098 2074 5144 tra-

491 5176 770 5235 ducendus
798 5186 900 5241 eSl,
936 5177 1044 5229 imo
1078 5179 1303 5231 summis
1333 5178 1474 5233 idem
1507 5177 1751 5232 laudibus
1795 5194 2073 5233 commen-

492 5268 700 5325 dandus
729 5268 895 5332 venit,
930 5266 1021 5335 qui
1081 5265 1667 5337 Semi—Pelagianorum
1711 5284 1814 5324 nec
1861 5270 2076 5341 sapien-

493 5365 567 5417 tia
599 5376 699 5417 nec
752 5359 1074 5414 auctoritate
1130 5359 1442 5427 deterritus,
1496 5361 1746 5415 traditam
1794 5362 1959 5417 semel
2007 5362 2075 5416 de

491 5457 671 5508 divina
715 5453 881 5522 gratia
914 5460 1076 5522 atque
1107 5449 1578 5520 prtedestinatione
1612 5453 1676 5505 ad
1726 5452 1933 5507 initium
1966 5453 2074 5506 sal-

494 5557 600 5599 tem
626 5549 754 5601 ﬁdei
788 5546 949 5616 (quod
988 5547 1040 5601 in
1070 5540 1318 5601 confesso
1347 5552 1429 5598 est
1451 5543 1588 5610 apud
1620 5546 1829 5611 omnes)
1860 5553 2075 5599 senten-

499 5636 625 5685 tiam
661 5637 895 5700 pluribus
945 5636 1353 5700 demonstravit,
1389 5649 1562 5703 neque
1618 5650 1710 5703 per
1741 5637 1909 5705 ipsum
1964 5636 2072 5690 ullo

502 5725 663 5779 modo
716 5728 861 5779 stetit
890 5730 1014 5795 quin
1047 5731 1224 5784 missis
1255 5731 1304 5783 in
1350 5728 1577 5782 Galliam
1608 5726 1815 5781 duobus
1844 5730 2069 5797 praecla-

2177 4637 2383 4703 fuisset,
2414 4636 2459 4690 si
2505 4635 2952 4705 Semi—Pelag'ani
2982 4638 3150 4691 sancti
3183 4636 3417 4692 doctoris
3465 4638 3761 4695 sententias

2175 4729 2415 4796 recipere
2472 4726 2809 4791 ma'uissent,
2867 4742 3026 4793 quam
3085 4727 3288 4782 eisdem
3340 4728 3758 4783 contradicendo

2177 4820 2506 4889 provinciam
2537 4816 2966 4870 dissensionibus
2993 4817 3286 4872 involvere.
3320 4818 3394 4872 Ex
3428 4819 3531 4884 his,
3559 4829 3619 4872 ut
3642 4828 3760 4875 ante

2177 4908 2560 4970 inferebamus,
2597 4908 2805 4961 illarum
2834 4908 3108 4962 turbarum
3139 4910 3289 4977 origo
3320 4925 3425 4963 non
3457 4910 3512 4963 in
3552 4910 3759 4980 Augus-

2177 5002 2380 5066 tinum,
2412 5000 2504 5055 sed
2539 5004 2589 5053 in
2633 4999 2875 5068 ejusdem
2927 4998 3109 5054 hostes
3137 5000 3429 5070 rejieienda
3457 5010 3561 5055 est.
3593 5001 3758 5055 Pnrro

2177 5092 2369 5147 falsum
2397 5100 2498 5157 est,
2527 5090 2669 5160 quod
2696 5089 2880 5145 scribit
2907 5089 3143 5146 Adamus
3175 5106 3293 5163 pag.
3346 5092 3473 5160 610,
3508 5093 3559 5145 in
3594 5103 3759 5148 mate-

2178 5186 2257 5241 ria
2309 5185 2376 5240 de
2403 5185 2569 5255 gratia
2600 5193 2657 5238 et
2693 5183 3165 5252 prredestinatione
3195 5185 3483 5240 nonnullos
3526 5195 3763 5241 sectato-

2178 5292 2297 5333 rum
2327 5278 2497 5330 sancti
2528 5274 2808 5344 Augustini
2839 5276 3012 5346 ipsum
3054 5277 3375 5341 deseruisse,
3407 5278 3491 5333 vel
3527 5292 3636 5332 non
3670 5293 3764 5332 au-

2180 5384 2267 5423 sos
2294 5384 2413 5423 eum
2448 5369 2656 5435 publice
2701 5379 2808 5421 tum
2841 5371 3095 5438 temporis
3129 5371 3181 5424 in
3233 5369 3418 5425 Galliis
3447 5370 3759 5427 defendere.

2180 5460 2521 5514 Contrarium
2577 5461 2718 5512 enim
2770 5469 3033 5513 testantur
3068 5462 3298 5531 Prosper
3334 5472 3389 5518 et
3439 5461 3678 5518 Hilarius
3709 5463 3760 5516 in

2181 5552 2426 5620 epistolis
2454 5567 2516 5605 ea
2550 5552 2615 5604 de
2646 5566 2704 5605 re
2734 5550 2870 5605 datis
2900 5552 2965 5605 ad
2996 5554 3345 5623 Augustinum
3379 5572 3394 5611 :
3433 5553 3760 5615 tRecensito

2180 5651 2381 5709 autem,
2412 5642 2583 5712 inquit
2615 5641 2868 5712 ProSper,
2926 5642 3027 5700 hoc
3076 5645 3424 5701 Beatitudinis
3470 5647 3756 5711 tuaalibro,

2178 5733 2315 5788 sicut
2340 5733 2426 5803 qui
2458 5741 2694 5789 sanctam
2737 5743 2897 5802 atque
2946 5737 3291 5803 apostolicam
3345 5736 3605 5793 doctrinm
3656 5746 3757 5790 tua:
