3892 6360
133 408 228 463 585

131 520 485 574 auctoritatem
568 530 723 576 antea
800 522 1182 589 sequebantur,
1249 522 1765 591 intelligentioresA

133 614 287 667 multo
317 614 789 683 instruetiorcsetue
838 626 961 669 sunt
993 616 1138 682 facti,
1173 614 1241 669 ita
1272 617 1360 686 qui
1394 618 1694 684 persuasio-

132 705 209 758 nis
240 720 344 758 suie
388 705 821 773 impediebantur
872 709 1103 763 obscuro
1128 749 1142 773 ,
1205 708 1504 763 aversiores
1536 723 1691 775 quam

132 796 327 867 fuerant
382 810 741 853 recesserunt.
782 819 800 852 ι
863 801 1013 856 Unde
1066 800 1345 871 Augustini
1401 810 1694 855 seetatores

130 889 272 942 novis
300 888 522 944 subinde
548 905 576 944 a
607 902 793 947 sancto
821 891 1041 947 doctore
1091 892 1243 947 libris
1289 892 1547 961 acceptis,
1580 893 1695 946 ani-

128 978 316 1031 mosius
345 980 584 1046 ejusdem
618 990 796 1048 partes
826 982 1180 1037 sustinebant.
1219 982 1446 1036 llilarius
1466 996 1592 1037 vero
1624 983 1692 1036 ita

126 1066 257 1121 fatur
288 1085 299 1121 :
338 1087 353 1118 ι
390 1068 522 1123 Sunt
561 1085 626 1125 ex
657 1081 812 1145 parte
852 1073 982 1127 talei
1014 1087 1257 1141 personae
1289 1075 1501 1142 (nempe
1531 1074 1697 1128 Semi—

124 1156 428 1229 Pelagiani),
463 1170 518 1214 ut
551 1161 631 1215 bis
682 1178 783 1217 con
817 1163 1069 1217 uetudine
1104 1162 1480 1219 Ecclesiastica
1531 1164 1698 1218 laicus

121 1262 373 1303 Summam
426 1236 780 1307 reverentiam
824 1269 1045 1309 necesse
1095 1256 1166 1307 sit
1211 1253 1490 1309 exhibere.
1544 1242 1695 1320 Quod

118 1339 322 1407 quidem
354 1340 423 1393 ita
448 1344 769 1409 curavimus,
800 1345 1167 1413 Deojuvante,
1198 1360 1437 1410 servare,
1472 1356 1549 1410 ut,
1576 1360 1696 1400 cum

114 1442 248 1497 Opus
283 1431 398 1497 fuit,
434 1448 536 1485 non
569 1444 866 1487 taceremus
898 1449 1018 1503 quae
1056 1434 1123 1487 ad
1179 1430 1489 1504 quaestionis
1540 1435 1699 1505 hujus

111 1522 465 1576 assertiOncm
497 1523 759 1593 exiguitas
792 1535 1092 1578 nostrarum
1112 1527 1298 1580 virium
1332 1538 1690 1598 suggereret.»

110 1613 235 1667 Scin
266 1614 590 1683 Prosticrum
646 1617 697 1670 in
744 1619 967 1685 epistola
1025 1618 1209 1671 eadem
1256 1617 1404 1672 fateri
1438 1612 1694 1688 quosdam

106 1720 215 1765 non
250 1720 411 1758 ausos
445 1708 653 1775 publice
684 1708 1068 1778 Augustiniana
1124 1709 1458 1776 pronuntiata
1510 1710 1698 1765 defen-

102 1798 260 1863 dere,
296 1801 435 1867 quod
472 1816 579 1855 non
631 1800 755 1855 inde
803 1801 998 1855 factum
1031 1812 1111 1855 est
1156 1804 1297 1872 quod
1349 1804 1439 1857 illa
1487 1803 1694 1858 creditu

99 1876 347 1942 difﬁcilia
372 1903 435 1943 ac
464 1889 731 1958 paradoxa
758 1891 1178 1958 arbitrabantur,
1211 1903 1267 1947 ut
1295 1894 1574 1949 contendit
1602 1893 1697 1947 ad-
1732 1879 1773 1935 Β

100 1981 401 2043 versarius,
426 1982 517 2036 sed
542 1982 684 2048 quod
715 1982 904 2037 llilarii
935 1984 1170 2054 episcopi
1210 1984 1543 2040 Arelatensis
1569 1984 1701 2039 alio-

97 2091 341 2145 rumque
367 2075 801 2130 doctissimorum
834 2076 1122 2155 Augustini
1153 2077 1382 2131 hosﬁum
1403 2078 1698 2149 dignitaset

96 2166 412 2230 reverentia,
446 2174 583 2220 teste
632 2166 824 2221 eodem
880 2167 1167 2236 Prospero,
1219 2169 1463 2223 timorem
1495 2168 1698 2223 eisdem

96 2256 449 2333 injiciebant.

164 2360 294 2415 Jatn
323 2376 450 2414 vero
494 2360 824 2415 discutienda
854 2361 1074 2416 veniunt
1116 2376 1234 2430 qum
1258 2361 1324 2416 ad
1354 2362 1698 2432 Augusdnia-

90 2468 299 2508 norum
331 2453 638 2520 dogmatum
665 2452 1043 2507 difficultatem
1106 2454 1529 2523 persuadendam
1559 2456 1697 2510 idem

88 2545 531 2598 mmminiscitur
550 2559 669 2613 pag.
697 2544 821 2609 (ill,
861 2530 952 2598 ubi
993 2544 1068 2597 ait
1101 2561 1113 2597 :
1150 2562 1167 2596 ‹
1209 2547 1534 2614 Augustinus
1555 2560 1700 2616 saepe

86 2633 388 2687 coiifessus
446 2644 549 2695 est,
600 2632 944 2686 difficultates
995 2633 1135 2687 vela
1170 2634 1348 2700 seipso
1393 2635 1477 2688 vel
1510 2636 1577 2686 ab
1606 2634 1701 2686 ad-

86 2726 365 2779 versariis
389 2726 696 2793 pr0pns‘tas
734 2724 786 2776 in
820 2724 919 2777 hac
949 2723 1173 2777 materia
1222 2723 1378 2777 datas
1405 2738 1433 2775 a
1462 2737 1522 2777 se
1551 2723 1699 2777 solu-

85 2822 272 2872 tiones
298 2816 596 2880 excedere,
628 2830 793 2885 seque
821 2815 939 2883 plus
956 2815 1349 2883 objectionibus
1374 2825 1700 2870 commotum

83 2924 262 2979 quam
313 2907 760 2974 respousionibus
800 2906 1064 2960 sedatum.
1100 2924 1119 2956 ι
1163 2906 1475 2976 Αάᾱιιψιοε
1513 2926 1532 2959 ι
1569 2907 1700 2962 Cum

86 3015 231 3055 vero
264 3000 448 3069 aliqua
479 2997 793 3053 difficultate
834 2997 1179 3066 insuperabili
1230 3012 1449 3066 pressus
1500 3007 1603 3062 est.
1633 3000 1700 3053 ad

86 3091 177 3146 illa
218 3091 521 3159 Scriptrrm
551 3091 709 3143 verba
759 3088 998 3158 confugit
1031 3105 1045 3143 :
1076 3089 1120 3141 0
1161 3090 1383 3143 attitude
1407 3090 1704 3144 divitiarum

89 3184 429 3252 rapientiwet
452 3183 673 3236 scientia:
701 3181 797 3235 Dei
818 3183 837 3234 .'
863 3192 969 3236 etc.
998 3181 1175 3249 (Rom.
1204 3184 1299 3251 χε).
1323 3202 1341 3234 ι
1382 3182 1628 3247 Peream,
1651 3182 1695 3237 si
1725 3234 1767 3255 η

90 3288 348 3341 unquam
378 3274 705 3341 Augustinus
743 3286 807 3326 ea
846 3273 1128 3326 affirmavit
1156 3287 1274 3341 quae
1327 3273 1406 3326 illi
1458 3272 1698 3327 Adamus

94 3363 378 3433 imponit;
410 3362 668 3417 debuerat
714 3363 766 3415 in
790 3375 849 3416 re
898 3361 1213 3431 gravissima
1264 3360 1497 3431 aliquem
1528 3362 1699 3418 sancti

93 3453 352 3508 doctoris
376 3460 577 3507 textum
617 3452 910 3521 appellare.
945 3452 1050 3507 Sed
1101 3468 1208 3506 non
1234 3453 1422 3517 itiest,
1453 3454 1697 3521 Adame;

97 3545 267 3599 audio
296 3543 443 3599 enim
486 3545 842 3614 Augustinum
890 3543 1004 3598 hinc
1033 3554 1223 3599 contra
1272 3544 1540 3599 lulianum
1582 3562 1700 3600 om-

100 3637 255 3691 nium
304 3638 732 3691 adversariorum
785 3638 1153 3692 acutissimum
1198 3646 1253 3692 et
1283 3640 1697 3705 ferocissimum,

104 3730 381 3785 dicentem
432 3731 483 3784 in
529 3730 635 3785 fine
661 3731 753 3784 lib.
783 3746 833 3785 vt
870 3748 883 3782 :
919 3750 938 3781 ι
987 3731 1068 3784 Ad
1106 3732 1287 3784 omnia
1340 3747 1425 3786 me
1466 3733 1559 3787 tibi
1592 3748 1702 3787 rei-

108 3822 395 3888 pnndisse,
420 3820 651 3886 luliane,
674 3820 916 3875 etomnia
946 3822 1226 3886 refellisse,
1252 3831 1383 3889 etc.,
1411 3834 1536 3891 puto
1558 3826 1699 3893 quod

110 3914 406 3982 prospicis,
428 3916 473 3967 si
491 3915 863 3983 pervicaxnon
882 3914 978 3967 sis.
1014 3932 1032 3964 ι
1057 3919 1124 3968 Et
1147 3916 1198 3967 in
1225 3916 1329 3970 fine
1349 3915 1441 3970 lib.
1470 3932 1486 3969 ι
1514 3933 1528 3969 :
1559 3933 1573 3966 ι
1610 3915 1701 3970 Vi-

113 4017 254 4062 treas
280 4016 524 4077 argutas
556 4016 696 4070 tuas,
721 4015 776 4062 et
833 4006 1065 4075 fragilia,
1097 4007 1290 4077 quibus
1340 4008 1433 4063 tibi
1478 4008 1701 4063 multum

118 4097 320 4153 videris
349 4107 537 4153 acutus
561 4107 619 4153 et
658 4097 880 4167 nitidus,
924 4108 1237 4167 argumenta
1286 4099 1643 4169 confringam.
1677 4118 1697 4153 ι

119 4184 179 4241 Et
208 4190 307 4243 Lb.
342 4204 438 4255 nr,
469 4203 588 4258 cap.
620 4189 656 4242 5
683 4206 694 4237 :
728 4206 745 4238 ι
773 4187 1005 4242 Tuarum
1034 4189 1175 4243 velut
1212 4198 1491 4245 acutarum
1544 4206 1705 4258 argu-

122 4280 511 4335 mentationum
555 4280 685 4334 nihil
713 4293 819 4334 non
870 4280 1102 4335 solutum
1150 4280 1590 4351 destructumque
1617 4283 1700 4336 di-

123 4374 352 4427 mittam.
396 4393 414 4425 ι
455 4372 588 4427 flinc
609 4383 825 4427 sanctus
857 4373 1091 4440 Prosper
1120 4374 1173 4426 in
1195 4387 1318 4441 cap.
1347 4372 1384 4425 2
1408 4384 1597 4429 contra
1616 4374 1704 4429 ln-

126 4470 296 4530 gratos
325 4464 473 4518 canit
502 4464 703 4519 nullum
743 4471 1118 4534 argumentum
1162 4463 1570 4534 Pelagianorum
1597 4481 1701 4520 non

125 4551 345 4607 dilutum
368 4554 555 4608 fuisse.

586 4652 901 4721 Nullamque
922 4653 1126 4706 omnino
1151 4655 1385 4707 relictum

226 4722 393 4775 Docta
416 4726 565 4790 ﬁdes,
593 4725 728 4792 quod
757 4741 858 4776 non
893 4725 1185 4778 dissolveret
1215 4735 1591 4795 argumentum.

136 4811 195 4867 Et
240 4826 461 4871 sanctus
511 4815 835 4870 Prudentius
885 4816 938 4870 iu
982 4816 1206 4885 epistola
1242 4816 1310 4871 ad
1364 4816 1703 4870 lliucmarum

133 4919 182 4962 et
218 4910 502 4967 Pardulum
547 4911 858 4966 earumdem
902 4911 1279 4966 lmreticorum
1319 4911 1648 4980 argumentis
1673 4926 1702 4963 a

132 5003 639 5073 Sancto'Augustiuo
674 5003 1113 5055 abundantissime
1156 5012 1204 5055 et
1254 5002 1706 5070 competentissime

72 5122 75 5123 ν
132 5098 449 5164 tatisfaetum
493 5112 615 5151 esse
647 5096 851 5149 scribit.
886 5094 1183 5149 Videantur
1232 5094 1373 5147 dicta
1400 5109 1521 5161 cap.
1563 5094 1704 5161 ιαμ.

132 5188 365 5242 Ιιοηὰἰείε
395 5187 462 5240 ad
493 5186 923 5242 dissertationem
955 5186 1021 5241 de
1044 5186 1249 5245 svuodo
1272 5188 1473 5255 quinta.
1507 5187 1596 5239 llla
1631 5197 1708 5240 ta—

131 5281 252 5330 men
280 5278 654 5335 insuperabilis
694 5278 920 5348 qurestio
955 5277 1249 5346 Attgu~tin0
1306 5278 1415 5331 visa
1467 5278 1586 5345 fuit,
1613 5294 1708 5333 cur

126 5353 270 5419 Deus
290 5367 436 5421 hunc
468 5378 646 5433 potius
683 5381 843 5434 quam
879 5366 1028 5419 illum
1054 5366 1481 5433 przedestinaret,
1514 5369 1582 5421 de
1604 5382 1707 5436 qua

115 5456 334 5513 erudite
354 5458 465 5525 agit
501 5472 665 5511 serm.
704 5457 789 5510 ll.
820 5456 888 5509 de
934 5456 1093 5509 Verb.
1126 5460 1337 5523 Apost.,
1372 5474 1489 5525 cap.
1536 5460 1622 5524 Μ,
1655 5468 1723 5512 ει,

103 5546 287 5612 (ξυνίει.
332 5549 437 5604 105
476 5548 539 5603 ad
592 5548 819 5615 Sixtum,
850 5556 904 5602 et
932 5546 1022 5601 lib.
1056 5564 1107 5601 tv
1156 5548 1221 5602 ad
1276 5549 1472 5613 Bouif.,
1501 5566 1618 5617 cap.
1652 5551 1706 5615 G,

94 5633 225 5692 tibi
251 5642 391 5694 aitzt
430 5640 545 5708 Ipsa
571 5647 652 5693 cst
678 5640 927 5707 qitzestio,
957 5654 1076 5707 qua:
1106 5639 1170 5692 ad
1195 5639 1336 5692 illam
1372 5643 1605 5708 pertinet
1633 5642 1711 5693 al-

80 5715 439 5796 ‘itudinem,
467 5746 624 5800 quam
661 5729 969 5798 perspicere
1009 5730 1194 5785 volens
1247 5731 1386 5786 idem
1419 5734 1708 5800 Apostolus

67 5806 533 5891 Quodammodo
558 5820 793 5887 expavit,
830 5828 885 5873 et
913 5822 1230 5876 exclamavit
1263 5839 1276 5875 :
1315 5822 1358 5877 Ο
1390 5822 1606 5877 altitudo
1628 5822 1707 5874 di-

456 5913 722 5974 PA'rztoe.
772 5912 1022 5972 XLVII.

1302 407 1612 495 V-lNDlCltE
1649 408 2205 465 AUGUSTINIANIE.

3278 418 3385 474 586

1796 524 2031 575 vitiarunt
2062 524 2323 591 sapientia:
2375 534 2421 576 et
2468 526 2689 580 scientia:
2714 525 2851 581 Dei!
2878 536 2977 582 clc.
3022 548 3039 580 ι
3076 530 3149 584 Ita
3185 535 3380 588 summi

1796 612 1994 682 ingenii
2027 614 2197 669 fasces
2239 616 2462 671 secretis
2490 617 2685 673 divina:
2738 620 3093 678 Providentiae
3141 626 3381 680 consiliis

1796 707 2123 774 Augusdnus
2164 708 2437 774 submisit,
2468 709 2611 779 quod
2633 720 2687 766 et
2727 714 3055 768 recentiores
3085 715 3238 769 fateri
3292 731 3384 770 co-

1796 808 2014 866 guntur,
2049 799 2093 852 si
2134 810 2392 870 rogentur
2434 817 2529 858 cur
2555 806 2694 859 Deus
2723 807 2845 862 huic
2873 805 2966 860 det
2990 808 3217 877 gratiam
3253 823 3383 875 con-

1795 901 2001 955 gruam,
2034 890 2189 944 alteri
2223 907 2348 945 vero
2372 895 2564 963 neget?

1867 979 2018 1043 Quod
2058 982 2225 1048 addit,
2280 985 2633 1053 Augustinum
2689 987 3055 1058 imperfectam
3099 990 3380 1059 reliquisse

1798 1068 2101 1146 inchoatam
2135 1088 2163 1124 a
2198 1089 2256 1127 se
2284 1073 2337 1126 in
2377 1066 2670 1144 Epistulam
2705 1080 2851 1134 Pauli
2890 1082 2956 1135 ad
2980 1082 3252 1136 Romanos
3279 1083 3381 1135 Ex-

1796 1161 2140 1229 positiouem,
2186 1164 2236 1217 in
2266 1181 2369 1235 qua
2414 1168 2480 1220 de
2519 1170 2789 1239 mysteriis
2840 1174 3028 1240 gratiae
3078 1174 3377 1236 disseritur,

1800 1251 1949 1323 quasi
1985 1253 2060 1306 rei
2091 1254 2387 1311 difficultati
2443 1262 2803 1326 succubuerit,
2830 1279 2934 1317 non
2969 1265 3243 1319 convincit
3274 1269 3381 1319 Λυσ-

1812 1345 2009 1413 gustini
2041 1345 2339 1402 doctrinam
2366 1364 2484 1404 csse
2513 1352 2809 1420 difficilem,
2834 1365 2889 1408 ut
2917 1356 3018 1409 sibi
3048 1357 3379 1425 probandum

1800 1436 2040 1493 Adamus
2064 1440 2205 1494 eoin
2236 1443 2413 1510 capite
2460 1456 2832 1513 pronosuerat.
2875 1448 3155 1501 Rationem
3209 1449 3377 1501 inter~

1801 1530 2083 1585 missorum
2107 1532 2625 1591 Commentariorum
2659 1538 2796 1597 hanc
2817 1538 2978 1592 tradit
2998 1547 3214 1592 sanctus
3244 1537 3375 1592 doc-

1802 1634 1884 1676 tor
1911 1622 2005 1677 lib.
2041 1639 2053 1676 I
2083 1625 2341 1688 [letraet.,
2374 1642 2492 1697 cap.
2516 1630 2587 1683 25
2618 1647 2629 1680 :
2666 1648 2685 1681 ι
2725 1630 2893 1698 Ipsius
2914 1631 3093 1697 operis
3123 1631 3384 1700 magnitu-

1799 1713 1926 1767 dine
1951 1728 2012 1768 ac
2043 1714 2228 1769 labore
2260 1715 2546 1772 deterritus
2570 1728 2625 1773 et
2654 1720 2707 1773 in
2745 1722 2848 1774 alia
2872 1720 3109 1775 faciliora
3139 1721 3382 1775 deflexus

1802 1818 1952 1867 sum;
1994 1822 2012 1854 ι
2043 1820 2147 1858 non
2188 1806 2328 1874 quod
2353 1808 2622 1876 ignoraret
2663 1810 2790 1879 quid
2821 1811 2887 1865 de
2910 1811 3383 1880 prmdestinatione

1803 1906 1855 1949 et
1876 1897 2045 1965 gratia
2070 1897 2220 1964 juxta
2242 1900 2479 1964 Apostoli
2504 1902 2823 1956 sententiam
2841 1903 3184 1957 statuendum
3213 1911 3377 1968 esset,

1802 2001 1923 2039 tum
1956 1985 2006 2039 id
2024 1995 2077 2040 ct
2118 1988 2168 2040 in
2200 1988 2373 2056 ιῐὺιίς,
2399 2000 2453 2044 et
2488 1990 2539 2044 in
2569 1993 2833 2059 epistolis.
2865 2004 2920 2049 et
2952 1996 3001 2049 in
3043 1994 3382 2048 sermonibus

1801 2075 1935 2130 adeo
1956 2090 2097 2142 saepe
2126 2092 2189 2155 ex
2214 2079 2401 2134 eadem
2429 2083 2663 2151 EpiStola
2690 2083 2838 2139 Pauli
2867 2086 2932 2140 ad
2967 2087 3238 2140 Romanos
3287 2086 3383 2141 de-

1802 2166 2036 2232 duxerit,
2064 2176 2121 2223 ut
2146 2168 2308 2237 Beda,
2337 2172 2548 2240 Florus,
2568 2176 2748 2231 Victor
2769 2177 3155 2247 Tripolitanus,
3185 2180 3383 2249 aliique

1801 2273 1865 2312 ex
1897 2263 2029 2316 solis
2056 2267 2227 2320 sancti
2253 2267 2531 2337 Augustini
2575 2268 3106 2338 interpretationibus
3153 2272 3205 2325 in
3260 2286 3380 2325 eam

1803 2350 1949 2407 Pauli
1977 2355 2272 2424 Epistolam
2296 2360 2525 2428 sparsim
2572 2359 2813 2428 ejusdem
2867 2362 3121 2429 operibus
3168 2361 3384 2414 insertis

1801 2442 2007 2514 integra
2056 2446 2457 2504 Commentaria
2498 2451 2555 2503 in
2606 2460 2892 2506 centonem
2939 2457 3272 2518 consuerint,
3322 2465 3385 2505 ac

1807 2536 1966 2609 plane
2005 2548 2169 2593 totam
2203 2540 2498 2610 Epistulam
2538 2543 2942 2611 Augustinianis
2985 2544 3163 2598 verbis
3218 2557 3386 2610 expo-

1802 2628 2030 2683 suerint.
2074 2632 2313 2697 Denique
2341 2631 2534 2686 falsum
2576 2644 2681 2697 est,
2711 2635 2855 2701 quod
2914 2634 3151 2687 Adamus
3199 2632 3387 2687 scribit

1805 2736 1927 2791 pag.
1958 2723 2085 2787 612,
2112 2724 2322 2781 dixisse
2344 2726 2699 2795 Augustinum
2750 2741 2900 2781 suam
2925 2725 2993 2781 de
3039 2726 3388 2795 praedestina-

1807 2812 1953 2868 tione
2011 2818 2334 2873 sententiam
2389 2833 2489 2872 non
2556 2832 2665 2871 esse
2716 2818 2921 2887 populis
2977 2817 3382 2884 praedicandam.

1810 2903 2032 2969 Quodve
2058 2920 2286 2961 summae
2310 2907 2553 2962 falsitatis
2579 2917 2681 2971 est,
2715 2908 2767 2961 id
2800 2907 3034 2976 probans
3063 2921 3130 2963 ex
3166 2921 3287 2974 cap.
3320 2906 3385 2959 15

1806 2994 1874 3048 de
1895 2996 2047 3049 Dono
2102 2997 2521 3065 perseverantia:
2555 3014 2567 3050 :
2598 2998 2801 3054 etenim
2853 2997 3052 3052 ibidem
3095 3011 3190 3065 per
3238 2996 3386 3065 plura

1805 3085 1974 3159 capita
2001 3085 2254 3152 inculcat,
2283 3094 2337 3141 et
2364 3086 2762 3154 praedicandam
2794 3101 2917 3142 esse
2963 3087 3283 3142 sententiam
3322 3085 3388 3139 de

1805 3179 2034 3242 gratuita
2064 3177 2412 3243 praadestinat
2432 3187 2628 3243 o::e,et
2653 3178 2869 3231 modum
2899 3192 3004 3246 quo
3025 3178 3157 3231 citra
3178 3175 3388 3232 rudium

1803 3265 2264 3321 conturbationem
2299 3268 2579 3336 praedicari
2622 3269 2815 3335 possit,
2839 3270 3095 3336 assignat.
3127 3268 3387 3322 Audiatur

1803 3366 2022 3410 sanctus
2052 3358 2243 3411 doctor
2264 3357 2336 3411 ita
2364 3357 2620 3412 inchoans
2638 3371 2760 3426 cap.
2784 3359 2851 3412 M
2879 3360 2948 3412 de
2968 3359 3115 3411 Dono
3136 3372 3346 3426 persev.
3373 3375 3385 3409 :

1810 3462 1828 3495 ι
1862 3444 1967 3499 Sed
2007 3447 2158 3500 aiunt
2206 3447 2695 3514 prmdestinationis
2751 3445 3123 3502 definitionem
3174 3446 3387 3499 utilitati

1804 3538 2203 3605 praedicationis
2224 3540 2527 3594 adversam.
2544 3558 2562 3591 ι
2594 3540 2810 3604 Audin',
2831 3539 3059 3604 Adame,
3087 3539 3231 3592 illam
3259 3552 3387 3592 sen-

1806 3631 2026 3689 tentiam
2076 3630 2241 3685 fuisse
2282 3630 2897 3699 Scmi-Pelagianorum,
2928 3646 3064 3699 quos
3102 3630 3173 3683 ibi
3216 3629 3389 3698 rejicit

1804 3728 2024 3776 sanctus
2051 3720 2231 3786 Pater,
2262 3736 2423 3791 quam
2468 3721 2599 3775 satis
2624 3721 2977 3792 negligenter,
3016 3730 3074 3775 ut
3103 3720 3285 3775 mitius
3315 3722 3383 3775 ln-

1805 3826 1958 3877 quar,
1988 3812 2162 3867 eidem
2195 3813 2431 3867 affricas.
2474 3811 2675 3880 Accipe
2700 3812 2916 3866 interim
2965 3811 3249 3881 Augustini
3287 3826 3388 3866 rest

1808 3919 2033 3972 ponsum
2068 3922 2080 3956 :
2114 3923 2133 3955 ι
2166 3904 2326 3971 Quasi
2359 3919 2487 3957 vero
2516 3903 2797 3958 adversata
2852 3904 2923 3956 sit
2947 3902 3207 3972 Apostolo
3250 3918 3387 3971 prae-

1805 3995 2023 4049 dicanti.
2046 3994 2235 4049 Noune
2264 3994 2353 4049 ille
2384 3995 2579 4047 Ductor
2608 3994 2847 4063 gentium
2879 3993 2933 4046 in
2963 3995 3068 4049 lide
3090 4004 3143 4047 et
3171 3997 3388 4048 veritate

1807 4086 2335 4153 prmdcstinationem
2391 4086 2549 4141 toties
2603 4084 3029 4152 commendavit,
3075 4094 3129 4142 et
3167 4088 3389 4143 verbum

1809 4179 1899 4233 Dei
1926 4179 2217 4248 prtedicare
2244 4194 2348 4234 non
2375 4180 2621 4234 destitit?
2651 4198 2669 4230 ι

1877 4270 2004 4325 lla-c
2029 4272 2183 4325 nobis
2228 4270 2587 4325 scribentibus
2638 4280 2941 4340 opportune
2997 4271 3056 4326 S.
3088 4271 3152 4324 D.
3175 4271 3236 4323 N.
3261 4271 3387 4326 Cle-

1812 4377 1964 4417 mens
1992 4361 2037 4414 X
2066 4376 2162 4430 pro
2191 4362 2492 4429 Augustino
2520 4363 2842 4417 sententiam
2882 4365 3266 4433 pronuntiavit,
3297 4379 3386 4415 au-

1809 4453 1916 4506 reis
1946 4453 2102 4521 plane
2128 4452 2525 4506 characteribus
2550 4443 2670 4507 imis
2692 4456 3004 4523 praecordiis
3028 4453 3385 4507 incidendam.

1811 4541 2020 4596 Etenim
2068 4544 2120 4597 in
2170 4542 2459 4610 diplomate
2488 4560 2610 4598 raro
2649 4558 2712 4599 ac
2731 4547 3004 4617 singulari,
3037 4546 3163 4599 dato
3204 4544 3292 4598 die
3326 4546 3386 4598 18

1732 4609 1783 4668 Ι)
1813 4637 2141 4702 Decembris,
2158 4609 2300 4691 anno
2326 4638 2485 4701 1cm,
2515 4653 2620 4708 quo
2642 4609 2906 4694 universis
2920 4609 3119 4693 curisu
3146 4637 3388 4692 ﬁdelibus

1808 4727 1942 4782 festa
1987 4729 2158 4783 sancti
2215 4731 2497 4799 Augustini
2543 4731 2630 4785 die
2695 4740 2892 4786 nostra:
2938 4728 3148 4781 familiae
3194 4731 3389 4796 templa

1808 4820 2151 4885 adeuntibus,
2177 4822 2357 4891 ibique
2381 4824 2464 4887 pie
2513 4820 2936 4890 supplicantibus
2986 4820 3275 4886 plenariam
3308 4821 3390 4874 iu-

1810 4912 2136 4981 dulgentiam
2166 4914 2495 4979 impertitur,
2521 4915 2635 4966 haec
2664 4913 2822 4965 habet
2852 4928 2866 4962 :
2905 4928 2922 4961 ι
2959 4910 3140 4977 itaque
3166 4912 3386 4981 eximia,

1809 5004 2089 5070 oumisque
2131 5003 2377 5056 humana:
2427 5002 2598 5054 laudis
2633 5000 2958 5066 praeconium
3000 5001 3157 5072 longe
3202 5020 3388 5075 supcr-

1814 5108 1996 5162 gressa
2027 5095 2193 5146 sanati
2227 5093 2504 5162 Augustini
2528 5093 2764 5161 episcopi
2795 5103 2849 5147 et
2904 5094 3253 5168 confessoris,
3287 5102 3387 5167 Ec-

1813 5184 1994 5237 clesitn
2015 5182 2249 5237 doetoris
2278 5181 2782 5251 prmcellentissimi,
2811 5186 2901 5254 qui
2932 5186 3127 5255 Spiritu
3154 5188 3387 5255 Dei-ple-

1814 5290 1915 5327 nus
1946 5273 2206 5328 hazresum
2246 5287 2595 5340 erroremque
2625 5275 2871 5331 tenebras
2904 5288 3151 5347 tanquam
3179 5278 3388 5347 fulgen-

1814 5368 2076 5422 tissimum
2117 5366 2432 5421 Christianae
2480 5367 2798 5422 eruditionis
2830 5369 2988 5437 jubar
3034 5370 3387 5437 profundissi-

1812 5456 1935 5521 mis,
1959 5456 2229 5525 simulque
2258 5456 2373 5509 sole
2403 5456 2717 5510 clarioribus
2744 5460 2956 5526 scriptis
2989 5458 3307 5527 profligavit,
3333 5468 3386 5512 et

1815 5548 2091 5602 hominum
2118 5550 2282 5603 corda
2311 5563 2397 5614 eo,
2428 5564 2533 5618 quo
2562 5551 2673 5617 ipse
2702 5550 3382 5620 ardentissirne.llagrahat,

1814 5640 2086 5693 charitatis
2132 5640 2253 5711 igne
2299 5639 2605 5704 succendit,
2655 5641 2844 5695 decera
2893 5649 3042 5708 grato
3089 5641 3386 5710 dcvotoque

1817 5735 2008 5788 mentis
2032 5733 2224 5788 affectu
2252 5733 2570 5798 recolentes,
2601 5753 2620 5785 ι
2648 5743 2752 5788 etc.
2780 5733 2888 5787 Ilac
2914 5734 3221 5800 apostolicm
3247 5736 3385 5788 sedis

1815 5826 2073 5881 sententia
2105 5825 2658 5888 lionorificcntiss'ma,
2688 5827 2996 5898 gravissima
3027 5826 3385 5882 sanctissima

2842 5920 2910 5976 19
