3892 6310
168 345 266 404 589

1335 341 1656 397 ViNDlCl/E
1697 339 2253 397 AUGUSTINIAN/E.

3339 351 3441 406 590

169 461 266 517 sibi
298 473 396 514 nec
416 459 648 513 cuhzeret
677 471 774 513 nec
797 465 1026 512 constat.
1053 456 1202 522 Quod
1228 457 1271 510 si
1302 472 1424 510 vera
1450 465 1592 517 sunt,
1620 470 1739 521 qua:
1773 461 1823 516 Α
1850 455 2083 507 maximo
2129 453 2384 507 Ecclesia:
2429 454 2632 508 doctori
2693 455 2950 510 audacter
2992 457 3255 516 alfricant.
3311 466 3441 529 Quis

169 549 503 605 adversarius
535 548 829 616 Augustino
868 547 1072 616 objicit,
1121 547 1221 600 erit
1265 546 1587 618 Augustinus
1639 546 1740 598 im-

170 657 349 710 postor
375 654 429 699 et
459 644 709 708 mendax,
759 653 814 696 et
840 644 965 696 dum
997 643 1063 697 de
1104 656 1209 695 uno
1255 641 1307 693 in
1340 639 1483 692 aliud
1518 639 1748 691 transilit

169 735 447 787 immemor
471 747 656 787 eorum
689 746 807 802 quae
847 733 1075 794 dixerat,
1109 739 1157 784 et
1189 728 1370 781 tibiam
1399 726 1500 780 sibi
1541 736 1595 784 et
1624 742 1746 780 cer-

167 825 337 898 vicem
389 823 600 892 frangit.
633 823 690 879 Si
741 822 1064 890 Augustinus
1097 835 1266 890 usque
1310 819 1444 872 adeo
1484 817 1749 886 antilogiis

163 924 357 976 scatet,
390 914 743 982 utquodlihet
787 913 964 981 potius
1014 913 1223 979 enigma
1277 910 1540 978 intelligas
1590 923 1747 977 quam

164 1021 342 1059 veram
371 1005 485 1073 ejus
514 1018 928 1073 germanamque
973 1001 1292 1056 sententiam
1321 997 1613 1066 expisceris
1641 1014 1655 1062 ;
1705 996 1749 1050 si

164 1095 410 1150 obscuris
436 1095 720 1170 verborum
746 1093 1033 1147 involucris
1058 1091 1357 1152 veritatem,
1385 1104 1541 1158 qnam
1573 1086 1751 1155 exilli-

164 1186 390 1240 caudam
432 1193 765 1248 susceperat,
801 1184 1127 1252 implicuisse
1166 1181 1468 1236 credendus
1497 1189 1599 1241 est,
1647 1193 1753 1244 quo

161 1277 283 1345 jure
303 1290 475 1346 quove
521 1269 673 1329 titulo
717 1275 967 1329 Clemens
1000 1273 1112 1328 γη(
1157 1273 1209 1325 ἱη
1260 1269 1505 1324 maximis
1537 1269 1639 1322 illis
1686 1269 1754 1322 de

161 1368 377 1421 auxiliis
401 1367 595 1420 divina:
624 1367 807 1435 gratiae
837 1365 1020 1434 litigiis
1051 1378 1214 1416 unum
1246 1361 1602 1431 Augusrinum
1625 1375 1755 1414 con-

159 1457 450 1511 sulendum
477 1456 657 1525 jussit,
690 1470 716 1508 a
749 1469 856 1523 quo
886 1453 1128 1507 veritatis
1168 1461 1375 1504 secreta
1406 1447 1754 1518 peterentur?

159 1546 408 1601 Pessimo
459 1561 589 1600 sane
619 1545 844 1600 consilio
885 1545 936 1598 in
987 1544 1232 1597 obscuris
1281 1542 1476 1604 lucem,
1518 1549 1573 1592 et
1614 1538 1754 1592 inter

152 1651 352 1690 secum
381 1637 607 1690 invicem
633 1643 927 1704 pugnantes
958 1630 1233 1701 Augustini
1265 1628 1557 1683 sententias
1583 1626 1746 1681 dissi-

153 1727 248 1781 dia
285 1716 641 1794 c0inponendi
668 1724 879 1779 modum
911 1724 1268 1792 qumsivisset.

1849 544 1994 596 enim
2027 544 2385 597 recentiorum
2412 559 2477 598 ea
2505 552 2684 598 mente
2711 546 2884 600 sancti
2908 547 3146 611 doctoris
3169 553 3439 607 volumina

1849 636 2037 703 aperit,
2073 642 2133 686 ut
2162 634 2366 702 cjurata
2395 635 2555 689 etiam
2586 637 2797 703 pr0pria
2837 637 3108 705 opinione,
3145 643 3300 694 unius
3333 645 3442 695 Att-

1854 726 2049 793 gustiui
2079 726 2359 779 sententia:
2389 726 2758 792 inliterendttm
2776 728 2876 782 sibi
2894 729 3189 785 decernat?
3217 733 3321 787 Sed
3349 750 3442 787 vc-

1852 816 1914 869 lit
1942 815 2094 878 nolit,
2128 817 2456 886 Augustinus
2487 819 2539 872 in
2584 827 2762 887 partes
2794 821 2877 874 vel
2921 822 3182 878 machinis
3223 825 3443 879 trahen-

1852 908 1952 962 dus
1982 917 2084 974 est,
2118 919 2279 981 atque
2306 911 2563 968 Ecclesiae
2600 915 2863 987 nagister,
2901 917 2945 971 si
2992 920 3201 987 superis
3248 921 3424 988 placet

1856 1000 2092 1068 ipsorum
2123 1001 2416 1071 discipulus
2447 1004 2820 1071 publicandus.

1931 1090 2074 1144 ilanc
2097 1092 2342 1146 eamdem
2375 1096 2772 1150 accusationem
2817 1112 3146 1168 prosequens
3187 1100 3445 1156 adversa-

1858 1178 1967 1232 rius
1988 1193 2036 1232 c.
2067 1178 2119 1242 6,
2146 1195 2266 1248 pag.
2289 1182 2414 1246 611,
2437 1183 2604 1250 inquit
2628 1201 2642 1236 :
2670 1202 2688 1233 ‹
2715 1185 3056 1241 Ostendimus
3092 1190 3252 1244 etiam
3295 1206 3448 1245 sanc-

1861 1281 1968 1326 tum
1999 1273 2353 1343 Augustinum
2389 1276 2440 1328 in
2476 1275 2574 1330 hac
2605 1278 2826 1335 materia
2859 1287 2941 1332 te-r
2972 1283 3295 1335 sententiam
3334 1301 3447 1336 nut-

1860 1375 2019 1420 tasse.
2051 1382 2072 1414 »
2107 1365 2249 1418 (litat
2275 1375 2453 1420 autem
2489 1368 2539 1420 in
2575 1370 2815 1436 margine
2840 1384 2956 1437 cap.
2991 1372 3025 1422 5
3055 1373 3120 1426 de
3173 1374 3446 1441 praedesti-

1861 1454 2075 1508 natione
2104 1467 2434 1509 sanctorum.
2476 1457 2666 1512 Verum
2699 1461 2861 1513 semel
2897 1472 3099 1514 tantum
3131 1477 3190 1517 se
3214 1475 3451 1519 mutasse

1858 1543 2182 1597 sententiam
2213 1555 2444 1616 sanctus
2469 1547 2656 1601 doctor
2686 1548 2880 1602 ibidem
2919 1552 3142 1616 scribit;
3178 1567 3296 1606 nam
3349 1555 3448 1607 ini-

1861 1636 1994 1688 tium
2029 1635 2150 1688 fidei
2191 1650 2254 1689 ex
2286 1637 2460 1700 nobis,
2491 1653 2593 1692 non
2623 1654 2688 1700 ex
2721 1639 2828 1694 Deo
2857 1655 2976 1694 esse
3007 1642 3129 1695 olim
3155 1645 3451 1698 arbitraba-

1864 1731 1970 1787 tur,
2023 1738 2180 1791 quem
2241 1735 2423 1792 postea
2471 1741 2706 1781 errorem
2759 1743 2816 1781 re
2864 1729 3053 1782 melius
3098 1745 3160 1783 ex
3192 1735 3452 1799 Apostolo

232 1815 507 1884 Pelagiani
539 1815 686 1878 olim,
723 1828 784 1867 ac
817 1823 996 1880 postea
1035 1808 1506 1876 Serui-Pelagiani,
1533 1805 1749 1861 easdem
1785 1811 1832 1868 Β
1859 1812 2070 1880 cognita
2117 1816 2439 1880 repudiavit.
2488 1815 2617 1880 Qum.
2663 1825 2838 1870 tamen
2894 1820 3118 1871 mutatio
3169 1823 3454 1877 sententia;

154 1907 464 1960 calumnias
493 1904 547 1957 in
599 1904 947 1973 Augustinum
990 1902 1288 1971 projecere,
1320 1913 1545 1968 quorum
1590 1895 1752 1949 verba

156 1997 292 2050 alibi
342 1994 464 2048 data
497 2003 624 2047 sunt
654 2033 669 2058 ,
723 2009 818 2047 eos
869 2004 1048 2046 autem
1096 1991 1357 2046 acerrime
1408 1986 1756 2056 reprehendit

153 2096 384 2140 sanctus
417 2084 642 2153 Prosper
671 2094 859 2138 contra
888 2083 1215 2136 Collatoretu
1239 2097 1359 2149 cap.
1399 2077 1490 2144 41,
1537 2087 1591 2130 ut
1621 2076 1753 2130 nihil

152 2177 230 2230 ab
280 2175 486 2229 Adamo
525 2181 712 2228 contra
764 2182 1011 2248 sanctum
1062 2174 1336 2228 doctorem
1385 2178 1753 2238 proponatur,

149 2267 307 2336 quod
336 2283 439 2322 non
465 2281 528 2322 cx
559 2276 796 2321 veterum
825 2266 1066 2336 ejusdem
1091 2265 1324 2318 hostium
1352 2277 1446 2317 ore
1475 2259 1748 2331 prodierit,

151 2372 300 2425 quos
332 2366 505 2410 tamen
537 2371 722 2411 omnes
753 2357 901 2411 brevi
926 2356 1016 2411 illo
1039 2356 1184 2409 dicto
1205 2354 1538 2423 Augustinus
1566 2353 1752 2407 confu-

150 2448 336 2499 tavit:
373 2466 390 2499 ι
430 2448 560 2501 lliuc
590 2455 672 2502 est
699 2447 837 2515 quod
868 2446 1163 2500 sententias
1188 2460 1336 2500 meas
1364 2445 1505 2498 inter
1538 2459 1595 2497 se
1626 2457 1755 2497 con-

148 2539 354 2592 trarias
369 2539 629 2606 putas,\'el
648 2540 817 2605 putari
839 2540 1008 2607 cupis,
1029 2547 1278 2605 tanquam
1296 2537 1596 2603 improbem
1613 2533 1752 2602 quod

144 2640 282 2683 ante
296 2628 701 2697 approbaverim
714 2668 727 2692 ,
743 2641 832 2681 aut
848 2629 1138 2696 amplectar
1149 2626 1287 2694 quod
1303 2625 1728 2691 anterespuerim
1741 2660 1753 2672 .

145 2719 294 2773 Audi
332 2734 460 2789 ergo
487 2727 722 2788 apertam
753 2719 1073 2774 sententiam
1106 2707 1302 2780 mea'tn,
1329 2725 1385 2771 et
1407 2715 1648 2782 intelligo
1673 2712 1756 2767 vel

145 2813 272 2867 sine
302 2812 610 2880 intelligere
639 2810 794 2877 alios,
822 2827 929 2865 non
959 2810 1284 2865 oﬂuniiendo
1314 2808 1572 2877 caligines
1589 2806 1756 2861 nebu-

145 2905 291 2960 losa:
319 2904 700 2972 disputationis
721 2903 996 2959 serenitati
1020 2901 1402 2957 sincerissima
1431 2899 1692 2956 veritatis.
1732 2917 1752 2950 ι

145 2996 274 3050 Lib.
304 3014 360 3060 v,
378 3005 560 3050 contra
581 2995 776 3050 Julian.
794 3011 911 3064 cap.
927 2996 979 3050 9.
998 2995 1061 3048 Et
1078 2993 1294 3062 quidem
1312 2990 1612 3060 Augustino
1629 2989 1756 3058 quid

151 3103 459 3144 commune
486 3103 606 3142 cum
637 3088 857 3156 reliquis
884 3087 1100 3154 accidit,
1133 3084 1221 3153 qui
1267 3086 1336 3139 ob
1365 3084 1634 3152 singulare
1676 3084 1754 3135 in-

1859 1916 1962 1953 non
1991 1901 2142 1964 vitio,
2174 1904 2268 1956 sed
2294 1904 2435 1956 laudi
2455 1904 2526 1957 illi
2554 1906 2854 1973 deputanda
2885 1918 2989 1972 est,
3020 1924 3141 1962 cum
3173 1913 3240 1964 ab
3268 1927 3453 1968 errore

1857 1991 1922 2046 ad
1954 1993 2233 2048 veritatem
2280 1995 2558 2050 deflexerit
2587 2014 2600 2062 ;
2635 1997 2742 2052 imo
2787 2000 3072 2054 revelante
3103 2001 3217 2066 Deo
3242 2018 3360 2056 eam
3389 2019 3450 2058 se

1858 2081 2088 2148 priorem
2119 2083 2428 2150 opinionem
2475 2084 2692 2139 exuisse
2737 2088 2925 2141 scribit
2975 2105 3096 2157 cap.
3139 2091 3212 2144 ιτ
3251 2109 3270 2143 (
3314 2094 3453 2148 Ecce

1857 2172 2046 2244 inqttit,
2072 2191 2239 2246 quare
2286 2177 2396 2232 dixi
2427 2180 2672 2248 superius
2718 2181 2818 2235 hoc
2864 2183 3157 2248 apostolico
3188 2188 3455 2254 praecipue

1858 2268 2168 2322 testimonio
2225 2270 2386 2322 etiam
2430 2284 2518 2324 me
2567 2272 2739 2339 ipsum
2772 2270 2933 2326 fuisse
2960 2275 3288 2342 convictum,
3334 2294 3454 2332 cum

1856 2356 1923 2410 de
1952 2357 2050 2412 hac
2081 2373 2139 2412 re
2177 2357 2334 2413 aliter
2365 2375 2634 2428 saperem,
2688 2378 2844 2431 quam
2885 2365 3013 2417 mihi
3066 2365 3204 2419 Deus
3253 2369 3304 2421 in
3356 2369 3455 2424 hac

1855 2449 2154 2514 qurstione
2183 2450 2465 2516 solvenda,
2519 2467 2639 2505 eum
2686 2454 2750 2507 ad
2794 2456 3102 2523 episc0puin
3147 2458 3455 2528 Simplicia-

1859 2553 2006 2601 num,
2039 2543 2178 2593 sicut
2198 2541 2330 2607 dixi,
2357 2542 2673 2606 scriberem,
2703 2547 3012 2599 revelavit.»
3034 2547 3261 2615 Sapiens
3293 2552 3455 2617 igitur

1861 2627 1946 2678 vir
1980 2627 2088 2679 Deo
2130 2631 2406 2684 revelante
2439 2634 2669 2685 monitus
2699 2634 2797 2686 sibi
2839 2637 3040 2688 erranti
3089 2641 3454 2702 contradixit,

1861 2722 1914 2766 et
1941 2713 2103 2781 priori
2128 2730 2313 2771 errore
2338 2721 2621 2785 posteriori
2655 2723 2922 2774 sententia
2954 2724 3261 2788 emendato,
3292 2743 3455 2782 unam

1861 2818 1981 2858 esse
2004 2804 2189 2869 voluit,
2243 2807 2351 2862 imo
2402 2809 2524 2863 fecit
2552 2809 2617 2864 de
2668 2812 2839 2880 gratia
2884 2827 2946 2866 ac
2978 2815 3453 2882 prmdestinatione

1861 2894 2160 2951 doctrinam
2190 2897 2241 2951 in
2270 2900 2518 2954 omnibus
2543 2901 2646 2956 sibi
2674 2888 3059 2960 cohaerentem.
3110 2908 3324 2965 Scitnus
3374 2922 3456 2965 ta-

1864 2999 1986 3038 men
2015 2985 2082 3040 de
2112 2988 2389 3057 Augustini
2415 2993 2677 3045 sententia
2712 2993 2989 3063 theologos
3013 2995 3150 3051 inter
3178 3013 3238 3054 se
3285 3001 3454 3070 digla-

1867 3074 2037 3142 diari;
2069 3088 2121 3130 at
2145 3079 2177 3132 ii
2209 3081 2308 3148 ipsi
2330 3083 2571 3135 certatim
2604 3099 2782 3138 sacras
2825 3085 3029 3140 lztteras
3067 3089 3164 3142 sibi
3213 3089 3454 3148 faventes

151 3186 386 3252 gen-mm
411 3197 568 3250 supra
592 3192 820 3235 οωιθτοε
841 3179 1203 3234 δοριτίηπυπι
1226 3177 1378 3245 copia
1405 3176 1574 3230 evecti
1598 3174 1753 3228 scho-
1783 3171 1828 3235 C
1860 3167 2178 3236 producunt,
2231 3185 2402 3241 neque
2446 3173 2653 3229 minore
2683 3179 3030 3232 contentione
3058 3179 3126 3234 de
3155 3181 3451 3252 Scriptura:

152 3272 338 3325 larum
392 3273 627 3340 magistri
684 3285 928 3325 evasere.
999 3269 1205 3324 Etenim
1261 3276 1575 3327 sectatores,
1632 3280 1752 3320 cum

156 3361 417 3416 certatim
446 3362 838 3431 diligentiorem
871 3375 1090 3430 operam
1123 3360 1174 3413 in
1208 3369 1369 3415 sectae
1409 3367 1636 3428 patrono
1676 3358 1756 3412 le-

155 3458 348 3526 gendo
377 3472 572 3524 ponere
596 3458 865 3521 studeant,
888 3471 986 3510 suo
1009 3468 1183 3508 tamen
1214 3454 1330 3522 plus
1354 3453 1518 3506 nimio
1546 3453 1759 3521 ingenio

158 3551 534 3620 indulgentes,
565 3550 776 3604 diversa
806 3550 1047 3604 docendo
1071 3550 1356 3617 magistros
1382 3549 1434 3599 in
1466 3544 1760 3598 contradic-

159 3645 332 3700 tiouis
388 3645 746 3714 suspicionem
796 3643 1036 3699 trahunt.
1105 3643 1215 3696 lloc
1288 3639 1605 3703 Aristoteli,
1663 3635 1764 3690 hoc

164 3735 383 3790 Platoni
412 3736 653 3804 contigit,
685 3736 786 3790 hoc
817 3743 1004 3789 sancto
1031 3734 1252 3787 'fhomae
1285 3741 1468 3800 postea
1499 3744 1561 3784 ac
1600 3728 1764 3783 Scoto

170 3830 632 3882 nobilisimarum
665 3829 971 3882 scholarum
1002 3825 1333 3896 principibus
1362 3821 1582 3886 accidit,
1607 3822 1766 3874 toties

165 3923 453 3991 discipulis
493 3924 559 3977 de
591 3923 938 3992 praeceptoris
986 3929 1164 3974 mente
1213 3918 1476 3973 acerrime
1507 3917 1668 3977 inter
1710 3929 1769 3968 se

168 4011 630 4066 conflictantibus.
656 4011 844 4066 Nullus
875 4019 1050 4064 tamen
1073 4017 1400 4063 sectatorum
1422 4003 1644 4058 summis
1668 4002 1769 4054 illis

168 4104 300 4158 viris
333 4100 776 4158 contradictionis
798 4101 1004 4156 crimen
1033 4099 1296 4167 impingit,
1325 4097 1416 4150 sed
1447 4109 1567 4163 quae
1591 4093 1658 4145 ab
1679 4092 1771 4144 ad-

174 4193 436 4247 versariis
505 4191 863 4256 adducuntur,
943 4191 1195 4257 congruis
1282 4184 1772 4255 interpretamentis

172 4283 449 4352 explicare
480 4270 762 4335 conantur.
791 4283 967 4345 Quare
995 4296 1114 4334 cum
1149 4278 1479 4345 Augustinus
1512 4277 1769 4331 librorum

171 4374 352 4442 copia,
385 4372 641 4426 doctrina:
667 4372 976 4436 subtilit.-te,
1010 4382 1084 4435 et,
1119 4370 1259 4438 quod
1284 4377 1446 4436 caput
1470 4379 1574 4430 est,
1609 4383 1766 4436 argu-

175 4474 480 4518 mentorum
534 4478 697 4530 prope
741 4461 1131 4517 contrariorum
1163 4468 1580 4531 pertractatione
1611 4469 1773 4514 caete-

1861 3275 2020 3329 quam
2073 3262 2140 3316 de
2171 3265 2451 3333 Augustini
2486 3282 2648 3322 sensu
2679 3268 2974 3324 decertant.
3026 3272 3192 3327 Porro
3223 3277 3344 3337 quis
3391 3294 3458 3331 eo

1859 3352 2143 3407 dementia:
2175 3355 2374 3422 impetu
2409 3355 2630 3420 feratur,
2665 3368 2723 3411 ut
2748 3360 2927 3415 dicere
2958 3365 3098 3415 ausit
3128 3375 3263 3417 sacri
3306 3367 3458 3421 codi-

1861 3443 1939 3495 o'.s
1969 3445 2268 3498 sententias
2315 3461 2435 3498 esse
2476 3447 2930 3514 intricatissimas,
2965 3452 3146 3504 tinhas
3201 3454 3458 3508 Ecclesia:

1865 3533 2101 3597 dedisse,
2127 3534 2316 3587 doctos
2350 3535 2489 3587 vires
2523 3534 2574 3586 in
2602 3536 2862 3590 factloiics
2886 3539 3154 3602 divisisse,
3182 3543 3358 3596 aliave
3385 3544 3460 3597 si-

1868 3623 2041 3685 mlia,
2099 3637 2219 3689 quae
2273 3623 2342 3676 de
2393 3625 2687 3692 Augustino
2734 3626 2967 3678 Adamus
3005 3629 3314 3697 scripturit?
3343 3632 3460 3689 Non

1869 3713 2089 3765 deluere
2127 3724 2302 3766 tamen
2338 3713 2652 3779 nebulones,
2686 3715 3003 3769 Christiana:
3035 3718 3304 3788 religionis
3337 3722 3460 3778 hos-

1871 3811 1971 3864 tes,
2018 3801 2108 3870 qui
2155 3817 2337 3856 sacras
2381 3804 2474 3857 litt.
2499 3820 2586 3858 ras
2636 3807 3080 3861 contralictionis
3144 3823 3456 3882 arguerent,

1871 3910 2005 3965 quos
2035 3905 2258 3951 caeteros
2290 3897 2432 3951 inter
2466 3898 2658 3952 refellit
2691 3908 2907 3952 satntus
2948 3903 3270 3971 Augustinus
3301 3908 3354 3961 in
3398 3908 3462 3960 li.

1874 3990 1970 4043 bro
2000 3990 2066 4044 de
2094 3987 2368 4043 Consensu
2400 3990 2867 4059 evangelistarnm.

1948 4083 2014 4133 At
2061 4096 2181 4148 qua:
2224 4080 2557 4133 adversarius
2600 4082 2664 4134 ad
2715 4083 3132 4152 Augustinianas
3177 4089 3462 4160 antilogias

1875 4173 2175 4226 suadendas
2214 4172 2448 4238 adducit,
2479 4173 2647 4226 iutilia
2681 4190 2901 4242 prorsus
2931 4187 3073 4240 sunt,
3112 4180 3302 4248 vixque
3323 4183 3458 4235 citra

1877 4277 2129 4315 nauseam
2164 4263 2328 4329 repeti
2364 4277 2428 4329 po
2461 4273 2602 4314 sunt.
2652 4263 2884 4330 Opponit
2931 4267 3072 4319 enim
3126 4270 3299 4333 pritno
3343 4272 3462 4322 lom

1880 4355 2236 4422 Augustinum
2260 4355 2506 4408 docuisse
2539 4363 2773 4409 nostram
2810 4358 3034 4411 salutent
3069 4359 3316 4414 absoluto
3367 4363 3462 4416 Dei

1880 4445 2098 4498 decreto
2128 4444 2397 4498 definitam
2423 4461 2561 4510 esse,
2595 4457 2644 4500 et
2675 4448 2800 4500 albi
2830 4450 3113 4503 tradidisse
3159 4466 3276 4503 eam
3324 4453 3462 4505 nihi-

174 4569 261 4607 τος
292 4554 454 4622 longo
483 4564 598 4622 post
626 4569 686 4608 se
720 4553 996 4607 ίηίρηἩηο
1039 4554 1335 4621 reliquerit,
1380 4551 1552 4606 eidem
1602 4550 1762 4603 t“iam
1795 4541 1848 4599 1)
1873 4535 2102 4587 lominus
2134 4549 2160 4585 a
2195 4543 2377 4589 nostra
2405 4538 2675 4612 voluntate
2707 4541 2957 4605 retulere.
2993 4545 3059 4592 At
3088 4542 3119 4592 h
3141 4557 3199 4593 (ο
3225 4544 3334 4609 ipsa
3376 4554 3462 4597 est

173 4645 415 4711 periculo
448 4647 719 4711 proximus
750 4646 918 4699 factus
947 4652 1049 4709 est,
1081 4657 1270 4711 nempe
1302 4651 1357 4698 ut
1379 4642 1644 4697 contraria
1674 4641 1768 4693 do-

177 4738 352 4789 cuisse
399 4736 668 4799 credatur,
727 4736 848 4789 dum
883 4751 911 4789 a
962 4736 1243 4790 contrariis
1282 4750 1344 4789 ac
1392 4735 1490 4788 sibi
1536 4733 1766 4786 invicem

178 4827 599 4894 repugnantibus
629 4826 978 4895 scriptoribus
1008 4827 1251 4881 certatim
1291 4827 1394 4880 sibi
1445 4825 1626 4879 favens
1672 4840 1766 4894 pu-

181 4916 428 4970 blicatur.
464 4916 674 4984 Maligni
704 4925 878 4971 tamen
908 4932 970 4970 ac
993 4917 1276 4985 irreligiosi
1310 4928 1525 4983 prorsus
1555 4914 1768 4969 lectoris

182 5009 266 5071 sit,
311 5008 584 5062 affirmare
622 5019 824 5063 tantum
871 5009 1145 5064 doctorem
1194 5006 1459 5063 contraria
1495 5007 1763 5061 docuisse.

188 5099 382 5154 Verum
417 5101 649 5155 Adamus
678 5101 815 5154 haud
850 5101 916 5154 iis
945 5101 1208 5169 scrupulis
1241 5099 1554 5169 perstrictus
1577 5099 1771 5158 clamat

185 5207 300 5262 pag.
329 5190 456 5257 590,
491 5210 510 5242 ι
538 5193 892 5262 Augustinum
923 5191 1292 5262 theologorum
1324 5189 1537 5244 scholas
1568 5189 1620 5242 in
1645 5204 1768 5257 par-

189 5289 284 5345 tes,
345 5294 408 5333 ac
464 5280 709 5336 doctores
759 5281 810 5334 in
857 5279 1119 5335 factiones
1164 5279 1441 5333 divisisse.
1501 5297 1520 5330 ι
1568 5278 1768 5332 Erras:

189 5389 305 5426 nam
358 5387 388 5426 e
454 5381 641 5426 contra
675 5373 850 5440 p0tius
901 5371 1142 5426 diversae
1195 5370 1500 5424 scholarum
1548 5382 1610 5422 ae
1643 5369 1770 5422 doe-

187 5476 362 5521 torum
412 5465 668 5520 factiones
726 5464 1004 5534 Augustini
1077 5463 1373 5518 doctrinam
1429 5462 1484 5516 in
1551 5470 1765 5516 c0ntra-

187 5561 292 5611 rias
321 5565 502 5624 partes
525 5555 843 5608 dilaniarunt
867 5572 879 5609 :
908 5555 1104 5609 etenim
1150 5554 1276 5607 dum
1317 5551 1383 5605 ad
1413 5551 1764 5620 Augustinum

184 5649 473 5717 legendum
503 5646 885 5716 praeoccupatis
911 5646 1103 5700 animis
1125 5644 1407 5707 accedunt,
1435 5658 1533 5697 nec
1557 5643 1672 5710 ejus
1693 5640 1768 5693 uti

184 5739 383 5795 volunt
414 5738 738 5810 magisterio,
767 5737 861 5796 sed
893 5737 1209 5808 patrocinio,
1240 5750 1362 5791 suas
1395 5732 1767 5804 opiniunculas

1874 4628 2042 4680 sancti
2066 4627 2286 4680 Themin
2318 4630 2602 4690 sententia,
2630 4647 2786 4697 quam
2820 4647 2922 4682 non
2947 4633 3115 4683 solum
3141 4642 3458 4697 sectatores,

1872 4717 1967 4771 sed
1997 4719 2231 4771 melioris
2261 4719 2420 4772 e-iam
2457 4728 2597 4773 nota:
2617 4720 2846 4788 theologi
2878 4722 3248 4782 subscribunt,
3277 4723 3461 4776 dicen-

1873 4819 1953 4863 tes
1978 4811 2196 4878 gloriam
2228 4811 2279 4862 in
2312 4810 2611 4863 intentione
2642 4811 2888 4862 absoluto
2936 4809 3027 4862 Dei
3063 4810 3282 4866 decreto
3325 4829 3457 4880 pric-

1872 4901 2160 4954 tlcstinatis
2193 4901 2463 4969 praefixam
2501 4902 2686 4964 fuisse,
2719 4912 2772 4954 at
2803 4902 2853 4952 in
2891 4903 3232 4958 exsecutione
3262 4906 3328 4958 ab
3368 4922 3458 4959 co-

1875 4991 2116 5044 rumdem
2165 4991 2374 5043 meritis
2417 4989 2652 5057 pendere
2676 5008 2688 5054 ;
2716 4990 2782 5043 de
2806 5007 2910 5058 qua
2937 5006 2995 5044 re
3014 4992 3336 5062 Augustinus
3362 4996 3453 5050 lib.

1876 5083 1941 5136 de
1970 5083 2117 5136 Grat.
2149 5092 2202 5132 et
2230 5081 2320 5133 lib.
2355 5082 2497 5142 arb.,
2531 5096 2649 5148 cap.
2704 5080 2790 5147 18,
2825 5082 2915 5136 ubi
2957 5085 3146 5152 quretit
3190 5089 3459 5154 quomodo

1876 5174 1979 5227 vita
2006 5181 2203 5226 {eterna
2237 5172 2389 5224 detur
2422 5173 2621 5225 nostris
2647 5174 2852 5228 meritis
2880 5185 3129 5244 tauquam
3157 5177 3457 5243 przcmittm,

1877 5276 1930 5317 et
1963 5263 2119 5317 simul
2171 5263 2328 5315 detur
2359 5279 2423 5316 ex
2455 5264 2623 5330 gratia
2667 5266 2808 5318 nulla
2861 5268 3049 5318 merita
3103 5276 3459 5334 supponente.

1881 5357 2116 5409 Alteram
2167 5355 2646 5408 contradictionem
2696 5359 2936 5425 apponit,
2971 5372 3162 5424 nempe
3211 5357 3459 5410 docuisse

1873 5449 2223 5517 Augustinum
2256 5448 2646 5514 praescicntiam
2700 5464 2820 5502 esse
2855 5449 3208 5518 posteriorem
3243 5448 3463 5500 decreto

1872 5539 2284 5607 reprobationis,
2313 5548 2366 5593 et
2393 5554 2510 5593 csse
2535 5541 2695 5592 etiam
2723 5541 3069 5593 anteriOrem.
3104 5538 3210 5592 Sed
3245 5538 3461 5592 debuis-

1873 5643 1954 5686 set
1980 5632 2064 5684 hic
2098 5631 2362 5685 recentior
2393 5632 2632 5686 indicare
2677 5634 2839 5686 libros
2887 5640 2942 5685 et
2968 5631 3140 5699 capita
3175 5632 3260 5685 ubi
3299 5632 3462 5687 hasce.

1876 5724 2289 5795 Augustinianas
2315 5724 2594 5795 antilngias
2619 5733 2856 5782 notasset
2881 5740 2898 5779 ;
2923 5739 3091 5794 neque
3113 5728 3254 5781 enim
3293 5731 3451 5779 tautae
