3892 6346
491 362 586 421 591

1383 360 1937 417 δυρῐιιλιδιεΝΤυΜ
1979 364 2068 417 AD
2105 365 2335 424 OPERA
2375 371 2434 426 S.
2478 372 2864 431 AUGUSTINV.

3660 358 3764 429 592‘

490 482 614 538 ﬁdei
648 480 817 533 virum
853 477 997 531 illum
1027 484 1296 544 putamus,
1329 483 1385 528 ut
1438 473 1636 528 dicenti
1675 483 1729 529 et
1760 476 1904 529 nullo
1930 477 2077 531 testi-
2108 484 2154 540 Α
2184 483 2277 538 lib.
2310 485 2448 554 arb.’
2485 503 2601 556 etp,
2639 488 2703 542 16
2731 506 2745 553 ;
2778 489 3139 555 occultissima,
3190 489 3542 557 efﬁcacissima
3592 500 3757 559 poles.

486 572 667 628 monio
692 571 933 640 probanti
965 568 1190 622 credere
1219 567 1559 631 debeamus,x
1588 565 1639 618 in
1668 580 1727 619 re
1775 568 2071 635 praesertim

482 665 821 734 gravissima,
857 661 941 715 ubi
974 669 1281 713 sanctorum
1307 657 1606 710 doctrinam
1638 666 1797 726 atque
1838 662 2072 713 auctori-

484 766 646 809 tatem
672 756 723 809 in
768 753 1120 820 quaestionem
1174 750 1365 802 trahit.
1408 749 1625 803 Interim
1668 749 1893 803 dicimus
1941 749 2075 804 falso

484 845 651 899 asseri
682 852 925 898 sanctum
958 840 1314 910 Augustinum
1368 837 1611 908 posuisse
1639 841 2068 907 reprobatiouem

482 945 606 989 ante
635 933 1015 988 dcmeritorum
1043 930 1467 997 praascientiam;
1499 938 1621 981 nota
1654 938 1738 983 est
1787 930 1876 984 illa
1924 931 2072 999 ejus-

479 1026 600 1079 dem
630 1024 896 1079 sententia
940 1022 1098 1074 toties
1134 1021 1395 1087 rcpetita:
1435 1037 1453 1071 1
1509 1021 1685 1073 Bonus
1742 1029 1826 1074 est
1888 1022 2026 1076 Deus
2054 1064 2068 1087 ,

477 1119 654 1188 justus
684 1127 765 1170 est
810 1116 969 1180 Deus,
1000 1122 1179 1183 potest
1209 1116 1324 1169 sine
1374 1114 1527 1168 bonis
1561 1116 1769 1169 meritis
1818 1116 2068 1180 liberare,

482 1207 605 1273 quia
634 1207 803 1259 bonus
829 1213 909 1258 est
936 1220 950 1267 ;
986 1218 1090 1257 non
1121 1212 1295 1271 potest
1326 1204 1441 1258 sine
1472 1205 1626 1257 malis
1665 1204 1868 1257 meritis
1915 1204 2068 1258 dam-

485 1314 635 1365 nare,
668 1298 790 1366 quia
812 1297 991 1365 justus
1020 1304 1155 1349 est.»
1175 1296 1307 1349 llinc
1329 1305 1515 1347 contra
1542 1294 1857 1361 Pelagianos
1880 1298 2069 1364 probat

481 1388 648 1441 Deum
679 1385 916 1439 futurum
946 1385 1227 1453 injustam,
1256 1385 1300 1439 si
1332 1384 1582 1453 rejiceret
1608 1400 1635 1438 a
1667 1386 1835 1455 gloria
1872 1402 2067 1454 pueros

478 1480 609 1534 nulli
639 1487 863 1549 peccato
885 1477 1168 1542 obnoxios,
1206 1477 1366 1545 idque
1396 1477 1509 1531 fere
1536 1477 1734 1547 ubique
1765 1487 1984 1546 prmstat
2015 1480 2067 1531 in

478 1587 646 1641 opere
676 1569 959 1640 posteriori
991 1578 1176 1643 contra
1204 1567 1501 1634 lulianum,
1532 1577 1586 1622 et
1618 1570 1669 1622 in
1705 1569 1864 1638 priori
1906 1570 2065 1624 etiam

478 1665 573 1717 lib.
609 1679 689 1728 tu,
715 1676 833 1730 cap.
864 1659 898 1712 4
922 1670 975 1715 et
1004 1660 1068 1713 12
1091 1678 1106 1725 ;
1131 1674 1294 1714 serm.
1329 1658 1397 1714 M
1426 1661 1495 1714 de
1542 1659 1700 1714 Verb.
1753 1663 1965 1727 Apost.,
2015 1671 2067 1714 et

479 1756 636 1823 epist.
670 1752 795 1809 106.
823 1752 932 1808 Nec
960 1751 1127 1806 ullum
1176 1752 1351 1806 locum
1395 1751 1545 1806 dabit
1594 1751 1936 1806 adversarius
1977 1752 2066 1806 ubi

2178 587 2298 638 tale,
2334 579 2425 632 lib.
2457 594 2473 632 1
2503 582 2567 633 ad
2602 581 2797 645 Bonit,
2830 597 2948 649 cap.
2997 581 3100 635 ‘20:
3135 597 3277 647 cum,
3329 584 3564 652 inquam,
3603 598 3750 640 sanes

2178 676 2259 719 tus
2287 667 2473 721 doctor
2498 669 2581 723 his
2611 670 2837 739 aliisque
2863 670 3112 741 epithetis
3136 671 3372 726 victricis
3396 674 3581 741 gratia.-
3604 690 3754 728 ener-

2174 762 2311 830 giam
2338 764 2605 832 exprimit,
2639 765 2705 819 de
2725 781 2955 835 congrua
2985 777 3037 821 et
3061 768 3262 822 ellicaci
3290 768 3635 835 accipiendos
3656 780 3751 833 est;

2174 862 2227 907 at
2257 869 2373 908 cum
2406 855 2565 909 debili
2590 857 2799 911 cuidam
2840 860 3024 928 gratia:
3066 868 3301 914 nostram
3338 859 3640 913 libertatem
3674 876 3755 913 re-

2174 943 2366 1007 sistere
2397 946 2576 1009 tradit,
2604 958 2659 1000 ut
2689 958 2920 1015 patetex
2959 951 3051 1004 lib.
3095 965 3133 1015 1,
3180 959 3369 1020 quazst.
3402 950 3457 1014 2,
3506 952 3571 1005 ad
3620 951 3755 1007 Sim-

2175 1035 2480 1102 plicianum,
2516 1053 2579 1090 ex
2623 1053 2741 1107 cap.
2791 1040 2822 1093 9
2878 1041 2945 1095 de
2984 1041 3239 1095 Prmdest.
3289 1053 3621 1102 sanctorum,
3672 1044 3754 1096 ubi

2173 1127 2286 1179 ait:
2330 1145 2346 1177 1
2385 1127 2460 1181 Ex
2489 1127 2695 1182 duobus
2724 1138 2883 1184 aetate
2929 1130 3039 1200 jam
3101 1130 3389 1200 grandinis
3439 1133 3619 1199 impiis
3668 1149 3755 1185 cur

2175 1219 2274 1271 iste
2306 1228 2551 1282 vocetur,
2581 1228 2640 1274 ut
2665 1230 2948 1276 vocantem
3000 1236 3277 1292 sequatur,
3310 1223 3397 1279 ille
3442 1236 3624 1277 autem
3673 1237 3754 1280 aut

2174 1322 2278 1361 non
2312 1318 2655 1372 vocetur,ant
2684 1326 2788 1366 non
2816 1313 2885 1367 ita
2910 1326 3155 1377 vocetur,
3175 1326 3233 1368 ut
3258 1327 3541 1370 vocantem
3568 1331 3754 1386 requa-

2173 1408 2276 1463 tur,
2312 1401 2675 1456 inscrutabilia
2707 1410 2833 1457 sunt
2855 1404 3055 1471 judicia
3087 1404 3216 1470 Dei;
3259 1425 3276 1456 ι
3310 1405 3481 1473 palam
3517 1408 3572 1457 lit
3605 1421 3754 1473 quos-

2170 1490 2289 1543 dam
2321 1492 2528 1545 vocanti
2559 1492 2670 1546 Deo
2702 1494 2961 1548 resistere
3014 1510 3130 1562 quae
3163 1494 3323 1549 etiam
3355 1508 3421 1548 ex
3452 1508 3573 1560 cap.
3606 1494 3661 1548 ll
3694 1496 3755 1549 de

2169 1580 2412 1647 Corrept.
2447 1591 2499 1636 ct
2526 1593 2663 1651 grat.
2696 1583 3054 1650 deducuntur,
3103 1598 3223 1638 cum
3273 1584 3544 1653 adjutoriu
3572 1603 3604 1636 u
3659 1586 3753 1638 mi-

2171 1672 2447 1725 nistratum
2479 1674 2682 1740 angelis
2732 1684 2855 1728 ante
2890 1674 3095 1744 lapsum
3140 1675 3255 1729 dari
3304 1678 3463 1728 ct’am
3516 1676 3566 1728 in
3623 1684 3753 1730 statu

2170 1769 2372 1814 natura:
2407 1761 2569 1829 lapsae
2611 1762 2957 1831 quibusdam,
3007 1765 3129 1819 aliis
3182 1766 3235 1818 in
3289 1778 3503 1834 ptenam
3553 1766 3755 1834 peccati

477 1848 669 1902 doceat
698 1844 1029 1915 Augusﬁnus
1059 1842 1338 1914 reprobari
1367 1844 1669 1912 quempiam
1714 1856 1744 1896 a
1794 1842 1923 1908 Deo,
1970 1859 2062 1896 τυ·
2100 1848 2140 1905 Β
2170 1866 2271 1905 11011
2302 1850 2418 1906 dari
2448 1854 2632 1907 scribit
2658 1872 2671 1919 ;
2702 1870 2821 1908 cum
2851 1855 3090 1925 inquam,
3123 1857 3221 1910 ista
3253 1857 3430 1920 docet,
3476 1856 3545 1909 de
3594 1856 3754 1911 altera

474 1939 561 2008 jus
590 1938 788 1992 nullum
822 1936 965 1991 Deus
994 1934 1316 1989 demeritum
1349 1933 1675 2002 praeviderit.
1713 1934 1873 1989 Addit
1904 1933 2061 1988 tertio

475 2030 593 2082 loco
618 2029 827 2081 tradere
851 2026 1227 2094 Augustinum,
1257 2042 1278 2076 1
1309 2028 1350 2078 A
1372 2034 1551 2079 nostra
1576 2025 1824 2080 libertate
1839 2026 2059 2094 gratiam

474 2118 752 2188 compleri,
779 2127 831 2170 ct
848 2131 875 2170 a
904 2120 1074 2185 gratia
1096 2117 1395 2170 libertatem
1419 2116 1469 2169 in
1491 2132 1645 2170 usum
1669 2116 1880 2170 deduci.
1905 2135 1923 2167 ι
1955 2117 2059 2171 Sed

473 2209 591 2266 haec
621 2213 757 2265 bene
788 2209 927 2264 inter
954 2224 1012 2263 se
1041 2209 1364 2263 conveniunt
1390 2225 1401 2259 :
1444 2222 1567 2260 nam
1610 2208 1719 2261 sola
1750 2209 1920 2276 gratia
1956 2222 2059 2261 non

473 2302 812 2371 ponitactum
830 2301 1026 2355 bonum
1048 2300 1097 2352 in
1114 2298 1287 2363 nobis,
1313 2298 1407 2352 sed
1424 2311 1523 2349 una
1546 2312 1665 2351 cum
1686 2298 1848 2352 libera
1868 2298 2027 2351 volun
2045 2328 2059 2336 -

474 2402 606 2458 tate,
635 2407 794 2459 quant
828 2392 939 2459 ipsa
963 2398 1255 2459 pra-movet
1282 2398 1335 2443 et
1362 2389 1414 2442 in
1436 2398 1614 2442 actum
1637 2387 1859 2442 deducit
1884 2406 1894 2439 :
1921 2391 2060 2443 unde

472 2499 537 2539 ex
569 2484 737 2554 gratia
766 2492 819 2537 et
846 2483 1016 2536 libero
1043 2482 1267 2535 arbitrio
1295 2482 1353 2534 lit
1382 2481 1704 2549 completum
1734 2478 2052 2549 principium

470 2587 690 2630 actuum
721 2574 1008 2641 bonorum,
1042 2573 1111 2626 ita
1146 2582 1323 2625 tamen
1351 2581 1407 2625 ut
1440 2571 1657 2625 libertas
1686 2571 1869 2641 gratia:
1895 2573 2061 2625 ancil~

472 2670 630 2724 letur.
668 2667 736 2722 Et
757 2681 888 2721 sane
918 2682 1039 2723 cum
1074 2666 1191 2720 sine
1222 2666 1389 2735 gratia
1420 2663 1552 2717 nihil
1578 2664 1691 2718 ﬁeri
1716 2666 1884 2733 possit
1908 2674 2063 2732 prout

472 2768 686 2829 oportet
717 2758 781 2811 ad
812 2758 1061 2817 salutem,
1092 2771 1120 2809 a
1153 2756 1262 2808 sola
1294 2757 1462 2825 gratia
1492 2754 1719 2807 humana
1754 2753 1974 2807 libertas
2010 2754 2061 2806 in

472 2852 670 2905 bonum
723 2858 779 2904 et
808 2849 1139 2904 meritorium
1173 2864 1325 2903 usum
1354 2848 1435 2914 agi
1468 2856 1662 2914 potest.
1696 2846 1812 2899 Non
1837 2846 1907 2899 do
1947 2847 2062 2900 Att-

470 2943 663 3009 gustini
697 2951 893 3007 textus,
927 2942 1049 3011 quia
1072 2956 1156 2996 res
1188 2940 1239 2993 in
1269 2940 1411 2996 omni
1439 2939 1624 2993 schola
1650 2947 1733 2992 est
1758 2939 2059 3003 manifesta,

471 3037 600 3090 licet
625 3035 689 3089 de
714 3034 874 3088 modo
904 3049 1011 3101 quo
1065 3033 1168 3086 illm
1219 3033 1487 3085 motiones
1533 3030 1663 3083 ﬁant
1709 3031 2057 3098 disceptetur.

471 3127 705 3179 Primum
733 3126 831 3192 lcgi
866 3132 1038 3190 potest
1066 3123 1116 3175 in
1148 3124 1441 3189 Augustino
1467 3134 1647 3173 sermo
1690 3119 1755 3173 15
1786 3122 1853 3174 de
1881 3121 2058 3174 verbis

2166 1944 2352 2010 gratia:
2374 1944 2555 2010 specie
2584 1944 2773 2007 debili,
2826 1946 3116 2015 incongrua
3148 1957 3200 2001 et
3229 1954 3437 2002 remote
3467 1948 3756 2003 sufﬁcienti

2168 2031 2417 2100 loquitur,
2450 2032 2591 2086 unde
2621 2034 2765 2087 nulla
2806 2034 2892 2089 hic
2919 2036 3357 2090 contradictionis
3380 2038 3627 2107 suspicio
3655 2040 3758 2094 Au-

2162 2124 2430 2191 gustinum
2461 2126 2646 2191 tangit.

2236 2209 2426 2275 Quinta
2476 2209 2825 2264 contradictio
2869 2219 2953 2266 est
3003 2230 3015 2265 :
3078 2230 3097 2265 1
3143 2212 3333 2267 Plures
3385 2212 3643 2268 damnari
3695 2216 3758 2268 ob

2164 2301 2334 2354 solum
2366 2311 2645 2370 peccatum
2677 2304 2919 2371 originis,
2956 2325 2973 2356 ι
3007 2314 3061 2360 et
3088 2305 3214 2359 item
3246 2306 3422 2371 docet,
3454 2327 3472 2359 1
3513 2307 3758 2362 11111111ηέ

2164 2405 2269 2444 non
2298 2391 2538 2444 damnari
2572 2393 2671 2445 nisi
2705 2395 2773 2446 ob
2828 2403 3043 2461 peccata
3078 2396 3395 2463 personalia,
3429 2406 3483 2449 et
3529 2399 3758 2466 prnprie

2165 2484 2428 2538 libertatis
2457 2484 2830 2541 rebellionem.
2869 2505 2887 2538 ι
2936 2486 3049 2541 Non
3083 2491 3151 2542 ita
3183 2499 3285 2554 est,
3316 2490 3545 2546 Adame.
3598 2493 3758 2547 Docet

2165 2577 2492 2645 Augustinus
2533 2592 2726 2645 pueros
2774 2578 3099 2633 deccdentes
3143 2579 3262 2634 sine
3305 2580 3574 2649 baptismo
3606 2584 3756 2638 dam-

2165 2669 2280 2721 nari
2314 2668 2383 2721 ob
2415 2668 2589 2722 solum
2621 2678 2898 2737 peccatum
2937 2669 3180 2740 originis,
3213 2672 3445 2740 majores
3475 2689 3607 2728 vero
3638 2687 3755 2729 natu

2170 2760 2432 2824 homines,
2481 2768 2539 2815 et
2589 2770 2807 2831 propter
2854 2772 3126 2829 peceatum
3164 2765 3405 2835 originis,
3438 2774 3493 2821 et
3538 2778 3759 2837 propter

2166 2851 2290 2914 alia,
2341 2867 2459 2919 quae
2508 2852 2747 2919 ipsorum
2798 2853 2996 2909 malitia
3037 2838 3432 2923 superaddidit;
3480 2856 3533 2911 in
3566 2860 3761 2928 quibus

2167 2943 2311 2995 nulla
2372 2944 2772 2998 contrarietatis
2833 2946 3018 2999 umbra
3086 2948 3431 3014 conspicitur.
3493 2949 3759 3005 Audiatur

2165 3043 2381 3087 sanctus
2429 3034 2619 3088 doctor
2663 3035 2753 3089 lib.
2804 3036 2870 3090 de
2916 3039 3163 3105 Corrept.
3210 3050 3264 3094 et
3317 3049 3453 3110 grat.
3486 3057 3607 3111 cap.
3650 3045 3755 3099 i5:

2172 3142 2189 3172 1
2232 3124 2290 3177 111
2324 3139 2451 3192 ergo
2478 3126 2565 3192 qui
2597 3141 2699 3178 non
2730 3128 3001 3195 pertinent
3032 3132 3095 3183 ad
3131 3132 3283 3184 istum
3314 3133 3680 3191 certissimum
3710 3148 3759 3191 et

470 3215 735 3284 Apostoli,
768 3228 885 3279 cap.
928 3213 1015 3277 11,
1067 3212 1351 3281 §Agnusce
1379 3211 1503 3277 quid
1547 3226 1747 3277 poscas,
1791 3218 1922 3275 ctc.,
1965 3212 2054 3264 ubi
2088 3207 2132 3268 C
2164 3210 2528 3267 felicissimum
2560 3222 2862 3283 numerum,
2899 3234 2994 3287 pro
3033 3223 3575 3292 meritisjusdssime
3616 3228 3757 3297 judi-

470 3317 609 3361 tuter
637 3305 738 3357 alia
765 3301 988 3355 srribit:
1025 3319 1042 3352 1
1073 3303 1129 3355 Si
1163 3316 1267 3353 non
1312 3314 1464 3354 esses
1495 3308 1767 3369 operator,
1821 3299 1909 3353 ille
1952 3315 2054 3353 non

469 3403 609 3450 esset
639 3400 991 3461 cooperator;
1035 3409 1052 3442 ι
1086 3391 1180 3445 lib.
1242 3405 1277 3443 11
1326 3390 1393 3445 de
1434 3399 1771 3457 peccatorum
1827 3389 2049 3456 Meritis,

468 3498 586 3551 cap.
619 3481 672 3549 5,
702 3492 756 3536 et
783 3482 931 3535 alibi.
956 3483 1191 3554 Alterum
1220 3496 1349 3535 vero
1380 3483 1431 3536 in
1465 3481 1609 3535 omni
1652 3478 1843 3550 pagina
1890 3481 2056 3535 libru-

470 3588 590 3628 rum
619 3583 809 3628 contra
840 3572 1172 3642 Pelagianos,
1207 3572 1296 3625 ubi
1328 3573 1654 3627 catholicum
1689 3572 1821 3626 illud
1867 3572 2057 3640 dogma

470 3676 688 3734 semper
716 3665 973 3729 inculcat,
997 3664 1129 3719 nihil
1172 3664 1297 3719 boni
1334 3664 1596 3718 meritorii
1628 3663 1744 3719 lieri
1767 3678 1924 3734 posse
1944 3665 2060 3719 sine

468 3759 659 3828 gratia.

543 3854 744 3916 Quarta
807 3849 1048 3917 sequitur
1090 3848 1300 3915 objecta
1333 3849 1629 3917 Augustino
1659 3848 2011 3904 contradictio
2042 3868 2053 3902 :

474 3963 493 3993 1
532 3942 768 3996 Gratiam
799 3954 922 3994 esse
953 3940 1247 4004 victricem,
1277 3940 1373 3993 sed
1406 3949 1458 3993 et
1495 3940 1669 3993 eidem
1716 3950 1953 3996 nostram
1994 3943 2056 3996 li-

466 4034 725 4086 bertatem
757 4029 1031 4083 resistere.
1073 4045 1092 4079 »
1112 4031 1178 4082 At
1203 4028 1273 4082 de
1296 4028 1485 4083 eadem
1503 4029 1671 4097 gratia
1705 4033 1755 4083 in
1782 4031 2057 4086 individuo

466 4132 739 4187 nunquam
774 4118 875 4172 hoc
906 4117 1233 4187 Augustinus
1263 4119 1574 4184 somniavit,
1600 4130 1656 4172 ut
1678 4119 1864 4173 eadem
1898 4121 2056 4176 simul

465 4220 521 4265 et
552 4210 790 4265 vinceret
818 4208 1141 4272 libertatem,
1172 4224 1400 4277 eamque
1430 4211 1529 4264 sibi
1559 4211 1837 4277 subderet,
1867 4223 1922 4266 et
1969 4214 2053 4266 ni-

466 4302 759 4357 hilominus
808 4316 837 4355 a
870 4301 1115 4356 libertate
1144 4301 1496 4369 rejiccretur;
1541 4303 1585 4356 si
1615 4303 1755 4357 enim
1794 4304 2051 4373 rejicitur,

467 4397 576 4465 jam
605 4410 709 4447 non
742 4402 825 4447 est
849 4394 1059 4453 victrix.
1094 4392 1187 4446 sed
1217 4394 1356 4446 victa
1389 4394 1686 4461 repellitur.
1721 4395 1873 4461 Quod
1904 4397 1947 4451 si
1988 4398 2056 4452 de

468 4487 675 4541 diversa
705 4502 768 4540 ac
796 4486 1047 4539 distincta
1080 4485 1253 4552 gratia
1279 4500 1341 4539 ea
1389 4486 1714 4553 Augustinus
1737 4488 1892 4551 dixit,
1941 4504 2057 4542 om~

2164 3317 2376 3359 cantur.
2412 3306 2519 3359 Aut
2549 3305 2688 3360 enim
2724 3307 2907 3377 jacent
2937 3312 3037 3365 sub
3080 3325 3301 3382 peccato
3342 3319 3481 3384 quod
3523 3320 3758 3387 origina-

2164 3395 2287 3450 liter
2309 3396 2375 3450 de
2396 3398 2743 3463 generatione
2766 3414 3063 3469 traxerunt,
3091 3416 3279 3460 etcum
3306 3408 3394 3460 illo
3418 3409 3758 3466 hmreditario

2161 3484 2343 3541 debito
2376 3488 2499 3541 hinc
2544 3500 2764 3554 exeunt,
2796 3493 2938 3561 quod
2990 3510 3095 3549 non
3129 3508 3211 3551 est
3240 3502 3653 3567 regeneratione
3684 3504 3758 3556 di-

2164 3579 2407 3643 missum,
2441 3587 2531 3632 aut
2568 3595 2666 3649 per
2707 3581 2927 3636 liberum
2960 3586 3237 3641 arbitrium
3276 3589 3378 3641 alia
3412 3590 3639 3659 insuper
3668 3596 3758 3647 ad-

2163 3669 2432 3731 diderunt,
2462 3672 2764 3737 arbitrium,
2790 3673 3023 3742 inquam,
3066 3678 3313 3743 liberum,
3356 3680 3449 3735 sed
3483 3698 3589 3737 non
3624 3686 3757 3739 lihe-

2163 3769 2357 3822 ratum,
2392 3760 2620 3815 liberum
2650 3765 2892 3829 justitite,
2930 3767 3129 3831 peccati
3159 3777 3335 3821 antetn
3371 3784 3623 3836 servum,
3657 3791 3758 3845 quo

2162 3848 2447 3902 volvuntur
2471 3866 2564 3917 per
2596 3851 2834 3906 diversas
2857 3856 3049 3908 noxiis
3073 3855 3408 3922 cupiditates,
3433 3859 3523 3913 alii
3563 3870 3756 3934 magis,

2161 3940 2249 3994 alii
2291 3941 2489 4006 minus,
2531 3942 2627 3997 sed
2658 3960 2843 3999 omnes
2873 3946 3019 4010 mali,
3051 3952 3103 4001 et
3146 3962 3240 4014 pro
3280 3948 3396 4014 ipsa
3434 3952 3755 4012 diversitate

2161 4030 2390 4086 diversis
2434 4034 2711 4102 suppliciis
2752 4036 3041 4104 judicandi.
3083 4056 3102 4088 ι
3147 4037 3351 4093 Rursus
3382 4048 3681 4119 .quomodo
3722 4049 3755 4105 ii

2161 4122 2354 4189 quibus
2385 4122 2439 4177 in
2471 4124 2738 4194 baptismo
2765 4126 3044 4180 dimissum
3075 4138 3155 4182 est
3186 4138 3460 4197 peccatum
3490 4137 3753 4204 originale

2165 4211 2368 4277 possint
2394 4212 2500 4268 dici
2533 4215 2601 4268 ob
2642 4224 2913 4284 peccatum
2956 4215 3215 4285 originale
3256 4220 3429 4281 relicti
3473 4225 3523 4277 in
3573 4243 3749 4283 massa

2163 4304 2502 4372 perditionis,
2536 4309 2696 4361 tradit
2739 4308 2956 4363 sanctus
2995 4309 3185 4365 doctor
3208 4325 3326 4377 cap.
3357 4313 3408 4377 7,
3441 4323 3495 4368 et
3540 4332 3642 4370 nos
3672 4322 3749 4372 in-

2164 4396 2330 4449 l’erins
2360 4398 2620 4457 dicemus.
2655 4398 2739 4451 ubi
2772 4398 2839 4453 de
2880 4400 3152 4454 erroribus
3193 4401 3491 4471 Augustino
3521 4405 3747 4473 objectis

2163 4500 2466 4541 sermonem
2498 4485 2857 4551 instituemus,
2893 4498 2947 4540 et
2974 4501 3122 4541 certe
3153 4490 3205 4542 hi
3242 4490 3385 4542 nullo
3412 4500 3569 4559 pacto
3598 4494 3742 4547 dam-

468 4582 553 4635 nis
582 4578 1022 4633 eontradictionis
1053 4577 1239 4631 umbra
1268 4576 1335 4631 ab
1381 4576 1622 4647 ejusdem
1668 4578 1825 4632 dictis
1868 4581 2047 4648 procul
2082 4580 2130 4637 D
2166 4575 2276 4629 uari
2324 4585 2545 4644 possunt
2590 4576 2660 4628 ob
2706 4586 2910 4629 reatum
2962 4579 3167 4644 peccati
3209 4580 3447 4647 originis,
3479 4589 3535 4633 et
3564 4581 3633 4635 de
3663 4584 3743 4637 his

469 4674 642 4725 abest.
674 4670 816 4724 Sane
845 4667 1172 4722 recentiores
1205 4665 1365 4736 pleno
1398 4682 1491 4720 ore
1522 4669 1790 4720 artirmant
1825 4668 2049 4735 gratiam

469 4776 758 4832 cengruam
790 4775 1003 4830 semper
1032 4775 1152 4814 esse
1168 4761 1465 4824 victricem,
1485 4774 1589 4812 non
1613 4775 1901 4829 congruam
1922 4777 2051 4816 vero

469 4853 740 4921 repulsam
773 4853 880 4920 pati
903 4868 933 4905 a
961 4852 1132 4906 libero
1161 4851 1402 4915 arbitrio,
1438 4849 1575 4918 quod
1603 4858 1657 4903 et
1688 4865 1869 4903 eorum
1896 4863 2049 4906 anta-

468 4942 695 5011 gnnistre
722 4942 788 4994 de
816 4944 987 5009 gratia
1014 4942 1513 5009 prazdeterminante
1535 4948 1586 4993 et
1610 4954 1740 5007 pure
1765 4940 2050 4995 sullicienti

465 5031 715 5095 tradunt;
741 5046 859 5098 qua:
889 5035 932 5086 si
978 5035 1454 5087 contradictionem
1490 5036 1785 5098 involvunt,
1830 5034 2049 5098 publica:

466 5126 650 5194 gratim
679 5122 897 5191 agendae
920 5122 1126 5177 Adamo
1144 5134 1320 5190 erunt,
1348 5124 1434 5192 qui
1461 5124 1738 5176 universos
1766 5124 2049 5176 scholasti-

470 5230 566 5271 cos
597 5214 664 5268 ab
686 5216 979 5266 inveterato
1009 5227 1194 5266 errore
1223 5213 1550 5268 liberaverit.
1580 5213 1760 5283 Itaque
1789 5227 1910 5267 cum
1944 5216 2054 5269 Au-

466 5305 713 5376 gustinus
740 5301 926 5357 scribit
953 5301 1043 5355 lib.
1073 5302 1141 5356 de
1195 5302 1668 5358 l’rtedestinatione
1719 5314 2045 5367 sanctorum,

465 5415 584 5468 cup.
620 5398 691 5453 8:
730 5414 748 5447 ι
786 5392 910 5448 llaec
938 5391 1115 5460 itaque
1143 5394 1333 5463 gratia,
1382 5408 1502 5461 qua:
1544 5393 1752 5448 occulte
1801 5380 2050 5450 humanis

472 5490 723 5543 cordibus
749 5486 928 5542 divina
961 5484 1206 5555 largitate
1231 5484 1497 5549 tribuitur,
1526 5500 1557 5537 a
1589 5485 1733 5538 nullo
1761 5486 1894 5539 duro
1933 5502 2053 5541 cor-

467 5582 534 5631 de
562 5580 833 5647 respuitur
860 5597 873 5643 ;
914 5597 933 5630 ι
968 5592 1087 5632 cum
1119 5577 1360 5633 eamdem
1383 5575 1510 5631 dicit
1534 5592 1747 5631 movere
1770 5580 2052 5632 indeclina-

470 5668 498 5719 b
522 5666 655 5729 liter,
684 5668 1114 5732 insuperabiliter,
1165 5667 1516 5730 invictissime,
1548 5680 1667 5733 cap.
1714 5666 1781 5719 12
1810 5666 1875 5720 de
1923 5666 2051 5721 Cor-

472 5763 611 5821 rept.
641 5762 695 5805 et
719 5763 886 5820 grat.;
919 5756 1282 5823 efficacissimis
1316 5755 1521 5821 viribus,
1558 5756 1647 5808 lib.
1692 5756 1760 5808 de
1800 5755 1948 5809 Grat.
2001 5766 2052 5808 et

2163 4668 2397 4734 lotiuitur
2431 4667 2779 4735 Augustinus,
2809 4666 2935 4721 dum
2966 4670 3041 4722 ait
3070 4672 3334 4725 neminem
3362 4671 3605 4728 damnari
3638 4677 3739 4729 nisi

2155 4761 2224 4814 ob
2252 4760 2465 4827 propria
2492 4758 2735 4811 crimina.

2232 4850 2449 4906 Sextam
2475 4849 2949 4904 contradictionem
2984 4850 3051 4901 ita
3085 4850 3329 4905 ell'ormat
3363 4869 3375 4904 :
3416 4872 3434 4905 1
3468 4854 3563 4908 llic
3592 4870 3736 4909 arma

2158 4941 2386 5008 Satup~it
2410 4942 2737 5009 Augusﬁnus
2760 4950 2945 4993 centra
2980 4942 3227 5010 gratiam,
3261 4953 3314 4995 et
3344 4944 3467 4996 alibi
3493 4948 3733 5001 eamdem

2156 5034 2352 5084 evexit.
2387 5050 2405 5082 ι
2435 5034 2501 5085 At
2531 5032 2735 5083 nullum
2763 5032 3045 5098 Augustini
3071 5032 3288 5086 verbum
3318 5034 3609 5099 proferenti
3632 5052 3732 5090 non

2159 5120 2228 5174 ita
2277 5120 2484 5176 facilem
2531 5134 2807 5174 assensum
2858 5120 3068 5173 damus.
3123 5119 3345 5175 Ubinam
3409 5127 3733 5195 Augustinus

2157 5222 2343 5266 contra
2383 5211 2617 5265 divinam
2668 5211 2894 5279 gratiam
2952 5225 3095 5264 arma
3146 5212 3351 5265 induit?
3399 5214 3616 5268 ubinam
3664 5217 3732 5270 illi

2157 5304 2382 5369 iniurius
2406 5304 2649 5372 fuit?quo
2668 5303 2833 5358 verbo
2852 5303 2993 5357 illam
3016 5304 3098 5358 vel
3120 5304 3383 5358 tantillum
3403 5306 3539 5359 laesit
3556 5310 3580 5361 ?
3599 5310 3732 5363 Sane

2157 5395 2209 5449 in
2241 5394 2391 5449 libris
2428 5403 2615 5448 contra
2646 5394 2969 5449 Manichaeos
2997 5393 3065 5448 de
3096 5395 3310 5448 humani
3341 5397 3545 5451 arbitrii
3580 5400 3731 5453 libero

2162 5496 2269 5540 tate
2312 5485 2563 5552 exaratis,
2620 5485 2861 5539 nondum
2899 5483 3099 5539 exortis
3152 5483 3487 5554 Pelagianis,
3546 5490 3733 5542 divinm

2159 5576 2344 5645 gratia:
2387 5575 2711 5631 mentionem
2765 5576 2905 5642 fecit,
2968 5576 3215 5645 illiusque
3257 5578 3324 5631 ad
3361 5579 3507 5645 juste
3550 5582 3732 5647 pieque

2161 5665 2441 5719 vivendum
2473 5667 2846 5721 necessitatem
2878 5667 3212 5722 memorabili
3242 5668 3385 5722 dicto
3428 5672 3725 5738 pronuntia-

2163 5759 2258 5824 vit,
2286 5771 2345 5812 ac
2374 5754 2422 5812 si
2454 5756 2659 5812 futuros
2690 5757 2928 5825 ejusdem
2956 5758 3143 5826 gratiae
3170 5757 3353 5813 hostes
3380 5760 3708 5827 prazvidisset
3732 5760 3735 5763 ’
