3892 6302
140 369 233 425 593

1299 359 1622 418 VINDICUE
1662 358 2224 419 AUGUSTINIANAS.

3301 354 3405 411 594

138 477 297 544 Quare
326 472 416 526 lib.
452 488 468 526 l
500 472 763 540 Retract.,
794 485 915 540 cap.
954 471 1014 537 9,
1050 469 1288 528 recitatis
1314 470 1554 539 pluribus
1585 478 1702 524 tex-
1736 476 1785 534 Α
1814 480 1947 528 aestu
1974 469 2351 540 disputationis
2386 467 2690 537 abreptum,
2730 486 2748 520 t
2780 469 3079 523 excessisse
3108 469 3276 525 lineas
3309 487 3404 526 ne-

140 569 263 621 tibus
287 581 345 620 ex
381 564 531 620 libris
554 564 621 620 de
652 565 850 621 Libero
880 566 1139 628 Arbitrio,
1170 566 1221 618 in
1249 562 1487 619 favorem
1518 564 1706 632 gratim

138 658 390 714 concludit
422 676 435 711 :
477 675 495 709 ι
543 658 681 713 Ecce
707 673 863 726 quam
911 659 1067 727 lmtge
1101 667 1387 725 antequam
1420 656 1704 725 Pelagiana

138 748 340 805 haeresis
360 748 675 813 exstitisset,
696 748 775 802 sic
795 748 1204 816 disputavimus,
1228 746 1370 800 velut
1387 744 1496 814 jam
1519 754 1707 799 contra

136 838 246 892 illos
289 837 712 905 disputaremus.
746 855 765 888 ι
800 837 935 892 Hinc
985 852 1106 893 cum
1158 836 1210 889 in
1254 836 1392 890 libro
1426 836 1595 903 primo
1638 833 1707 888 ad

136 929 517 996 Simplicianum
572 930 740 983 multa
806 943 903 997 pro
957 929 1128 984 libero
1174 928 1397 983 arbitrio
1446 928 1703 991 dixisset,

137 1021 255 1076 illud
293 1031 467 1076 tamen
499 1022 685 1091 gratite
728 1021 976 1089 subjecit,
1022 1035 1127 1074 non
1158 1035 1319 1088 supra
1345 1019 1586 1075 eamdem
1617 1034 1709 1072 ex-

138 1111 265 1176 tulit,
294 1111 435 1167 unde
465 1111 559 1167 lib.
591 1112 659 1167 de
690 1111 946 1167 PrazdeSt.
978 1111 1325 1178 Sanctorum,
1359 1124 1480 1177 cap.
1507 1107 1563 1172 4,
1591 1109 1667 1161 ait
1692 1126 1705 1161 :

140 1220 156 1253 ι
188 1201 241 1256 lu
271 1201 423 1271 cujus
454 1202 768 1271 quaestionis
808 1203 1078 1257 solutione
1107 1202 1439 1258 elaboratum
1470 1208 1553 1256 est
1594 1201 1709 1266 qui-

133 1292 246 1346 dem
276 1308 372 1359 pro
402 1293 570 1347 libero
596 1293 817 1349 arbitrio
842 1294 1136 1348 voluntatis
1160 1294 1429 1355 humanae,
1464 1291 1557 1346 sed
1584 1291 1712 1344 vicit

132 1385 217 1439 Dei
248 1385 431 1452 gratia.
472 1405 489 1438 ι
526 1386 665 1453 Ergo
691 1385 737 1439 si
777 1385 1105 1455 Augustinus
1134 1385 1219 1440 vel
1246 1400 1368 1440 cum
1407 1399 1502 1453 pro
1531 1383 1712 1438 defen-

130 1475 275 1530 sime
318 1477 468 1530 liberi
499 1476 706 1531 arbitrii
737 1476 1039 1531 decretoria
1085 1491 1233 1531 arma
1267 1477 1547 1540 tractabat,
1592 1490 1714 1544 gra-

130 1567 213 1619 tiae
242 1568 521 1621 victoriam
567 1567 747 1633 dabat,
794 1568 1016 1622 ubinam
1055 1577 1241 1623 contra
1286 1568 1431 1621 illam
1472 1566 1708 1636 gladium

126 1654 342 1709 eduxit?

196 1745 395 1800 Harum
440 1746 659 1815 quidem
689 1746 1137 1802 contradictiones
1166 1748 1554 1803 sententiarum
1602 1748 1711 1801 Au-

1809 566 2061 620 cesserim
2087 563 2352 627 veritatis,
2388 571 2443 616 ut
2473 562 2543 617 sit
2572 562 2735 615 nimia
2776 561 3022 630 quaedam
3064 564 3323 617 severitas
3349 574 3405 619 et

1813 655 1992 722 iniqua
2016 653 2252 717 vexatio,
2271 666 2392 719 quae
2415 653 2648 705 medium
2674 650 2807 704 illud
2836 651 2887 704 in
2910 665 3017 719 quo
3040 651 3234 705 veritas
3256 652 3407 705 sedet

1813 745 2111 812 transgredi
2142 742 2317 812 jubet,
2347 744 2390 797 si
2423 754 2622 809 ιιι-στεπη
2656 743 3003 812 Augustinus.
3040 761 3056 793 ι
3097 740 3267 797 Verba
3299 748 3405 795 An-

1811 838 1918 891 nati
1964 845 2090 889 sunt
2134 835 2231 889 lib.
2265 850 2352 887 vttt
2388 835 2469 888 sui
2518 836 2824 902 Augustini,
2857 850 2977 904 cap.
3015 834 3073 899 2,
3124 850 3241 903 pag.
3278 835 3401 887 85:2.

1809 924 2048 979 Adamus
2082 924 2225 977 hunc
2251 925 2412 992 capiti
2440 925 2670 992 septimo
2704 925 2912 978 titulum
2937 924 3079 978 dedit
3110 942 3124 977 :
3156 924 3406 979 Sanctum

1812 1016 2155 1086 Augustinum
2203 1016 2492 1084 permisisse
2538 1034 2591 1070 se
2638 1018 2851 1070 nimium
2903 1016 3069 1084 abripi
3117 1025 3247 1069 cestu
3289 1018 3405 1070 dis-

1811 1107 2090 1176 putationis
2118 1115 2297 1159 contra
2332 1106 2669 1179 Pelagianos,
2702 1119 2746 1161 et
2778 1110 2982 1179 longius
3022 1124 3176 1177 quam
3208 1107 3407 1162 colebat

1811 1206 2230 1267 pra’tcrgressum
2300 1213 2425 1251 esse.
2506 1198 2713 1253 Celebre
2788 1201 2955 1253 sancti
3030 1199 3406 1255 Bonarentura:

1812 1287 2001 1339 dictum
2031 1287 2128 1339 hac
2170 1288 2234 1339 de
2274 1304 2327 1339 re
2366 1288 2679 1358 explicatur,
2736 1303 2853 1355 pag.
2891 1289 3016 1343 616.
3059 1289 3203 1356 Quas
3248 1304 3405 1345 voces

1811 1379 2100 1445 Moraines,
2125 1379 2474 1447 Decampsius
2497 1381 2787 1449 caeteriqne
2814 1383 3142 1435 recentiores
3170 1379 3404 1450 integras

1814 1472 2064 1526 reddunt.
2094 1470 2276 1539 Neque
2316 1487 2445 1525 vero
2474 1474 2639 1525 semel
2683 1473 2944 1525 iterumve
2975 1472 3076 1525 hoc
3110 1473 3405 1539 Augustino

1813 1564 2105 1631 conligis-1e
2139 1572 2348 1630 putant,
2392 1562 2485 1616 scd
2520 1562 2574 1615 in
2622 1561 2871 1615 omnibus
2913 1562 3025 1615 fere
3063 1562 3174 1615 suis
3217 1571 3402 1616 (eontra

1814 1656 2131 1724 Pelagianos
2156 1654 2635 1720 disputationibus.
2667 1654 2838 1708 iniere
2860 1653 3074 1720 quidem
3100 1656 3236 1707 lianc
3258 1653 3404 1709 facile

1816 1746 1995 1799 limam
2047 1747 2307 1799 evadendi
2361 1745 2522 1810 viam,
2578 1760 2646 1799 ne
2701 1746 2750 1797 in
2793 1744 3095 1814 Augustino
3144 1744 3405 1812 interpre-

128 1837 334 1905 gustino
380 1838 649 1891 recentior
692 1836 783 1891 ille
827 1838 1061 1906 scriptor
1101 1840 1344 1907 opponit,
1394 1841 1484 1907 qui
1530 1847 1710 1892 tamen
1743 1836 1787 1895 Β
1820 1835 1981 1889 tando
2004 1835 2206 1890 diutius
2226 1835 2436 1904 ingenia
2464 1845 2823 1889 macerarent.
2850 1833 3043 1889 Verum
3068 1835 3405 1889 nilmoderui

130 1927 260 1981 haud
290 1940 452 1981 ausus
480 1936 563 1982 est
610 1936 816 1982 tantum
845 1929 1052 1984 erroris
1096 1931 1397 1998 Augustino
1443 1928 1710 1992 all‘ricare,

130 2018 216 2073 sed
262 2034 381 2073 cum
433 2018 534 2073 boc
581 2020 655 2073 illi
706 2020 761 2073 in
811 2020 1123 2089 religionem
1166 2022 1413 2084 veniret,
1467 2020 1708 2089 adjecit:

134 2127 151 2161 ο
206 2109 337 2165 Hinc
379 2111 648 2166 concludo
704 2113 849 2181 quod
902 2112 947 2167 si
1004 2113 1134 2167 mihi
1199 2130 1305 2168 non
1364 2112 1486 2167 licet
1535 2114 1714 2168 dicere

130 2207 358 2252 sanctum
385 2200 740 2269 Augustinum
766 2201 820 2254 in
850 2201 1013 2256 variis
1039 2216 1258 2256 suorum
1285 2203 1547 2257 librorum
1574 2202 1711 2256 locis

132 2286 223 2341 sibi
251 2290 663 2356 contradixisse,
694 2290 881 2345 saltem
914 2290 993 2345 fas
1017 2300 1102 2346 est
1129 2292 1258 2349 mibi
1290 2292 1517 2348 credere
1545 2294 1711 2360 ipsius

130 2378 414 2433 doctrinam
474 2396 594 2436 esse
645 2381 1135 2449 intricatissimam,
1176 2402 1194 2436 ι
1264 2393 1371 2439 etc.
1426 2384 1544 2439 Non
1601 2387 1708 2447 ait,

134 2469 259 2524 Hinc
282 2472 557 2539 concludo,
589 2490 703 2526 cum
735 2456 858 2527 inihi
897 2492 998 2529 non
1028 2475 1179 2530 liceat
1209 2478 1396 2543 dicere,
1440 2487 1566 2543 etc.,
1613 2478 1709 2532 sed

130 2564 268 2628 quasi
294 2565 672 2632 subdubitans,
705 2566 929 2621 liceatne
970 2568 1071 2622 sibi
1106 2569 1461 2637 Augustinum
1495 2579 1710 2623 contra-

132 2656 368 2713 dictionis
399 2660 668 2727 incusare,
695 2674 739 2714 st
772 2662 920 2725 mihi,
953 2661 1146 2730 inquit,
1170 2676 1272 2717 non
1311 2678 1488 2717 Ltcsr.
1516 2663 1582 2716 At
1612 2676 1713 2715 nec

132 2749 352 2813 primum
387 2750 484 2804 tibi
515 2750 640 2805 licet
666 2751 867 2817 dicere,
901 2767 1076 2818 neque
1104 2754 1330 2807 alterum
1370 2752 1450 2806 fas
1478 2762 1560 2807 est
1597 2767 1713 2807 cre-

131 2837 264 2905 dere,
297 2856 496 2911 nempe
526 2841 823 2897 doctrinam
848 2842 1021 2899 sancti
1048 2843 1335 2915 Augustini
1361 2860 1470 2897 esse
1498 2844 1713 2897 intrica-

134 2932 386 3002 tissimam,
434 2935 630 3005 insigni
661 2936 804 2991 enitn
850 2945 976 2989 nota
1022 2936 1417 3005 praeclarissimi
1458 2935 1714 2991 Ecclesia:

134 3023 359 3091 magistri
390 3024 561 3080 libros
599 3025 789 3092 allicis,
822 3042 983 3094 quam
1017 3036 1107 3081 tuo
1134 3026 1327 3080 Suario
1361 3028 1447 3081 vel
1481 3026 1712 3095 Vasquio

134 3111 301 3167 lnft-rri
346 3130 376 3168 a
431 3115 685 3184 quopiam
734 3116 956 3171 minime
990 3117 1286 3186 patereris.
1338 3114 1507 3171 Crede
1555 3117 1709 3181 mihi,

1815 1929 1901 1982 isti
1955 1929 2235 1997 Augustini
2267 1942 2522 1981 censores
2574 1928 2894 1993 producunt,
2945 1930 3085 1997 quod
3137 1928 3404 1999 Pelagiani

1811 2035 1875 2073 ac
1900 2020 2345 2090 Semi-Peiagiaui
2375 2031 2501 2073 ante
2526 2019 2808 2074 duodecim
2838 2021 3032 2075 stecula
3065 2030 3252 2076 sancto
3278 2022 3406 2076 doc-

1816 2109 1914 2165 tori
1947 2124 2055 2164 non
2100 2110 2467 2176 opposueriut.
2511 2108 2759 2164 Julianus
2803 2110 3211 2177 Pelagianorum
3257 2110 3407 2165 inso-

1815 2202 2146 2256 lentissimus
2174 2200 2276 2254 hoc
2304 2199 2602 2268 Augustino
2634 2200 2817 2254 vitium
2855 2199 3117 2268 objiciens
3144 2200 3358 2255 dicebat
3386 2217 3403 2254 ιι

1818 2311 1836 2342 ε
1870 2293 1924 2348 Si
1958 2292 2077 2359 quis
2124 2300 2215 2344 aut
2257 2291 2486 2345 liberum
2546 2291 2599 2344 in
2651 2289 2959 2346 hominibus
2987 2291 3269 2345 arbitrium
3316 2302 3408 2348 aut

1814 2384 1978 2439 Deum
1999 2398 2119 2438 esse
2150 2383 2483 2436 nascentium
2515 2383 2851 2436 conditorem
2883 2381 3096 2446 dixerit,
3129 2382 3407 2438 Caelestiu-

1813 2491 1913 2528 nus
1943 2483 1998 2529 et
2030 2473 2351 2542 Pelagianos
2382 2485 2619 2528 vocatur.
2654 2474 2733 2529 Ne
2769 2476 2928 2543 igitur
2949 2484 3207 2530 vocentur
3237 2474 3405 2533 luere-

1814 2567 1923 2629 tici,
1961 2567 2093 2620 liuttt
2134 2566 2437 2629 Manicltaai,
2474 2578 2529 2621 et
2574 2568 2703 2622 dum
2754 2568 2943 2622 falsam
2992 2577 3245 2623 verentur
3272 2568 3408 2623 infa~

1815 2656 2001 2720 miam,
2033 2671 2217 2709 verum
2245 2658 2450 2711 crimen
2476 2658 2778 2721 incurrunt,
2806 2660 2974 2711 instar
2998 2657 3257 2724 ferarum,
3287 2674 3408 2728 qua:

1815 2750 2217 2802 circumdantur
2250 2750 2444 2816 pinnis,
2478 2759 2533 2801 ttt
2590 2759 2851 2817 cogantur
2893 2752 2944 2804 in
2994 2751 3149 2804 retia.
3182 2768 3202 2801 ι
3253 2751 3407 2820 Apttd

1817 2840 2173 2908 Augustinum
2234 2839 2326 2893 lib.
2382 2855 2418 2894 ιι
2475 2839 2542 2893 de
2583 2838 2790 2908 Nuptiis
2851 2850 2907 2896 et
2952 2842 3405 2911 concupiscentia,

1819 2946 1934 2999 cap.
1976 2934 2031 2995 3,
2064 2947 2220 3000 quam
2251 2948 2280 2985 a
2325 2948 2385 2987 se
2428 2941 2483 2987 et
2522 2934 2733 2988 caeteris
2773 2933 3051 2990 catholicis
3083 2936 3405 2991 calumniam

1817 3022 2028 3078 erudite
2071 3023 2265 3078 ibidem
2296 3034 2516 3077 sanctus
2553 3024 2744 3077 doctor
2782 3028 3036 3080 excussit.
3083 3027 3195 3083 Hoc
3231 3028 3406 3098 ipsum

1816 3113 2259 3182 Semi-Pelagiani
2283 3114 2646 3183 publicabant,
2681 3124 2736 3169 ut
2762 3117 3005 3185 ejusdem
3031 3121 3405 3175 auctoritatem

135 3202 258 3257 haud
289 3203 379 3260 tibi
409 3206 616 3260 licitum
643 3214 730 3261 est
761 3215 865 3260 tam
897 3206 1104 3276 abjecte
1146 3207 1214 3262 de
1256 3208 1553 3276 Augustino
1586 3220 1710 3261 sen-
1739 3212 1782 3273 C
1815 3206 2203 3263 convellerent.
2259 3207 2384 3261 Haec
2434 3218 2560 3263 sunt
2616 3208 2857 3265 Cassiani
2905 3214 3091 3283 verba,
3142 3228 3263 3283 cap.
3314 3216 3405 3280 Η,
3430 3221 3452 3243 ‘

134 3295 241 3350 tire.
286 3297 417 3362 Quid
450 3299 601 3353 enim
648 3298 1000 3367 irreligiosius
1046 3299 1163 3353 ﬁeri
1194 3307 1367 3368 potest
1410 3315 1571 3367 quam
1604 3301 1710 3353 Au-

131 3387 378 3452 gustinum
410 3388 583 3443 veluti
614 3389 995 3444 multiformem
1027 3389 1080 3445 in
1106 3390 1390 3446 sentiendo
1417 3388 1706 3445 Protbenm

130 3476 386 3547 tnducere,
419 3481 591 3537 modo
617 3482 997 3545 affirmantem,
1026 3481 1185 3537 modo
1210 3491 1517 3552 negantem,
1549 3481 1710 3535 modo

130 3568 308 3637 album,
341 3572 515 3627 modo
556 3573 783 3642 nigrum,
819 3581 897 3627 tot
934 3574 987 3628 in
1015 3573 1203 3628 eadem
1238 3586 1396 3626 scena
1421 3571 1712 3626 cothurnos

130 3659 336 3718 subinde
376 3664 731 3719 mutantem?
773 3663 888 3718 Non
930 3664 1095 3733 igitur
1146 3663 1447 3717 contrarius
1485 3662 1587 3717 sibi
1629 3671 1714 3717 est

129 3750 453 3820 Augustinus,
504 3755 595 3809 sed
632 3755 872 3809 Adatnus
910 3763 1098 3809 contra
1140 3768 1199 3810 se
1228 3764 1445 3824 pugnat,
1471 3753 1560 3822 qui
1590 3768 1710 3808 cum

129 3839 173 3893 in
196 3843 324 3899 libro
354 3846 709 3915 inscripserit
742 3846 955 3901 titulum
992 3863 1005 3899 :
1043 3844 1286 3901 Calvinus
1313 3847 1479 3901 sancti
1514 3846 1713 3914 Augus-

128 3930 213 3984 tini
258 3938 411 3991 armis
459 3937 799 4001 destructus,
852 3936 1084 3992 mirabili
1131 3936 1428 3992 constantia
1479 3936 1714 3991 alfirmat

126 4035 231 4091 cap.
261 4026 315 4094 4,
347 4044 470 4099 pag.
519 4026 647 4093 596,
688 4028 883 4097 scripta
927 4031 1096 4083 sancti
1140 4029 1423 4097 Augustini
1460 4043 1563 4081 non
1594 4042 1714 4082 esse

134 4116 249 4170 Satis
287 4130 408 4188 apta
458 4123 537 4176 ad
589 4121 927 4175 exarmamlos
968 4119 1292 4175 Calvinistas.
1343 4105 1494 4176 Unde
1541 4119 1715 4189 lepida

139 4210 298 4276 magni
320 4212 561 4269 ductoris
585 4215 870 4281 sententia,
902 4214 995 4268 lib.
1024 4230 1056 4268 v
1079 4222 1261 4268 contra
1292 4213 1485 4269 Julian.
1515 4228 1632 4281 cap.
1660 4213 1713 4279 5,

141 4292 289 4355 hocce
334 4314 494 4374 caput
521 4304 843 4360 claudamus
886 4324 901 4360 :
939 4324 957 4356 (
1006 4304 1119 4359 Non
1164 4316 1288 4359 sunt
1326 4321 1473 4375 ergo,
1522 4306 1713 4375 inquit,

141 4390 285 4445 verba
327 4409 446 4449 mea
479 4398 626 4450 inter
652 4409 712 4451 se
750 4398 1035 4458 contraria,
1069 4395 1312 4466 quamvis
1346 4406 1397 4450 te
1426 4397 1711 4463 patiantur,

144 4482 212 4533 vel
239 4499 338 4540 non
361 4486 736 4558 intelligendo,
761 4488 845 4543 vel
874 4489 1009 4543 alios
1036 4489 1334 4559 intelligere
1357 4504 1463 4544 non
1490 4490 1715 4545 sinendo

1815 3297 1994 3351 Collat.
2045 3298 2112 3352 15
2162 3313 2178 3351 :
2228 3297 2379 3352 Multi
2409 3299 2552 3353 enim
2599 3299 2806 3370 singula
2854 3301 2970 3357 bzec
2999 3304 3302 3371 credentes,
3345 3298 3408 3359 ac

1810 3385 1957 3453 justo
2004 3386 2236 3454 amplius
2284 3398 2614 3453 asserentes,
2660 3393 2821 3444 variis
2869 3392 3078 3461 sibique
3121 3398 3407 3449 contrariis

1816 3487 1942 3531 sunt
1968 3478 2246 3531 erroribus
2271 3480 2515 3532 involuti.
2555 3499 2573 3531 ι
2606 3479 2751 3534 idem
2777 3481 2944 3535 habet
2974 3483 3203 3539 Faustus
3234 3487 3326 3541 lib.
3358 3503 3399 3549 l,

1816 3582 1935 3635 cap.
1972 3569 2021 3631 l,
2074 3569 2106 3621 6
2152 3577 2207 3621 et
2242 3568 2325 3619 l7.
2361 3570 2427 3621 Et
2470 3569 2522 3621 bi
2568 3570 2784 3637 quidem
2832 3572 2908 3624 uti
2956 3573 3407 3641 impudentissimi

1815 3657 2156 3712 oblocutores
2182 3655 2380 3711 acriter
2408 3659 2878 3727 reprehenduntur
2906 3661 2959 3713 in
2994 3662 3219 3731 epistola
3246 3678 3404 3734 quam

1816 3749 2111 3804 leestino
2148 3762 2301 3818 papa:
2340 3752 2669 3805 recentiores
2716 3752 3033 3820 quibuscum
3072 3754 3407 3824 disputamus

1816 3845 2133 3900 ascribunt:
2170 3863 2189 3897 ι
2241 3846 2376 3912 Quia
2414 3845 2684 3910 nonnulli,
2743 3848 2952 3917 inquit,
3004 3850 3094 3918 qui
3142 3849 3407 3905 catholico

1820 3936 2038 3991 nomine
2063 3937 2384 4006 gloriantur,
2419 3939 2472 3991 itt
2504 3940 2772 3992 damnatis
2810 3947 2992 3994 autem
3030 3941 3405 3997 hmreticorunt

1817 4029 2087 4093 sensibus,
2120 4044 2215 4083 seu
2262 4030 2525 4096 pravitate
2571 4030 2686 4084 sive
2728 4028 2996 4099 impaitia
3040 4033 3405 4101 demorantes,

1821 4122 2076 4189 piissimis
2109 4122 2531 4190 disputatoribus
2562 4124 2783 4177 obviare
2824 4136 3172 4194 praesumunt,
3206 4134 3406 4182 etcum

1822 4211 2093 4281 Pelagium
2123 4224 2282 4282 atque
2308 4214 2620 4269 Coelestium
2647 4216 3103 4274 anathematizare
3133 4234 3236 4273 non
3254 4221 3410 4277 dubi.

1823 4311 1955 4370 tent,
1990 4303 2257 4372 magistris
2298 4314 2475 4357 tamen
2517 4308 2714 4360 nostris
2753 4318 3006 4377 tanquam
3046 4310 3408 4363 necessnriunt

1825 4394 2041 4449 modum
2089 4396 2463 4463 excesserint,
2513 4398 2896 4467 obloquuntur.
2936 4419 2955 4453 ›
3010 4399 3078 4454 Ut
3124 4400 3196 4453 sit
3248 4402 3408 4453 nimia

1821 4488 2066 4555 qumdam
2109 4489 2469 4542 recentiorum
2501 4492 2836 4557 animositas,
2878 4491 3129 4545 damnata
3169 4490 3409 4544 convicia

143 4578 476 4633 contrarium.
514 4600 533 4632 ι
574 4579 847 4648 Additque
873 4597 891 4634 ε
928 4599 945 4631 t
978 4580 1055 4635 Tu
1082 4596 1232 4651 ergo,
1257 4581 1348 4649 qui
1374 4582 1427 4636 in
1457 4597 1544 4635 me
1564 4581 1713 4650 quasi
1748 4591 1797 4649 Β
1824 4581 2016 4634 iterum
2071 4578 2125 4633 in
2178 4580 2533 4650 Augustinum
2582 4583 2737 4652 pleno
2778 4599 2872 4637 ore
2920 4583 3296 4637 eructantiunt.
3348 4584 3413 4637 Et

147 4672 423 4724 sententias
454 4674 598 4727 inter
621 4688 680 4726 se
704 4682 999 4741 pugnantes
1032 4673 1247 4738 notasti,
1281 4686 1333 4727 et
1360 4674 1713 4737 momordisti,

148 4768 336 4822 expone
365 4762 823 4830 quemadmodum
858 4764 950 4818 tibi
983 4764 1098 4832 ipse
1129 4765 1453 4827 constiteris,
1492 4779 1591 4819 nec
1627 4762 1717 4818 tibi

150 4842 249 4912 ipse
271 4853 554 4909 resuteris.
589 4872 609 4904 ι

748 4944 977 5002 CAPUT
1016 4946 1100 5001 Ill.

153 5049 453 5114 Recentiores
492 5062 658 5114 stnrcti
708 5062 981 5129 Augustini
1022 5062 1309 5113 doctrinam
1352 5069 1530 5113 contra
1570 5059 1726 5114 Pela-

157 5150 171 5166 ι
526 5133 704 5201 gianos
739 5148 974 5184 excessus
1012 5132 1332 5185 insimulant.

222 5212 468 5273 Nonnulli
500 5223 795 5291 scriptores
825 5232 1091 5287 recentes,
1126 5224 1212 5289 qui
1245 5224 1398 5278 dere
1427 5224 1727 5295 theologica

159 5300 307 5359 libros
333 5310 576 5375 edidere,
608 5328 728 5367 cum
768 5315 935 5368 sancti
974 5314 1255 5381 AuguStini
1298 5316 1619 5370 auctoritate
1650 5319 1723 5370 ni-

162 5397 309 5452 mium
344 5418 402 5458 se
432 5407 600 5471 premi
644 5421 768 5460 sero
789 5406 900 5476 jam
932 5406 1146 5461 tandem
1186 5408 1440 5474 sentiant,
1478 5409 1729 5477 illamque

163 5491 318 5553 Palam
348 5497 577 5565 rejicere
604 5500 981 5567 reformident,
1008 5516 1075 5555 ne
1095 5515 1161 5554 eo
1190 5500 1242 5554 in
1268 5516 1458 5570 campo
1487 5502 1728 5558 hostibus

162 5581 239 5644 Qui
280 5586 555 5660 Augustini
602 5607 798 5648 nomen
830 5592 1026 5660 ubique
1071 5593 1378 5656 inclamant,
1426 5594 1620 5648 cedere
1649 5595 1730 5647 vi.

165 5658 564 5743 Δαδίκαι-,πιονο
587 5683 816 5738 crimine
839 5695 1026 5739 sancto
1048 5683 1253 5737 doctori
1278 5686 1531 5753 impacto,
1556 5685 1728 5737 eidem

167 5776 218 5819 se
242 5770 528 5830 subducere
552 5786 823 5835 conantur
860 5797 873 5835 :
901 5777 1146 5848 inquiunt
1172 5778 1316 5833 enim
1360 5778 1727 5847 Augustinum,

1822 4671 2034 4741 quidem
2081 4675 2435 4742 Augustinus,
2477 4690 2598 4729 cum
2644 4677 2890 4730 universa
2939 4676 3033 4728 abs
3086 4689 3147 4729 se
3192 4688 3410 4728 exarata

1824 4765 2096 4819 volumina
2141 4768 2382 4821 censoria
2432 4770 2719 4823 severitate
2768 4768 3094 4833 corrigeret,
3148 4776 3308 4837 atque
3360 4771 3409 4820 in

1824 4857 2106 4911 laudandis
2149 4859 2441 4912 l‘latonicis
2484 4860 2698 4913 modum
2739 4872 2799 4911 se
2845 4857 3145 4913 excessisse
3183 4861 3414 4930 ingenue

1826 4950 2087 5004 fateretur
2117 4950 2210 5002 lib.
2257 4965 2273 5002 ι
2318 4950 2556 5003 Retract.
2597 4964 2716 5015 cap.
2751 4951 2805 5013 l,
2849 4958 2925 5004 tot
2967 4952 3017 5004 in
3040 4938 3413 5023 expugnandis

1829 5039 2128 5106 Pelagianis
2155 5052 2407 5093 exces-us
2432 5054 2559 5093 suos
2579 5054 2684 5093 non
2712 5041 3112 5109 animadvertit,
3136 5060 3253 5099 eam
3279 5046 3414 5099 forte

1828 5146 2111 5184 censuram
2137 5129 2529 5186 recentioribus
2552 5133 2886 5203 relinquens,
2911 5151 3068 5206 quam
3102 5138 3176 5191 uti
3206 5152 3411 5206 appen-

1828 5220 2002 5273 dicem
2046 5220 2504 5275 ltetractationum
2546 5222 2700 5278 libris
2732 5237 3083 5295 apponerent.
3130 5228 3271 5282 Sane
3313 5227 3416 5279 hoc

1830 5314 2019 5383 clypeo
2047 5329 2104 5366 se
2136 5317 2307 5366 munit
2336 5313 2587 5369 Calvinus
2620 5330 2809 5373 contra
2841 5320 3056 5374 Patrum
3089 5319 3413 5373 testimonia.

1835 5407 1994 5461 Illius
2015 5407 2175 5460 verba
2219 5417 2343 5460 sunt
2389 5410 2527 5473 apud
2568 5410 2832 5478 Taperum
2880 5422 2982 5467 art.
3034 5414 3064 5463 7
3110 5412 3177 5465 de
3225 5410 3419 5466 [.ibero

1835 5500 2072 5553 Arbitrio
2106 5516 2117 5551 :
2157 5518 2175 5549 ι
2206 5500 2396 5565 ϐταευί,
2423 5512 2481 5556 et
2500 5517 2607 5568 prie
2630 5504 2747 5557 aliis
2777 5515 2935 5573 atque
2967 5505 3105 5557 inter
3123 5518 3216 5558 eos
3241 5504 3392 5574 singu

1837 5592 2023 5646 lariter
2052 5592 2494 5661 Cbrysostomus,
2531 5593 2581 5644 in
2609 5594 2915 5647 cxtollenda
2957 5594 3203 5649 humanae
3234 5596 3410 5649 volun-

1840 5683 1963 5738 tatis
1985 5684 2239 5739 facultate
2262 5699 2440 5738 uonun
2472 5700 2794 5740 excesseris.
2821 5704 2840 5737 ›
2872 5687 2937 5739 Et
2959 5686 3081 5743 licet
3104 5690 3421 5759 quandoque

1841 5792 1983 5847 trgre
2028 5778 2207 5833 tulerit
2240 5778 2378 5833 hunc
2416 5790 2691 5833 excessum
2726 5796 2751 5832 a
2803 5776 2991 5849 Pighio
3020 5776 3089 5835 in
3129 5780 3419 5851 Augustino
