3892 6302
444 366 547 422 595

1344 361 1915 425 SUPPLEMENTUM
1957 359 2048 416 AD
2075 359 2303 417 OPERA
2344 361 2403 418 S.
2447 358 2834 418 ΑυουδΤιΝι.

3622 357 3737 414 596

442 491 655 553 quoque
700 476 926 547 culpari,
976 483 1213 531 attamen
1262 476 1452 531 eodem
1500 474 1630 531 vitio
1676 478 2030 548 Augustinum
2060 485 2111 543 Α
2138 476 2261 529 sarii
2288 485 2471 529 contra
2500 474 2638 529 duos
2665 476 2902 531 illustres
2926 473 3183 529 Ecclesia:
3204 471 3453 530 doctores
3477 486 3734 530 sanctum

442 569 604 627 etiam
634 568 907 624 laborasse
928 568 1118 623 eadem
1147 567 1367 621 audacia
1393 576 1729 621 commentus
1759 580 1864 635 est,
1895 571 2033 624 scri-

444 662 577 718 bens
625 662 765 732 quod
818 680 837 713 (
894 678 961 715 ne
1010 660 1289 729 Augustini
1347 659 1563 729 quidem
1617 661 1879 716 sententia
1934 678 2034 716 pen

446 768 607 807 onata
658 751 963 820 recipienda
1015 760 1114 806 est.
1156 770 1174 802 ι
1231 750 1435 817 Quibus
1488 752 1660 820 palam
1709 754 2036 821 signiﬁcavit

449 844 568 910 plus
600 843 887 910 aliquando
921 852 1164 897 sanctum
1196 841 1471 896 doctorem
1514 842 1713 896 dixisse
1748 858 1905 908 quam
1938 859 2033 898 ve-

446 934 613 999 ritati,
657 949 715 988 se
740 934 944 1003 judice,
995 934 1345 1005 congruebat.
1393 933 1641 988 Profecto
1688 935 1733 988 si
1779 949 2035 990 excessus

446 1026 556 1089 isti,
588 1037 641 1079 et
671 1026 885 1094 quidem
915 1026 1065 1095 juxta
1103 1026 1444 1079 adversarios
1475 1026 1607 1080 satis
1645 1026 1696 1078 in
1739 1025 2035 1093 Augustino

447 1116 776 1183 frequentes.
810 1116 1181 1179 admittantur,
1214 1116 1498 1183 eidemque
1529 1115 1660 1169 vitio
1696 1115 1786 1169 alii
1821 1129 2035 1184 quoque

450 1206 636 1261 Patres
685 1206 1059 1277 subiiciantur,
1112 1208 1259 1262 nullo
1301 1208 1685 1277 prOpemudum
1724 1218 2033 1262 sanctorum

449 1297 758 1352 testimonio
805 1298 1041 1352 lta'retici
1106 1298 1349 1352 convinci
1411 1306 1692 1364 poterunt;
1744 1298 1835 1351 ubi
1889 1298 2033 1351 enim

450 1389 626 1456 aliqua
663 1388 880 1442 Patrum
918 1389 1188 1444 sententia
1229 1404 1289 1443 se
1327 1388 1493 1454 premi
1528 1389 1817 1455 senserint,
1851 1402 2035 1441 exces-

451 1479 589 1535 sisse
627 1480 848 1535 eosdem
890 1481 1214 1545 clamabunt,
1262 1494 1363 1549 qua
1404 1480 1607 1533 ratione
1652 1480 1889 1533 omnium
1935 1493 2036 1533 ve-

453 1581 627 1627 terum
668 1572 958 1626 auctoritas
989 1571 1233 1634 labaseit,
1276 1578 1331 1625 et
1357 1570 1532 1625 omnis
1562 1570 1628 1623 ad
1680 1570 2036 1625 heterodoxos

450 1662 849 1718 convincendos
873 1663 956 1717 via
987 1662 1352 1731 praecluditur.

455 1797 482 1867 §
527 1798 567 1853 Ι.
615 1798 754 1864 Quid
785 1799 990 1853 nomine
1019 1813 1270 1853 excessus
1306 1800 1611 1852 recentiores
1641 1797 1927 1866 intelligant
1960 1797 2041 1848 in-

520 1871 767 1939 quiritur.
799 1870 1107 1924 Sanctorum
1141 1869 1349 1922 Thema:
1375 1886 1436 1922 ac
1476 1868 1847 1922 Bonaventurw
1899 1868 2039 1920 testi-

522 1941 695 2011 monia
736 1940 938 2011 Veisdem
987 1956 1089 1993 non
1138 1940 1436 2011 suﬂ‘ragari.
1489 1938 1742 1993 Eacessus
1774 1953 2038 2005 perperam

522 2008 810 2079 Augustino
840 2012 1014 2079 objici.

521 2120 579 2177 Si
608 2124 939 2178 recentiores
966 2124 1356 2194 interrogemus
1379 2125 1505 2194 quid
1534 2124 2039 2193 Augustinianorum

453 2229 773 2269 excessuum
818 2216 1033 2270 nomine
1082 2217 1399 2285 intelligant,
1442 2216 1731 2279 respondet
1778 2214 2035 2277 Adamus,

453 2319 576 2374 pag.
601 2307 729 2369 626,
760 2308 1112 2373 Augustinum
1137 2310 1273 2360 ultra
1297 2308 1525 2361 veritatis
1544 2307 1730 2360 limites
1758 2308 2041 2360 excurrisse

453 2397 611 2448 nimio
639 2398 997 2465 disputationis
1027 2410 1155 2453 wstu
1185 2416 1473 2465 accensum,
1503 2401 1763 2467 visumque
1788 2398 2040 2452 htereticis

456 2489 641 2557 favere.
685 2488 848 2542 Addit
878 2489 1139 2555 Annatus,
1183 2508 1299 2562 pag.
1349 2491 1453 2546 862
1492 2509 1504 2543 :
1542 2491 1607 2544 Ut
1636 2493 1700 2544 sit
1732 2493 1888 2543 nimia
1914 2506 2041 2543 seve-

453 2579 582 2632 ritas
633 2591 679 2632 et
729 2580 907 2645 iniqua
954 2585 1186 2650 vexatio,
1230 2598 1343 2652 qua:
1390 2583 1617 2636 medium
1665 2582 1795 2635 illud
1840 2583 1893 2634 in
1941 2597 2041 2650 quo

455 2671 639 2725 veritas
677 2672 825 2724 sedet
861 2673 1148 2744 transgredi
1172 2675 1339 2743 jubet,
1390 2676 1435 2727 si
1485 2683 1675 2743 prteeat
1705 2674 2038 2743 Augustinus.

454 2760 715 2817 Fateatur
744 2772 919 2818 tamen
968 2780 1074 2818 non
1112 2766 1181 2819 oh
1232 2764 1334 2821 hoc
1378 2764 2042 2833 Augustinmn'mentitum

455 2867 597 2919 esse,
618 2854 735 2919 sed,
767 2856 1052 2925 utegregie
1086 2855 1353 2910 Moraines
1381 2857 1786 2923 interpretatur,
1813 2871 2043 2909 INSOlEN-

456 2958 560 2997 nn
589 2944 841 3015 loquendo
870 2946 1094 3014 quidem,
1140 2957 1195 2998 ut
1232 2947 1499 3011 sentiebat,
1531 2946 1620 2999 sed
1656 2953 1782 2998 testu
1813 2946 2047 3007 disputa-

457 3036 612 3088 tionis
640 3046 689 3089 et
713 3037 1024 3090 vehementia
1064 3038 1277 3105 spiritus
1306 3038 1373 3089 ad
1406 3038 1624 3090 alterum
1658 3044 1937 3089 extremum
1967 3038 2046 3089 in-

458 3128 659 3181 terdum
691 3128 975 3181 declinasse
1004 3144 1337 3183 INTELLECTU
1382 3144 1534 3191 ,ερατ-ι
1574 3144 1638 3182 ac
1672 3143 1877 3192 VERBIS,
1906 3130 2044 3198 quod

2137 565 2395 619 Thomam
2432 574 2489 621 et
2529 575 2779 621 sanctum
2813 567 3262 631 Bonaventuram,
3303 567 3392 635 qui
3426 567 3592 622 hosce
3625 582 3731 622 ex—

2136 671 2321 713 cessus
2371 659 2422 711 in
2475 658 2626 713 libris
2673 659 2845 713 sancti
2900 658 3181 727 Augustini
3228 657 3461 713 confessi
3510 660 3675 714 sunt?
3710 679 3730 710 ι

2140 748 2269 821 Pag.
2296 749 2425 807 629.
2448 751 2653 821 ,Erigat
2680 760 2961 819 utramque
2995 765 3180 806 aurem
3206 749 3484 817 ‘Adamus,
3517 750 3737 806 audiat-

2138 856 2239 911 que
2267 842 2393 910 quid
2434 856 2778 911 reponamus.
2827 840 2936 895 Vos
2977 841 3335 919 Augustinum
3382 842 3433 895 in
3471 856 3736 897 excessus

2138 932 2443 1000 prolapsum
2473 932 2751 996 dictitatis,
2771 932 2912 1001 quod
2942 942 3049 997 est,
3083 931 3325 987 veritatis
3354 932 3552 987 limites
3584 948 3734 1002 pra»

2139 1031 2463 1092 tergressum
2493 1021 2675 1087 fuisse,
2704 1024 2964 1076 intellectu
2992 1039 3135 1090 teque
3160 1039 3223 1075 ac
3247 1023 3430 1087 verbis,
3458 1026 3596 1093 quod
3627 1041 3735 1078 non

2137 1121 2208 1166 est
2241 1113 2464 1179 mentiri,
2494 1114 2583 1166 sed
2626 1113 2764 1181 (alti,
2807 1128 2926 1182 qua:
2955 1113 3200 1168 Morainii
3229 1114 3500 1169 confessio
3526 1125 3645 1179 est;
3680 1126 3734 1169 at

2137 1202 2467 1271 Seraphieus
2509 1202 2706 1257 Doctor
2749 1218 3032 1260 excessum
3073 1204 3219 1259 illum
3261 1220 3368 1260 non
3411 1196 3731 1271 intellectui,

2136 1296 2228 1350 sed
2260 1295 2439 1350 verbis
2482 1296 2687 1349 tantum
2725 1292 3010 1365 Augustini
3040 1290 3335 1365 deputavit,
3380 1296 3499 1365 plus
3530 1298 3731 1361 dicens,

2139 1386 2330 1455 inquit,
2361 1386 2530 1439 minus
2560 1386 2728 1440 volens
2762 1386 2998 1455 intelligi,
3027 1386 3168 1455 quod
3199 1396 3305 1453 εει,
3339 1396 3589 1441 sanctum
3618 1391 3733 1441 Au-

2138 1483 2407 1549 gustinum
2449 1493 2555 1533 non
2596 1489 2798 1544 mente,
2841 1479 2935 1533 sed
2988 1478 3315 1534 verbotenus
3356 1478 3731 1544 solummodo,

2138 1584 2245 1623 non
2295 1583 2505 1635 reapse,
2557 1569 2651 1623 sed
2693 1578 3016 1639 apparenter
3060 1568 3195 1623 citra
3237 1568 3396 1623 ullam
3442 1568 3731 1625 falsitatem

2140 1657 2465 1727 expressiori
2495 1659 2725 1728 quodam
2758 1660 3021 1715 vocabulo
3052 1674 3231 1724 usum,
3263 1675 3456 1727 nempe
3484 1661 3627 1732 ignis
3665 1663 3732 1715 ad

2142 1752 2423 1806 infantium
2468 1767 2655 1820 poenas
2682 1754 3048 1823 explicandas,
3087 1770 3209 1808 cum
3242 1763 3419 1809 tamen
3450 1755 3503 1809 id
3540 1770 3609 1809 ex
3641 1757 3733 1810 Se-

2074 1847 2114 1905 B
2144 1842 2345 1913 raphici
2377 1844 2632 1913 opinione
2681 1844 2819 1899 haud
2862 1845 2952 1899 ille
3000 1855 3182 1899 mente
3227 1845 3473 1900 sentiret.
3526 1847 3736 1900 Adver-

2140 1934 2269 1989 sarii
2296 1945 2473 1991 autem
2504 1936 2854 2006 Augustinum
2888 1952 3223 1991 tarcLLecru
3257 1951 3409 2000 .EQUE
3440 1951 3507 1992 ac
3546 1953 3734 1994 vannis

2141 2024 2335 2080 falsum
2366 2027 2600 2082 tenuisse
2624 2027 2975 2082 contendunt.
3035 2046 3039 2065 ι

2212 2117 2325 2182 Qua
2357 2132 2489 2174 vero
2540 2119 2748 2173 ratione
2783 2134 2879 2174 eos
2931 2119 3317 2176 llonaventurte
3361 2120 3734 2177 testimonium

2140 2207 2308 2277 juvet,
2357 2209 2512 2277 plane
2557 2226 2662 2263 non
2720 2211 2895 2277 video,
2946 2226 3065 2265 cum
3121 2228 3277 2281 quam
3324 2212 3737 2283 Augustinianzn

2144 2306 2305 2359 merui
2348 2305 2630 2361 falsitatem
2672 2306 2773 2373 ip’si
2807 2308 3116 2376 important,
3151 2307 3219 2361 ab
3246 2306 3435 2362 eadem
3468 2308 3734 2377 Seraphi-

2140 2409 2236 2450 cus
2269 2395 2452 2461 procul
2483 2398 2754 2451 amoveat.
2809 2398 2925 2451 Non
2956 2406 3039 2451 est
3069 2397 3231 2466 igitur
3275 2413 3371 2452 cur
3402 2399 3547 2453 illius
3588 2401 3739 2456 cele-

2144 2485 2361 2540 berrimi
2388 2485 2624 2541 doctoris
2654 2488 2967 2557 sull'ragium
2994 2489 3240 2555 jactetis;
3273 2489 3365 2544 ille
3393 2492 3566 2558 enim,
3591 2494 3737 2561 quod

2146 2575 2211 2629 ad
2264 2577 2547 2645 Augustini
2594 2591 2852 2633 excessus
2880 2579 3133 2647 pertinet,
3184 2580 3328 2633 nullo
3366 2591 3526 2649 pacto
3552 2582 3739 2638 vobis-

2145 2682 2265 2722 cum
2292 2670 2547 2723 eoncinit.‘
2588 2670 2696 2726 Sed
2738 2685 2911 2740 neque
2940 2672 3111 2725 sancti
3140 2670 3364 2726 Thomas
3405 2672 3616 2728 dictum
3652 2690 3741 2729 vo-

2146 2759 2230 2814 bis
2279 2759 2603 2831 suﬂ‘ragatur
2634 2777 2648 2814 :
2682 2776 2805 2815 nam
2856 2760 2981 2816 dum
3024 2762 3152 2816 dicit
3189 2750 3547 2832 Augustinum
3598 2766 3743 2836 large

2149 2851 2407 2917 locutum,
2456 2851 2653 2908 indicat
2701 2852 2851 2907 illum
2900 2852 3208 2922 expressius
3256 2862 3458 2908 tantum
3514 2855 3743 2911 verbum

2148 2945 2484 3009 adhibuisse,
2545 2960 2651 2999 non
2705 2945 2951 3000 eumdem
3001 2946 3242 3000 veritatis
3292 2947 3461 3000 lineas
3517 2958 3743 3021 practer-

2150 3050 2418 3105 gressum.
2475 3038 2645 3107 Large
2674 3038 3043 3107 accipiendum
3073 3040 3291 3092 verbum
3325 3040 3452 3092 illud
3480 3041 3741 3107 affirmat,

2149 3140 2253 3193 qua
2304 3127 2515 3183 ratione
2562 3128 2631 3182 ab
2678 3128 2977 3196 Augusnno
3024 3118 3298 3197 acceptum
3338 3116 3589 3183 credidit.
3648 3132 3743 3185 Et-

428 3242 433 3247 -
460 3232 561 3267 non
600 3225 673 3269 est
715 3218 937 3283 mentiri,
978 3220 1064 3269 διά
1109 3234 1291 3282 nam,
1337 3236 1404 3272 ετ
1452 3234 1639 3272 nter-tne
1668 3260 1669 3263 η
1694 3235 1897 3273 ratsuu
1934 3220 2042 3272 sine
2069 3207 2117 3271 C
2146 3219 2290 3274 en’m
2310 3229 2367 3273 ut
2392 3216 2602 3274 dicatur
2628 3213 2953 3291 Augustinus
2978 3221 3113 3274 ultra
3143 3223 3401 3275 veritatem
3430 3226 3746 3292 processisse

460 3310 744 3361 naemlacio.
777 3308 922 3377 Disp.
965 3310 1032 3366 .40
1066 3311 1480 3377 Anti—Jansenii,
1514 3322 1647 3367 sect.
1681 3311 1739 3375 6,
1772 3320 1919 3365 num‘.
1954 3311 2043 3365 65.

462 3400 627 3466 Igitur
656 3400 700 3452 si
735 3417 838 3455 nun
882 3402 1168 3466 mendacii,
1202 3403 1447 3457 falsitatis
1480 3414 1655 3457 tamen
1694 3412 1893 3472 aperta:
1922 3418 2045 3459 reus

462 3492 793 3559 Augustinus
829 3493 965 3560 apud
1013 3494 1372 3548 recentiorum
1416 3495 1645 3548 tribunal
1686 3495 2043 3550 convincitur.

462 3583 579 3648 Quo
608 3596 733 3635 vero
754 3582 896 3650 juste
924 3600 982 3637 se
1012 3584 1080 3637 ita
1114 3584 1182 3640 de
1206 3585 1504 3655 Augustino
1529 3585 1799 3655 judicasse
1832 3602 2049 3655 persua-

462 3679 642 3739 deant,
692 3677 979 3731 nonnullos
1020 3692 1117 3731 nec
1166 3679 1331 3733 inlimi
1380 3679 1616 3735 subsellii
1671 3680 1947 3751 theologus
1996 3682 2047 3735 in

464 3775 629 3821 testes
656 3778 868 3833 vocant,
899 3771 987 3839 qui
1034 3770 1219 3826 dixere
1261 3783 1503 3825 sanctum
1546 3772 1822 3826 doctorem
1861 3785 2047 3827 contra

465 3859 779 3927 Pelagianos
822 3859 1182 3927 disputantem
1233 3863 1553 3929 excessisse,
1604 3878 1830 3931 quorum
1886 3863 2048 3917 verba

463 3964 581 4016 cap.
612 3947 645 3999 5
678 3963 743 4001 ex
774 3949 1017 4015 professo
1041 3952 1496 4015 examinabimus;
1526 3952 1594 4006 de
1620 3953 1816 4007 sanctis
1845 3953 2049 4007 Thoma

464 4054 528 4092 ac
560 4038 927 4093 Bonaventura
960 4040 1086 4110 (hos
1126 4044 1267 4095 enim
1300 4043 1376 4097 illi
1418 4046 1717 4111 opponunt)
1766 4058 1930 4109 pauca
1966 4045 2052 4098 hic

466 4130 803 4185 adnotamus.
851 4130 982 4186 Cum
1013 4134 1114 4189 sub
1156 4136 1435 4205 Augustini
1483 4136 1697 4191 nomine
1725 4136 2049 4206 legeretur‘a

467 4221 736 4289 prioribus
764 4224 1098 4280 scholasticis
1129 4226 1266 4281 liber
1309 4228 1477 4281 sancti
1525 4229 1791 4296 Fulgentii
1823 4229 1890 4282 de
1924 4228 2052 4283 Fide

464 4310 531 4364 ad
578 4312 814 4380 Petrum,
861 4312 912 4367 in
953 4316 1106 4383 cujus
1154 4331 1274 4384 cap.
1305 4316 1373 4369 27
1418 4319 1678 4371 asseritur
1708 4332 1900 4385 pueros
1931 4333 2052 4373 eum

464 4403 582 4457 solo
607 4404 849 4470 originali
882 4414 1101 4471 peccato
1122 4405 1401 4461 defunctus
1428 4407 1562 4476 ignis
1586 4409 1895 4475 sempiterni
1928 4424 2055 4476 sup-

466 4479 626 4563 plicio
650 4494 844 4563 puniri,
885 4496 1103 4549 sanctus
1124 4495 1360 4552 Thomas
1396 4499 1556 4552 verba
1599 4501 1731 4569 ignis
1766 4514 1829 4554 ac
1854 4500 2057 4567 suppli-

2152 3311 2279 3381 (quo
2302 3311 2459 3367 modo
2484 3305 2736 3367 excessus
2757 3311 2897 3366 illius
2920 3304 3151 3380 explicat
3176 3311 3412 3367 Adamus
3434 3328 3555 3382 pag.
3581 3314 3742 3379 616),

2151 3404 2357 3474 stricte,
2416 3418 2599 3473 presse
2642 3418 2707 3459 ac
2750 3396 2970 3459 omnino
3008 3405 3248 3474 rigorose
3292 3404 3561 3460 dicendus"
3602 3406 3745 3461 foret

2152 3495 2447 3565 sumpsisse
2488 3509 2682 3550 nomen
2713 3495 2842 3550 illud
2883 3495 3149 3565 supplicii,
3197 3495 3430 3565 itemque
3466 3496 3743 3566 gehenntP,

2152 3593 2427 3656 cruciatus,
2462 3598 2604 3654 etc.;
2655 3567 2790 3643 alias
2818 3590 2863 3643 si
2893 3586 3043 3659 large
3069 3590 3307 3658 accepit,
3329 3590 3465 3643 intra
3496 3590 3745 3645 veritatis

2152 3671 2422 3734 cancellos
2466 3693 2589 3734 sese
2625 3679 2886 3733 eohihuit.
2944 3679 3106 3748 Igitur
3157 3679 3326 3733 sancti
3363 3680 3440 3733 illi
3489 3681 3748 3737 doctores

2153 3779 2336 3825 contra
2389 3770 2748 3824 recentiorum
2804 3770 2995 3839 placita
3046 3770 3179 3824 adeo
3215 3780 3396 3839 aperte
3450 3780 3635 3836 stant,
3695 3783 3746 3827 ut

2155 3860 2353 3913 mirum
2382 3861 2452 3913 sit
2479 3859 2615 3913 adeo
2650 3859 3049 3915 inconsiderate
3071 3858 3215 3929 juxta
3244 3873 3305 3912 ac
3326 3873 3519 3915 secure
3552 3874 3743 3916 contra

2157 3952 2508 4022 AuguStinum
2528 3950 2741 4016 adduci,
2775 3942 3011 4020 atquein
3044 3964 3228 4005 eorum
3255 3950 3433 4004 verbis
3462 3940 3656 4008 tantos
3679 3954 3742 4006 ab

2156 4042 2363 4097 Adamo
2410 4038 2654 4096 rumores
2700 4050 2812 4095 toto
2854 4040 3029 4109 capite
3067 4036 3293 4108 septimo
3322 4040 3571 4094 excitari.
3611 4043 3742 4095 Illud

2158 4148 2287 4188 vero
2328 4122 2547 4187 minime
2577 4132 2929 4188 omittendum
2960 4140 3063 4197 est,
3097 4146 3260 4200 penes
3293 4132 3501 4186 unicam
3548 4134 3745 4189 dictio-‘

2160 4239 2280 4278 nem
2308 4233 2363 4278 et
2388 4224 2555 4279 semel
2587 4234 2790 4278 tantum
2823 4224 2991 4278 asseri
3023 4224 3094 4277 ab
3134 4223 3242 4278 illis
3272 4234 3514 4278 sanctum
3550 4225 3743 4281 Docto-

2160 4332 2275 4372 rem
2305 4318 2617 4385 expressius
2644 4318 2901 4373 locutum.
2930 4318 2999 4373 At
3027 4334 3135 4387 quo
3165 4310 3390 4374 crimine
3415 4334 3474 4375 se
3503 4320 3743 4377 involvet

2160 4410 2512 4465 ducentorum
2541 4418 2593 4465 et
2626 4410 2854 4479 amplius
2884 4410 3220 4465 voluminum
3259 4411 3507 4479 scriptor,
3541 4413 3584 4465 si
3623 4430 3741 4467 ver-

2163 4501 2286 4554 bum
2319 4516 2426 4555 non
2469 4503 2541 4555 ita
2575 4502 2788 4569 proprie
2827 4503 2995 4555 semel
3026 4510 3228 4554 tantum
3262 4503 3584 4570 usurpavit?
3634 4502 3739 4559 Sed

465 4587 551 4651 cii,
585 4596 713 4651 etc.,
762 4586 908 4654 large
949 4586 1257 4653 accipienda
1296 4602 1417 4642 esse
1464 4590 1621 4653 dixit,
1660 4601 1851 4657 quaest.
1906 4590 1941 4643 5
1988 4589 2054 4643 de
2086 4587 2138 4646 D
2163 4592 2251 4646 hic
2274 4591 2613 4647 adversarios
2649 4588 2901 4659 rogamus
2927 4592 3164 4647 verbone
3208 4607 3314 4647 uno
3343 4602 3545 4647 tantum
3588 4603 3740 4649 tenus

465 4679 624 4744 Malo,
649 4688 746 4734 art.
772 4678 830 4747 9.,
861 4688 916 4732 ut
937 4688 1167 4748 ponatur
1187 4679 1393 4747 species
1418 4696 1511 4747 pro
1534 4695 1769 4748 genere;
1796 4681 1998 4735 addens
2036 4699 2048 4734 :

473 4793 490 4821 ι
528 4769 652 4826 Ideo
679 4782 857 4826 autem
896 4770 1068 4825 sancti
1102 4770 1190 4824 tali
1230 4770 1388 4825 modo
1433 4771 1677 4837 loquendi
1712 4774 1789 4824 nsi
1820 4781 1963 4837 sunt,
1996 4782 2054 4826 ut

466 4862 839 4919 detestabilem
888 4864 1176 4919 redderent
1224 4878 1462 4918 errorem
1507 4865 1933 4932 Pelagianorum,
1963 4866 2057 4932 qui

467 4953 783 5007 asserebant
828 4956 882 5009 in
914 4956 1148 5025 parvulis
1186 4956 1391 5011 nullum
1440 4972 1560 5012 esse
1609 4966 1905 5025 peccatum,
1957 4972 2057 5012 nec

466 5043 547 5099 eis
584 5058 795 5111 pmnam
836 5045 1068 5114 aliquam
1111 5047 1319 5103 deberi.
1356 5067 1375 5101 ι
1421 5048 1648 5105 Sanctus
1682 5049 2055 5103 Bunaventura

468 5135 634 5191 etiam
687 5133 825 5187 idem
860 5137 1247 5216 testimonium,
1292 5142 1433 5209 quod
1475 5142 1917 5211 Augustinianum
1963 5156 2057 5210 pu-

471 5230 626 5294 tavit,
651 5226 947 5297 explicans,
971 5227 1105 5281 dixit
1133 5232 1274 5297 quod
1299 5247 1362 5286 ea
1390 5235 1565 5301 posuit
1591 5236 1916 5305 Augustinus
1942 5238 2057 5305 plus

468 5327 664 5392 dicens,
714 5320 972 5387 etiminus
1012 5323 1187 5376 volens
1231 5324 1479 5395 intelligi,
1531 5326 1582 5378 in
1633 5328 1828 5395 quibus
1874 5331 2055 5385 verbis

470 5416 800 5487 triumphum
830 5412 948 5479 psibi
1001 5424 1199 5493 canunt
1244 5416 1558 5470 adversarii.
1612 5418 1817 5473 lnsrcse
1865 5430 2055 5475 marth

473 5510 771 5576 appellatur
802 5506 871 5560 ab
900 5492 1128 5571 Adamn,
1161 5507 1211 5560 in
1238 5507 1391 5562 titulo
1415 5522 1533 5575 cap.
1568 5509 1620 5563 7.
1667 5511 1863 5567 Eadem
1895 5515 2051 5568 verba

479 5600 743 5662 Anuatus,
796 5598 889 5652 lib.
922 5613 1034 5663 vnt,
1067 5613 1119 5653 c.
1164 5597 1217 5667 ‘2,
1249 5598 1623 5667 grandioribus
1661 5602 2059 5659 characteribus

472 5689 761 5752 expressit,
802 5702 911 5755 quo
958 5692 1142 5753 statim
1192 5691 1478 5759 legentium
1511 5693 1695 5748 oculos
1743 5696 2054 5764 implerent;

477 5777 598 5829 hinc
625 5774 821 5829 clamat
846 5777 1081 5834 Adatuus
1110 5797 1121 5831 :
1162 5799 1177 5829 ι
1211 5781 1346 5844 Quid
1376 5790 1636 5849 rcponent
1668 5786 1835 5838 nostri
1866 5787 2057 5843 adver-

2159 4683 2401 4737 docuerit
2440 4683 2770 4750 Augustinus
2802 4682 3331 4750 prtedestinationem
3362 4694 3489 4739 ante
3517 4688 3738 4752 pnevisa

2159 4776 2373 4837 merita,
2426 4773 2698 4829 libidinem
2742 4770 3111 4841 essemalam,
3161 4776 3329 4844 legem
3361 4788 3595 4831 veterem
3627 4779 3741 4832 sine

2162 4863 2539 4933 Redemptoris
2557 4864 2724 4930 gratia
2755 4879 2878 4918 reos
2905 4873 3108 4918 tantum
3135 4863 3331 4931 facere,
3348 4856 3454 4920 nun
3480 4880 3603 4921 esse
3624 4868 3741 4919 abs-

2161 4971 2266 5023 que
2304 4955 2469 5022 gratia
2504 4969 2658 5009 veras
2688 4956 2912 5008 \irtutes
2961 4952 3029 5009 in'
3068 4955 3406 5022 inﬁdelibus,
3457 4957 3511 5011 in
3549 4957 3741 5026 quibus

2163 5048 2390 5118 aliisque
2421 5047 2665 5117 plurimis
2704 5050 3001 5111 excessisse
3045 5047 3194 5101 illum
3224 5050 3559 5117 publicant?
3595 5049 3739 5104 liaud

2164 5140 2410 5210 equidem
2463 5140 2627 5194 credo
2673 5139 2723 5194 id
2777 5154 2872 5193 eos
2918 5138 3317 5207 aflirmaturos,
3364 5157 3485 5197 eum
3526 5154 3742 5197 sanctus

2164 5232 2356 5288 doctor
2386 5246 2491 5284 non
2540 5232 2713 5285 solum
2763 5232 3008 5301 pluribus
3050 5234 3379 5302 argumentis
3408 5249 3499 5289 eas
3527 5246 3740 5289 senten-

2165 5326 2266 5380 tias
2321 5325 2558 5379 stabi‘ire
2616 5335 2839 5380 conatus
2892 5324 2996 5391 sit,
3047 5325 3143 5379 sed
3190 5325 3470 5381 universas
3530 5341 3741 5397 quoque

2162 5418 2357 5472 summi
2406 5416 2606 5488 ingenii
2638 5418 2779 5471 vires
2825 5416 2907 5471 ad.
2933 5416 3148 5471 easdem
3191 5417 3591 5485 persuadendas
3621 5433 3739 5473 exe-

2162 5509 2351 5575 ruerit,
2382 5508 2490 5563 imo
2510 5518 2564 5563 et
2598 5508 2855 5585 quasdam
2897 5508 2971 5562 uti
3002 5507 3291 5562 catholicas
3322 5508 3595 5563 habendas
3626 5522 3740 5563 esse

2161 5602 2516 5658 contenderit.
2543 5602 2659 5657 Non
2688 5602 2792 5657 hoc
2817 5610 2920 5667 est,
2950 5601 3073 5657 boni
3104 5599 3370 5669 homines,
3402 5602 3521 5696 pl.us
3553 5601 3736 5663 dicere,

2161 5707 2207 5750 et
2240 5695 2407 5747 minus
2439 5693 2564 5747 velle
2602 5692 2859 5760 intelligi;
2888 5707 2993 5747 non
3025 5692 3127 5747 hoc
3145 5689 3235 5747 est
3272 5692 3413 5762 large
3442 5689 3592 5746 unica
3626 5700 3736 5743 tan-

2164 5798 2273 5843 tum
2300 5801 2451 5853 voce,
2500 5792 2551 5841 et
2579 5784 2745 5842 semel
2793 5783 3009 5855 quidem
3062 5784 3172 5849 uti;
3224 5782 3319 5839 sed
3356 5782 3484 5852 quid
3516 5783 3603 5842 sit,
3634 5781 3735 5848 jam
