3892 6302
174 279 271 336 597

1335 277 1650 334 VINDlCl/E
1691 276 2246 334 AUGUS'I‘INIANJE.

3321 281 3423 334 593

168 407 308 466 puto,
340 410 432 450 vos
462 393 675 461 videtis,
705 393 828 447 dum
864 401 1169 448 sanctorum
1214 393 1435 448 Thema:
1466 403 1522 448 et
1562 394 1732 448 Bona-
1762 395 1811 456 A
1838 408 1991 448 suum
2023 397 2174 464 origo
2207 393 2430 448 dicenda
2461 405 2541 448 est
2578 413 2588 446 :
2619 397 2813 451 etenim
2843 398 2886 452 si
2919 397 3237 467 Augustinus
3262 413 3289 450 c
3314 413 3425 452 ros-

169 501 396 544 venturze
424 489 687 559 suilragiis
716 488 957 543 destituti
985 488 1384 543 convincimini.

235 581 418 634 Risum
460 595 590 634 sane
622 579 754 634 mihi
800 589 1016 634 movent
1063 579 1234 648 lepida
1260 578 1503 647 exempla
1549 591 1737 631 recen-

168 672 354 724 tiorum
386 671 664 740 Augustini
715 684 967 724 excessus
1011 669 1408 737 explicantium,
1463 667 1569 720 imo
1601 667 1737 720 forte

165 763 558 816 excusantium:
593 760 707 815 iUti
732 759 966 814 viridarii
993 761 1247 824 cultores,
1279 759 1449 828 inquit
1474 758 1736 822 Adamus,

167 867 279 920 cap.
307 853 358 917 8,
395 867 514 921 pag.
548 851 668 916 III,
699 852 979 906 distortam
1016 853 1248 920 plantam
1278 851 1531 918 erecturi,
1562 851 1613 904 in
1645 865 1738 917 op-

166 946 384 1014 positam
430 956 631 1015 partem
671 946 912 1000 eamdem
962 945 1208 1010 flectunt,
1255 961 1362 999 non
1407 944 1548 1013 quod
1578 959 1643 997 eo
1685 945 1736 996 in

163 1037 260 1089 situ
291 1048 432 1092 Stare
463 1039 606 1091 illam
639 1039 842 1103 volunt,
875 1038 967 1093 sed
1016 1046 1072 1092 ut
1116 1038 1324 1092 facilius
1365 1037 1417 1090 in
1457 1036 1735 1091 rectitudi-

163 1140 278 1178 ncm
310 1127 603 1188 attollatur,
635 1127 704 1180 ita
737 1127 938 1195 pariter
967 1127 1320 1197 Augustinus,
1351 1127 1522 1194 inquit
1547 1127 1740 1181 Moral-

165 1219 301 1283 nius,
322 1220 460 1290 disp.
486 1222 571 1285 Ill,
598 1236 744 1274 num.
767 1219 1192 1288 35,disputando
1204 1229 1389 1276 contra
1406 1219 1736 1288 Pelagianos,

157 1311 244 1377 qui
274 1325 394 1363 cum
436 1311 593 1364 nimis
623 1311 941 1366 cxtollerent
978 1311 1119 1382 vires
1150 1311 1426 1378 naturales
1470 1310 1629 1363 liberi
1657 1325 1740 1362 ar-

161 1399 323 1465 bitrii,
359 1403 795 1470 aftirtnarentquc
826 1401 1075 1456 sufﬁcere
1105 1403 1220 1476 sine
1248 1401 1417 1472 gratia
1451 1416 1554 1456 non
1585 1400 1741 1454 modo

157 1496 220 1549 ad
254 1497 479 1551 virtutes
509 1496 778 1550 naturales
807 1511 1150 1565 quascunque
1171 1539 1185 1561 ,
1229 1496 1323 1550 sed
1372 1496 1530 1548 etiam
1563 1494 1628 1547 ad
1657 1509 1742 1545 sa-

157 1589 349 1653 lutem,
385 1588 714 1657 Augustinus
743 1597 797 1640 ut
852 1588 970 1642 illos
999 1587 1065 1642 ab
1096 1602 1160 1642 eo
1188 1602 1371 1641 errore
1399 1586 1641 1650 abducat,
1686 1585 1737 1636 iu

157 1680 496 1732 contrarium
542 1689 839 1733 extremum
873 1687 1003 1732 {DSIII
1034 1677 1412 1745 diSputationis
1455 1676 1626 1744 abripi
1662 1677 1741 1728 in-

1843 488 1940 542 tris
1968 495 2155 542 contra
2191 487 2507 556 Pelagianos
2537 488 2913 555 declamasset,
2962 505 3110 544 more
3149 490 3423 543 rheturuin

1840 595 1946 635 non
1976 591 2080 633 tam
2127 581 2395 633 rationum
2429 581 2717 635 momentis
2750 597 2909 650 quam
2949 581 3233 634 verborum
3273 584 3426 648 copia

1840 673 2124 736 insnllans,
2177 680 2450 740 utcunque
2494 673 2805 742 hyperbole,
2855 673 2958 728 hoc
3003 682 3108 737 est,
3151 675 3427 727 veritatem

1841 762 2111 816 sententia
2143 763 2441 816 excedente
2487 765 2564 817 uti
2615 765 2896 834 potuisset,
2945 778 3008 818 ac
3039 766 3290 818 nonnulla
3337 781 3430 833 per

1839 853 2314 920 exaggerationem
2344 854 2563 920 addere,
2611 871 2733 923 qua:
2771 867 3042 908 oratorum
3079 856 3288 909 licentia
3322 868 3424 910 est.

1842 944 1910 996 At
1941 958 2063 996 cum
2097 943 2383 1011 dogmata,
2413 961 2532 1014 quae
2563 961 2657 1013 per
2689 961 2968 1002 excessum
3006 947 3301 1014 Augustino
3337 962 3429 998 ex-

1841 1035 2037 1090 cidisse
2068 1036 2276 1100 dicunt,
2314 1045 2392 1089 tot
2422 1039 2750 1105 argumentis
2787 1038 3133 1099 conﬁrmarit,
3165 1047 3324 1102 atque
3367 1053 3429 1088 ex

1842 1129 2008 1183 Sacris
2053 1128 2262 1182 arcanis
2293 1130 2473 1196 petitis
2514 1131 2833 1183 testimoniis
2865 1138 3011 1183 tanto
3038 1139 3231 1183 conatu
3261 1129 3428 1183 stabi-

1842 1223 2038 1287 liverit,
2078 1234 2134 1276 ut
2162 1234 2444 1277 sexcentos
2473 1232 2526 1276 et
2564 1225 2793 1290 amplius
2832 1238 3018 1277 versus
3056 1222 3256 1276 eisdem
3300 1237 3425 1275 sua-

1843 1316 2033 1370 dendis
2080 1330 2185 1369 non
2217 1316 2385 1369 semel
2413 1315 2732 1379 exaraverit,
2781 1314 2920 1367 haud
2954 1314 3201 1382 equidem
3236 1329 3426 1365 vanam

1843 1408 2076 1462 oratoris
2123 1422 2373 1476 pompam
2409 1421 2501 1475 per
2532 1406 2880 1476 hyperbolem
2922 1405 3200 1458 affectasse
3251 1404 3431 1456 dicen-

1843 1498 1943 1551 dus
1972 1507 2075 1562 est,
2124 1496 2218 1550 sed
2269 1496 2442 1564 potius
2492 1497 2634 1564 ipsas
2666 1496 2935 1564 periodos,
2986 1496 3092 1547 imo
3128 1496 3285 1548 verba
3322 1496 3432 1562 ipsa

1844 1592 1977 1642 satis
2024 1597 2230 1641 mature
2280 1587 2628 1654 ponderasse,
2672 1587 2749 1641 uti
2797 1587 2873 1639 rei
2910 1586 3159 1653 dignitas,
3196 1585 3433 1652 tantique

1845 1679 2082 1732 dicturis
2113 1679 2345 1745 gravitas
2374 1688 2421 1728 et
2455 1677 2715 1743 sapientia
2747 1676 3056 1742 exigebant.
3103 1675 3269 1727 Porro
3292 1686 3344 1727 et
3369 1678 3431 1726 it-

157 1768 370 1822 terdum
415 1770 637 1822 videtur.
671 1787 688 1819 ι
717 1767 848 1820 Cum
874 1781 980 1836 quo
1009 1768 1299 1820 concinens
1329 1766 1471 1820 idem
1504 1765 1738 1819 Adamus
1772 1778 1816 1835 Β
1845 1770 1933 1823 Iud
1969 1768 2247 1822 ridiculmn
2282 1778 2385 1834 est,
2437 1784 2498 1820 er-
2543 1766 2932 1820 Platonicorum
2973 1782 3144 1817 umore
3181 1767 3434 1832 Augusti—

158 1861 368 1926 scribit,
395 1876 512 1928 cap.
544 1864 593 1921 7,
625 1875 744 1928 pag.
774 1859 870 1914 63I
901 1903 915 1925 ,
958 1878 975 1909 ‹
1013 1859 1364 1928 Augustinum
1405 1874 1530 1911 suos
1555 1858 1740 1933 hostes

161 1953 211 2005 in
259 1961 497 2005 extrema
531 1951 829 2018 periculosa
861 1950 1183 2019 conjecisse,
1227 1965 1333 2002 non
1367 1958 1536 2018 utcos
1568 1947 1636 2000 ibi
1662 1963 1744 2000 tc-

160 2045 441 2111 Iinqucret,
467 2041 559 2096 sed
585 2056 633 2094 ut
669 2041 888 2096 eosdem
922 2041 986 2094 ad
1019 2040 1465 2101 mediocritatem,
1500 2039 1640 2091 unde
1673 2038 1741 2090 il-

160 2135 235 2188 los
267 2137 491 2189 haeresis
532 2135 890 2206 abstraxerat,
923 2142 1256 2203 revocaret.)
1293 2133 1360 2186 At
1390 2132 1509 2201 quis
1543 2131 1746 2186 nesciat

162 2227 389 2280 futurum
415 2226 578 2280 fuisse
605 2242 670 2280 eo
694 2236 847 2295 pacto
871 2224 1223 2294 Augustinum
1255 2225 1490 2290 ineptum
1524 2239 1744 2293 prorsus

161 2327 311 2386 atque
357 2316 752 2388 imprudentem
797 2316 1203 2383 diSputatorem,
1233 2318 1276 2370 si
1313 2325 1423 2370 toto
1466 2315 1606 2371 cmlo
1643 2331 1743 2384 op-

163 2409 385 2474 positam
415 2409 738 2463 sententiam
767 2417 953 2482 contra
978 2407 1297 2477 Pelagianos
1331 2415 1743 2476 propugnasset,

161 2514 260 2566 quo
290 2498 358 2552 ab
390 2513 578 2573 errore
635 2499 755 2552 illos
797 2499 1116 2553 reduceret?
1157 2499 1368 2552 Etenim
1411 2513 1532 2552 cum
1565 2500 1744 2553 omnia

165 2591 234 2643 illi
267 2591 437 2646 libero
468 2590 690 2644 arbitrio
720 2590 934 2654 darent,
975 2591 1122 2646 nullo
1153 2592 1338 2659 gratiae
1364 2590 1482 2644 loco
1507 2602 1746 2655 servato,

162 2681 301 2734 illam
328 2696 359 2735 c
390 2681 654 2734 diametro
683 2681 966 2749 Augustini
995 2681 1338 2746 sententiam,
1388 2695 1492 2749 qua
1521 2696 1616 2749 per
1653 2695 1749 2735 ex-

163 2787 372 2828 cessum
405 2771 538 2825 nihil
570 2770 739 2839 libero
762 2770 990 2838 arbitrio,
1010 2772 1330 2840 concedere,
1369 2772 1462 2824 sed
1495 2773 1671 2825 omnia
1697 2773 1748 2826 in

164 2863 270 2933 iure
297 2863 487 2932 gratia:
527 2876 792 2930 reponere
824 2860 1124 2926 videbatur,
1167 2861 1588 2916 obstinatissime
1626 2864 1752 2918 sub-

166 2953 396 3008 scribere
442 2959 806 3006 recusassent.
845 2951 1026 3020 Longe
1058 2951 1249 3018 melius
1282 2950 1496 3018 fecisset
1536 2950 1750 3019 Angus-

168 3045 324 3111 tinus,
379 3046 424 3099 si
456 3044 700 3113 quardam
729 3043 900 3097 libero
951 3043 1175 3098 arbitrio
1209 3053 1261 3097 et
1290 3043 1533 3113 quaedam
1564 3043 1750 3111 gratia:

1845 1875 1970 1911 uum
2009 1859 2061 1911 in
2107 1872 2199 1911 eos
2231 1871 2487 1912 excessus
2539 1858 2866 1925 prolapsum.
2927 1857 3168 1924 Impense
3221 1856 3434 1924 quidem

1843 1951 2174 2019 Augustinus
2205 1950 2513 2004 Platonicos
2551 1951 2735 2014 coluit,
2783 1958 2944 2018 atque
2989 1951 3038 2002 in
3083 1966 3266 2002 eurum
3298 1952 3436 2002 scri-

1850 2044 1953 2111 ptis
1980 2057 2188 2094 summa
2231 2056 2352 2095 cum
2389 2041 2542 2095 laude
2586 2049 2825 2094 versatus
2858 2041 2974 2105 fuit,
3002 2040 3142 2107 quod
3175 2055 3238 2095 ex
3285 2040 3434 2093 libtis

1849 2143 2032 2186 contra
2064 2131 2414 2187 Academicos
2437 2133 2672 2187 exaratis
2697 2133 3028 2200 intelligitur.
3066 2133 3134 2185 At
3163 2132 3433 2201 quomodo

1849 2238 2128 2291 exeorum
2155 2224 2387 2277 lectione
2419 2223 2468 2276 in
2497 2223 2955 2292 disputationibus
2993 2222 3059 2277 de
3084 2223 3262 2275 divina
3304 2238 3434 2290 gra—

1849 2315 1920 2368 tia
1953 2315 2087 2368 ultra
2132 2314 2300 2369 lineas
2325 2315 2644 2370 necessaria:
2671 2316 2908 2370 veritatis
2957 2316 3328 2379 exundaverit,
3374 2331 3438 2369 ne

1847 2406 2112 2479 suspicari
2139 2406 2355 2474 quidem
2389 2420 2709 2474 possumus;
2746 2407 2853 2460 imo
2889 2422 2985 2459 nec
3016 2406 3065 2459 id
3099 2406 3343 2468 Adamn,
3376 2405 3437 2457 li-

1849 2506 1934 2551 cet
1963 2497 2215 2550 audacter
2255 2496 2572 2562 attirinanti,
2607 2497 2877 2563 cognitum
2911 2496 3073 2550 fuisse
3117 2505 3264 2563 puto.
3309 2496 3440 2560 Qua:

1849 2591 1990 2644 enim
2019 2592 2208 2659 gratia:
2235 2591 2408 2644 virtus
2433 2607 2499 2644 ex
2551 2590 2949 2644 Platonicorum
2987 2590 3138 2643 libris
3184 2589 3266 2640 hal
3289 2589 3441 2642 etur?

1853 2681 1962 2735 Nisi
2000 2683 2154 2734 ma’it
2183 2680 2439 2748 impetum
2492 2682 2640 2734 illum
2686 2682 2999 2749 disputandi
3032 2680 3350 2749 Augustino,
3384 2691 3442 2732 ut

1852 2775 1949 2838 ait,
2000 2772 2319 2827 familiarem
2372 2790 2401 2828 e
2453 2772 2853 2828 Platonicorum
2905 2773 3090 2826 schola
3146 2773 3439 2836 derivasse,

1854 2865 1994 2933 quod
2042 2879 2162 2918 cum
2193 2880 2257 2918 ex
2287 2879 2474 2918 eorum
2508 2864 2659 2918 libris
2705 2879 2804 2919 nec
2835 2863 3098 2928 Plotinus,
3141 2878 3239 2916 nec
3270 2863 3441 2924 Philo,

1856 2969 1953 3008 nec
1986 2952 2198 3008 Ficinus
2226 2954 2570 3016 tradiderint,
2621 2955 2688 3007 ab
2716 2953 2832 3021 ipso
2864 2953 3070 3006 Adamo
3101 2952 3152 3005 id
3197 2967 3442 3020 compro-

1854 3047 2087 3101 bandum
2121 3055 2224 3114 est,
2256 3047 2454 3101 veteris
2503 3047 2805 3101 Academiae
2834 3046 2986 3099 lihris
3017 3046 3281 3098 excussis;
3333 3044 3439 3098 Sed

168 3137 316 3193 etiam
346 3137 610 3208 dedisset,
661 3145 716 3190 ut
757 3135 873 3189 illos
915 3135 983 3189 ab
1025 3149 1211 3190 errore
1241 3143 1580 3202 removeret:
1618 3134 1744 3189 faci-
1776 3140 1819 3201 C
1852 3153 2024 3206 neque
2050 3152 2306 3192 excessus
2341 3138 2413 3190 illi
2446 3153 2509 3190 ex
2535 3138 2671 3200 odio,
2705 3154 2802 3207 quo
2844 3137 3162 3208 Augustinus
3215 3137 3441 3188 veritatis

169 3228 261 3282 lius
288 3229 428 3284 enim
460 3227 693 3296 quisque
736 3225 802 3278 ab
827 3234 1070 3279 extremo
1110 3225 1176 3278 ad
1208 3225 1461 3289 medium,
1495 3240 1651 3294 quam
1679 3225 1748 3279 ad

168 3333 457 3378 extremum
485 3323 715 3375 alterum
743 3319 1090 3388 propellitur.
1119 3318 1252 3374 Hinc
1277 3328 1493 3374 sanctus
1517 3319 1749 3375 Thomas

168 3415 398 3484 superius
421 3413 566 3468 dixit
595 3412 952 3480 Augustinum
985 3411 1128 3480 large
1155 3410 1418 3475 locutum,
1468 3426 1573 3464 non
1603 3419 1656 3464 ut
1684 3425 1748 3464 ea

169 3505 422 3561 locutione
467 3504 753 3557 haereticos
796 3502 848 3555 in
884 3516 1035 3556 suam
1090 3501 1415 3556 sententiam
1474 3501 1746 3565 traheret,

169 3598 255 3653 sed
281 3609 334 3652 ut
367 3595 747 3652 litereticurum
776 3608 1016 3648 errorem
1051 3593 1302 3648 redderet
1331 3593 1612 3647 catholicis
1641 3610 1754 3648 ma-

169 3691 241 3759 gis
267 3689 664 3746 detestahilem.
701 3687 784 3762 Ita
823 3685 868 3740 si
906 3686 1233 3740 recentiores
1269 3695 1506 3740 veterem
1546 3685 1754 3751 opinio-

169 3795 282 3834 nem
314 3782 377 3836 de
416 3779 640 3834 auxiliis
667 3791 864 3831 exuere
892 3784 1230 3843 cogerentur,
1279 3776 1488 3831 facilius
1534 3776 1756 3830 descen-

173 3870 344 3926 derent
372 3873 424 3927 in
458 3869 799 3941 sententiam,
832 3866 1106 3938 moraliter
1135 3867 1412 3921 arbitrium
1459 3866 1753 3934 prcedeter-

171 3967 478 4036 minantem,
505 3985 661 4037 quam
691 3970 740 4022 in
767 3968 909 4023 illam
939 3981 1057 4035 qua:
1080 3964 1350 4034 physicam
1383 3959 1753 4029 prardetermi-

174 4063 425 4118 nationem
450 4063 674 4128 astruit,
719 4061 856 4115 hanc
877 4061 1018 4114 enim
1044 4058 1264 4112 nimium
1290 4055 1473 4108 odere.
1497 4050 1756 4106 Ridenda:

174 4154 320 4209 etiam
351 4158 584 4212 veniunt
624 4169 799 4208 causa:
830 4153 896 4207 ab
927 4150 1246 4206 adversariis
1291 4148 1596 4216 assignate),
1639 4160 1756 4214 qute

175 4245 522 4316 Augustinum
561 4248 612 4301 in
652 4260 905 4301 excessus
936 4244 1057 4299 illos
1099 4241 1382 4309 impulere.
1419 4240 1542 4293 Ilzec
1581 4238 1753 4306 loqui-

181 4346 255 4390 tur
277 4341 541 4408 Adamus,
589 4354 713 4408 pag.
741 4339 888 4394 6:24:
923 4355 942 4387 ι
979 4337 1148 4406 Ipsius
1187 4334 1429 4401 corporis
1485 4341 1755 4397 tempera-

179 4442 422 4496 mentum,
470 4431 644 4499 ipsius
681 4431 916 4499 genium,
951 4427 1120 4496 ipsius
1143 4425 1470 4493 eloquentia,
1503 4423 1755 4476 veritates

1854 3233 2020 3286 hostes
2047 3232 2464 3300 prosequebatur,
2485 3233 2742 3301 originem
2772 3231 3007 3286 habuere
3032 3249 3042 3282 :
3071 3244 3190 3283 nam
3224 3239 3443 3283 sanctus

1856 3324 2034 3388 Pater,
2067 3339 2186 3377 cum
2230 3334 2415 3377 contra
2451 3323 2729 3376 haereticos
2773 3321 3066 3386 scribebat,
3099 3334 3286 3374 omnes
3335 3319 3442 3372 odii

1853 3429 2046 3469 causas
2079 3430 2137 3467 se
2166 3413 2349 3481 procul
2394 3413 2591 3466 habere
2636 3414 3052 3479 protestabatur.
3087 3410 3275 3464 Nullus
3303 3426 3437 3462 con-

1857 3517 1934 3560 tra
1969 3506 2324 3573 Augustinum
2359 3520 2532 3570 neque
2558 3503 2836 3566 infensior,
2869 3517 3040 3568 neque
3076 3501 3320 3553 infestior
3348 3501 3442 3553 Ju-

1858 3597 2001 3653 lianu
2032 3595 2203 3647 hostis
2237 3593 2547 3656 insurrexit,
2584 3600 2639 3644 ut
2671 3592 2828 3658 plane
2859 3591 3164 3643 universum
3199 3589 3444 3658 Pelagia-

1859 3703 2047 3742 norum
2075 3687 2226 3740 virus
2254 3685 2409 3739 unius
2435 3684 2631 3739 Iuliani
2656 3698 2749 3738 ore
2773 3683 2824 3735 in
2851 3682 3206 3753 Augustinum
3238 3692 3446 3736 eructa-

1860 3790 1971 3833 tum
1995 3778 2158 3832 fuisse
2189 3777 2453 3832 videatur.
2505 3778 2571 3830 At
2601 3789 2704 3828 non
2735 3776 2908 3828 solum
2941 3774 3077 3828 citra
3106 3773 3285 3827 odium
3325 3783 3439 3843 sty-

1859 3872 1968 3926 lum
2024 3882 2209 3926 contra
2267 3869 2514 3924 eumdem
2569 3868 2896 3938 Augustinus
2950 3865 3206 3929 strinxit,
3263 3882 3444 3919 verum

1859 3965 2019 4018 etiam
2064 3961 2180 4015 hit‘C
2211 3975 2447 4014 amorem
2493 3973 2619 4028 erga
2674 3961 2884 4011 IlOSleIn
2929 3967 2982 4010 et
3015 3953 3231 4023 quidem
3284 3953 3449 4008 maxi-

1860 4072 2005 4111 mum
2057 4054 2407 4124 exprimentia
2460 4051 2679 4121 scripsit
2728 4050 2822 4104 lib.
2866 4058 3098 4104 tcontra
3147 4047 3440 4112 lulianum,

1859 4166 1979 4221 cap.
2004 4153 2035 4205 7
2071 4167 2084 4205 :
2123 4169 2141 4202 ι
2183 4150 2294 4218 Ego
2327 4149 2542 4217 quidem
2586 4162 2680 4215 pro
2721 4145 3008 4200 dilectione
3039 4159 3158 4212 quas
3207 4144 3334 4197 mihi
3369 4155 3450 4198 est

1862 4258 1988 4312 crga
2013 4252 2084 4306 te,
2125 4256 2281 4310 quain
2307 4240 2418 4293 Deo
2451 4238 2682 4306 pr0pitio
2718 4234 3045 4304 quibuslibet
3074 4234 3328 4288 conviciis
3352 4233 3450 4286 ab-

1861 4336 1952 4400 sit,
2000 4345 2057 4389 ut
2095 4334 2162 4388 de
2203 4333 2452 4388 medullis
2502 4333 2605 4385 mei
2649 4330 2828 4385 eordis
2868 4328 3155 4394 exstirpes,
3209 4326 3446 4389 mallem,

1867 4427 1940 4480 fili
1992 4426 2225 4489 Julianc,
2266 4444 2284 4476 ι
2339 4435 2444 4478 etc.
2497 4424 2673 4490 Quare
2723 4437 2843 4474 cum
2896 4431 3084 4472 omnes
3132 4431 3449 4470 excessurum

181 4517 293 4575 ﬁdei
332 4520 700 4591 pertractandi
744 4519 932 4573 modus
967 4518 1140 4592 eidem
1186 4517 1480 4583 familiaris,
1537 4529 1757 4584 magnus
1789 4508 1839 4569 Ι)
1864 4533 2075 4580 causas,
2109 4531 2238 4580 quas
2269 4515 2320 4568 in
2365 4515 2664 4582 Augustino
2705 4511 2942 4567 Adamus
2985 4510 3270 4578 indagavit,
3321 4521 3445 4558 sau-

181 4624 293 4680 erga
317 4613 625 4668 Platonicos
646 4627 828 4676 arnor,
853 4625 1078 4680 quorum
1109 4608 1409 4680 excogitata
1439 4608 1758 4674 plerumque

184 4703 356 4758 altiora
403 4713 556 4766 sunt,
599 4703 888 4772 odiumque
940 4703 990 4754 in
1045 4716 1234 4755 omnes
1283 4701 1523 4754 veritatis
1577 4699 1757 4752 hostes

185 4791 533 4864 Augustinum
579 4795 630 4848 in
662 4794 1058 4863 propositiones
1087 4794 1221 4846 adeo
1255 4801 1574 4859 apparenter
1616 4791 1758 4844 inso-

187 4883 346 4941 lentes
393 4888 697 4954 conjecere.
730 4905 747 4937 ι
822 4885 979 4939 Afros
1043 4870 1348 4938 t'ervidiuris
1402 4892 1603 4934 naturce
1658 4880 1757 4934 sub

188 4977 314 5030 cmlo
341 4979 581 5032 calidiori
611 4977 879 5040 novimus,
913 4984 966 5028 at
986 4991 1049 5027 an
1076 4974 1399 5042 Augustinus
1423 4971 1593 5024 calido
1623 4983 1757 5025 lem-

192 5081 486 5134 peramento
533 5069 708 5133 fuerit,
753 5083 890 5122 unus
914 5067 1148 5120 Adamus
1185 5066 1299 5118 sine
1334 5073 1466 5118 teste
1489 5063 1760 5129 affirmet;

191 5170 280 5225 ego
302 5160 512 5229 quidem
539 5176 642 5214 non
676 5161 860 5227 ignoro
887 5169 1130 5211 sanctum
1153 5157 1433 5211 doctmem
1467 5157 1642 5208 minus
1674 5154 1763 5208 fri-

190 5249 326 5314 goris
382 5253 665 5314 iatieniem
723 5250 884 5302 fuisse
937 5264 1000 5302 ex
1057 5249 1215 5314 epist.
1275 5246 1410 5312 ⁸227,
1468 5257 1521 5299 at
1577 5253 1764 5313 pacato

194 5337 360 5391 animo
391 5349 444 5394 et
491 5340 675 5393 sedato
714 5340 909 5409 stylum
941 5347 1126 5391 contra
1156 5327 1438 5391 hmrelicos
1487 5338 1767 5391 strinxisse

194 5439 511 5497 compertum
543 5441 645 5496 est,
695 5433 766 5484 uti
815 5445 935 5484 mox
971 5431 1372 5488 demonstrabo.
1420 5429 1636 5484 Interim
1668 5430 1766 5483 ini-

198 5521 292 5571 rari
340 5523 456 5575 licet
501 5523 771 5593 Augustini
816 5522 1030 5591 genium
1073 5521 1274 5575 homini
1315 5531 1435 5590 post
1481 5518 1760 5574 duodecim

195 5612 382 5666 saecula
422 5615 486 5669 ab
531 5615 668 5670 illius
713 5616 862 5670 obitu
894 5615 1091 5668 viventi
1140 5622 1245 5667 tam
1292 5623 1481 5668 exacte
1525 5614 1763 5664 innotes-

201 5711 312 5757 cere
354 5704 583 5773 potuisse
635 5707 646 5760 ε
680 5706 787 5763 Sed
833 5719 930 5762 nec
979 5705 1277 5776 eloquentia
1319 5705 1528 5761 illorum
1568 5716 1757 5759 exces-

1867 4617 1985 4662 ctus
2017 4609 2203 4661 doctor
2232 4606 2414 4675 procul
2444 4605 2707 4671 habuerit,
2738 4607 2892 4673 longe
2924 4607 3082 4659 et'am
3127 4601 3192 4652 ab
3215 4598 3450 4652 excessi-

1866 4703 1966 4756 bus
1998 4702 2134 4754 idem
2163 4699 2508 4754 coIIOcandus
2538 4700 2703 4753 venit.
2886 4750 2888 4752 τ

1938 4793 2102 4847 Instat
2133 4792 2367 4846 Adamus
2410 4806 2527 4858 cap.
2564 4791 2652 4854 16,
2685 4804 2802 4856 pag.
2838 4785 2940 4840 760
2973 4803 2984 4838 :
3017 4803 3035 4836 ί
3071 4781 3296 4850 Quando
3337 4785 3451 4836 Au-

1864 4886 2107 4951 gustinus
2129 4884 2368 4937 defendit
2397 4883 2694 4935 libertatem
2720 4887 2904 4932 contra
2927 4876 3266 4942 Illanicbteos,
3293 4875 3443 4931 vide-

1871 4982 1956 5026 tur
2002 4974 2187 5042 gratiae
2234 4972 2606 5026 necessitatem
2659 4969 2978 5032 destruere;
3015 4984 3133 5024 cum
3181 4983 3309 5024 vero
3347 4983 3446 5038 pro

1864 5065 2038 5133 gratia
2065 5071 2250 5117 contra
2297 5061 2609 5128 Pelagianos
2648 5061 2905 5123 decertat,
2954 5060 3252 5117 libertatem
3293 5075 3447 5114 ever-

1869 5168 2002 5210 tere.
2040 5175 2060 5208 ι
2100 5157 2165 5210 Ει
2214 5171 2330 5223 pag.
2366 5153 2487 5214 632,
2538 5154 2588 5208 in
2630 5155 2733 5208 fine
2773 5170 2890 5223 cap.
2929 5155 2982 5220 7,
3016 5156 3236 5210 miratur
3278 5167 3440 5222 quos-

1868 5247 1990 5301 dam
2020 5266 2040 5298 ‹
2073 5261 2340 5315 nunquam
2370 5245 2592 5300 scivisse
2619 5248 2904 5314 ipsummct
2931 5256 3171 5300 sanetum
3201 5244 3452 5311 Augusti-

1870 5353 1997 5391 num
2041 5338 2180 5390 hunc
2207 5335 2290 5391 sui
2320 5336 2542 5404 spiritus
2576 5337 2831 5406 impetum
2866 5338 2916 5389 in
2949 5335 3188 5404 pluribus
3227 5349 3450 5388 suorum

1874 5432 2130 5484 librorum
2178 5429 2311 5483 locis
2351 5427 2654 5482 confessum
2708 5430 2890 5482 fuisse.
2929 5446 2945 5478 ι
2978 5427 3162 5480 Libeat
3201 5423 3285 5480 hic
3327 5440 3446 5479 cum

1869 5522 2165 5589 Augustino
2194 5521 2500 5575 exclamare
2531 5538 2541 5572 :
2583 5538 2600 5570 ι
2638 5520 2769 5586 Quis
2802 5533 2904 5572 non
2936 5523 3212 5584 exspectet
3236 5517 3449 5584 sapien-

1869 5615 1997 5668 tiam
2024 5613 2360 5679 disserentis,
2385 5613 2474 5681 qui
2509 5610 2664 5665 tidem
2696 5608 3010 5676 cognoverit
3041 5607 3392 5662 mentientis?
3425 5626 3444 5659 ι

1867 5708 1962 5762 lib.
1989 5721 2038 5760 IV
2068 5704 2575 5778 contralullanum,
2611 5719 2727 5773 cap.
2755 5701 2806 5756 8.
2842 5698 2978 5766 Quid
3017 5700 3158 5758 enim
3202 5700 3448 5772 frequen-
