  <div class='ocr_page' id='page_1' title='image "/cluster/home/n/w/nwhite01/storage/ocr_20150623/47/uva.x000827107/307.png"; bbox 0 0 3892 6334; ppageno 0'>
   <div class='ocr_carea' id='block_1_1' title="bbox 446 312 547 365">
    <p class='ocr_par' dir='ltr' id='par_1_1' title="bbox 446 312 547 365">
     <span class='ocr_line' id='line_1_1' title="bbox 446 312 547 365; baseline 0.02 -2"><span class='ocrx_word' id='word_1_1' title='bbox 446 312 547 365; x_wconf 83' lang='lat'><strong>599</strong></span> 
     </span>
    </p>
   </div>
   <div class='ocr_carea' id='block_1_2' title="bbox 1335 310 2812 380">
    <p class='ocr_par' dir='ltr' id='par_1_2' title="bbox 1335 310 2812 380">
     <span class='ocr_line' id='line_1_2' title="bbox 1335 310 2812 380; baseline 0.006 -11"><span class='ocrx_word' id='word_1_2' title='bbox 1335 310 1887 371; x_wconf 75' lang='lat' dir='ltr'><strong>SUPPLEMENTUM</strong></span> <span class='ocrx_word' id='word_1_3' title='bbox 1930 317 2022 372; x_wconf 91' lang='lat' dir='ltr'><strong>AD</strong></span> <span class='ocrx_word' id='word_1_4' title='bbox 2060 315 2286 372; x_wconf 79' lang='lat' dir='ltr'><strong>OPERA</strong></span> <span class='ocrx_word' id='word_1_5' title='bbox 2328 319 2382 377; x_wconf 86' lang='lat' dir='ltr'><strong>S.</strong></span> <span class='ocrx_word' id='word_1_6' title='bbox 2428 320 2812 380; x_wconf 78' lang='lat' dir='ltr'><strong>AUGUSTINI.</strong></span> 
     </span>
    </p>
   </div>
   <div class='ocr_carea' id='block_1_3' title="bbox 3600 294 3730 377">
    <p class='ocr_par' dir='ltr' id='par_1_3' title="bbox 3600 294 3730 377">
     <span class='ocr_line' id='line_1_3' title="bbox 3600 294 3730 377; baseline -0.008 0"><span class='ocrx_word' id='word_1_7' title='bbox 3600 294 3730 377; x_wconf 73' lang='lat' dir='ltr'><strong>eoo</strong></span> 
     </span>
    </p>
   </div>
   <div class='ocr_carea' id='block_1_4' title="bbox 445 425 3728 505">
    <p class='ocr_par' dir='ltr' id='par_1_4' title="bbox 445 425 3728 505">
     <span class='ocr_line' id='line_1_4' title="bbox 445 425 3728 505; baseline 0.003 -26"><span class='ocrx_word' id='word_1_8' title='bbox 445 428 550 479; x_wconf 82' lang='lat' dir='ltr'><strong>tius</strong></span> <span class='ocrx_word' id='word_1_9' title='bbox 579 442 606 478; x_wconf 91' lang='lat' dir='ltr'><strong>a</strong></span> <span class='ocrx_word' id='word_1_10' title='bbox 640 425 936 495; x_wconf 73' lang='lat' dir='ltr'><strong>Pelagianis</strong></span> <span class='ocrx_word' id='word_1_11' title='bbox 984 428 1281 495; x_wconf 76' lang='lat' dir='ltr'><strong>Augustino</strong></span> <span class='ocrx_word' id='word_1_12' title='bbox 1327 429 1680 496; x_wconf 79' lang='lat' dir='ltr'><strong>objiciebatur</strong></span> <span class='ocrx_word' id='word_1_13' title='bbox 1700 472 1713 495; x_wconf 92' lang='lat'><strong>,</strong></span> <span class='ocrx_word' id='word_1_14' title='bbox 1758 446 1915 497; x_wconf 84' lang='lat' dir='ltr'><strong>quam</strong></span> <span class='ocrx_word' id='word_1_15' title='bbox 1958 432 2022 483; x_wconf 88' lang='lat' dir='ltr'><strong>il-</strong></span> <span class='ocrx_word' id='word_1_16' title='bbox 2053 438 2099 496; x_wconf 79' lang='grc' dir='ltr'>Α</span> <span class='ocrx_word' id='word_1_17' title='bbox 2129 447 2304 488; x_wconf 87' lang='lat' dir='ltr'><strong>cessu.</strong></span> <span class='ocrx_word' id='word_1_18' title='bbox 2353 433 2505 501; x_wconf 87' lang='lat' dir='ltr'><strong>Quod</strong></span> <span class='ocrx_word' id='word_1_19' title='bbox 2530 449 2657 490; x_wconf 89' lang='lat' dir='ltr'><strong>vero</strong></span> <span class='ocrx_word' id='word_1_20' title='bbox 2685 436 2867 505; x_wconf 85' lang='lat' dir='ltr'><strong>negari</strong></span> <span class='ocrx_word' id='word_1_21' title='bbox 2892 434 3134 490; x_wconf 86' lang='lat' dir='ltr'><strong>videatur</strong></span> <span class='ocrx_word' id='word_1_22' title='bbox 3162 432 3337 504; x_wconf 84' lang='lat' dir='ltr'><strong>gratia</strong></span> <span class='ocrx_word' id='word_1_23' title='bbox 3368 437 3728 491; x_wconf 82' lang='lat' dir='ltr'><strong>commenda-</strong></span> 
     </span>
    </p>
   </div>
   <div class='ocr_carea' id='block_1_5' title="bbox 443 518 2022 585">
    <p class='ocr_par' dir='ltr' id='par_1_5' title="bbox 443 518 2022 585">
     <span class='ocr_line' id='line_1_5' title="bbox 443 518 2022 585; baseline 0.004 -15"><span class='ocrx_word' id='word_1_24' title='bbox 443 518 549 571; x_wconf 89' lang='lat' dir='ltr'><strong>lum</strong></span> <span class='ocrx_word' id='word_1_25' title='bbox 576 518 951 585; x_wconf 65' lang='lat' dir='ltr'><strong>Pelagianismi</strong></span> <span class='ocrx_word' id='word_1_26' title='bbox 977 519 1099 572; x_wconf 84' lang='lat' dir='ltr'><strong>odio</strong></span> <span class='ocrx_word' id='word_1_27' title='bbox 1130 520 1179 573; x_wconf 91' lang='lat' dir='ltr'><strong>in</strong></span> <span class='ocrx_word' id='word_1_28' title='bbox 1214 521 1673 574; x_wconf 71' lang='lat' dir='ltr'><strong>Manichmismum</strong></span> <span class='ocrx_word' id='word_1_29' title='bbox 1712 521 2022 577; x_wconf 80' lang='lat' dir='ltr'><strong>declinare?</strong></span> 
     </span>
    </p>
   </div>
   <div class='ocr_carea' id='block_1_6' title="bbox 443 610 2025 679">
    <p class='ocr_par' dir='ltr' id='par_1_6' title="bbox 443 610 2025 679">
     <span class='ocr_line' id='line_1_6' title="bbox 443 610 2025 679; baseline 0.004 -18"><span class='ocrx_word' id='word_1_30' title='bbox 443 614 511 662; x_wconf 85' lang='lat' dir='ltr'><strong>At</strong></span> <span class='ocrx_word' id='word_1_31' title='bbox 542 610 914 665; x_wconf 53' lang='lat' dir='ltr'><strong>sanctissimus</strong></span> <span class='ocrx_word' id='word_1_32' title='bbox 962 613 1215 679; x_wconf 90' lang='lat' dir='ltr'><strong>magister</strong></span> <span class='ocrx_word' id='word_1_33' title='bbox 1262 612 1420 665; x_wconf 87' lang='lat' dir='ltr'><strong>hasce</strong></span> <span class='ocrx_word' id='word_1_34' title='bbox 1448 627 1475 663; x_wconf 89' lang='lat' dir='ltr'><strong>a</strong></span> <span class='ocrx_word' id='word_1_35' title='bbox 1508 627 1567 666; x_wconf 88' lang='lat' dir='ltr'><strong>se</strong></span> <span class='ocrx_word' id='word_1_36' title='bbox 1602 615 1892 667; x_wconf 80' lang='lat' dir='ltr'><strong>calumnias</strong></span> <span class='ocrx_word' id='word_1_37' title='bbox 1920 628 2025 668; x_wconf 69' lang='lat' dir='ltr'><strong>ste-</strong></span> 
     </span>
    </p>
   </div>
   <div class='ocr_carea' id='block_1_7' title="bbox 446 701 2023 773">
    <p class='ocr_par' dir='ltr' id='par_1_7' title="bbox 446 701 2023 773">
     <span class='ocr_line' id='line_1_7' title="bbox 446 701 2023 773; baseline 0.005 -21"><span class='ocrx_word' id='word_1_38' title='bbox 446 701 663 767; x_wconf 89' lang='lat' dir='ltr'><strong>pissime</strong></span> <span class='ocrx_word' id='word_1_39' title='bbox 684 702 941 756; x_wconf 81' lang='lat' dir='ltr'><strong>excussit.</strong></span> <span class='ocrx_word' id='word_1_40' title='bbox 977 701 1205 770; x_wconf 88' lang='lat' dir='ltr'><strong>Legatur</strong></span> <span class='ocrx_word' id='word_1_41' title='bbox 1235 704 1327 755; x_wconf 86' lang='lat' dir='ltr'><strong>lib.</strong></span> <span class='ocrx_word' id='word_1_42' title='bbox 1354 718 1389 756; x_wconf 89' lang='lat' dir='ltr'><strong>tt</strong></span> <span class='ocrx_word' id='word_1_43' title='bbox 1414 702 1479 756; x_wconf 90' lang='lat' dir='ltr'><strong>de</strong></span> <span class='ocrx_word' id='word_1_44' title='bbox 1502 703 1661 771; x_wconf 82' lang='lat' dir='ltr'><strong>Nupt.</strong></span> <span class='ocrx_word' id='word_1_45' title='bbox 1690 712 1744 757; x_wconf 89' lang='lat' dir='ltr'><strong>et</strong></span> <span class='ocrx_word' id='word_1_46' title='bbox 1770 718 2023 773; x_wconf 85' lang='lat' dir='ltr'><strong>concup..</strong></span> 
     </span>
    </p>
   </div>
   <div class='ocr_carea' id='block_1_8' title="bbox 441 790 2026 863">
    <p class='ocr_par' dir='ltr' id='par_1_8' title="bbox 441 790 2026 863">
     <span class='ocr_line' id='line_1_8' title="bbox 441 790 2026 863; baseline 0.005 -21"><span class='ocrx_word' id='word_1_47' title='bbox 441 806 561 861; x_wconf 90' lang='lat' dir='ltr'><strong>cap.</strong></span> <span class='ocrx_word' id='word_1_48' title='bbox 595 790 628 843; x_wconf 77' lang='lat'><strong>5</strong></span> <span class='ocrx_word' id='word_1_49' title='bbox 655 801 707 845; x_wconf 90' lang='lat' dir='ltr'><strong>et</strong></span> <span class='ocrx_word' id='word_1_50' title='bbox 735 791 827 855; x_wconf 71' lang='lat'><strong>25,</strong></span> <span class='ocrx_word' id='word_1_51' title='bbox 864 792 958 845; x_wconf 87' lang='lat' dir='ltr'><strong>lib.</strong></span> <span class='ocrx_word' id='word_1_52' title='bbox 1013 793 1145 846; x_wconf 86' lang='lat' dir='ltr'><strong>uad</strong></span> <span class='ocrx_word' id='word_1_53' title='bbox 1186 793 1387 857; x_wconf 83' lang='lat' dir='ltr'><strong>Bonil‘.,</strong></span> <span class='ocrx_word' id='word_1_54' title='bbox 1435 810 1552 863; x_wconf 88' lang='lat' dir='ltr'><strong>cap.</strong></span> <span class='ocrx_word' id='word_1_55' title='bbox 1580 797 1603 850; x_wconf 82' lang='grc'><strong>1</strong></span> <span class='ocrx_word' id='word_1_56' title='bbox 1633 806 1683 849; x_wconf 92' lang='lat' dir='ltr'><strong>et</strong></span> <span class='ocrx_word' id='word_1_57' title='bbox 1714 796 1771 861; x_wconf 70' lang='lat'><strong>2,</strong></span> <span class='ocrx_word' id='word_1_58' title='bbox 1815 798 1902 851; x_wconf 90' lang='lat' dir='ltr'><strong>ubi</strong></span> <span class='ocrx_word' id='word_1_59' title='bbox 1945 799 2026 851; x_wconf 87' lang='lat' dir='ltr'><strong>fu-</strong></span> 
     </span>
    </p>
   </div>
   <div class='ocr_carea' id='block_1_9' title="bbox 440 880 2024 954">
    <p class='ocr_par' dir='ltr' id='par_1_9' title="bbox 440 880 2024 954">
     <span class='ocr_line' id='line_1_9' title="bbox 440 880 2024 954; baseline 0.006 -22"><span class='ocrx_word' id='word_1_60' title='bbox 440 880 651 935; x_wconf 85' lang='lat' dir='ltr'><strong>sissime</strong></span> <span class='ocrx_word' id='word_1_61' title='bbox 696 882 975 936; x_wconf 83' lang='lat' dir='ltr'><strong>recensitis</strong></span> <span class='ocrx_word' id='word_1_62' title='bbox 1018 884 1275 937; x_wconf 85' lang='lat' dir='ltr'><strong>extremis</strong></span> <span class='ocrx_word' id='word_1_63' title='bbox 1320 884 1725 954; x_wconf 86' lang='lat' dir='ltr'><strong>Pelagianorum</strong></span> <span class='ocrx_word' id='word_1_64' title='bbox 1765 903 1827 941; x_wconf 90' lang='lat' dir='ltr'><strong>ac</strong></span> <span class='ocrx_word' id='word_1_65' title='bbox 1856 888 2024 942; x_wconf 82' lang='lat' dir='ltr'><strong>Mani-</strong></span> 
     </span>
    </p>
   </div>
   <div class='ocr_carea' id='block_1_10' title="bbox 440 977 2027 1045">
    <p class='ocr_par' dir='ltr' id='par_1_10' title="bbox 440 977 2027 1045">
     <span class='ocr_line' id='line_1_10' title="bbox 440 977 2027 1045; baseline 0.008 -15"><span class='ocrx_word' id='word_1_66' title='bbox 440 977 709 1031; x_wconf 82' lang='lat' dir='ltr'><strong>chaeorum</strong></span> <span class='ocrx_word' id='word_1_67' title='bbox 753 981 1049 1045; x_wconf 88' lang='lat' dir='ltr'><strong>erroribus,</strong></span> <span class='ocrx_word' id='word_1_68' title='bbox 1083 982 1256 1035; x_wconf 84' lang='lat' dir='ltr'><strong>media</strong></span> <span class='ocrx_word' id='word_1_69' title='bbox 1286 984 1539 1039; x_wconf 63' lang='lat' dir='ltr'><strong>Ecclesiae</strong></span> <span class='ocrx_word' id='word_1_70' title='bbox 1579 986 1857 1042; x_wconf 62' lang='lat' dir='ltr'><strong>catholicae</strong></span> <span class='ocrx_word' id='word_1_71' title='bbox 1887 990 2027 1043; x_wconf 90' lang='lat' dir='ltr'><strong>inter</strong></span> 
     </span>
    </p>
   </div>
   <div class='ocr_carea' id='block_1_11' title="bbox 444 1072 2025 1136">
    <p class='ocr_par' dir='ltr' id='par_1_11' title="bbox 444 1072 2025 1136">
     <span class='ocr_line' id='line_1_11' title="bbox 444 1072 2025 1136; baseline 0.009 -17"><span class='ocrx_word' id='word_1_72' title='bbox 444 1078 699 1136; x_wconf 89' lang='lat' dir='ltr'><strong>utrosque</strong></span> <span class='ocrx_word' id='word_1_73' title='bbox 748 1072 1010 1123; x_wconf 91' lang='lat' dir='ltr'><strong>sententia</strong></span> <span class='ocrx_word' id='word_1_74' title='bbox 1060 1073 1374 1127; x_wconf 89' lang='lat' dir='ltr'><strong>concludit:</strong></span> <span class='ocrx_word' id='word_1_75' title='bbox 1415 1076 1698 1130; x_wconf 68' lang='lat' dir='ltr'><strong>«Possunt</strong></span> <span class='ocrx_word' id='word_1_76' title='bbox 1742 1079 1887 1133; x_wconf 89' lang='lat' dir='ltr'><strong>enim</strong></span> <span class='ocrx_word' id='word_1_77' title='bbox 1919 1079 2025 1133; x_wconf 88' lang='lat' dir='ltr'><strong>duo</strong></span> 
     </span>
    </p>
   </div>
   <div class='ocr_carea' id='block_1_12' title="bbox 441 1161 2025 1233">
    <p class='ocr_par' dir='ltr' id='par_1_12' title="bbox 441 1161 2025 1233">
     <span class='ocr_line' id='line_1_12' title="bbox 441 1161 2025 1233; baseline 0.009 -22"><span class='ocrx_word' id='word_1_78' title='bbox 441 1174 655 1212; x_wconf 84' lang='lat' dir='ltr'><strong>errores</strong></span> <span class='ocrx_word' id='word_1_79' title='bbox 703 1161 839 1213; x_wconf 91' lang='lat' dir='ltr'><strong>inter</strong></span> <span class='ocrx_word' id='word_1_80' title='bbox 868 1176 927 1215; x_wconf 91' lang='lat' dir='ltr'><strong>se</strong></span> <span class='ocrx_word' id='word_1_81' title='bbox 957 1177 1077 1216; x_wconf 86' lang='lat' dir='ltr'><strong>esse</strong></span> <span class='ocrx_word' id='word_1_82' title='bbox 1108 1166 1362 1218; x_wconf 76' lang='lat' dir='ltr'><strong>contrarii</strong></span> <span class='ocrx_word' id='word_1_83' title='bbox 1385 1211 1398 1233; x_wconf 93' lang='lat'><strong>,</strong></span> <span class='ocrx_word' id='word_1_84' title='bbox 1447 1167 1539 1221; x_wconf 91' lang='lat' dir='ltr'><strong>sed</strong></span> <span class='ocrx_word' id='word_1_85' title='bbox 1571 1170 1730 1221; x_wconf 88' lang='lat' dir='ltr'><strong>ambo</strong></span> <span class='ocrx_word' id='word_1_86' title='bbox 1768 1178 1892 1223; x_wconf 92' lang='lat' dir='ltr'><strong>sunt</strong></span> <span class='ocrx_word' id='word_1_87' title='bbox 1934 1172 2025 1225; x_wconf 85' lang='lat' dir='ltr'><strong>de-</strong></span> 
     </span>
    </p>
   </div>
   <div class='ocr_carea' id='block_1_13' title="bbox 444 1250 2024 1319">
    <p class='ocr_par' dir='ltr' id='par_1_13' title="bbox 444 1250 2024 1319">
     <span class='ocr_line' id='line_1_13' title="bbox 444 1250 2024 1319; baseline 0.008 -17"><span class='ocrx_word' id='word_1_88' title='bbox 444 1250 695 1314; x_wconf 83' lang='lat' dir='ltr'><strong>testandi,</strong></span> <span class='ocrx_word' id='word_1_89' title='bbox 730 1251 850 1319; x_wconf 83' lang='lat' dir='ltr'><strong>quia</strong></span> <span class='ocrx_word' id='word_1_90' title='bbox 899 1262 1023 1305; x_wconf 89' lang='lat' dir='ltr'><strong>sunt</strong></span> <span class='ocrx_word' id='word_1_91' title='bbox 1067 1253 1223 1307; x_wconf 68' lang='lat' dir='ltr'><strong>ambo</strong></span> <span class='ocrx_word' id='word_1_92' title='bbox 1251 1258 1505 1309; x_wconf 83' lang='lat' dir='ltr'><strong>contrarii</strong></span> <span class='ocrx_word' id='word_1_93' title='bbox 1537 1259 1770 1311; x_wconf 78' lang='lat' dir='ltr'><strong>veritati.</strong></span> <span class='ocrx_word' id='word_1_94' title='bbox 1824 1258 1952 1312; x_wconf 82' lang='lat' dir='ltr'><strong>Nam</strong></span> <span class='ocrx_word' id='word_1_95' title='bbox 1980 1260 2024 1314; x_wconf 90' lang='lat' dir='ltr'><strong>si</strong></span> 
     </span>
    </p>
   </div>
   <div class='ocr_carea' id='block_1_14' title="bbox 440 1344 2025 1416">
    <p class='ocr_par' dir='ltr' id='par_1_14' title="bbox 440 1344 2025 1416">
     <span class='ocr_line' id='line_1_14' title="bbox 440 1344 2025 1416; baseline 0.008 -24"><span class='ocrx_word' id='word_1_96' title='bbox 440 1352 722 1409; x_wconf 79' lang='lat' dir='ltr'><strong>propterea</strong></span> <span class='ocrx_word' id='word_1_97' title='bbox 778 1353 902 1396; x_wconf 87' lang='lat' dir='ltr'><strong>sunt</strong></span> <span class='ocrx_word' id='word_1_98' title='bbox 953 1344 1209 1413; x_wconf 76' lang='lat' dir='ltr'><strong>diligendi</strong></span> <span class='ocrx_word' id='word_1_99' title='bbox 1265 1346 1569 1414; x_wconf 72' lang='lat' dir='ltr'><strong>Pelagiani,</strong></span> <span class='ocrx_word' id='word_1_100' title='bbox 1616 1349 1736 1416; x_wconf 88' lang='lat' dir='ltr'><strong>quia</strong></span> <span class='ocrx_word' id='word_1_101' title='bbox 1795 1349 2025 1404; x_wconf 87' lang='lat' dir='ltr'><strong>oderunt</strong></span> 
     </span>
    </p>
   </div>
   <div class='ocr_carea' id='block_1_15' title="bbox 441 1432 2025 1507">
    <p class='ocr_par' dir='ltr' id='par_1_15' title="bbox 441 1432 2025 1507">
     <span class='ocr_line' id='line_1_15' title="bbox 441 1432 2025 1507; baseline 0.004 -20"><span class='ocrx_word' id='word_1_102' title='bbox 441 1432 769 1487; x_wconf 61' lang='lat' dir='ltr'><strong>Manicha‘os</strong></span> <span class='ocrx_word' id='word_1_103' title='bbox 790 1473 804 1498; x_wconf 90' lang='lat'><strong>,</strong></span> <span class='ocrx_word' id='word_1_104' title='bbox 856 1432 1110 1503; x_wconf 77' lang='lat' dir='ltr'><strong>diligendi</strong></span> <span class='ocrx_word' id='word_1_105' title='bbox 1143 1446 1266 1489; x_wconf 88' lang='lat' dir='ltr'><strong>sunt</strong></span> <span class='ocrx_word' id='word_1_106' title='bbox 1296 1445 1350 1490; x_wconf 89' lang='lat' dir='ltr'><strong>et</strong></span> <span class='ocrx_word' id='word_1_107' title='bbox 1379 1437 1689 1501; x_wconf 70' lang='lat' dir='ltr'><strong>Manichzei,</strong></span> <span class='ocrx_word' id='word_1_108' title='bbox 1734 1440 1859 1507; x_wconf 83' lang='lat' dir='ltr'><strong>quia</strong></span> <span class='ocrx_word' id='word_1_109' title='bbox 1896 1439 2025 1493; x_wconf 81' lang='lat' dir='ltr'><strong>ode-</strong></span> 
     </span>
    </p>
   </div>
   <div class='ocr_carea' id='block_1_16' title="bbox 442 1524 2026 1599">
    <p class='ocr_par' dir='ltr' id='par_1_16' title="bbox 442 1524 2026 1599">
     <span class='ocr_line' id='line_1_16' title="bbox 442 1524 2026 1599; baseline 0.006 -24"><span class='ocrx_word' id='word_1_110' title='bbox 442 1534 570 1575; x_wconf 90' lang='lat' dir='ltr'><strong>runt</strong></span> <span class='ocrx_word' id='word_1_111' title='bbox 615 1524 953 1592; x_wconf 82' lang='lat' dir='ltr'><strong>Pelagianos.</strong></span> <span class='ocrx_word' id='word_1_112' title='bbox 1003 1524 1107 1579; x_wconf 87' lang='lat' dir='ltr'><strong>Sed</strong></span> <span class='ocrx_word' id='word_1_113' title='bbox 1139 1526 1282 1579; x_wconf 87' lang='lat' dir='ltr'><strong>absit</strong></span> <span class='ocrx_word' id='word_1_114' title='bbox 1310 1538 1368 1581; x_wconf 91' lang='lat' dir='ltr'><strong>ut</strong></span> <span class='ocrx_word' id='word_1_115' title='bbox 1396 1528 1660 1583; x_wconf 89' lang='lat' dir='ltr'><strong>catholica</strong></span> <span class='ocrx_word' id='word_1_116' title='bbox 1702 1539 1872 1583; x_wconf 85' lang='lat' dir='ltr'><strong>mater</strong></span> <span class='ocrx_word' id='word_1_117' title='bbox 1904 1545 2026 1599; x_wconf 82' lang='lat' dir='ltr'><strong>pro—</strong></span> 
     </span>
    </p>
   </div>
   <div class='ocr_carea' id='block_1_17' title="bbox 441 1615 2022 1689">
    <p class='ocr_par' dir='ltr' id='par_1_17' title="bbox 441 1615 2022 1689">
     <span class='ocr_line' id='line_1_17' title="bbox 441 1615 2022 1689; baseline 0.005 -23"><span class='ocrx_word' id='word_1_118' title='bbox 441 1622 558 1683; x_wconf 83' lang='lat' dir='ltr'><strong>pter</strong></span> <span class='ocrx_word' id='word_1_119' title='bbox 607 1615 895 1669; x_wconf 56' lang='lat' dir='ltr'><strong>alterorum</strong></span> <span class='ocrx_word' id='word_1_120' title='bbox 942 1616 1125 1669; x_wconf 89' lang='lat' dir='ltr'><strong>odium</strong></span> <span class='ocrx_word' id='word_1_121' title='bbox 1176 1618 1378 1673; x_wconf 86' lang='lat' dir='ltr'><strong>alteros</strong></span> <span class='ocrx_word' id='word_1_122' title='bbox 1422 1618 1585 1689; x_wconf 79' lang='lat' dir='ltr'><strong>eligat</strong></span> <span class='ocrx_word' id='word_1_123' title='bbox 1633 1634 1833 1685; x_wconf 90' lang='lat' dir='ltr'><strong>amare,</strong></span> <span class='ocrx_word' id='word_1_124' title='bbox 1877 1634 2022 1687; x_wconf 87' lang='lat' dir='ltr'><strong>cum,</strong></span> 
     </span>
    </p>
   </div>
   <div class='ocr_carea' id='block_1_18' title="bbox 442 1712 2026 1787">
    <p class='ocr_par' dir='ltr' id='par_1_18' title="bbox 442 1712 2026 1787">
     <span class='ocr_line' id='line_1_18' title="bbox 442 1712 2026 1787; baseline 0.004 -22"><span class='ocrx_word' id='word_1_125' title='bbox 442 1719 695 1765; x_wconf 87' lang='lat' dir='ltr'><strong>monente</strong></span> <span class='ocrx_word' id='word_1_126' title='bbox 734 1721 891 1779; x_wconf 87' lang='lat' dir='ltr'><strong>atque</strong></span> <span class='ocrx_word' id='word_1_127' title='bbox 934 1712 1218 1781; x_wconf 84' lang='lat' dir='ltr'><strong>adjuvante</strong></span> <span class='ocrx_word' id='word_1_128' title='bbox 1263 1715 1510 1781; x_wconf 86' lang='lat' dir='ltr'><strong>Domino,</strong></span> <span class='ocrx_word' id='word_1_129' title='bbox 1544 1717 1737 1772; x_wconf 86' lang='lat' dir='ltr'><strong>debeat</strong></span> <span class='ocrx_word' id='word_1_130' title='bbox 1770 1729 2026 1787; x_wconf 89' lang='lat' dir='ltr'><strong>utrosque</strong></span> 
     </span>
    </p>
   </div>
   <div class='ocr_carea' id='block_1_19' title="bbox 2133 526 3725 597">
    <p class='ocr_par' dir='ltr' id='par_1_19' title="bbox 2133 526 3725 597">
     <span class='ocr_line' id='line_1_19' title="bbox 2133 526 3725 597; baseline 0.001 -18"><span class='ocrx_word' id='word_1_131' title='bbox 2133 528 2276 580; x_wconf 89' lang='lat' dir='ltr'><strong>tione</strong></span> <span class='ocrx_word' id='word_1_132' title='bbox 2307 526 2457 580; x_wconf 88' lang='lat' dir='ltr'><strong>liberi</strong></span> <span class='ocrx_word' id='word_1_133' title='bbox 2502 527 2707 581; x_wconf 86' lang='lat' dir='ltr'><strong>arbitrii</strong></span> <span class='ocrx_word' id='word_1_134' title='bbox 2730 569 2745 593; x_wconf 93' lang='lat'><strong>,</strong></span> <span class='ocrx_word' id='word_1_135' title='bbox 2792 537 2999 593; x_wconf 59' lang='lat' dir='ltr'><strong>promer</strong></span> <span class='ocrx_word' id='word_1_136' title='bbox 3026 528 3315 595; x_wconf 69' lang='lat' dir='ltr'><strong>qumstionis</strong></span> <span class='ocrx_word' id='word_1_137' title='bbox 3349 528 3725 597; x_wconf 79' lang='lat' dir='ltr'><strong>difﬁcultatem</strong></span> 
     </span>
    </p>
   </div>
   <div class='ocr_carea' id='block_1_20' title="bbox 2127 616 3724 687">
    <p class='ocr_par' dir='ltr' id='par_1_20' title="bbox 2127 616 3724 687">
     <span class='ocr_line' id='line_1_20' title="bbox 2127 616 3724 687; baseline 0.003 -20"><span class='ocrx_word' id='word_1_138' title='bbox 2127 616 2305 670; x_wconf 89' lang='lat' dir='ltr'><strong>minus</strong></span> <span class='ocrx_word' id='word_1_139' title='bbox 2336 617 2755 686; x_wconf 83' lang='lat' dir='ltr'><strong>intelligentibus</strong></span> <span class='ocrx_word' id='word_1_140' title='bbox 2787 618 2837 670; x_wconf 91' lang='lat' dir='ltr'><strong>id</strong></span> <span class='ocrx_word' id='word_1_141' title='bbox 2866 618 3032 671; x_wconf 85' lang='lat' dir='ltr'><strong>videri</strong></span> <span class='ocrx_word' id='word_1_142' title='bbox 3073 633 3231 687; x_wconf 88' lang='lat' dir='ltr'><strong>posse</strong></span> <span class='ocrx_word' id='word_1_143' title='bbox 3263 618 3416 672; x_wconf 88' lang='lat' dir='ltr'><strong>dixit.</strong></span> <span class='ocrx_word' id='word_1_144' title='bbox 3446 617 3724 673; x_wconf 69' lang='lat' dir='ltr'><strong>Prmterea</strong></span> 
     </span>
    </p>
   </div>
   <div class='ocr_carea' id='block_1_21' title="bbox 2126 705 3728 776">
    <p class='ocr_par' dir='ltr' id='par_1_21' title="bbox 2126 705 3728 776">
     <span class='ocr_line' id='line_1_21' title="bbox 2126 705 3728 776; baseline 0.006 -21"><span class='ocrx_word' id='word_1_145' title='bbox 2126 705 2358 773; x_wconf 80' lang='lat' dir='ltr'><strong>appellat</strong></span> <span class='ocrx_word' id='word_1_146' title='bbox 2401 707 2493 760; x_wconf 86' lang='lat' dir='ltr'><strong>lib.</strong></span> <span class='ocrx_word' id='word_1_147' title='bbox 2526 722 2577 772; x_wconf 74' lang='grc' dir='ltr'><strong>ν,</strong></span> <span class='ocrx_word' id='word_1_148' title='bbox 2604 722 2723 776; x_wconf 90' lang='lat' dir='ltr'><strong>cap.</strong></span> <span class='ocrx_word' id='word_1_149' title='bbox 2751 707 2804 771; x_wconf 88' lang='lat'><strong>9,</strong></span> <span class='ocrx_word' id='word_1_150' title='bbox 2836 715 3022 762; x_wconf 90' lang='lat' dir='ltr'><strong>contra</strong></span> <span class='ocrx_word' id='word_1_151' title='bbox 3052 706 3343 772; x_wconf 73' lang='lat' dir='ltr'><strong>lulianum,</strong></span> <span class='ocrx_word' id='word_1_152' title='bbox 3387 718 3441 763; x_wconf 90' lang='lat' dir='ltr'><strong>et</strong></span> <span class='ocrx_word' id='word_1_153' title='bbox 3471 710 3565 763; x_wconf 91' lang='lat' dir='ltr'><strong>lib.</strong></span> <span class='ocrx_word' id='word_1_154' title='bbox 3594 725 3609 763; x_wconf 87' lang='grc' dir='ltr'>ι</span> <span class='ocrx_word' id='word_1_155' title='bbox 3655 711 3728 764; x_wconf 85' lang='lat' dir='ltr'><strong>de</strong></span> 
     </span>
    </p>
   </div>
   <div class='ocr_carea' id='block_1_22' title="bbox 2126 798 3725 869">
    <p class='ocr_par' dir='ltr' id='par_1_22' title="bbox 2126 798 3725 869">
     <span class='ocr_line' id='line_1_22' title="bbox 2126 798 3725 869; baseline 0.002 -19"><span class='ocrx_word' id='word_1_156' title='bbox 2126 798 2345 867; x_wconf 83' lang='lat' dir='ltr'><strong>Origine</strong></span> <span class='ocrx_word' id='word_1_157' title='bbox 2372 801 2587 865; x_wconf 69' lang='lat' dir='ltr'><strong>animm,</strong></span> <span class='ocrx_word' id='word_1_158' title='bbox 2637 813 2755 869; x_wconf 92' lang='lat' dir='ltr'><strong>cap.</strong></span> <span class='ocrx_word' id='word_1_159' title='bbox 2804 798 2892 858; x_wconf 77' lang='grc'><strong>15.</strong></span> <span class='ocrx_word' id='word_1_160' title='bbox 2942 802 3007 854; x_wconf 90' lang='lat' dir='ltr'><strong>At</strong></span> <span class='ocrx_word' id='word_1_161' title='bbox 3036 800 3086 854; x_wconf 89' lang='lat' dir='ltr'><strong>in</strong></span> <span class='ocrx_word' id='word_1_162' title='bbox 3118 801 3283 868; x_wconf 85' lang='lat' dir='ltr'><strong>priori</strong></span> <span class='ocrx_word' id='word_1_163' title='bbox 3332 801 3449 856; x_wconf 67' lang='lat' dir='ltr'><strong>loco</strong></span> <span class='ocrx_word' id='word_1_164' title='bbox 3489 801 3557 855; x_wconf 86' lang='lat' dir='ltr'><strong>de</strong></span> <span class='ocrx_word' id='word_1_165' title='bbox 3587 817 3725 854; x_wconf 59' lang='lat' dir='ltr'><strong>cono</strong></span> 
     </span>
    </p>
   </div>
   <div class='ocr_carea' id='block_1_23' title="bbox 2126 890 3723 960">
    <p class='ocr_par' dir='ltr' id='par_1_23' title="bbox 2126 890 3723 960">
     <span class='ocr_line' id='line_1_23' title="bbox 2126 890 3723 960; baseline 0.004 -21"><span class='ocrx_word' id='word_1_166' title='bbox 2126 890 2454 955; x_wconf 88' lang='lat' dir='ltr'><strong>cupiscentia</strong></span> <span class='ocrx_word' id='word_1_167' title='bbox 2488 898 2690 944; x_wconf 90' lang='lat' dir='ltr'><strong>tantum</strong></span> <span class='ocrx_word' id='word_1_168' title='bbox 2723 890 2982 957; x_wconf 69' lang='lat' dir='ltr'><strong>disiiutat,</strong></span> <span class='ocrx_word' id='word_1_169' title='bbox 3010 892 3060 945; x_wconf 90' lang='lat' dir='ltr'><strong>iu</strong></span> <span class='ocrx_word' id='word_1_170' title='bbox 3092 892 3377 959; x_wconf 85' lang='lat' dir='ltr'><strong>posteriori</strong></span> <span class='ocrx_word' id='word_1_171' title='bbox 3407 893 3473 945; x_wconf 87' lang='lat' dir='ltr'><strong>de</strong></span> <span class='ocrx_word' id='word_1_172' title='bbox 3502 894 3723 960; x_wconf 79' lang='lat' dir='ltr'><strong>origine</strong></span> 
     </span>
    </p>
   </div>
   <div class='ocr_carea' id='block_1_24' title="bbox 2127 979 3719 1052">
    <p class='ocr_par' dir='ltr' id='par_1_24' title="bbox 2127 979 3719 1052">
     <span class='ocr_line' id='line_1_24' title="bbox 2127 979 3719 1052; baseline 0.005 -23"><span class='ocrx_word' id='word_1_173' title='bbox 2127 979 2338 1044; x_wconf 64' lang='lat' dir='ltr'><strong>animae,</strong></span> <span class='ocrx_word' id='word_1_174' title='bbox 2371 989 2427 1033; x_wconf 89' lang='lat' dir='ltr'><strong>et.</strong></span> <span class='ocrx_word' id='word_1_175' title='bbox 2470 980 2826 1049; x_wconf 89' lang='lat' dir='ltr'><strong>neutrobique</strong></span> <span class='ocrx_word' id='word_1_176' title='bbox 2856 981 2922 1035; x_wconf 91' lang='lat' dir='ltr'><strong>de</strong></span> <span class='ocrx_word' id='word_1_177' title='bbox 2964 981 3126 1035; x_wconf 90' lang='lat' dir='ltr'><strong>animi</strong></span> <span class='ocrx_word' id='word_1_178' title='bbox 3167 980 3247 1035; x_wconf 87' lang='lat' dir='ltr'><strong>sui</strong></span> <span class='ocrx_word' id='word_1_179' title='bbox 3289 982 3515 1052; x_wconf 81' lang='lat' dir='ltr'><strong>impetu,</strong></span> <span class='ocrx_word' id='word_1_180' title='bbox 3568 984 3719 1051; x_wconf 80' lang='lat' dir='ltr'><strong>zelo,</strong></span> 
     </span>
    </p>
   </div>
   <div class='ocr_carea' id='block_1_25' title="bbox 2128 1069 3277 1135">
    <p class='ocr_par' dir='ltr' id='par_1_25' title="bbox 2128 1069 3277 1135">
     <span class='ocr_line' id='line_1_25' title="bbox 2128 1069 3277 1135; baseline 0.003 -14"><span class='ocrx_word' id='word_1_181' title='bbox 2128 1069 2357 1135; x_wconf 77' lang='lat' dir='ltr'><strong>fervore,</strong></span> <span class='ocrx_word' id='word_1_182' title='bbox 2390 1086 2612 1126; x_wconf 82' lang='lat' dir='ltr'><strong>excessu</strong></span> <span class='ocrx_word' id='word_1_183' title='bbox 2644 1072 2863 1126; x_wconf 78' lang='lat' dir='ltr'><strong>verbum</strong></span> <span class='ocrx_word' id='word_1_184' title='bbox 2892 1073 3058 1127; x_wconf 81' lang='lat' dir='ltr'><strong>ullum</strong></span> <span class='ocrx_word' id='word_1_185' title='bbox 3097 1072 3277 1127; x_wconf 86' lang='lat' dir='ltr'><strong>habet.</strong></span> 
     </span>
    </p>
   </div>
   <div class='ocr_carea' id='block_1_26' title="bbox 2198 1163 3719 1233">
    <p class='ocr_par' dir='ltr' id='par_1_26' title="bbox 2198 1163 3719 1233">
     <span class='ocr_line' id='line_1_26' title="bbox 2198 1163 3719 1233; baseline 0.003 -18"><span class='ocrx_word' id='word_1_186' title='bbox 2198 1163 2461 1217; x_wconf 63' lang='lat' dir='ltr'><strong>Caderum</strong></span> <span class='ocrx_word' id='word_1_187' title='bbox 2493 1173 2747 1232; x_wconf 87' lang='lat' dir='ltr'><strong>quantum</strong></span> <span class='ocrx_word' id='word_1_188' title='bbox 2784 1165 3004 1231; x_wconf 86' lang='lat' dir='ltr'><strong>periculi</strong></span> <span class='ocrx_word' id='word_1_189' title='bbox 3035 1180 3101 1218; x_wconf 88' lang='lat' dir='ltr'><strong>ex</strong></span> <span class='ocrx_word' id='word_1_190' title='bbox 3147 1164 3373 1233; x_wconf 80' lang='lat' dir='ltr'><strong>objectis</strong></span> <span class='ocrx_word' id='word_1_191' title='bbox 3400 1166 3719 1219; x_wconf 78' lang='lat' dir='ltr'><strong>excessibus</strong></span> 
     </span>
    </p>
   </div>
   <div class='ocr_carea' id='block_1_27' title="bbox 2126 1254 3717 1324">
    <p class='ocr_par' dir='ltr' id='par_1_27' title="bbox 2126 1254 3717 1324">
     <span class='ocr_line' id='line_1_27' title="bbox 2126 1254 3717 1324; baseline 0.003 -17"><span class='ocrx_word' id='word_1_192' title='bbox 2126 1254 2407 1323; x_wconf 74' lang='lat' dir='ltr'><strong>Augustini</strong></span> <span class='ocrx_word' id='word_1_193' title='bbox 2437 1257 2679 1309; x_wconf 87' lang='lat' dir='ltr'><strong>doctrina</strong></span> <span class='ocrx_word' id='word_1_194' title='bbox 2708 1256 2919 1324; x_wconf 85' lang='lat' dir='ltr'><strong>subeat,</strong></span> <span class='ocrx_word' id='word_1_195' title='bbox 2956 1272 3114 1311; x_wconf 89' lang='lat' dir='ltr'><strong>nemo</strong></span> <span class='ocrx_word' id='word_1_196' title='bbox 3143 1273 3246 1312; x_wconf 90' lang='lat' dir='ltr'><strong>non</strong></span> <span class='ocrx_word' id='word_1_197' title='bbox 3281 1257 3461 1323; x_wconf 82' lang='lat' dir='ltr'><strong>videt;</strong></span> <span class='ocrx_word' id='word_1_198' title='bbox 3515 1261 3717 1313; x_wconf 88' lang='lat' dir='ltr'><strong>etenim</strong></span> 
     </span>
    </p>
   </div>
   <div class='ocr_carea' id='block_1_28' title="bbox 2127 1332 3721 1415">
    <p class='ocr_par' dir='ltr' id='par_1_28' title="bbox 2127 1332 3721 1415">
     <span class='ocr_line' id='line_1_28' title="bbox 2127 1332 3721 1415; baseline 0.003 -17"><span class='ocrx_word' id='word_1_199' title='bbox 2127 1346 2169 1398; x_wconf 92' lang='lat' dir='ltr'><strong>si</strong></span> <span class='ocrx_word' id='word_1_200' title='bbox 2196 1346 2247 1398; x_wconf 91' lang='lat' dir='ltr'><strong>in</strong></span> <span class='ocrx_word' id='word_1_201' title='bbox 2282 1346 2389 1399; x_wconf 91' lang='lat' dir='ltr'><strong>illis</strong></span> <span class='ocrx_word' id='word_1_202' title='bbox 2419 1345 2731 1401; x_wconf 78' lang='lat' dir='ltr'><strong>excessibus</strong></span> <span class='ocrx_word' id='word_1_203' title='bbox 2771 1347 3109 1415; x_wconf 81' lang='lat' dir='ltr'><strong>Augustinus</strong></span> <span class='ocrx_word' id='word_1_204' title='bbox 3140 1347 3295 1402; x_wconf 81' lang='lat' dir='ltr'><strong>liberi</strong></span> <span class='ocrx_word' id='word_1_205' title='bbox 3320 1332 3534 1402; x_wconf 85' lang='lat' dir='ltr'><strong>arbitrii</strong></span> <span class='ocrx_word' id='word_1_206' title='bbox 3572 1349 3721 1403; x_wconf 79' lang='lat' dir='ltr'><strong>vires</strong></span> 
     </span>
    </p>
   </div>
   <div class='ocr_carea' id='block_1_29' title="bbox 2127 1437 3716 1511">
    <p class='ocr_par' dir='ltr' id='par_1_29' title="bbox 2127 1437 3716 1511">
     <span class='ocr_line' id='line_1_29' title="bbox 2127 1437 3716 1511; baseline 0.001 -21"><span class='ocrx_word' id='word_1_207' title='bbox 2127 1438 2245 1507; x_wconf 91' lang='lat' dir='ltr'><strong>plus</strong></span> <span class='ocrx_word' id='word_1_208' title='bbox 2269 1437 2418 1506; x_wconf 90' lang='lat' dir='ltr'><strong>justo</strong></span> <span class='ocrx_word' id='word_1_209' title='bbox 2456 1438 2744 1507; x_wconf 90' lang='lat' dir='ltr'><strong>depressit,</strong></span> <span class='ocrx_word' id='word_1_210' title='bbox 2785 1456 2847 1494; x_wconf 89' lang='lat' dir='ltr'><strong>ac</strong></span> <span class='ocrx_word' id='word_1_211' title='bbox 2886 1440 3028 1494; x_wconf 90' lang='lat' dir='ltr'><strong>vires</strong></span> <span class='ocrx_word' id='word_1_212' title='bbox 3068 1441 3252 1511; x_wconf 77' lang='lat' dir='ltr'><strong>gratia:</strong></span> <span class='ocrx_word' id='word_1_213' title='bbox 3297 1440 3458 1494; x_wconf 87' lang='lat' dir='ltr'><strong>altius</strong></span> <span class='ocrx_word' id='word_1_214' title='bbox 3498 1441 3716 1503; x_wconf 78' lang='lat' dir='ltr'><strong>extulit,</strong></span> 
     </span>
    </p>
   </div>
   <div class='ocr_carea' id='block_1_30' title="bbox 2128 1527 3715 1601">
    <p class='ocr_par' dir='ltr' id='par_1_30' title="bbox 2128 1527 3715 1601">
     <span class='ocr_line' id='line_1_30' title="bbox 2128 1527 3715 1601; baseline 0 -18"><span class='ocrx_word' id='word_1_215' title='bbox 2128 1539 2255 1585; x_wconf 89' lang='lat' dir='ltr'><strong>tune</strong></span> <span class='ocrx_word' id='word_1_216' title='bbox 2296 1527 2547 1584; x_wconf 77' lang='lat' dir='ltr'><strong>Calvinus</strong></span> <span class='ocrx_word' id='word_1_217' title='bbox 2587 1531 2931 1586; x_wconf 82' lang='lat' dir='ltr'><strong>concinuisse</strong></span> <span class='ocrx_word' id='word_1_218' title='bbox 2976 1546 3094 1585; x_wconf 91' lang='lat' dir='ltr'><strong>cum</strong></span> <span class='ocrx_word' id='word_1_219' title='bbox 3138 1531 3437 1601; x_wconf 77' lang='lat' dir='ltr'><strong>Augusﬁno</strong></span> <span class='ocrx_word' id='word_1_220' title='bbox 3486 1531 3715 1593; x_wconf 75' lang='lat' dir='ltr'><strong>dicetur;</strong></span> 
     </span>
    </p>
   </div>
   <div class='ocr_carea' id='block_1_31' title="bbox 2127 1620 3717 1691">
    <p class='ocr_par' dir='ltr' id='par_1_31' title="bbox 2127 1620 3717 1691">
     <span class='ocr_line' id='line_1_31' title="bbox 2127 1620 3717 1691; baseline 0.002 -18"><span class='ocrx_word' id='word_1_221' title='bbox 2127 1620 2291 1685; x_wconf 84' lang='lat' dir='ltr'><strong>quiin</strong></span> <span class='ocrx_word' id='word_1_222' title='bbox 2322 1620 2428 1675; x_wconf 89' lang='lat' dir='ltr'><strong>illis</strong></span> <span class='ocrx_word' id='word_1_223' title='bbox 2452 1622 2764 1676; x_wconf 82' lang='lat' dir='ltr'><strong>excessibus</strong></span> <span class='ocrx_word' id='word_1_224' title='bbox 2788 1637 2942 1675; x_wconf 58' lang='lat' dir='ltr'><strong>suum</strong></span> <span class='ocrx_word' id='word_1_225' title='bbox 2967 1623 3158 1691; x_wconf 80' lang='lat' dir='ltr'><strong>dogma</strong></span> <span class='ocrx_word' id='word_1_226' title='bbox 3190 1622 3454 1675; x_wconf 74' lang='lat' dir='ltr'><strong>fundavit.</strong></span> <span class='ocrx_word' id='word_1_227' title='bbox 3501 1622 3717 1678; x_wconf 82' lang='lat' dir='ltr'><strong>Scimus</strong></span> 
     </span>
    </p>
   </div>
   <div class='ocr_carea' id='block_1_32' title="bbox 2128 1710 3715 1783">
    <p class='ocr_par' dir='ltr' id='par_1_32' title="bbox 2128 1710 3715 1783">
     <span class='ocr_line' id='line_1_32' title="bbox 2128 1710 3715 1783; baseline 0.001 -19"><span class='ocrx_word' id='word_1_228' title='bbox 2128 1710 2407 1766; x_wconf 75' lang='lat' dir='ltr'><strong>Calvinum</strong></span> <span class='ocrx_word' id='word_1_229' title='bbox 2457 1713 2592 1768; x_wconf 89' lang='lat' dir='ltr'><strong>falso</strong></span> <span class='ocrx_word' id='word_1_230' title='bbox 2629 1728 2780 1783; x_wconf 69' lang='lat' dir='ltr'><strong>teque</strong></span> <span class='ocrx_word' id='word_1_231' title='bbox 2826 1729 2890 1767; x_wconf 89' lang='lat' dir='ltr'><strong>ac</strong></span> <span class='ocrx_word' id='word_1_232' title='bbox 2934 1716 3166 1783; x_wconf 89' lang='lat' dir='ltr'><strong>superbe</strong></span> <span class='ocrx_word' id='word_1_233' title='bbox 3211 1713 3425 1783; x_wconf 86' lang='lat' dir='ltr'><strong>gloriari</strong></span> <span class='ocrx_word' id='word_1_234' title='bbox 3473 1715 3715 1780; x_wconf 74' lang='lat' dir='ltr'><strong>stlitum,</strong></span> 
     </span>
    </p>
   </div>
   <div class='ocr_carea' id='block_1_33' title="bbox 442 1801 3717 1877">
    <p class='ocr_par' dir='ltr' id='par_1_33' title="bbox 442 1801 3717 1877">
     <span class='ocr_line' id='line_1_33' title="bbox 442 1801 3717 1877; baseline 0.002 -23"><span class='ocrx_word' id='word_1_235' title='bbox 442 1801 637 1865; x_wconf 88' lang='lat' dir='ltr'><strong>vitare,</strong></span> <span class='ocrx_word' id='word_1_236' title='bbox 673 1809 726 1856; x_wconf 87' lang='lat' dir='ltr'><strong>et</strong></span> <span class='ocrx_word' id='word_1_237' title='bbox 769 1804 951 1871; x_wconf 90' lang='lat' dir='ltr'><strong>cupiat</strong></span> <span class='ocrx_word' id='word_1_238' title='bbox 993 1814 1249 1874; x_wconf 87' lang='lat' dir='ltr'><strong>utrosque</strong></span> <span class='ocrx_word' id='word_1_239' title='bbox 1279 1809 1503 1862; x_wconf 83' lang='lat' dir='ltr'><strong>sanare!</strong></span> <span class='ocrx_word' id='word_1_240' title='bbox 1546 1826 1563 1860; x_wconf 74' lang='grc' dir='ltr'><strong><em>ι</em></strong></span> <span class='ocrx_word' id='word_1_241' title='bbox 1600 1809 1803 1863; x_wconf 82' lang='lat' dir='ltr'><strong>Rursus</strong></span> <span class='ocrx_word' id='word_1_242' title='bbox 1832 1810 1925 1864; x_wconf 91' lang='lat' dir='ltr'><strong>lib.</strong></span> <span class='ocrx_word' id='word_1_243' title='bbox 1951 1826 2023 1875; x_wconf 82' lang='lat' dir='ltr'><strong>tv,</strong></span> <span class='ocrx_word' id='word_1_244' title='bbox 2058 1808 2103 1868; x_wconf 89' lang='lat' dir='ltr'><strong>B</strong></span> <span class='ocrx_word' id='word_1_245' title='bbox 2131 1820 2283 1860; x_wconf 90' lang='lat' dir='ltr'><strong>suum</strong></span> <span class='ocrx_word' id='word_1_246' title='bbox 2310 1819 2432 1861; x_wconf 86' lang='lat' dir='ltr'><strong>esse</strong></span> <span class='ocrx_word' id='word_1_247' title='bbox 2457 1816 2624 1860; x_wconf 88' lang='lat' dir='ltr'><strong>totum</strong></span> <span class='ocrx_word' id='word_1_248' title='bbox 2659 1809 3039 1877; x_wconf 85' lang='lat' dir='ltr'><strong>Augustinum,</strong></span> <span class='ocrx_word' id='word_1_249' title='bbox 3086 1808 3157 1862; x_wconf 90' lang='lat' dir='ltr'><strong>ita</strong></span> <span class='ocrx_word' id='word_1_250' title='bbox 3191 1808 3440 1863; x_wconf 85' lang='lat' dir='ltr'><strong>eumdem</strong></span> <span class='ocrx_word' id='word_1_251' title='bbox 3472 1807 3717 1862; x_wconf 81' lang='lat' dir='ltr'><strong>claman-</strong></span> 
     </span>
    </p>
   </div>
   <div class='ocr_carea' id='block_1_34' title="bbox 441 1893 2026 1962">
    <p class='ocr_par' dir='ltr' id='par_1_34' title="bbox 441 1893 2026 1962">
     <span class='ocr_line' id='line_1_34' title="bbox 441 1893 2026 1962; baseline 0.005 -15"><span class='ocrx_word' id='word_1_252' title='bbox 441 1908 559 1962; x_wconf 88' lang='lat' dir='ltr'><strong>eap.</strong></span> <span class='ocrx_word' id='word_1_253' title='bbox 593 1893 645 1958; x_wconf 79' lang='lat'><strong>3,</strong></span> <span class='ocrx_word' id='word_1_254' title='bbox 698 1894 766 1948; x_wconf 91' lang='lat' dir='ltr'><strong>ita</strong></span> <span class='ocrx_word' id='word_1_255' title='bbox 803 1896 1115 1950; x_wconf 82' lang='lat' dir='ltr'><strong>exorditur:</strong></span> <span class='ocrx_word' id='word_1_256' title='bbox 1158 1916 1174 1948; x_wconf 78' lang='grc' dir='ltr'>ι</span> <span class='ocrx_word' id='word_1_257' title='bbox 1204 1897 1305 1951; x_wconf 90' lang='lat' dir='ltr'><strong>lsta</strong></span> <span class='ocrx_word' id='word_1_258' title='bbox 1355 1899 1557 1953; x_wconf 85' lang='lat' dir='ltr'><strong>nefaria</strong></span> <span class='ocrx_word' id='word_1_259' title='bbox 1599 1909 1656 1955; x_wconf 89' lang='lat' dir='ltr'><strong>et</strong></span> <span class='ocrx_word' id='word_1_260' title='bbox 1702 1900 2026 1955; x_wconf 88' lang='lat' dir='ltr'><strong>damnabilia</strong></span> 
     </span>
    </p>
   </div>
   <div class='ocr_carea' id='block_1_35' title="bbox 442 1985 2030 2062">
    <p class='ocr_par' dir='ltr' id='par_1_35' title="bbox 442 1985 2030 2062">
     <span class='ocr_line' id='line_1_35' title="bbox 442 1985 2030 2062; baseline 0.006 -23"><span class='ocrx_word' id='word_1_261' title='bbox 442 1985 690 2054; x_wconf 81' lang='lat' dir='ltr'><strong>dogmata</strong></span> <span class='ocrx_word' id='word_1_262' title='bbox 732 1988 784 2041; x_wconf 92' lang='lat' dir='ltr'><strong>in</strong></span> <span class='ocrx_word' id='word_1_263' title='bbox 820 1987 919 2043; x_wconf 88' lang='lat' dir='ltr'><strong>hac</strong></span> <span class='ocrx_word' id='word_1_264' title='bbox 964 1990 1229 2058; x_wconf 89' lang='lat' dir='ltr'><strong>tripartita</strong></span> <span class='ocrx_word' id='word_1_265' title='bbox 1278 1990 1542 2046; x_wconf 89' lang='lat' dir='ltr'><strong>divisione</strong></span> <span class='ocrx_word' id='word_1_266' title='bbox 1579 1993 1822 2062; x_wconf 83' lang='lat' dir='ltr'><strong>quisquis</strong></span> <span class='ocrx_word' id='word_1_267' title='bbox 1853 2006 2030 2049; x_wconf 84' lang='lat' dir='ltr'><strong>mente</strong></span> 
     </span>
    </p>
   </div>
   <div class='ocr_carea' id='block_1_36' title="bbox 441 2078 2031 2153">
    <p class='ocr_par' dir='ltr' id='par_1_36' title="bbox 441 2078 2031 2153">
     <span class='ocr_line' id='line_1_36' title="bbox 441 2078 2031 2153; baseline 0.006 -22"><span class='ocrx_word' id='word_1_268' title='bbox 441 2078 701 2133; x_wconf 83' lang='lat' dir='ltr'><strong>catholica</strong></span> <span class='ocrx_word' id='word_1_269' title='bbox 750 2081 1035 2146; x_wconf 77' lang='lat' dir='ltr'><strong>exhorret,</strong></span> <span class='ocrx_word' id='word_1_270' title='bbox 1094 2083 1236 2137; x_wconf 81' lang='lat' dir='ltr'><strong>illius</strong></span> <span class='ocrx_word' id='word_1_271' title='bbox 1282 2086 1734 2153; x_wconf 75' lang='lat' dir='ltr'><strong>quinquepartitze</strong></span> <span class='ocrx_word' id='word_1_272' title='bbox 1793 2086 2031 2141; x_wconf 84' lang='lat' dir='ltr'><strong>latebras</strong></span> 
     </span>
    </p>
   </div>
   <div class='ocr_carea' id='block_1_37' title="bbox 444 2168 2029 2244">
    <p class='ocr_par' dir='ltr' id='par_1_37' title="bbox 444 2168 2029 2244">
     <span class='ocr_line' id='line_1_37' title="bbox 444 2168 2029 2244; baseline 0.005 -23"><span class='ocrx_word' id='word_1_273' title='bbox 444 2168 773 2237; x_wconf 77' lang='lat' dir='ltr'><strong>insidiasque</strong></span> <span class='ocrx_word' id='word_1_274' title='bbox 796 2170 1016 2237; x_wconf 69' lang='lat' dir='ltr'><strong>devitet,</strong></span> <span class='ocrx_word' id='word_1_275' title='bbox 1050 2180 1207 2242; x_wconf 89' lang='lat' dir='ltr'><strong>atque</strong></span> <span class='ocrx_word' id='word_1_276' title='bbox 1238 2176 1306 2225; x_wconf 90' lang='lat' dir='ltr'><strong>ita</strong></span> <span class='ocrx_word' id='word_1_277' title='bbox 1339 2174 1478 2228; x_wconf 88' lang='lat' dir='ltr'><strong>inter</strong></span> <span class='ocrx_word' id='word_1_278' title='bbox 1501 2183 1785 2244; x_wconf 89' lang='lat' dir='ltr'><strong>utrumque</strong></span> <span class='ocrx_word' id='word_1_279' title='bbox 1810 2175 1879 2229; x_wconf 90' lang='lat' dir='ltr'><strong>sit</strong></span> <span class='ocrx_word' id='word_1_280' title='bbox 1900 2190 2029 2230; x_wconf 75' lang='lat' dir='ltr'><strong>can~</strong></span> 
     </span>
    </p>
   </div>
   <div class='ocr_carea' id='block_1_38' title="bbox 444 2261 2033 2328">
    <p class='ocr_par' dir='ltr' id='par_1_38' title="bbox 444 2261 2033 2328">
     <span class='ocr_line' id='line_1_38' title="bbox 444 2261 2033 2328; baseline 0.006 -15"><span class='ocrx_word' id='word_1_281' title='bbox 444 2271 551 2323; x_wconf 90' lang='lat' dir='ltr'><strong>tus,</strong></span> <span class='ocrx_word' id='word_1_282' title='bbox 579 2270 636 2314; x_wconf 93' lang='lat' dir='ltr'><strong>ut</strong></span> <span class='ocrx_word' id='word_1_283' title='bbox 662 2261 738 2316; x_wconf 91' lang='lat' dir='ltr'><strong>sic</strong></span> <span class='ocrx_word' id='word_1_284' title='bbox 764 2261 998 2317; x_wconf 82' lang='lat' dir='ltr'><strong>declinet</strong></span> <span class='ocrx_word' id='word_1_285' title='bbox 1027 2263 1397 2328; x_wconf 80' lang='lat' dir='ltr'><strong>Manichzeum,</strong></span> <span class='ocrx_word' id='word_1_286' title='bbox 1425 2281 1492 2319; x_wconf 89' lang='lat' dir='ltr'><strong>ne</strong></span> <span class='ocrx_word' id='word_1_287' title='bbox 1521 2280 1580 2319; x_wconf 88' lang='lat' dir='ltr'><strong>sc</strong></span> <span class='ocrx_word' id='word_1_288' title='bbox 1602 2267 1822 2321; x_wconf 90' lang='lat' dir='ltr'><strong>inclinet</strong></span> <span class='ocrx_word' id='word_1_289' title='bbox 1850 2268 1899 2321; x_wconf 92' lang='lat' dir='ltr'><strong>in</strong></span> <span class='ocrx_word' id='word_1_290' title='bbox 1933 2266 2033 2322; x_wconf 86' lang='lat' dir='ltr'><strong>Pe-</strong></span> 
     </span>
    </p>
   </div>
   <div class='ocr_carea' id='block_1_39' title="bbox 443 2351 2034 2425">
    <p class='ocr_par' dir='ltr' id='par_1_39' title="bbox 443 2351 2034 2425">
     <span class='ocr_line' id='line_1_39' title="bbox 443 2351 2034 2425; baseline 0.004 -20"><span class='ocrx_word' id='word_1_291' title='bbox 443 2351 675 2419; x_wconf 84' lang='lat' dir='ltr'><strong>lagium;</strong></span> <span class='ocrx_word' id='word_1_292' title='bbox 708 2368 1002 2419; x_wconf 80' lang='lat' dir='ltr'><strong>rursusque</strong></span> <span class='ocrx_word' id='word_1_293' title='bbox 1033 2354 1104 2407; x_wconf 89' lang='lat' dir='ltr'><strong>ita</strong></span> <span class='ocrx_word' id='word_1_294' title='bbox 1131 2355 1377 2425; x_wconf 74' lang='lat' dir='ltr'><strong>sejung-tt</strong></span> <span class='ocrx_word' id='word_1_295' title='bbox 1404 2371 1431 2408; x_wconf 88' lang='lat' dir='ltr'><strong>a</strong></span> <span class='ocrx_word' id='word_1_296' title='bbox 1459 2355 1779 2425; x_wconf 76' lang='lat' dir='ltr'><strong>Pelagianis,</strong></span> <span class='ocrx_word' id='word_1_297' title='bbox 1815 2374 1880 2411; x_wconf 89' lang='lat' dir='ltr'><strong>ne</strong></span> <span class='ocrx_word' id='word_1_298' title='bbox 1910 2374 2034 2413; x_wconf 85' lang='lat' dir='ltr'><strong>con-</strong></span> 
     </span>
    </p>
   </div>
   <div class='ocr_carea' id='block_1_40' title="bbox 445 2440 2028 2517">
    <p class='ocr_par' dir='ltr' id='par_1_40' title="bbox 445 2440 2028 2517">
     <span class='ocr_line' id='line_1_40' title="bbox 445 2440 2028 2517; baseline 0.007 -25"><span class='ocrx_word' id='word_1_299' title='bbox 445 2440 629 2509; x_wconf 89' lang='lat' dir='ltr'><strong>jungat</strong></span> <span class='ocrx_word' id='word_1_300' title='bbox 677 2441 1012 2505; x_wconf 67' lang='lat' dir='ltr'><strong>Maniclnmis,</strong></span> <span class='ocrx_word' id='word_1_301' title='bbox 1046 2454 1138 2497; x_wconf 92' lang='lat' dir='ltr'><strong>aut</strong></span> <span class='ocrx_word' id='word_1_302' title='bbox 1175 2447 1217 2497; x_wconf 93' lang='lat' dir='ltr'><strong>si</strong></span> <span class='ocrx_word' id='word_1_303' title='bbox 1260 2446 1313 2499; x_wconf 89' lang='lat' dir='ltr'><strong>in</strong></span> <span class='ocrx_word' id='word_1_304' title='bbox 1356 2446 1554 2500; x_wconf 90' lang='lat' dir='ltr'><strong>alterut</strong></span> <span class='ocrx_word' id='word_1_305' title='bbox 1587 2448 1631 2500; x_wconf 90' lang='lat' dir='ltr'><strong>is</strong></span> <span class='ocrx_word' id='word_1_306' title='bbox 1656 2447 1765 2517; x_wconf 77' lang='lat' dir='ltr'><strong>jam</strong></span> <span class='ocrx_word' id='word_1_307' title='bbox 1798 2459 2028 2515; x_wconf 90' lang='lat' dir='ltr'><strong>tenetur,</strong></span> 
     </span>
    </p>
   </div>
   <div class='ocr_carea' id='block_1_41' title="bbox 446 2530 2033 2601">
    <p class='ocr_par' dir='ltr' id='par_1_41' title="bbox 446 2530 2033 2601">
     <span class='ocr_line' id='line_1_41' title="bbox 446 2530 2033 2601; baseline 0.007 -17"><span class='ocrx_word' id='word_1_308' title='bbox 446 2544 546 2584; x_wconf 90' lang='lat' dir='ltr'><strong>nee</strong></span> <span class='ocrx_word' id='word_1_309' title='bbox 576 2530 655 2585; x_wconf 90' lang='lat' dir='ltr'><strong>sic</strong></span> <span class='ocrx_word' id='word_1_310' title='bbox 683 2545 742 2585; x_wconf 90' lang='lat' dir='ltr'><strong>se</strong></span> <span class='ocrx_word' id='word_1_311' title='bbox 770 2546 799 2583; x_wconf 91' lang='lat' dir='ltr'><strong>a</strong></span> <span class='ocrx_word' id='word_1_312' title='bbox 823 2532 1149 2599; x_wconf 76' lang='lat' dir='ltr'><strong>quibuslibet</strong></span> <span class='ocrx_word' id='word_1_313' title='bbox 1190 2536 1377 2590; x_wconf 90' lang='lat' dir='ltr'><strong>alteris</strong></span> <span class='ocrx_word' id='word_1_314' title='bbox 1408 2546 1608 2601; x_wconf 80' lang='lat' dir='ltr'><strong>servet,</strong></span> <span class='ocrx_word' id='word_1_315' title='bbox 1653 2549 1708 2591; x_wconf 91' lang='lat' dir='ltr'><strong>ut</strong></span> <span class='ocrx_word' id='word_1_316' title='bbox 1739 2540 1789 2593; x_wconf 91' lang='lat' dir='ltr'><strong>in</strong></span> <span class='ocrx_word' id='word_1_317' title='bbox 1833 2539 2033 2595; x_wconf 85' lang='lat' dir='ltr'><strong>alteros</strong></span> 
     </span>
    </p>
   </div>
   <div class='ocr_carea' id='block_1_42' title="bbox 447 2622 2035 2698">
    <p class='ocr_par' dir='ltr' id='par_1_42' title="bbox 447 2622 2035 2698">
     <span class='ocr_line' id='line_1_42' title="bbox 447 2622 2035 2698; baseline 0.007 -22"><span class='ocrx_word' id='word_1_318' title='bbox 447 2623 636 2677; x_wconf 89' lang='lat' dir='ltr'><strong>irruat.</strong></span> <span class='ocrx_word' id='word_1_319' title='bbox 675 2640 694 2674; x_wconf 75' lang='grc' dir='ltr'><strong><em>ι</em></strong></span> <span class='ocrx_word' id='word_1_320' title='bbox 729 2622 773 2677; x_wconf 92' lang='grc' dir='ltr'>Ο</span> <span class='ocrx_word' id='word_1_321' title='bbox 799 2624 1073 2692; x_wconf 78' lang='lat' dir='ltr'><strong>egregium</strong></span> <span class='ocrx_word' id='word_1_322' title='bbox 1102 2628 1414 2697; x_wconf 88' lang='lat' dir='ltr'><strong>magistrum</strong></span> <span class='ocrx_word' id='word_1_323' title='bbox 1448 2643 1510 2683; x_wconf 90' lang='lat' dir='ltr'><strong>ac</strong></span> <span class='ocrx_word' id='word_1_324' title='bbox 1535 2641 1924 2698; x_wconf 62' lang='lat' dir='ltr'><strong>praeceptorum</strong></span> <span class='ocrx_word' id='word_1_325' title='bbox 1958 2641 2035 2687; x_wconf 82' lang='lat' dir='ltr'><strong>te-</strong></span> 
     </span>
    </p>
   </div>
   <div class='ocr_carea' id='block_1_43' title="bbox 446 2725 2036 2797">
    <p class='ocr_par' dir='ltr' id='par_1_43' title="bbox 446 2725 2036 2797">
     <span class='ocr_line' id='line_1_43' title="bbox 446 2725 2036 2797; baseline 0.004 -20"><span class='ocrx_word' id='word_1_326' title='bbox 446 2725 822 2780; x_wconf 84' lang='lat' dir='ltr'><strong>nacissimum!</strong></span> <span class='ocrx_word' id='word_1_327' title='bbox 875 2728 1075 2794; x_wconf 78' lang='lat' dir='ltr'><strong>quippe</strong></span> <span class='ocrx_word' id='word_1_328' title='bbox 1107 2729 1216 2797; x_wconf 88' lang='lat' dir='ltr'><strong>qui,</strong></span> <span class='ocrx_word' id='word_1_329' title='bbox 1245 2729 1289 2782; x_wconf 89' lang='lat' dir='ltr'><strong>si</strong></span> <span class='ocrx_word' id='word_1_330' title='bbox 1330 2729 1537 2783; x_wconf 90' lang='lat' dir='ltr'><strong>Adamn</strong></span> <span class='ocrx_word' id='word_1_331' title='bbox 1564 2730 1696 2784; x_wconf 87' lang='lat' dir='ltr'><strong>tides</strong></span> <span class='ocrx_word' id='word_1_332' title='bbox 1718 2739 1820 2795; x_wconf 90' lang='lat' dir='ltr'><strong>est,</strong></span> <span class='ocrx_word' id='word_1_333' title='bbox 1851 2731 1903 2784; x_wconf 88' lang='lat' dir='ltr'><strong>in</strong></span> <span class='ocrx_word' id='word_1_334' title='bbox 1925 2732 2036 2784; x_wconf 75' lang='lat' dir='ltr'><strong>dia-</strong></span> 
     </span>
    </p>
   </div>
   <div class='ocr_carea' id='block_1_44' title="bbox 448 2815 2038 2887">
    <p class='ocr_par' dir='ltr' id='par_1_44' title="bbox 448 2815 2038 2887">
     <span class='ocr_line' id='line_1_44' title="bbox 448 2815 2038 2887; baseline 0.004 -21"><span class='ocrx_word' id='word_1_335' title='bbox 448 2817 799 2883; x_wconf 77' lang='lat' dir='ltr'><strong>putationibus</strong></span> <span class='ocrx_word' id='word_1_336' title='bbox 839 2826 1017 2870; x_wconf 84' lang='lat' dir='ltr'><strong>conlra</strong></span> <span class='ocrx_word' id='word_1_337' title='bbox 1045 2815 1357 2887; x_wconf 56' lang='lat' dir='ltr'><strong>Pelagianos</strong></span> <span class='ocrx_word' id='word_1_338' title='bbox 1386 2828 1432 2871; x_wconf 83' lang='lat' dir='ltr'><strong>et</strong></span> <span class='ocrx_word' id='word_1_339' title='bbox 1460 2817 1775 2874; x_wconf 72' lang='lat' dir='ltr'><strong>Manichmos</strong></span> <span class='ocrx_word' id='word_1_340' title='bbox 1805 2820 1934 2873; x_wconf 83' lang='lat' dir='ltr'><strong>adeo</strong></span> <span class='ocrx_word' id='word_1_341' title='bbox 1964 2822 2038 2873; x_wconf 82' lang='lat' dir='ltr'><strong>in-</strong></span> 
     </span>
    </p>
   </div>
   <div class='ocr_carea' id='block_1_45' title="bbox 448 2906 2036 2982">
    <p class='ocr_par' dir='ltr' id='par_1_45' title="bbox 448 2906 2036 2982">
     <span class='ocr_line' id='line_1_45' title="bbox 448 2906 2036 2982; baseline 0.003 -21"><span class='ocrx_word' id='word_1_342' title='bbox 448 2906 630 2973; x_wconf 67' lang='lat' dir='ltr'><strong>caluit,</strong></span> <span class='ocrx_word' id='word_1_343' title='bbox 675 2922 730 2961; x_wconf 83' lang='lat' dir='ltr'><strong>tu</strong></span> <span class='ocrx_word' id='word_1_344' title='bbox 756 2909 808 2961; x_wconf 82' lang='lat' dir='ltr'><strong>in</strong></span> <span class='ocrx_word' id='word_1_345' title='bbox 837 2923 1061 2961; x_wconf 77' lang='lat' dir='ltr'><strong>errorem</strong></span> <span class='ocrx_word' id='word_1_346' title='bbox 1092 2911 1383 2979; x_wconf 80' lang='lat' dir='ltr'><strong>oppositum</strong></span> <span class='ocrx_word' id='word_1_347' title='bbox 1420 2909 1500 2962; x_wconf 84' lang='lat' dir='ltr'><strong>illi</strong></span> <span class='ocrx_word' id='word_1_348' title='bbox 1537 2928 1686 2976; x_wconf 60' lang='lat' dir='ltr'><strong>quem</strong></span> <span class='ocrx_word' id='word_1_349' title='bbox 1727 2912 2036 2982; x_wconf 70' lang='lat' dir='ltr'><strong>impugnan—</strong></span> 
     </span>
    </p>
   </div>
   <div class='ocr_carea' id='block_1_46' title="bbox 448 3000 2035 3071">
    <p class='ocr_par' dir='ltr' id='par_1_46' title="bbox 448 3000 2035 3071">
     <span class='ocr_line' id='line_1_46' title="bbox 448 3000 2035 3071; baseline 0.003 -19"><span class='ocrx_word' id='word_1_350' title='bbox 448 3002 571 3053; x_wconf 88' lang='lat' dir='ltr'><strong>dum</strong></span> <span class='ocrx_word' id='word_1_351' title='bbox 618 3002 862 3071; x_wconf 74' lang='lat' dir='ltr'><strong>suscepit,</strong></span> <span class='ocrx_word' id='word_1_352' title='bbox 919 3001 1211 3067; x_wconf 73' lang='lat' dir='ltr'><strong>declinaril,</strong></span> <span class='ocrx_word' id='word_1_353' title='bbox 1259 3016 1375 3068; x_wconf 80' lang='lat' dir='ltr'><strong>pag.</strong></span> <span class='ocrx_word' id='word_1_354' title='bbox 1412 3000 1539 3055; x_wconf 75' lang='lat'><strong>652.</strong></span> <span class='ocrx_word' id='word_1_355' title='bbox 1584 3000 1690 3055; x_wconf 89' lang='lat' dir='ltr'><strong>Sed</strong></span> <span class='ocrx_word' id='word_1_356' title='bbox 1731 3018 1859 3069; x_wconf 91' lang='lat' dir='ltr'><strong>pura</strong></span> <span class='ocrx_word' id='word_1_357' title='bbox 1912 3014 2035 3070; x_wconf 89' lang='lat' dir='ltr'><strong>puta</strong></span> 
     </span>
    </p>
   </div>
   <div class='ocr_carea' id='block_1_47' title="bbox 448 3092 2036 3161">
    <p class='ocr_par' dir='ltr' id='par_1_47' title="bbox 448 3092 2036 3161">
     <span class='ocr_line' id='line_1_47' title="bbox 448 3092 2036 3161; baseline 0.001 -15"><span class='ocrx_word' id='word_1_358' title='bbox 448 3093 556 3146; x_wconf 89' lang='lat' dir='ltr'><strong>sint</strong></span> <span class='ocrx_word' id='word_1_359' title='bbox 593 3094 781 3149; x_wconf 67' lang='lat' dir='ltr'><strong>isthmc</strong></span> <span class='ocrx_word' id='word_1_360' title='bbox 815 3094 1480 3161; x_wconf 78' lang='lat' dir='ltr'><strong>Anti-Augustinianormn</strong></span> <span class='ocrx_word' id='word_1_361' title='bbox 1524 3092 1799 3159; x_wconf 80' lang='lat' dir='ltr'><strong>ﬁgmenta.</strong></span> <span class='ocrx_word' id='word_1_362' title='bbox 1850 3093 2036 3148; x_wconf 87' lang='lat' dir='ltr'><strong>Nullus</strong></span> 
     </span>
    </p>
   </div>
   <div class='ocr_carea' id='block_1_48' title="bbox 2131 1896 3719 1970">
    <p class='ocr_par' dir='ltr' id='par_1_48' title="bbox 2131 1896 3719 1970">
     <span class='ocr_line' id='line_1_48' title="bbox 2131 1896 3719 1970; baseline 0.001 -18"><span class='ocrx_word' id='word_1_363' title='bbox 2131 1905 2237 1952; x_wconf 91' lang='lat' dir='ltr'><strong>tem</strong></span> <span class='ocrx_word' id='word_1_364' title='bbox 2266 1896 2466 1952; x_wconf 85' lang='lat' dir='ltr'><strong>inducit</strong></span> <span class='ocrx_word' id='word_1_365' title='bbox 2504 1898 2617 1965; x_wconf 88' lang='lat' dir='ltr'><strong>ipse</strong></span> <span class='ocrx_word' id='word_1_366' title='bbox 2668 1899 2903 1953; x_wconf 86' lang='lat' dir='ltr'><strong>Adamus</strong></span> <span class='ocrx_word' id='word_1_367' title='bbox 2946 1913 3065 1967; x_wconf 87' lang='lat' dir='ltr'><strong>pag.</strong></span> <span class='ocrx_word' id='word_1_368' title='bbox 3102 1898 3196 1953; x_wconf 69' lang='lat' dir='ltr'><strong>L’Gl</strong></span> <span class='ocrx_word' id='word_1_369' title='bbox 3239 1917 3251 1951; x_wconf 91' lang='lat'><strong>:</strong></span> <span class='ocrx_word' id='word_1_370' title='bbox 3286 1902 3603 1970; x_wconf 73' lang='lat' dir='ltr'><strong>Augustinus</strong></span> <span class='ocrx_word' id='word_1_371' title='bbox 3635 1909 3719 1953; x_wconf 59' lang='lat' dir='ltr'><strong>tos</strong></span> 
     </span>
    </p>
   </div>
   <div class='ocr_carea' id='block_1_49' title="bbox 2131 1988 3718 2061">
    <p class='ocr_par' dir='ltr' id='par_1_49' title="bbox 2131 1988 3718 2061">
     <span class='ocr_line' id='line_1_49' title="bbox 2131 1988 3718 2061; baseline 0.004 -20"><span class='ocrx_word' id='word_1_372' title='bbox 2131 1999 2213 2042; x_wconf 78' lang='lat' dir='ltr'><strong>tus</strong></span> <span class='ocrx_word' id='word_1_373' title='bbox 2238 1997 2414 2043; x_wconf 80' lang='lat' dir='ltr'><strong>noster</strong></span> <span class='ocrx_word' id='word_1_374' title='bbox 2439 1998 2529 2044; x_wconf 81' lang='lat' dir='ltr'><strong>est.</strong></span> <span class='ocrx_word' id='word_1_375' title='bbox 2563 1988 2739 2044; x_wconf 83' lang='lat' dir='ltr'><strong>Nostri</strong></span> <span class='ocrx_word' id='word_1_376' title='bbox 2786 1989 3031 2044; x_wconf 90' lang='lat' dir='ltr'><strong>homines</strong></span> <span class='ocrx_word' id='word_1_377' title='bbox 3063 1991 3387 2058; x_wconf 75' lang='lat' dir='ltr'><strong>respondent</strong></span> <span class='ocrx_word' id='word_1_378' title='bbox 3431 1991 3718 2061; x_wconf 87' lang='lat' dir='ltr'><strong>Augustini</strong></span> 
     </span>
    </p>
   </div>
   <div class='ocr_carea' id='block_1_50' title="bbox 2133 2082 3717 2151">
    <p class='ocr_par' dir='ltr' id='par_1_50' title="bbox 2133 2082 3717 2151">
     <span class='ocr_line' id='line_1_50' title="bbox 2133 2082 3717 2151; baseline 0.001 -17"><span class='ocrx_word' id='word_1_379' title='bbox 2133 2082 2432 2136; x_wconf 88' lang='lat' dir='ltr'><strong>doctrinam</strong></span> <span class='ocrx_word' id='word_1_380' title='bbox 2462 2096 2754 2151; x_wconf 85' lang='lat' dir='ltr'><strong>parumper</strong></span> <span class='ocrx_word' id='word_1_381' title='bbox 2774 2082 3037 2137; x_wconf 82' lang='lat' dir='ltr'><strong>excedere</strong></span> <span class='ocrx_word' id='word_1_382' title='bbox 3063 2083 3258 2137; x_wconf 80' lang='lat' dir='ltr'><strong>limites</strong></span> <span class='ocrx_word' id='word_1_383' title='bbox 3280 2082 3543 2148; x_wconf 83' lang='lat' dir='ltr'><strong>veritatis,</strong></span> <span class='ocrx_word' id='word_1_384' title='bbox 3574 2093 3625 2136; x_wconf 91' lang='lat' dir='ltr'><strong>et</strong></span> <span class='ocrx_word' id='word_1_385' title='bbox 3650 2098 3717 2137; x_wconf 80' lang='lat' dir='ltr'><strong>ex</strong></span> 
     </span>
    </p>
   </div>
   <div class='ocr_carea' id='block_1_51' title="bbox 2134 2171 3712 2245">
    <p class='ocr_par' dir='ltr' id='par_1_51' title="bbox 2134 2171 3712 2245">
     <span class='ocr_line' id='line_1_51' title="bbox 2134 2171 3712 2245; baseline 0.002 -18"><span class='ocrx_word' id='word_1_386' title='bbox 2134 2171 2234 2228; x_wconf 91' lang='lat' dir='ltr'><strong>hac</strong></span> <span class='ocrx_word' id='word_1_387' title='bbox 2268 2183 2418 2243; x_wconf 88' lang='lat' dir='ltr'><strong>parte</strong></span> <span class='ocrx_word' id='word_1_388' title='bbox 2445 2174 2665 2227; x_wconf 81' lang='lat' dir='ltr'><strong>Calvino</strong></span> <span class='ocrx_word' id='word_1_389' title='bbox 2695 2176 2894 2235; x_wconf 86' lang='lat' dir='ltr'><strong>favere,</strong></span> <span class='ocrx_word' id='word_1_390' title='bbox 2938 2189 3036 2229; x_wconf 87' lang='lat' dir='ltr'><strong>nec</strong></span> <span class='ocrx_word' id='word_1_391' title='bbox 3076 2189 3195 2229; x_wconf 68' lang='lat' dir='ltr'><strong>esse</strong></span> <span class='ocrx_word' id='word_1_392' title='bbox 3225 2176 3528 2230; x_wconf 89' lang='lat' dir='ltr'><strong>doctrinam</strong></span> <span class='ocrx_word' id='word_1_393' title='bbox 3571 2177 3712 2245; x_wconf 85' lang='lat' dir='ltr'><strong>ejus-</strong></span> 
     </span>
    </p>
   </div>
   <div class='ocr_carea' id='block_1_52' title="bbox 2132 2262 3705 2331">
    <p class='ocr_par' dir='ltr' id='par_1_52' title="bbox 2132 2262 3705 2331">
     <span class='ocr_line' id='line_1_52' title="bbox 2132 2262 3705 2331; baseline 0.003 -16"><span class='ocrx_word' id='word_1_394' title='bbox 2132 2262 2254 2317; x_wconf 89' lang='lat' dir='ltr'><strong>dem</strong></span> <span class='ocrx_word' id='word_1_395' title='bbox 2299 2264 2681 2331; x_wconf 83' lang='lat' dir='ltr'><strong>recipiendam,</strong></span> <span class='ocrx_word' id='word_1_396' title='bbox 2728 2263 2827 2319; x_wconf 90' lang='lat' dir='ltr'><strong>nisi</strong></span> <span class='ocrx_word' id='word_1_397' title='bbox 2867 2264 3103 2318; x_wconf 85' lang='lat' dir='ltr'><strong>detonsis</strong></span> <span class='ocrx_word' id='word_1_398' title='bbox 3137 2266 3241 2318; x_wconf 89' lang='lat' dir='ltr'><strong>illis</strong></span> <span class='ocrx_word' id='word_1_399' title='bbox 3278 2266 3620 2329; x_wconf 84' lang='lat' dir='ltr'><strong>excessibus,</strong></span> <span class='ocrx_word' id='word_1_400' title='bbox 3652 2267 3705 2319; x_wconf 92' lang='lat' dir='ltr'><strong>in</strong></span> 
     </span>
    </p>
   </div>
   <div class='ocr_carea' id='block_1_53' title="bbox 2135 2352 3719 2423">
    <p class='ocr_par' dir='ltr' id='par_1_53' title="bbox 2135 2352 3719 2423">
     <span class='ocr_line' id='line_1_53' title="bbox 2135 2352 3719 2423; baseline 0.003 -17"><span class='ocrx_word' id='word_1_401' title='bbox 2135 2367 2269 2422; x_wconf 88' lang='lat' dir='ltr'><strong>quos</strong></span> <span class='ocrx_word' id='word_1_402' title='bbox 2293 2352 2470 2407; x_wconf 90' lang='lat' dir='ltr'><strong>nativo</strong></span> <span class='ocrx_word' id='word_1_403' title='bbox 2494 2356 2657 2408; x_wconf 90' lang='lat' dir='ltr'><strong>animi</strong></span> <span class='ocrx_word' id='word_1_404' title='bbox 2690 2353 2871 2409; x_wconf 83' lang='lat' dir='ltr'><strong>furore</strong></span> <span class='ocrx_word' id='word_1_405' title='bbox 2902 2370 3143 2423; x_wconf 69' lang='lat' dir='ltr'><strong>praeceis</strong></span> <span class='ocrx_word' id='word_1_406' title='bbox 3172 2359 3392 2411; x_wconf 84' lang='lat' dir='ltr'><strong>eor:uit.</strong></span> <span class='ocrx_word' id='word_1_407' title='bbox 3426 2358 3559 2412; x_wconf 89' lang='lat' dir='ltr'><strong>llinc</strong></span> <span class='ocrx_word' id='word_1_408' title='bbox 3588 2359 3719 2413; x_wconf 77' lang='lat' dir='ltr'><strong>Ada-</strong></span> 
     </span>
    </p>
   </div>
   <div class='ocr_carea' id='block_1_54' title="bbox 2134 2445 3719 2517">
    <p class='ocr_par' dir='ltr' id='par_1_54' title="bbox 2134 2445 3719 2517">
     <span class='ocr_line' id='line_1_54' title="bbox 2134 2445 3719 2517; baseline 0.002 -17"><span class='ocrx_word' id='word_1_409' title='bbox 2134 2460 2275 2511; x_wconf 90' lang='lat' dir='ltr'><strong>mus,</strong></span> <span class='ocrx_word' id='word_1_410' title='bbox 2306 2460 2425 2515; x_wconf 89' lang='lat' dir='ltr'><strong>cap.</strong></span> <span class='ocrx_word' id='word_1_411' title='bbox 2475 2445 2528 2512; x_wconf 91' lang='lat'><strong>8,</strong></span> <span class='ocrx_word' id='word_1_412' title='bbox 2568 2462 2683 2517; x_wconf 84' lang='lat' dir='ltr'><strong>pag.</strong></span> <span class='ocrx_word' id='word_1_413' title='bbox 2713 2448 2837 2511; x_wconf 67' lang='lat'><strong>650,</strong></span> <span class='ocrx_word' id='word_1_414' title='bbox 2863 2447 3087 2502; x_wconf 87' lang='lat' dir='ltr'><strong>scribit:</strong></span> <span class='ocrx_word' id='word_1_415' title='bbox 3126 2466 3144 2499; x_wconf 84' lang='grc'><strong><em>‹</em></strong></span> <span class='ocrx_word' id='word_1_416' title='bbox 3177 2448 3331 2503; x_wconf 82' lang='lat' dir='ltr'><strong>Modo</strong></span> <span class='ocrx_word' id='word_1_417' title='bbox 3362 2465 3429 2504; x_wconf 92' lang='lat' dir='ltr'><strong>ne</strong></span> <span class='ocrx_word' id='word_1_418' title='bbox 3462 2450 3517 2505; x_wconf 91' lang='lat' dir='ltr'><strong>in</strong></span> <span class='ocrx_word' id='word_1_419' title='bbox 3573 2451 3719 2505; x_wconf 84' lang='lat' dir='ltr'><strong>Pela-</strong></span> 
     </span>
    </p>
   </div>
   <div class='ocr_carea' id='block_1_55' title="bbox 2132 2538 3721 2609">
    <p class='ocr_par' dir='ltr' id='par_1_55' title="bbox 2132 2538 3721 2609">
     <span class='ocr_line' id='line_1_55' title="bbox 2132 2538 3721 2609; baseline 0.001 -18"><span class='ocrx_word' id='word_1_420' title='bbox 2132 2539 2414 2605; x_wconf 88' lang='lat' dir='ltr'><strong>gianorum</strong></span> <span class='ocrx_word' id='word_1_421' title='bbox 2442 2552 2677 2603; x_wconf 61' lang='lat' dir='ltr'><strong>errores,</strong></span> <span class='ocrx_word' id='word_1_422' title='bbox 2711 2552 2843 2604; x_wconf 85' lang='lat' dir='ltr'><strong>quos</strong></span> <span class='ocrx_word' id='word_1_423' title='bbox 2875 2539 3202 2609; x_wconf 86' lang='lat' dir='ltr'><strong>Augustinus</strong></span> <span class='ocrx_word' id='word_1_424' title='bbox 3240 2539 3562 2609; x_wconf 90' lang='lat' dir='ltr'><strong>insequitur,</strong></span> <span class='ocrx_word' id='word_1_425' title='bbox 3592 2538 3721 2594; x_wconf 51' lang='lat' dir='ltr'><strong>inci;</strong></span> 
     </span>
    </p>
   </div>
   <div class='ocr_carea' id='block_1_56' title="bbox 2136 2627 3721 2699">
    <p class='ocr_par' dir='ltr' id='par_1_56' title="bbox 2136 2627 3721 2699">
     <span class='ocr_line' id='line_1_56' title="bbox 2136 2627 3721 2699; baseline 0.002 -19"><span class='ocrx_word' id='word_1_426' title='bbox 2136 2627 2282 2691; x_wconf 81' lang='lat' dir='ltr'><strong>dam,</strong></span> <span class='ocrx_word' id='word_1_427' title='bbox 2316 2627 2449 2681; x_wconf 93' lang='lat' dir='ltr'><strong>mihi</strong></span> <span class='ocrx_word' id='word_1_428' title='bbox 2484 2628 2607 2681; x_wconf 87' lang='lat' dir='ltr'><strong>licet</strong></span> <span class='ocrx_word' id='word_1_429' title='bbox 2639 2628 2926 2682; x_wconf 87' lang='lat' dir='ltr'><strong>verborum</strong></span> <span class='ocrx_word' id='word_1_430' title='bbox 2958 2628 3152 2697; x_wconf 86' lang='lat' dir='ltr'><strong>quibus</strong></span> <span class='ocrx_word' id='word_1_431' title='bbox 3192 2628 3257 2683; x_wconf 90' lang='lat' dir='ltr'><strong>ad</strong></span> <span class='ocrx_word' id='word_1_432' title='bbox 3286 2643 3378 2684; x_wconf 90' lang='lat' dir='ltr'><strong>eos</strong></span> <span class='ocrx_word' id='word_1_433' title='bbox 3409 2645 3721 2699; x_wconf 80' lang='lat' dir='ltr'><strong>expugnan-</strong></span> 
     </span>
    </p>
   </div>
   <div class='ocr_carea' id='block_1_57' title="bbox 2142 2720 3721 2790">
    <p class='ocr_par' dir='ltr' id='par_1_57' title="bbox 2142 2720 3721 2790">
     <span class='ocr_line' id='line_1_57' title="bbox 2142 2720 3721 2790; baseline 0.003 -17"><span class='ocrx_word' id='word_1_434' title='bbox 2142 2720 2241 2774; x_wconf 85' lang='lat' dir='ltr'><strong>dos</strong></span> <span class='ocrx_word' id='word_1_435' title='bbox 2288 2720 2733 2790; x_wconf 78' lang='lat' dir='ltr'><strong>ntiturimpetuin</strong></span> <span class='ocrx_word' id='word_1_436' title='bbox 2767 2736 2872 2776; x_wconf 90' lang='lat' dir='ltr'><strong>non</strong></span> <span class='ocrx_word' id='word_1_437' title='bbox 2917 2722 3094 2790; x_wconf 86' lang='lat' dir='ltr'><strong>sequi.</strong></span> <span class='ocrx_word' id='word_1_438' title='bbox 3149 2722 3274 2777; x_wconf 85' lang='lat' dir='ltr'><strong>Inde</strong></span> <span class='ocrx_word' id='word_1_439' title='bbox 3315 2722 3375 2776; x_wconf 81' lang='lat' dir='ltr'><strong>lit</strong></span> <span class='ocrx_word' id='word_1_440' title='bbox 3415 2734 3471 2776; x_wconf 92' lang='lat' dir='ltr'><strong>ut</strong></span> <span class='ocrx_word' id='word_1_441' title='bbox 3514 2724 3721 2777; x_wconf 86' lang='lat' dir='ltr'><strong>medius</strong></span> 
     </span>
    </p>
   </div>
   <div class='ocr_carea' id='block_1_58' title="bbox 2136 2811 3721 2881">
    <p class='ocr_par' dir='ltr' id='par_1_58' title="bbox 2136 2811 3721 2881">
     <span class='ocr_line' id='line_1_58' title="bbox 2136 2811 3721 2881; baseline 0.003 -18"><span class='ocrx_word' id='word_1_442' title='bbox 2136 2819 2272 2865; x_wconf 88' lang='lat' dir='ltr'><strong>stem</strong></span> <span class='ocrx_word' id='word_1_443' title='bbox 2304 2812 2441 2865; x_wconf 92' lang='lat' dir='ltr'><strong>inter</strong></span> <span class='ocrx_word' id='word_1_444' title='bbox 2469 2811 2736 2881; x_wconf 88' lang='lat' dir='ltr'><strong>Pelagium</strong></span> <span class='ocrx_word' id='word_1_445' title='bbox 2767 2826 2818 2867; x_wconf 89' lang='lat' dir='ltr'><strong>et</strong></span> <span class='ocrx_word' id='word_1_446' title='bbox 2842 2813 3137 2868; x_wconf 85' lang='lat' dir='ltr'><strong>Calvinum.</strong></span> <span class='ocrx_word' id='word_1_447' title='bbox 3166 2814 3220 2868; x_wconf 88' lang='lat' dir='ltr'><strong>Si</strong></span> <span class='ocrx_word' id='word_1_448' title='bbox 3254 2814 3396 2867; x_wconf 90' lang='lat' dir='ltr'><strong>enim</strong></span> <span class='ocrx_word' id='word_1_449' title='bbox 3422 2814 3587 2868; x_wconf 85' lang='lat' dir='ltr'><strong>verba</strong></span> <span class='ocrx_word' id='word_1_450' title='bbox 3616 2816 3721 2869; x_wconf 42' lang='lat' dir='ltr'><strong>Au;</strong></span> 
     </span>
    </p>
   </div>
   <div class='ocr_carea' id='block_1_59' title="bbox 2138 2902 3725 2975">
    <p class='ocr_par' dir='ltr' id='par_1_59' title="bbox 2138 2902 3725 2975">
     <span class='ocr_line' id='line_1_59' title="bbox 2138 2902 3725 2975; baseline 0.001 -22"><span class='ocrx_word' id='word_1_451' title='bbox 2138 2902 2337 2970; x_wconf 89' lang='lat' dir='ltr'><strong>gustini</strong></span> <span class='ocrx_word' id='word_1_452' title='bbox 2378 2902 2671 2973; x_wconf 86' lang='lat' dir='ltr'><strong>mitigando</strong></span> <span class='ocrx_word' id='word_1_453' title='bbox 2699 2917 2783 2956; x_wconf 90' lang='lat' dir='ltr'><strong>me</strong></span> <span class='ocrx_word' id='word_1_454' title='bbox 2809 2903 3030 2956; x_wconf 89' lang='lat' dir='ltr'><strong>nimium</strong></span> <span class='ocrx_word' id='word_1_455' title='bbox 3071 2904 3436 2971; x_wconf 87' lang='lat' dir='ltr'><strong>demitterem,</strong></span> <span class='ocrx_word' id='word_1_456' title='bbox 3478 2904 3725 2975; x_wconf 81' lang='lat' dir='ltr'><strong>Pe‘agia.</strong></span> 
     </span>
    </p>
   </div>
   <div class='ocr_carea' id='block_1_60' title="bbox 2138 2992 3726 3052">
    <p class='ocr_par' dir='ltr' id='par_1_60' title="bbox 2138 2992 3726 3052">
     <span class='ocr_line' id='line_1_60' title="bbox 2138 2992 3726 3052; baseline 0.003 -6"><span class='ocrx_word' id='word_1_457' title='bbox 2138 3008 2238 3046; x_wconf 89' lang='lat' dir='ltr'><strong>nus</strong></span> <span class='ocrx_word' id='word_1_458' title='bbox 2277 3007 2475 3046; x_wconf 89' lang='lat' dir='ltr'><strong>essem.</strong></span> <span class='ocrx_word' id='word_1_459' title='bbox 2525 2992 2581 3048; x_wconf 89' lang='lat' dir='ltr'><strong>Si</strong></span> <span class='ocrx_word' id='word_1_460' title='bbox 2619 3007 2751 3047; x_wconf 91' lang='lat' dir='ltr'><strong>vero</strong></span> <span class='ocrx_word' id='word_1_461' title='bbox 2785 3009 2970 3047; x_wconf 89' lang='lat' dir='ltr'><strong>eorum</strong></span> <span class='ocrx_word' id='word_1_462' title='bbox 3008 2995 3343 3050; x_wconf 86' lang='lat' dir='ltr'><strong>altitudinem</strong></span> <span class='ocrx_word' id='word_1_463' title='bbox 3396 3008 3584 3052; x_wconf 88' lang='lat' dir='ltr'><strong>tenere</strong></span> <span class='ocrx_word' id='word_1_464' title='bbox 3616 2999 3726 3051; x_wconf 80' lang='lat' dir='ltr'><strong>vel-</strong></span> 
     </span>
    </p>
   </div>
   <div class='ocr_carea' id='block_1_61' title="bbox 2141 3085 3724 3158">
    <p class='ocr_par' dir='ltr' id='par_1_61' title="bbox 2141 3085 3724 3158">
     <span class='ocr_line' id='line_1_61' title="bbox 2141 3085 3724 3158; baseline 0.004 -20"><span class='ocrx_word' id='word_1_465' title='bbox 2141 3085 2270 3150; x_wconf 85' lang='lat' dir='ltr'><strong>lem,</strong></span> <span class='ocrx_word' id='word_1_466' title='bbox 2301 3086 2587 3139; x_wconf 77' lang='lat' dir='ltr'><strong>(Ialvinista</strong></span> <span class='ocrx_word' id='word_1_467' title='bbox 2622 3086 2823 3152; x_wconf 84' lang='lat' dir='ltr'><strong>forem;</strong></span> <span class='ocrx_word' id='word_1_468' title='bbox 2858 3088 3088 3141; x_wconf 72' lang='lat' dir='ltr'><strong>medium</strong></span> <span class='ocrx_word' id='word_1_469' title='bbox 3114 3104 3242 3158; x_wconf 88' lang='lat' dir='ltr'><strong>ergo</strong></span> <span class='ocrx_word' id='word_1_470' title='bbox 3268 3105 3352 3144; x_wconf 92' lang='lat' dir='ltr'><strong>me</strong></span> <span class='ocrx_word' id='word_1_471' title='bbox 3379 3104 3501 3144; x_wconf 88' lang='lat' dir='ltr'><strong>cum</strong></span> <span class='ocrx_word' id='word_1_472' title='bbox 3536 3091 3724 3145; x_wconf 81' lang='lat' dir='ltr'><strong>Eccle-</strong></span> 
     </span>
    </p>
   </div>
   <div class='ocr_carea' id='block_1_62' title="bbox 450 3165 3725 3247">
    <p class='ocr_par' dir='ltr' id='par_1_62' title="bbox 450 3165 3725 3247">
     <span class='ocr_line' id='line_1_62' title="bbox 450 3165 3725 3247; baseline 0.001 -12"><span class='ocrx_word' id='word_1_473' title='bbox 450 3183 755 3235; x_wconf 89' lang='lat' dir='ltr'><strong>mortalium</strong></span> <span class='ocrx_word' id='word_1_474' title='bbox 788 3181 923 3234; x_wconf 89' lang='lat' dir='ltr'><strong>adeo</strong></span> <span class='ocrx_word' id='word_1_475' title='bbox 946 3191 1134 3235; x_wconf 83' lang='lat' dir='ltr'><strong>exacte</strong></span> <span class='ocrx_word' id='word_1_476' title='bbox 1184 3182 1591 3247; x_wconf 83' lang='lat' dir='ltr'><strong>Pelagianorum</strong></span> <span class='ocrx_word' id='word_1_477' title='bbox 1626 3198 1686 3235; x_wconf 90' lang='lat' dir='ltr'><strong>ac</strong></span> <span class='ocrx_word' id='word_1_478' title='bbox 1718 3182 2034 3237; x_wconf 66' lang='lat' dir='ltr'><strong>Manicltteo-</strong></span> <span class='ocrx_word' id='word_1_479' title='bbox 2066 3165 2111 3225; x_wconf 58' lang='grc' dir='ltr'><strong>(ἶ</strong></span> <span class='ocrx_word' id='word_1_480' title='bbox 2142 3177 2217 3229; x_wconf 65' lang='lat' dir='ltr'><strong>ﬁla</strong></span> <span class='ocrx_word' id='word_1_481' title='bbox 2271 3186 2446 3233; x_wconf 83' lang='lat' dir='ltr'><strong>teneo.</strong></span> <span class='ocrx_word' id='word_1_482' title='bbox 2482 3195 2501 3228; x_wconf 74' lang='grc' dir='ltr'><strong><em>ι</em></strong></span> <span class='ocrx_word' id='word_1_483' title='bbox 2532 3176 2675 3233; x_wconf 74' lang='lat' dir='ltr'><strong>Sane</strong></span> <span class='ocrx_word' id='word_1_484' title='bbox 2713 3178 2914 3233; x_wconf 81' lang='lat' dir='ltr'><strong>Videris</strong></span> <span class='ocrx_word' id='word_1_485' title='bbox 2959 3179 3233 3235; x_wconf 86' lang='lat' dir='ltr'><strong>crudelem</strong></span> <span class='ocrx_word' id='word_1_486' title='bbox 3270 3179 3423 3235; x_wconf 82' lang='lat' dir='ltr'><strong>illam</strong></span> <span class='ocrx_word' id='word_1_487' title='bbox 3475 3182 3725 3236; x_wconf 80' lang='lat' dir='ltr'><strong>feminam</strong></span> 
     </span>
    </p>
   </div>
   <div class='ocr_carea' id='block_1_63' title="bbox 450 3273 2034 3345">
    <p class='ocr_par' dir='ltr' id='par_1_63' title="bbox 450 3273 2034 3345">
     <span class='ocr_line' id='line_1_63' title="bbox 450 3273 2034 3345; baseline 0 -18"><span class='ocrx_word' id='word_1_488' title='bbox 450 3289 567 3328; x_wconf 86' lang='lat' dir='ltr'><strong>rum</strong></span> <span class='ocrx_word' id='word_1_489' title='bbox 605 3287 817 3327; x_wconf 87' lang='lat' dir='ltr'><strong>errores</strong></span> <span class='ocrx_word' id='word_1_490' title='bbox 848 3283 1159 3341; x_wconf 83' lang='lat' dir='ltr'><strong>perspectos</strong></span> <span class='ocrx_word' id='word_1_491' title='bbox 1204 3273 1391 3327; x_wconf 89' lang='lat' dir='ltr'><strong>habuit</strong></span> <span class='ocrx_word' id='word_1_492' title='bbox 1433 3276 1506 3325; x_wconf 90' lang='lat' dir='ltr'><strong>uti</strong></span> <span class='ocrx_word' id='word_1_493' title='bbox 1552 3276 1895 3340; x_wconf 74' lang='lat' dir='ltr'><strong>Augustinus,</strong></span> <span class='ocrx_word' id='word_1_494' title='bbox 1946 3275 2034 3345; x_wconf 92' lang='lat' dir='ltr'><strong>qui</strong></span> 
     </span>
    </p>
   </div>
   <div class='ocr_carea' id='block_1_64' title="bbox 455 3365 2036 3435">
    <p class='ocr_par' dir='ltr' id='par_1_64' title="bbox 455 3365 2036 3435">
     <span class='ocr_line' id='line_1_64' title="bbox 455 3365 2036 3435; baseline 0.002 -16"><span class='ocrx_word' id='word_1_495' title='bbox 455 3382 560 3420; x_wconf 89' lang='lat' dir='ltr'><strong>non</strong></span> <span class='ocrx_word' id='word_1_496' title='bbox 594 3365 753 3419; x_wconf 90' lang='lat' dir='ltr'><strong>modo</strong></span> <span class='ocrx_word' id='word_1_497' title='bbox 785 3365 1013 3418; x_wconf 86' lang='lat' dir='ltr'><strong>mediam</strong></span> <span class='ocrx_word' id='word_1_498' title='bbox 1064 3365 1487 3432; x_wconf 86' lang='lat' dir='ltr'><strong>iuterutrosque</strong></span> <span class='ocrx_word' id='word_1_499' title='bbox 1512 3370 1651 3420; x_wconf 77' lang='lat' dir='ltr'><strong>viam</strong></span> <span class='ocrx_word' id='word_1_500' title='bbox 1702 3370 1892 3435; x_wconf 78' lang='lat' dir='ltr'><strong>tenuit,</strong></span> <span class='ocrx_word' id='word_1_501' title='bbox 1943 3370 2036 3422; x_wconf 89' lang='lat' dir='ltr'><strong>sed</strong></span> 
     </span>
    </p>
   </div>
   <div class='ocr_carea' id='block_1_65' title="bbox 451 3456 2041 3525">
    <p class='ocr_par' dir='ltr' id='par_1_65' title="bbox 451 3456 2041 3525">
     <span class='ocr_line' id='line_1_65' title="bbox 451 3456 2041 3525; baseline 0.001 -14"><span class='ocrx_word' id='word_1_502' title='bbox 451 3456 696 3511; x_wconf 90' lang='lat' dir='ltr'><strong>eamdem</strong></span> <span class='ocrx_word' id='word_1_503' title='bbox 751 3456 946 3525; x_wconf 84' lang='lat' dir='ltr'><strong>ubique</strong></span> <span class='ocrx_word' id='word_1_504' title='bbox 998 3456 1049 3509; x_wconf 92' lang='lat' dir='ltr'><strong>in</strong></span> <span class='ocrx_word' id='word_1_505' title='bbox 1099 3456 1249 3510; x_wconf 91' lang='lat' dir='ltr'><strong>libris</strong></span> <span class='ocrx_word' id='word_1_506' title='bbox 1288 3457 1352 3509; x_wconf 88' lang='lat' dir='ltr'><strong>ad</strong></span> <span class='ocrx_word' id='word_1_507' title='bbox 1406 3456 1736 3511; x_wconf 87' lang='lat' dir='ltr'><strong>Bonifacium</strong></span> <span class='ocrx_word' id='word_1_508' title='bbox 1798 3468 2041 3525; x_wconf 78' lang='lat' dir='ltr'><strong>posteros</strong></span> 
     </span>
    </p>
   </div>
   <div class='ocr_carea' id='block_1_66' title="bbox 453 3547 2039 3617">
    <p class='ocr_par' dir='ltr' id='par_1_66' title="bbox 453 3547 2039 3617">
     <span class='ocr_line' id='line_1_66' title="bbox 453 3547 2039 3617; baseline 0 -16"><span class='ocrx_word' id='word_1_509' title='bbox 453 3548 655 3613; x_wconf 89' lang='lat' dir='ltr'><strong>docuit,</strong></span> <span class='ocrx_word' id='word_1_510' title='bbox 709 3548 947 3617; x_wconf 80' lang='lat' dir='ltr'><strong>quinque</strong></span> <span class='ocrx_word' id='word_1_511' title='bbox 996 3548 1280 3617; x_wconf 66' lang='lat' dir='ltr'><strong>prteripuis</strong></span> <span class='ocrx_word' id='word_1_512' title='bbox 1328 3547 1733 3617; x_wconf 81' lang='lat' dir='ltr'><strong>Pelagianorum</strong></span> <span class='ocrx_word' id='word_1_513' title='bbox 1780 3564 1843 3603; x_wconf 89' lang='lat' dir='ltr'><strong>ac</strong></span> <span class='ocrx_word' id='word_1_514' title='bbox 1873 3549 2039 3603; x_wconf 77' lang='lat' dir='ltr'><strong>Mani-</strong></span> 
     </span>
    </p>
   </div>
   <div class='ocr_carea' id='block_1_67' title="bbox 454 3636 2043 3706">
    <p class='ocr_par' dir='ltr' id='par_1_67' title="bbox 454 3636 2043 3706">
     <span class='ocr_line' id='line_1_67' title="bbox 454 3636 2043 3706; baseline 0.001 -13"><span class='ocrx_word' id='word_1_515' title='bbox 454 3638 725 3693; x_wconf 71' lang='lat' dir='ltr'><strong>chteorum</strong></span> <span class='ocrx_word' id='word_1_516' title='bbox 760 3638 1034 3693; x_wconf 82' lang='lat' dir='ltr'><strong>erroribus</strong></span> <span class='ocrx_word' id='word_1_517' title='bbox 1063 3651 1095 3692; x_wconf 89' lang='lat' dir='ltr'><strong>e</strong></span> <span class='ocrx_word' id='word_1_518' title='bbox 1123 3636 1386 3692; x_wconf 89' lang='lat' dir='ltr'><strong>diametro</strong></span> <span class='ocrx_word' id='word_1_519' title='bbox 1421 3639 1682 3706; x_wconf 86' lang='lat' dir='ltr'><strong>oppositis</strong></span> <span class='ocrx_word' id='word_1_520' title='bbox 1715 3639 1911 3694; x_wconf 89' lang='lat' dir='ltr'><strong>ibidem</strong></span> <span class='ocrx_word' id='word_1_521' title='bbox 1959 3656 2043 3694; x_wconf 84' lang='lat' dir='ltr'><strong>rc-</strong></span> 
     </span>
    </p>
   </div>
   <div class='ocr_carea' id='block_1_68' title="bbox 456 3729 2044 3800">
    <p class='ocr_par' dir='ltr' id='par_1_68' title="bbox 456 3729 2044 3800">
     <span class='ocr_line' id='line_1_68' title="bbox 456 3729 2044 3800; baseline 0.001 -15"><span class='ocrx_word' id='word_1_522' title='bbox 456 3731 658 3793; x_wconf 79' lang='lat' dir='ltr'><strong>citatis,</strong></span> <span class='ocrx_word' id='word_1_523' title='bbox 710 3731 979 3800; x_wconf 87' lang='lat' dir='ltr'><strong>simulque</strong></span> <span class='ocrx_word' id='word_1_524' title='bbox 1020 3730 1428 3783; x_wconf 80' lang='lat' dir='ltr'><strong>mcdiatradita</strong></span> <span class='ocrx_word' id='word_1_525' title='bbox 1485 3729 1744 3784; x_wconf 76' lang='lat' dir='ltr'><strong>Ecclesiae</strong></span> <span class='ocrx_word' id='word_1_526' title='bbox 1788 3731 1928 3786; x_wconf 87' lang='lat' dir='ltr'><strong>inter</strong></span> <span class='ocrx_word' id='word_1_527' title='bbox 1958 3748 2044 3786; x_wconf 81' lang='lat' dir='ltr'><strong>cr-</strong></span> 
     </span>
    </p>
   </div>
   <div class='ocr_carea' id='block_1_69' title="bbox 457 3821 2041 3887">
    <p class='ocr_par' dir='ltr' id='par_1_69' title="bbox 457 3821 2041 3887">
     <span class='ocr_line' id='line_1_69' title="bbox 457 3821 2041 3887; baseline -0.001 -8"><span class='ocrx_word' id='word_1_528' title='bbox 457 3832 639 3879; x_wconf 87' lang='lat' dir='ltr'><strong>rantes</strong></span> <span class='ocrx_word' id='word_1_529' title='bbox 689 3826 976 3887; x_wconf 78' lang='lat' dir='ltr'><strong>sententia,</strong></span> <span class='ocrx_word' id='word_1_530' title='bbox 1010 3834 1066 3876; x_wconf 92' lang='lat' dir='ltr'><strong>ut</strong></span> <span class='ocrx_word' id='word_1_531' title='bbox 1097 3821 1283 3876; x_wconf 89' lang='lat' dir='ltr'><strong>mirari</strong></span> <span class='ocrx_word' id='word_1_532' title='bbox 1329 3823 1487 3876; x_wconf 89' lang='lat' dir='ltr'><strong>liceat</strong></span> <span class='ocrx_word' id='word_1_533' title='bbox 1530 3822 1867 3877; x_wconf 84' lang='lat' dir='ltr'><strong>adversarios</strong></span> <span class='ocrx_word' id='word_1_534' title='bbox 1908 3824 2041 3878; x_wconf 87' lang='lat' dir='ltr'><strong>adeo</strong></span> 
     </span>
    </p>
   </div>
   <div class='ocr_carea' id='block_1_70' title="bbox 457 3912 2034 3969">
    <p class='ocr_par' dir='ltr' id='par_1_70' title="bbox 457 3912 2034 3969">
     <span class='ocr_line' id='line_1_70' title="bbox 457 3912 2034 3969; baseline -0.001 -1"><span class='ocrx_word' id='word_1_535' title='bbox 457 3928 651 3969; x_wconf 87' lang='lat' dir='ltr'><strong>secure</strong></span> <span class='ocrx_word' id='word_1_536' title='bbox 684 3913 853 3967; x_wconf 88' lang='lat' dir='ltr'><strong>hasce</strong></span> <span class='ocrx_word' id='word_1_537' title='bbox 900 3913 969 3966; x_wconf 90' lang='lat' dir='ltr'><strong>de</strong></span> <span class='ocrx_word' id='word_1_538' title='bbox 1021 3923 1207 3967; x_wconf 90' lang='lat' dir='ltr'><strong>sancto</strong></span> <span class='ocrx_word' id='word_1_539' title='bbox 1255 3913 1478 3966; x_wconf 89' lang='lat' dir='ltr'><strong>doctore</strong></span> <span class='ocrx_word' id='word_1_540' title='bbox 1526 3912 1732 3966; x_wconf 75' lang='lat' dir='ltr'><strong>fabulas</strong></span> <span class='ocrx_word' id='word_1_541' title='bbox 1783 3913 2034 3969; x_wconf 89' lang='lat' dir='ltr'><strong>vendere.</strong></span> 
     </span>
    </p>
   </div>
   <div class='ocr_carea' id='block_1_71' title="bbox 459 4002 2039 4072">
    <p class='ocr_par' dir='ltr' id='par_1_71' title="bbox 459 4002 2039 4072">
     <span class='ocr_line' id='line_1_71' title="bbox 459 4002 2039 4072; baseline 0.003 -18"><span class='ocrx_word' id='word_1_542' title='bbox 459 4004 611 4070; x_wconf 86' lang='lat' dir='ltr'><strong>Quod</strong></span> <span class='ocrx_word' id='word_1_543' title='bbox 638 4012 815 4054; x_wconf 89' lang='lat' dir='ltr'><strong>autem</strong></span> <span class='ocrx_word' id='word_1_544' title='bbox 841 4002 1065 4068; x_wconf 85' lang='lat' dir='ltr'><strong>addunt,</strong></span> <span class='ocrx_word' id='word_1_545' title='bbox 1094 4003 1447 4072; x_wconf 83' lang='lat' dir='ltr'><strong>Augustinum</strong></span> <span class='ocrx_word' id='word_1_546' title='bbox 1474 4005 1645 4070; x_wconf 91' lang='lat' dir='ltr'><strong>ipsum</strong></span> <span class='ocrx_word' id='word_1_547' title='bbox 1676 4004 1838 4058; x_wconf 90' lang='lat' dir='ltr'><strong>hosce</strong></span> <span class='ocrx_word' id='word_1_548' title='bbox 1877 4006 2039 4059; x_wconf 90' lang='lat' dir='ltr'><strong>animi</strong></span> 
     </span>
    </p>
   </div>
   <div class='ocr_carea' id='block_1_72' title="bbox 448 4093 2039 4162">
    <p class='ocr_par' dir='ltr' id='par_1_72' title="bbox 448 4093 2039 4162">
     <span class='ocr_line' id='line_1_72' title="bbox 448 4093 2039 4162; baseline 0 -14"><span class='ocrx_word' id='word_1_549' title='bbox 448 4094 538 4148; x_wconf 77' lang='lat' dir='ltr'><strong>sui</strong></span> <span class='ocrx_word' id='word_1_550' title='bbox 569 4093 802 4160; x_wconf 84' lang='lat' dir='ltr'><strong>impetus</strong></span> <span class='ocrx_word' id='word_1_551' title='bbox 828 4093 1129 4161; x_wconf 79' lang='lat' dir='ltr'><strong>agnovisse,</strong></span> <span class='ocrx_word' id='word_1_552' title='bbox 1152 4104 1205 4147; x_wconf 90' lang='lat' dir='ltr'><strong>et</strong></span> <span class='ocrx_word' id='word_1_553' title='bbox 1250 4093 1489 4162; x_wconf 90' lang='lat' dir='ltr'><strong>pluribus</strong></span> <span class='ocrx_word' id='word_1_554' title='bbox 1530 4094 1582 4149; x_wconf 89' lang='lat' dir='ltr'><strong>in</strong></span> <span class='ocrx_word' id='word_1_555' title='bbox 1614 4094 1745 4148; x_wconf 88' lang='lat' dir='ltr'><strong>locis</strong></span> <span class='ocrx_word' id='word_1_556' title='bbox 1769 4095 1819 4149; x_wconf 91' lang='lat' dir='ltr'><strong>id</strong></span> <span class='ocrx_word' id='word_1_557' title='bbox 1850 4094 2039 4149; x_wconf 80' lang='lat' dir='ltr'><strong>faISum</strong></span> 
     </span>
    </p>
   </div>
   <div class='ocr_carea' id='block_1_73' title="bbox 457 4183 2042 4246">
    <p class='ocr_par' dir='ltr' id='par_1_73' title="bbox 457 4183 2042 4246">
     <span class='ocr_line' id='line_1_73' title="bbox 457 4183 2042 4246; baseline 0.001 -8"><span class='ocrx_word' id='word_1_558' title='bbox 457 4198 602 4246; x_wconf 85' lang='lat' dir='ltr'><strong>esse,</strong></span> <span class='ocrx_word' id='word_1_559' title='bbox 635 4183 979 4238; x_wconf 84' lang='lat' dir='ltr'><strong>falsissimum</strong></span> <span class='ocrx_word' id='word_1_560' title='bbox 1010 4197 1112 4241; x_wconf 89' lang='lat' dir='ltr'><strong>est.</strong></span> <span class='ocrx_word' id='word_1_561' title='bbox 1146 4185 1283 4239; x_wconf 86' lang='lat' dir='ltr'><strong>Citat</strong></span> <span class='ocrx_word' id='word_1_562' title='bbox 1314 4183 1550 4239; x_wconf 85' lang='lat' dir='ltr'><strong>Adamus</strong></span> <span class='ocrx_word' id='word_1_563' title='bbox 1581 4184 1789 4239; x_wconf 90' lang='lat' dir='ltr'><strong>initium</strong></span> <span class='ocrx_word' id='word_1_564' title='bbox 1822 4186 1944 4239; x_wconf 88' lang='lat' dir='ltr'><strong>lilni</strong></span> <span class='ocrx_word' id='word_1_565' title='bbox 1975 4186 2042 4240; x_wconf 90' lang='lat' dir='ltr'><strong>de</strong></span> 
     </span>
    </p>
   </div>
   <div class='ocr_carea' id='block_1_74' title="bbox 459 4275 2041 4340">
    <p class='ocr_par' dir='ltr' id='par_1_74' title="bbox 459 4275 2041 4340">
     <span class='ocr_line' id='line_1_74' title="bbox 459 4275 2041 4340; baseline 0.001 -9"><span class='ocrx_word' id='word_1_566' title='bbox 459 4275 639 4331; x_wconf 82' lang='lat' dir='ltr'><strong>Gratia</strong></span> <span class='ocrx_word' id='word_1_567' title='bbox 684 4284 740 4329; x_wconf 91' lang='lat' dir='ltr'><strong>et</strong></span> <span class='ocrx_word' id='word_1_568' title='bbox 773 4275 944 4331; x_wconf 88' lang='lat' dir='ltr'><strong>libero</strong></span> <span class='ocrx_word' id='word_1_569' title='bbox 979 4277 1237 4340; x_wconf 89' lang='lat' dir='ltr'><strong>arbitrio;</strong></span> <span class='ocrx_word' id='word_1_570' title='bbox 1285 4277 1377 4329; x_wconf 88' lang='lat' dir='ltr'><strong>sed</strong></span> <span class='ocrx_word' id='word_1_571' title='bbox 1406 4276 1477 4329; x_wconf 89' lang='lat' dir='ltr'><strong>ibi</strong></span> <span class='ocrx_word' id='word_1_572' title='bbox 1522 4276 1634 4331; x_wconf 65' lang='lat' dir='ltr'><strong>hare</strong></span> <span class='ocrx_word' id='word_1_573' title='bbox 1668 4287 1872 4330; x_wconf 91' lang='lat' dir='ltr'><strong>tantum</strong></span> <span class='ocrx_word' id='word_1_574' title='bbox 1908 4278 2041 4332; x_wconf 63' lang='lat' dir='ltr'><strong>serio</strong></span> 
     </span>
    </p>
   </div>
   <div class='ocr_carea' id='block_1_75' title="bbox 458 4366 2038 4436">
    <p class='ocr_par' dir='ltr' id='par_1_75' title="bbox 458 4366 2038 4436">
     <span class='ocr_line' id='line_1_75' title="bbox 458 4366 2038 4436; baseline -0.001 -14"><span class='ocrx_word' id='word_1_575' title='bbox 458 4366 576 4422; x_wconf 87' lang='lat' dir='ltr'><strong>bit:</strong></span> <span class='ocrx_word' id='word_1_576' title='bbox 612 4384 628 4418; x_wconf 76' lang='grc' dir='ltr'><strong>ε</strong></span> <span class='ocrx_word' id='word_1_577' title='bbox 668 4366 807 4420; x_wconf 88' lang='lat' dir='ltr'><strong>Sunt</strong></span> <span class='ocrx_word' id='word_1_578' title='bbox 851 4368 1063 4435; x_wconf 89' lang='lat' dir='ltr'><strong>quidam</strong></span> <span class='ocrx_word' id='word_1_579' title='bbox 1096 4367 1187 4435; x_wconf 90' lang='lat' dir='ltr'><strong>qui</strong></span> <span class='ocrx_word' id='word_1_580' title='bbox 1220 4366 1297 4419; x_wconf 83' lang='lat' dir='ltr'><strong>sic</strong></span> <span class='ocrx_word' id='word_1_581' title='bbox 1333 4368 1557 4436; x_wconf 85' lang='lat' dir='ltr'><strong>gratiam</strong></span> <span class='ocrx_word' id='word_1_582' title='bbox 1602 4366 1695 4421; x_wconf 87' lang='lat' dir='ltr'><strong>Dei</strong></span> <span class='ocrx_word' id='word_1_583' title='bbox 1727 4367 2038 4434; x_wconf 82' lang='lat' dir='ltr'><strong>defendunt,</strong></span> 
     </span>
    </p>
   </div>
   <div class='ocr_carea' id='block_1_76' title="bbox 457 4459 2043 4532">
    <p class='ocr_par' dir='ltr' id='par_1_76' title="bbox 457 4459 2043 4532">
     <span class='ocr_line' id='line_1_76' title="bbox 457 4459 2043 4532; baseline -0.001 -15"><span class='ocrx_word' id='word_1_584' title='bbox 457 4471 518 4517; x_wconf 85' lang='lat' dir='ltr'><strong>ut</strong></span> <span class='ocrx_word' id='word_1_585' title='bbox 560 4469 756 4531; x_wconf 74' lang='lat' dir='ltr'><strong>negent</strong></span> <span class='ocrx_word' id='word_1_586' title='bbox 798 4461 1029 4514; x_wconf 89' lang='lat' dir='ltr'><strong>hominis</strong></span> <span class='ocrx_word' id='word_1_587' title='bbox 1068 4461 1295 4513; x_wconf 90' lang='lat' dir='ltr'><strong>liberum</strong></span> <span class='ocrx_word' id='word_1_588' title='bbox 1335 4459 1639 4526; x_wconf 86' lang='lat' dir='ltr'><strong>arbitrium,</strong></span> <span class='ocrx_word' id='word_1_589' title='bbox 1691 4469 1786 4515; x_wconf 88' lang='lat' dir='ltr'><strong>aut</strong></span> <span class='ocrx_word' id='word_1_590' title='bbox 1832 4463 2043 4532; x_wconf 88' lang='lat' dir='ltr'><strong>quando</strong></span> 
     </span>
    </p>
   </div>
   <div class='ocr_carea' id='block_1_77' title="bbox 2147 3268 3727 3338">
    <p class='ocr_par' dir='ltr' id='par_1_77' title="bbox 2147 3268 3727 3338">
     <span class='ocr_line' id='line_1_77' title="bbox 2147 3268 3727 3338; baseline 0.004 -17"><span class='ocrx_word' id='word_1_591' title='bbox 2147 3268 2364 3333; x_wconf 88' lang='lat' dir='ltr'><strong>imitari,</strong></span> <span class='ocrx_word' id='word_1_592' title='bbox 2393 3284 2515 3338; x_wconf 73' lang='lat' dir='ltr'><strong>qua:</strong></span> <span class='ocrx_word' id='word_1_593' title='bbox 2538 3280 2595 3323; x_wconf 91' lang='lat' dir='ltr'><strong>ut</strong></span> <span class='ocrx_word' id='word_1_594' title='bbox 2629 3270 2680 3323; x_wconf 92' lang='lat' dir='ltr'><strong>in</strong></span> <span class='ocrx_word' id='word_1_595' title='bbox 2706 3272 2932 3325; x_wconf 85' lang='lat' dir='ltr'><strong>Arcanis</strong></span> <span class='ocrx_word' id='word_1_596' title='bbox 2959 3269 3202 3333; x_wconf 87' lang='lat' dir='ltr'><strong>habetur,</strong></span> <span class='ocrx_word' id='word_1_597' title='bbox 3227 3286 3407 3326; x_wconf 91' lang='lat' dir='ltr'><strong>coram</strong></span> <span class='ocrx_word' id='word_1_598' title='bbox 3440 3270 3727 3328; x_wconf 81' lang='lat' dir='ltr'><strong>Salomone</strong></span> 
     </span>
    </p>
   </div>
   <div class='ocr_carea' id='block_1_78' title="bbox 2144 3362 3727 3433">
    <p class='ocr_par' dir='ltr' id='par_1_78' title="bbox 2144 3362 3727 3433">
     <span class='ocr_line' id='line_1_78' title="bbox 2144 3362 3727 3433; baseline 0.003 -20"><span class='ocrx_word' id='word_1_599' title='bbox 2144 3375 2327 3429; x_wconf 88' lang='lat' dir='ltr'><strong>regum</strong></span> <span class='ocrx_word' id='word_1_600' title='bbox 2361 3362 2756 3429; x_wconf 79' lang='lat' dir='ltr'><strong>sapientissimo</strong></span> <span class='ocrx_word' id='word_1_601' title='bbox 2786 3363 3022 3433; x_wconf 74' lang='lat' dir='ltr'><strong>medium</strong></span> <span class='ocrx_word' id='word_1_602' title='bbox 3067 3362 3323 3417; x_wconf 86' lang='lat' dir='ltr'><strong>dissecari</strong></span> <span class='ocrx_word' id='word_1_603' title='bbox 3374 3379 3625 3433; x_wconf 85' lang='lat' dir='ltr'><strong>puerum,</strong></span> <span class='ocrx_word' id='word_1_604' title='bbox 3668 3364 3727 3418; x_wconf 79' lang='lat' dir='ltr'><strong>ac</strong></span> 
     </span>
    </p>
   </div>
   <div class='ocr_carea' id='block_1_79' title="bbox 2145 3453 3724 3525">
    <p class='ocr_par' dir='ltr' id='par_1_79' title="bbox 2145 3453 3724 3525">
     <span class='ocr_line' id='line_1_79' title="bbox 2145 3453 3724 3525; baseline 0.004 -22"><span class='ocrx_word' id='word_1_605' title='bbox 2145 3453 2343 3518; x_wconf 89' lang='lat' dir='ltr'><strong>partim</strong></span> <span class='ocrx_word' id='word_1_606' title='bbox 2392 3453 2491 3505; x_wconf 89' lang='lat' dir='ltr'><strong>sibi</strong></span> <span class='ocrx_word' id='word_1_607' title='bbox 2528 3454 2829 3521; x_wconf 66' lang='lat' dir='ltr'><strong>partimque</strong></span> <span class='ocrx_word' id='word_1_608' title='bbox 2862 3454 3184 3508; x_wconf 66' lang='lat' dir='ltr'><strong>adversariae</strong></span> <span class='ocrx_word' id='word_1_609' title='bbox 3232 3454 3367 3509; x_wconf 86' lang='lat' dir='ltr'><strong>tradi</strong></span> <span class='ocrx_word' id='word_1_610' title='bbox 3411 3455 3724 3525; x_wconf 83' lang='lat' dir='ltr'><strong>gaudebat;</strong></span> 
     </span>
    </p>
   </div>
   <div class='ocr_carea' id='block_1_80' title="bbox 2146 3543 3725 3613">
    <p class='ocr_par' dir='ltr' id='par_1_80' title="bbox 2146 3543 3725 3613">
     <span class='ocr_line' id='line_1_80' title="bbox 2146 3543 3725 3613; baseline 0.004 -19"><span class='ocrx_word' id='word_1_611' title='bbox 2146 3543 2499 3612; x_wconf 83' lang='lat' dir='ltr'><strong>Augustinum</strong></span> <span class='ocrx_word' id='word_1_612' title='bbox 2531 3544 2673 3597; x_wconf 90' lang='lat' dir='ltr'><strong>enim</strong></span> <span class='ocrx_word' id='word_1_613' title='bbox 2726 3543 2780 3598; x_wconf 90' lang='lat' dir='ltr'><strong>in</strong></span> <span class='ocrx_word' id='word_1_614' title='bbox 2820 3554 2998 3613; x_wconf 88' lang='lat' dir='ltr'><strong>partes</strong></span> <span class='ocrx_word' id='word_1_615' title='bbox 3027 3545 3369 3600; x_wconf 83' lang='lat' dir='ltr'><strong>dividendum</strong></span> <span class='ocrx_word' id='word_1_616' title='bbox 3408 3546 3644 3613; x_wconf 86' lang='lat' dir='ltr'><strong>judicas,</strong></span> <span class='ocrx_word' id='word_1_617' title='bbox 3674 3554 3725 3600; x_wconf 84' lang='lat' dir='ltr'><strong>ut</strong></span> 
     </span>
    </p>
   </div>
   <div class='ocr_carea' id='block_1_81' title="bbox 2144 3637 3725 3707">
    <p class='ocr_par' dir='ltr' id='par_1_81' title="bbox 2144 3637 3725 3707">
     <span class='ocr_line' id='line_1_81' title="bbox 2144 3637 3725 3707; baseline 0.004 -21"><span class='ocrx_word' id='word_1_618' title='bbox 2144 3649 2247 3703; x_wconf 89' lang='lat' dir='ltr'><strong>qua</strong></span> <span class='ocrx_word' id='word_1_619' title='bbox 2286 3644 2435 3704; x_wconf 81' lang='lat' dir='ltr'><strong>parte</strong></span> <span class='ocrx_word' id='word_1_620' title='bbox 2468 3637 2517 3688; x_wconf 90' lang='lat' dir='ltr'><strong>in</strong></span> <span class='ocrx_word' id='word_1_621' title='bbox 2566 3648 2883 3690; x_wconf 90' lang='lat' dir='ltr'><strong>excessuum</strong></span> <span class='ocrx_word' id='word_1_622' title='bbox 2917 3637 3249 3693; x_wconf 85' lang='lat' dir='ltr'><strong>altitudinem</strong></span> <span class='ocrx_word' id='word_1_623' title='bbox 3282 3639 3581 3707; x_wconf 81' lang='lat' dir='ltr'><strong>extollitur,</strong></span> <span class='ocrx_word' id='word_1_624' title='bbox 3609 3639 3725 3693; x_wconf 82' lang='lat' dir='ltr'><strong>Cal-</strong></span> 
     </span>
    </p>
   </div>
   <div class='ocr_carea' id='block_1_82' title="bbox 2143 3725 3727 3795">
    <p class='ocr_par' dir='ltr' id='par_1_82' title="bbox 2143 3725 3727 3795">
     <span class='ocr_line' id='line_1_82' title="bbox 2143 3725 3727 3795; baseline 0.004 -17"><span class='ocrx_word' id='word_1_625' title='bbox 2143 3726 2270 3778; x_wconf 88' lang='lat' dir='ltr'><strong>vino</strong></span> <span class='ocrx_word' id='word_1_626' title='bbox 2297 3725 2479 3790; x_wconf 73' lang='lat' dir='ltr'><strong>erdat;</strong></span> <span class='ocrx_word' id='word_1_627' title='bbox 2512 3741 2614 3794; x_wconf 90' lang='lat' dir='ltr'><strong>qua</strong></span> <span class='ocrx_word' id='word_1_628' title='bbox 2646 3741 2772 3781; x_wconf 86' lang='lat' dir='ltr'><strong>vero</strong></span> <span class='ocrx_word' id='word_1_629' title='bbox 2806 3727 3057 3781; x_wconf 90' lang='lat' dir='ltr'><strong>humilior</strong></span> <span class='ocrx_word' id='word_1_630' title='bbox 3085 3736 3187 3795; x_wconf 87' lang='lat' dir='ltr'><strong>est,</strong></span> <span class='ocrx_word' id='word_1_631' title='bbox 3219 3738 3360 3795; x_wconf 89' lang='lat' dir='ltr'><strong>tuus,</strong></span> <span class='ocrx_word' id='word_1_632' title='bbox 3394 3730 3502 3783; x_wconf 91' lang='lat' dir='ltr'><strong>imo</strong></span> <span class='ocrx_word' id='word_1_633' title='bbox 3537 3729 3727 3784; x_wconf 56' lang='lat' dir='ltr'><strong>Ecclce</strong></span> 
     </span>
    </p>
   </div>
   <div class='ocr_carea' id='block_1_83' title="bbox 2142 3814 3727 3886">
    <p class='ocr_par' dir='ltr' id='par_1_83' title="bbox 2142 3814 3727 3886">
     <span class='ocr_line' id='line_1_83' title="bbox 2142 3814 3727 3886; baseline 0 -18"><span class='ocrx_word' id='word_1_634' title='bbox 2142 3815 2237 3868; x_wconf 86' lang='lat' dir='ltr'><strong>si:e</strong></span> <span class='ocrx_word' id='word_1_635' title='bbox 2258 3815 2344 3868; x_wconf 93' lang='lat' dir='ltr'><strong>sit.</strong></span> <span class='ocrx_word' id='word_1_636' title='bbox 2374 3814 2443 3868; x_wconf 89' lang='lat' dir='ltr'><strong>At</strong></span> <span class='ocrx_word' id='word_1_637' title='bbox 2474 3815 2575 3868; x_wconf 89' lang='lat' dir='ltr'><strong>hoc</strong></span> <span class='ocrx_word' id='word_1_638' title='bbox 2598 3814 2723 3883; x_wconf 86' lang='lat' dir='ltr'><strong>quid</strong></span> <span class='ocrx_word' id='word_1_639' title='bbox 2755 3816 2899 3869; x_wconf 86' lang='lat' dir='ltr'><strong>aliud</strong></span> <span class='ocrx_word' id='word_1_640' title='bbox 2932 3826 3012 3870; x_wconf 87' lang='lat' dir='ltr'><strong>est</strong></span> <span class='ocrx_word' id='word_1_641' title='bbox 3040 3832 3197 3886; x_wconf 90' lang='lat' dir='ltr'><strong>quam</strong></span> <span class='ocrx_word' id='word_1_642' title='bbox 3230 3818 3589 3886; x_wconf 84' lang='lat' dir='ltr'><strong>Augustinum</strong></span> <span class='ocrx_word' id='word_1_643' title='bbox 3614 3817 3727 3872; x_wconf 67' lang='lat' dir='ltr'><strong>Cal.</strong></span> 
     </span>
    </p>
   </div>
   <div class='ocr_carea' id='block_1_84' title="bbox 2144 3905 3725 3981">
    <p class='ocr_par' dir='ltr' id='par_1_84' title="bbox 2144 3905 3725 3981">
     <span class='ocr_line' id='line_1_84' title="bbox 2144 3905 3725 3981; baseline 0.004 -24"><span class='ocrx_word' id='word_1_644' title='bbox 2144 3906 2269 3959; x_wconf 82' lang='lat' dir='ltr'><strong>vino</strong></span> <span class='ocrx_word' id='word_1_645' title='bbox 2292 3905 2539 3974; x_wconf 77' lang='lat' dir='ltr'><strong>prodere,</strong></span> <span class='ocrx_word' id='word_1_646' title='bbox 2576 3920 2735 3974; x_wconf 86' lang='lat' dir='ltr'><strong>quem</strong></span> <span class='ocrx_word' id='word_1_647' title='bbox 2768 3922 2796 3959; x_wconf 93' lang='lat' dir='ltr'><strong>a</strong></span> <span class='ocrx_word' id='word_1_648' title='bbox 2826 3906 3048 3962; x_wconf 86' lang='lat' dir='ltr'><strong>Calvino</strong></span> <span class='ocrx_word' id='word_1_649' title='bbox 3078 3909 3174 3963; x_wconf 90' lang='lat' dir='ltr'><strong>abs</strong></span> <span class='ocrx_word' id='word_1_650' title='bbox 3207 3918 3258 3964; x_wconf 90' lang='lat' dir='ltr'><strong>te</strong></span> <span class='ocrx_word' id='word_1_651' title='bbox 3284 3910 3543 3964; x_wconf 82' lang='lat' dir='ltr'><strong>vindicari</strong></span> <span class='ocrx_word' id='word_1_652' title='bbox 3571 3911 3725 3981; x_wconf 53' lang='lat' dir='ltr'><strong>jaetis</strong></span> 
     </span>
    </p>
   </div>
   <div class='ocr_carea' id='block_1_85' title="bbox 2145 3997 3725 4071">
    <p class='ocr_par' dir='ltr' id='par_1_85' title="bbox 2145 3997 3725 4071">
     <span class='ocr_line' id='line_1_85' title="bbox 2145 3997 3725 4071; baseline 0.004 -21"><span class='ocrx_word' id='word_1_653' title='bbox 2145 4000 2335 4051; x_wconf 82' lang='lat' dir='ltr'><strong>tabas‘!</strong></span> <span class='ocrx_word' id='word_1_654' title='bbox 2377 3997 2732 4065; x_wconf 87' lang='lat' dir='ltr'><strong>Augustinum</strong></span> <span class='ocrx_word' id='word_1_655' title='bbox 2775 4007 2952 4053; x_wconf 87' lang='lat' dir='ltr'><strong>tamen</strong></span> <span class='ocrx_word' id='word_1_656' title='bbox 3002 4000 3054 4053; x_wconf 91' lang='lat' dir='ltr'><strong>in</strong></span> <span class='ocrx_word' id='word_1_657' title='bbox 3096 4011 3275 4068; x_wconf 79' lang='lat' dir='ltr'><strong>partes</strong></span> <span class='ocrx_word' id='word_1_658' title='bbox 3323 4001 3500 4057; x_wconf 89' lang='lat' dir='ltr'><strong>secari</strong></span> <span class='ocrx_word' id='word_1_659' title='bbox 3545 4002 3725 4071; x_wconf 78' lang='lat' dir='ltr'><strong>superi</strong></span> 
     </span>
    </p>
   </div>
   <div class='ocr_carea' id='block_1_86' title="bbox 2145 4091 3724 4159">
    <p class='ocr_par' dir='ltr' id='par_1_86' title="bbox 2145 4091 3724 4159">
     <span class='ocr_line' id='line_1_86' title="bbox 2145 4091 3724 4159; baseline 0.001 -17"><span class='ocrx_word' id='word_1_660' title='bbox 2145 4098 2349 4154; x_wconf 85' lang='lat' dir='ltr'><strong>vetant,</strong></span> <span class='ocrx_word' id='word_1_661' title='bbox 2402 4099 2544 4144; x_wconf 87' lang='lat' dir='ltr'><strong>totus</strong></span> <span class='ocrx_word' id='word_1_662' title='bbox 2585 4098 2748 4143; x_wconf 90' lang='lat' dir='ltr'><strong>totum</strong></span> <span class='ocrx_word' id='word_1_663' title='bbox 2791 4091 3094 4159; x_wconf 85' lang='lat' dir='ltr'><strong>petentibus</strong></span> <span class='ocrx_word' id='word_1_664' title='bbox 3134 4092 3509 4147; x_wconf 84' lang='lat' dir='ltr'><strong>concedendus</strong></span> <span class='ocrx_word' id='word_1_665' title='bbox 3546 4102 3649 4157; x_wconf 86' lang='lat' dir='ltr'><strong>est,</strong></span> <span class='ocrx_word' id='word_1_666' title='bbox 3679 4100 3724 4144; x_wconf 83' lang='lat' dir='ltr'><strong>et</strong></span> 
     </span>
    </p>
   </div>
   <div class='ocr_carea' id='block_1_87' title="bbox 2143 4182 3724 4253">
    <p class='ocr_par' dir='ltr' id='par_1_87' title="bbox 2143 4182 3724 4253">
     <span class='ocr_line' id='line_1_87' title="bbox 2143 4182 3724 4253; baseline -0.001 -16"><span class='ocrx_word' id='word_1_667' title='bbox 2143 4185 2231 4253; x_wconf 91' lang='lat' dir='ltr'><strong>qui</strong></span> <span class='ocrx_word' id='word_1_668' title='bbox 2284 4182 2567 4253; x_wconf 79' lang='lat' dir='ltr'><strong>Augustini</strong></span> <span class='ocrx_word' id='word_1_669' title='bbox 2602 4191 2751 4251; x_wconf 89' lang='lat' dir='ltr'><strong>parte</strong></span> <span class='ocrx_word' id='word_1_670' title='bbox 2797 4194 3077 4238; x_wconf 89' lang='lat' dir='ltr'><strong>contentos</strong></span> <span class='ocrx_word' id='word_1_671' title='bbox 3107 4197 3167 4238; x_wconf 90' lang='lat' dir='ltr'><strong>se</strong></span> <span class='ocrx_word' id='word_1_672' title='bbox 3210 4183 3414 4251; x_wconf 90' lang='lat' dir='ltr'><strong>dicunt,</strong></span> <span class='ocrx_word' id='word_1_673' title='bbox 3468 4198 3537 4238; x_wconf 90' lang='lat' dir='ltr'><strong>ne</strong></span> <span class='ocrx_word' id='word_1_674' title='bbox 3568 4182 3724 4237; x_wconf 78' lang='lat' dir='ltr'><strong>mini-</strong></span> 
     </span>
    </p>
   </div>
   <div class='ocr_carea' id='block_1_88' title="bbox 2143 4275 3724 4345">
    <p class='ocr_par' dir='ltr' id='par_1_88' title="bbox 2143 4275 3724 4345">
     <span class='ocr_line' id='line_1_88' title="bbox 2143 4275 3724 4345; baseline 0.001 -16"><span class='ocrx_word' id='word_1_675' title='bbox 2143 4290 2289 4329; x_wconf 90' lang='lat' dir='ltr'><strong>mum</strong></span> <span class='ocrx_word' id='word_1_676' title='bbox 2340 4276 2553 4345; x_wconf 89' lang='lat' dir='ltr'><strong>quidem</strong></span> <span class='ocrx_word' id='word_1_677' title='bbox 2601 4275 2745 4330; x_wconf 86' lang='lat' dir='ltr'><strong>illius</strong></span> <span class='ocrx_word' id='word_1_678' title='bbox 2792 4290 3022 4344; x_wconf 88' lang='lat' dir='ltr'><strong>unguem</strong></span> <span class='ocrx_word' id='word_1_679' title='bbox 3070 4276 3371 4330; x_wconf 88' lang='lat' dir='ltr'><strong>obtineant.</strong></span> <span class='ocrx_word' id='word_1_680' title='bbox 3430 4276 3535 4331; x_wconf 91' lang='lat' dir='ltr'><strong>Sed</strong></span> <span class='ocrx_word' id='word_1_681' title='bbox 3586 4276 3724 4331; x_wconf 86' lang='lat' dir='ltr'><strong>inani</strong></span> 
     </span>
    </p>
   </div>
   <div class='ocr_carea' id='block_1_89' title="bbox 2144 4366 3726 4436">
    <p class='ocr_par' dir='ltr' id='par_1_89' title="bbox 2144 4366 3726 4436">
     <span class='ocr_line' id='line_1_89' title="bbox 2144 4366 3726 4436; baseline -0.002 -15"><span class='ocrx_word' id='word_1_682' title='bbox 2144 4381 2366 4436; x_wconf 76' lang='lat' dir='ltr'><strong>prorsus</strong></span> <span class='ocrx_word' id='word_1_683' title='bbox 2413 4367 2711 4422; x_wconf 89' lang='lat' dir='ltr'><strong>assertione</strong></span> <span class='ocrx_word' id='word_1_684' title='bbox 2757 4366 3011 4421; x_wconf 83' lang='lat' dir='ltr'><strong>Calvinus</strong></span> <span class='ocrx_word' id='word_1_685' title='bbox 3042 4374 3208 4419; x_wconf 90' lang='lat' dir='ltr'><strong>totum</strong></span> <span class='ocrx_word' id='word_1_686' title='bbox 3257 4379 3412 4421; x_wconf 87' lang='lat' dir='ltr'><strong>suum</strong></span> <span class='ocrx_word' id='word_1_687' title='bbox 3453 4381 3577 4423; x_wconf 87' lang='lat' dir='ltr'><strong>esse</strong></span> <span class='ocrx_word' id='word_1_688' title='bbox 3623 4368 3726 4421; x_wconf 76' lang='lat' dir='ltr'><strong>Au“-</strong></span> 
     </span>
    </p>
   </div>
   <div class='ocr_carea' id='block_1_90' title="bbox 2147 4458 3727 4529">
    <p class='ocr_par' dir='ltr' id='par_1_90' title="bbox 2147 4458 3727 4529">
     <span class='ocr_line' id='line_1_90' title="bbox 2147 4458 3727 4529; baseline 0.003 -18"><span class='ocrx_word' id='word_1_689' title='bbox 2147 4460 2417 4529; x_wconf 89' lang='lat' dir='ltr'><strong>gustinum</strong></span> <span class='ocrx_word' id='word_1_690' title='bbox 2473 4458 2660 4525; x_wconf 80' lang='lat' dir='ltr'><strong>finxit,</strong></span> <span class='ocrx_word' id='word_1_691' title='bbox 2704 4473 2827 4512; x_wconf 91' lang='lat' dir='ltr'><strong>nam</strong></span> <span class='ocrx_word' id='word_1_692' title='bbox 2882 4458 3106 4513; x_wconf 85' lang='lat' dir='ltr'><strong>veritate</strong></span> <span class='ocrx_word' id='word_1_693' title='bbox 3144 4469 3372 4527; x_wconf 85' lang='lat' dir='ltr'><strong>cogente</strong></span> <span class='ocrx_word' id='word_1_694' title='bbox 3421 4469 3628 4527; x_wconf 88' lang='lat' dir='ltr'><strong>partem</strong></span> <span class='ocrx_word' id='word_1_695' title='bbox 3677 4468 3727 4516; x_wconf 79' lang='lat' dir='ltr'><strong>et</strong></span> 
     </span>
    </p>
   </div>
   <div class='ocr_carea' id='block_1_91' title="bbox 455 4538 3722 4624">
    <p class='ocr_par' dir='ltr' id='par_1_91' title="bbox 455 4538 3722 4624">
     <span class='ocr_line' id='line_1_91' title="bbox 455 4538 3722 4624; baseline -0 -17"><span class='ocrx_word' id='word_1_696' title='bbox 455 4554 624 4624; x_wconf 78' lang='lat' dir='ltr'><strong>gratia</strong></span> <span class='ocrx_word' id='word_1_697' title='bbox 680 4551 1003 4614; x_wconf 74' lang='lat' dir='ltr'><strong>defenditur,</strong></span> <span class='ocrx_word' id='word_1_698' title='bbox 1054 4548 1235 4617; x_wconf 90' lang='lat' dir='ltr'><strong>negari</strong></span> <span class='ocrx_word' id='word_1_699' title='bbox 1280 4548 1586 4603; x_wconf 83' lang='lat' dir='ltr'><strong>existiment</strong></span> <span class='ocrx_word' id='word_1_700' title='bbox 1627 4549 1852 4603; x_wconf 87' lang='lat' dir='ltr'><strong>liberum</strong></span> <span class='ocrx_word' id='word_1_701' title='bbox 1901 4550 2042 4605; x_wconf 89' lang='lat' dir='ltr'><strong>arbi-</strong></span> <span class='ocrx_word' id='word_1_702' title='bbox 2072 4538 2259 4620; x_wconf 85' lang='lat' dir='ltr'><strong>Dipse</strong></span> <span class='ocrx_word' id='word_1_703' title='bbox 2300 4552 2574 4620; x_wconf 87' lang='lat' dir='ltr'><strong>Augustini</strong></span> <span class='ocrx_word' id='word_1_704' title='bbox 2606 4566 2665 4605; x_wconf 90' lang='lat' dir='ltr'><strong>se</strong></span> <span class='ocrx_word' id='word_1_705' title='bbox 2706 4551 2939 4621; x_wconf 90' lang='lat' dir='ltr'><strong>abjicere</strong></span> <span class='ocrx_word' id='word_1_706' title='bbox 2966 4549 3139 4604; x_wconf 79' lang='lat' dir='ltr'><strong>fassus</strong></span> <span class='ocrx_word' id='word_1_707' title='bbox 3175 4560 3256 4604; x_wconf 90' lang='lat' dir='ltr'><strong>est</strong></span> <span class='ocrx_word' id='word_1_708' title='bbox 3282 4551 3377 4605; x_wconf 91' lang='lat' dir='ltr'><strong>lib.</strong></span> <span class='ocrx_word' id='word_1_709' title='bbox 3427 4567 3485 4605; x_wconf 85' lang='lat' dir='ltr'><strong>ut</strong></span> <span class='ocrx_word' id='word_1_710' title='bbox 3531 4553 3722 4618; x_wconf 82' lang='lat' dir='ltr'><strong>lustit.~,</strong></span> 
     </span>
    </p>
   </div>
   <div class='ocr_carea' id='block_1_92' title="bbox 458 4637 2043 4709">
    <p class='ocr_par' dir='ltr' id='par_1_92' title="bbox 458 4637 2043 4709">
     <span class='ocr_line' id='line_1_92' title="bbox 458 4637 2043 4709; baseline -0.003 -11"><span class='ocrx_word' id='word_1_711' title='bbox 458 4645 644 4709; x_wconf 88' lang='lat' dir='ltr'><strong>trium,</strong></span> <span class='ocrx_word' id='word_1_712' title='bbox 692 4662 711 4694; x_wconf 77' lang='grc' dir='ltr'><strong><em>ι</em></strong></span> <span class='ocrx_word' id='word_1_713' title='bbox 744 4651 848 4695; x_wconf 87' lang='lat' dir='ltr'><strong>etc.</strong></span> <span class='ocrx_word' id='word_1_714' title='bbox 897 4640 972 4695; x_wconf 88' lang='lat' dir='ltr'><strong>Te</strong></span> <span class='ocrx_word' id='word_1_715' title='bbox 1012 4638 1096 4693; x_wconf 88' lang='lat' dir='ltr'><strong>hic</strong></span> <span class='ocrx_word' id='word_1_716' title='bbox 1138 4637 1375 4706; x_wconf 88' lang='lat' dir='ltr'><strong>judicem</strong></span> <span class='ocrx_word' id='word_1_717' title='bbox 1408 4639 1550 4705; x_wconf 89' lang='lat' dir='ltr'><strong>volo,</strong></span> <span class='ocrx_word' id='word_1_718' title='bbox 1581 4639 1803 4703; x_wconf 90' lang='lat' dir='ltr'><strong>Adame,</strong></span> <span class='ocrx_word' id='word_1_719' title='bbox 1832 4656 1957 4693; x_wconf 90' lang='lat' dir='ltr'><strong>num</strong></span> <span class='ocrx_word' id='word_1_720' title='bbox 1991 4641 2043 4693; x_wconf 92' lang='lat' dir='ltr'><strong>in</strong></span> 
     </span>
    </p>
   </div>
   <div class='ocr_carea' id='block_1_93' title="bbox 457 4734 2046 4809">
    <p class='ocr_par' dir='ltr' id='par_1_93' title="bbox 457 4734 2046 4809">
     <span class='ocr_line' id='line_1_93' title="bbox 457 4734 2046 4809; baseline -0.004 -15"><span class='ocrx_word' id='word_1_721' title='bbox 457 4738 781 4809; x_wconf 89' lang='lat' dir='ltr'><strong>disputando</strong></span> <span class='ocrx_word' id='word_1_722' title='bbox 830 4747 1008 4803; x_wconf 63' lang='lat' dir='ltr'><strong>aestus,</strong></span> <span class='ocrx_word' id='word_1_723' title='bbox 1069 4734 1324 4803; x_wconf 89' lang='lat' dir='ltr'><strong>impetus,</strong></span> <span class='ocrx_word' id='word_1_724' title='bbox 1370 4748 1620 4787; x_wconf 84' lang='lat' dir='ltr'><strong>excessus</strong></span> <span class='ocrx_word' id='word_1_725' title='bbox 1661 4747 1786 4786; x_wconf 90' lang='lat' dir='ltr'><strong>suos</strong></span> <span class='ocrx_word' id='word_1_726' title='bbox 1830 4735 1901 4788; x_wconf 86' lang='lat' dir='ltr'><strong>ibi</strong></span> <span class='ocrx_word' id='word_1_727' title='bbox 1940 4738 2046 4788; x_wconf 81' lang='lat' dir='ltr'><strong>Au-</strong></span> 
     </span>
    </p>
   </div>
   <div class='ocr_carea' id='block_1_94' title="bbox 455 4827 2046 4901">
    <p class='ocr_par' dir='ltr' id='par_1_94' title="bbox 455 4827 2046 4901">
     <span class='ocr_line' id='line_1_94' title="bbox 455 4827 2046 4901; baseline -0.001 -15"><span class='ocrx_word' id='word_1_728' title='bbox 455 4836 700 4901; x_wconf 85' lang='lat' dir='ltr'><strong>gustinus</strong></span> <span class='ocrx_word' id='word_1_729' title='bbox 742 4832 995 4888; x_wconf 78' lang='lat' dir='ltr'><strong>fateatur.</strong></span> <span class='ocrx_word' id='word_1_730' title='bbox 1048 4830 1159 4885; x_wconf 78' lang='lat' dir='ltr'><strong>[loc</strong></span> <span class='ocrx_word' id='word_1_731' title='bbox 1190 4843 1355 4884; x_wconf 90' lang='lat' dir='ltr'><strong>unum</strong></span> <span class='ocrx_word' id='word_1_732' title='bbox 1387 4827 1567 4883; x_wconf 88' lang='lat' dir='ltr'><strong>dicere</strong></span> <span class='ocrx_word' id='word_1_733' title='bbox 1596 4828 1820 4894; x_wconf 88' lang='lat' dir='ltr'><strong>poteris,</strong></span> <span class='ocrx_word' id='word_1_734' title='bbox 1860 4837 2046 4884; x_wconf 82' lang='lat' dir='ltr'><strong>extre-</strong></span> 
     </span>
    </p>
   </div>
   <div class='ocr_carea' id='block_1_95' title="bbox 450 4909 2041 4984">
    <p class='ocr_par' dir='ltr' id='par_1_95' title="bbox 450 4909 2041 4984">
     <span class='ocr_line' id='line_1_95' title="bbox 450 4909 2041 4984; baseline -0.004 -6"><span class='ocrx_word' id='word_1_735' title='bbox 450 4936 574 4978; x_wconf 84' lang='lat' dir='ltr'><strong>mos</strong></span> <span class='ocrx_word' id='word_1_736' title='bbox 622 4924 771 4977; x_wconf 91' lang='lat' dir='ltr'><strong>illum</strong></span> <span class='ocrx_word' id='word_1_737' title='bbox 799 4937 1013 4979; x_wconf 85' lang='lat' dir='ltr'><strong>errores</strong></span> <span class='ocrx_word' id='word_1_738' title='bbox 1054 4920 1184 4976; x_wconf 91' lang='lat' dir='ltr'><strong>inibi</strong></span> <span class='ocrx_word' id='word_1_739' title='bbox 1214 4909 1488 4975; x_wconf 77' lang='lat' dir='ltr'><strong>recitasse.</strong></span> <span class='ocrx_word' id='word_1_740' title='bbox 1538 4918 1788 4973; x_wconf 88' lang='lat' dir='ltr'><strong>Producit</strong></span> <span class='ocrx_word' id='word_1_741' title='bbox 1837 4920 1929 4975; x_wconf 89' lang='lat' dir='ltr'><strong>lib.</strong></span> <span class='ocrx_word' id='word_1_742' title='bbox 1967 4935 2041 4984; x_wconf 85' lang='lat' dir='ltr'><strong>tv,</strong></span> 
     </span>
    </p>
   </div>
   <div class='ocr_carea' id='block_1_96' title="bbox 450 5012 2043 5082">
    <p class='ocr_par' dir='ltr' id='par_1_96' title="bbox 450 5012 2043 5082">
     <span class='ocr_line' id='line_1_96' title="bbox 450 5012 2043 5082; baseline 0 -17"><span class='ocrx_word' id='word_1_743' title='bbox 450 5020 647 5065; x_wconf 88' lang='lat' dir='ltr'><strong>contra</strong></span> <span class='ocrx_word' id='word_1_744' title='bbox 676 5012 970 5074; x_wconf 72' lang='lat' dir='ltr'><strong>Iulianum,</strong></span> <span class='ocrx_word' id='word_1_745' title='bbox 1013 5029 1134 5082; x_wconf 88' lang='lat' dir='ltr'><strong>cap.</strong></span> <span class='ocrx_word' id='word_1_746' title='bbox 1172 5016 1226 5068; x_wconf 90' lang='lat'><strong>8.</strong></span> <span class='ocrx_word' id='word_1_747' title='bbox 1261 5012 1456 5067; x_wconf 85' lang='lat' dir='ltr'><strong>Verum</strong></span> <span class='ocrx_word' id='word_1_748' title='bbox 1491 5013 1560 5067; x_wconf 89' lang='lat' dir='ltr'><strong>ibi</strong></span> <span class='ocrx_word' id='word_1_749' title='bbox 1595 5012 2043 5081; x_wconf 77' lang='lat' dir='ltr'><strong>Augustinus‘lu-</strong></span> 
     </span>
    </p>
   </div>
   <div class='ocr_carea' id='block_1_97' title="bbox 460 5102 2043 5173">
    <p class='ocr_par' dir='ltr' id='par_1_97' title="bbox 460 5102 2043 5173">
     <span class='ocr_line' id='line_1_97' title="bbox 460 5102 2043 5173; baseline -0.001 -15"><span class='ocrx_word' id='word_1_750' title='bbox 460 5104 658 5159; x_wconf 88' lang='lat' dir='ltr'><strong>lianum</strong></span> <span class='ocrx_word' id='word_1_751' title='bbox 688 5102 760 5155; x_wconf 91' lang='lat' dir='ltr'><strong>uti</strong></span> <span class='ocrx_word' id='word_1_752' title='bbox 803 5102 1072 5169; x_wconf 87' lang='lat' dir='ltr'><strong>publicum</strong></span> <span class='ocrx_word' id='word_1_753' title='bbox 1113 5106 1554 5160; x_wconf 89' lang='lat' dir='ltr'><strong>calumniatorem</strong></span> <span class='ocrx_word' id='word_1_754' title='bbox 1586 5104 1877 5173; x_wconf 79' lang='lat' dir='ltr'><strong>redarguit,</strong></span> <span class='ocrx_word' id='word_1_755' title='bbox 1907 5106 2043 5158; x_wconf 89' lang='lat' dir='ltr'><strong>scri-</strong></span> 
     </span>
    </p>
   </div>
   <div class='ocr_carea' id='block_1_98' title="bbox 455 5193 2039 5266">
    <p class='ocr_par' dir='ltr' id='par_1_98' title="bbox 455 5193 2039 5266">
     <span class='ocr_line' id='line_1_98' title="bbox 455 5193 2039 5266; baseline -0.001 -16"><span class='ocrx_word' id='word_1_756' title='bbox 455 5204 677 5257; x_wconf 70' lang='lat' dir='ltr'><strong>bentem</strong></span> <span class='ocrx_word' id='word_1_757' title='bbox 699 5193 899 5249; x_wconf 84' lang='lat' dir='ltr'><strong>dixisse</strong></span> <span class='ocrx_word' id='word_1_758' title='bbox 920 5194 1274 5262; x_wconf 75' lang='lat' dir='ltr'><strong>Augusunum</strong></span> <span class='ocrx_word' id='word_1_759' title='bbox 1302 5198 1482 5266; x_wconf 88' lang='lat' dir='ltr'><strong>negari</strong></span> <span class='ocrx_word' id='word_1_760' title='bbox 1512 5197 1739 5251; x_wconf 89' lang='lat' dir='ltr'><strong>liberum</strong></span> <span class='ocrx_word' id='word_1_761' title='bbox 1762 5197 2039 5250; x_wconf 87' lang='lat' dir='ltr'><strong>arbitrium</strong></span> 
     </span>
    </p>
   </div>
   <div class='ocr_carea' id='block_1_99' title="bbox 457 5285 2037 5361">
    <p class='ocr_par' dir='ltr' id='par_1_99' title="bbox 457 5285 2037 5361">
     <span class='ocr_line' id='line_1_99' title="bbox 457 5285 2037 5361; baseline -0.004 -15"><span class='ocrx_word' id='word_1_762' title='bbox 457 5292 504 5353; x_wconf 77' lang='lat' dir='ltr'><strong>si</strong></span> <span class='ocrx_word' id='word_1_763' title='bbox 530 5290 702 5361; x_wconf 84' lang='lat' dir='ltr'><strong>gratia</strong></span> <span class='ocrx_word' id='word_1_764' title='bbox 727 5285 1154 5353; x_wconf 85' lang='lat' dir='ltr'><strong>commendetur,</strong></span> <span class='ocrx_word' id='word_1_765' title='bbox 1208 5296 1262 5339; x_wconf 90' lang='lat' dir='ltr'><strong>et</strong></span> <span class='ocrx_word' id='word_1_766' title='bbox 1289 5288 1469 5357; x_wconf 89' lang='lat' dir='ltr'><strong>negari</strong></span> <span class='ocrx_word' id='word_1_767' title='bbox 1496 5287 1719 5357; x_wconf 90' lang='lat' dir='ltr'><strong>gratiam</strong></span> <span class='ocrx_word' id='word_1_768' title='bbox 1743 5288 1788 5341; x_wconf 90' lang='lat' dir='ltr'><strong>si</strong></span> <span class='ocrx_word' id='word_1_769' title='bbox 1812 5287 2037 5341; x_wconf 88' lang='lat' dir='ltr'><strong>liberum</strong></span> 
     </span>
    </p>
   </div>
   <div class='ocr_carea' id='block_1_100' title="bbox 457 5379 2039 5446">
    <p class='ocr_par' dir='ltr' id='par_1_100' title="bbox 457 5379 2039 5446">
     <span class='ocr_line' id='line_1_100' title="bbox 457 5379 2039 5446; baseline -0.006 -5"><span class='ocrx_word' id='word_1_770' title='bbox 457 5386 735 5442; x_wconf 76' lang='lat' dir='ltr'><strong>arbitrium</strong></span> <span class='ocrx_word' id='word_1_771' title='bbox 757 5379 1093 5436; x_wconf 83' lang='lat' dir='ltr'><strong>defendatur.</strong></span> <span class='ocrx_word' id='word_1_772' title='bbox 1130 5380 1439 5446; x_wconf 78' lang='lat' dir='ltr'><strong>ReSpondet</strong></span> <span class='ocrx_word' id='word_1_773' title='bbox 1468 5384 1657 5434; x_wconf 84' lang='lat' dir='ltr'><strong>autem</strong></span> <span class='ocrx_word' id='word_1_774' title='bbox 1689 5389 1907 5435; x_wconf 88' lang='lat' dir='ltr'><strong>sanctus</strong></span> <span class='ocrx_word' id='word_1_775' title='bbox 1938 5380 2039 5433; x_wconf 88' lang='lat' dir='ltr'><strong>Pa-</strong></span> 
     </span>
    </p>
   </div>
   <div class='ocr_carea' id='block_1_101' title="bbox 454 5471 2038 5543">
    <p class='ocr_par' dir='ltr' id='par_1_101' title="bbox 454 5471 2038 5543">
     <span class='ocr_line' id='line_1_101' title="bbox 454 5471 2038 5543; baseline -0.009 -6"><span class='ocrx_word' id='word_1_776' title='bbox 454 5487 578 5537; x_wconf 75' lang='lat' dir='ltr'><strong>ter:</strong></span> <span class='ocrx_word' id='word_1_777' title='bbox 610 5498 629 5531; x_wconf 73' lang='grc' dir='ltr'><strong><em>ι</em></strong></span> <span class='ocrx_word' id='word_1_778' title='bbox 656 5476 772 5533; x_wconf 87' lang='lat' dir='ltr'><strong>Non</strong></span> <span class='ocrx_word' id='word_1_779' title='bbox 802 5474 910 5530; x_wconf 86' lang='lat' dir='ltr'><strong>dixi</strong></span> <span class='ocrx_word' id='word_1_780' title='bbox 944 5473 1127 5543; x_wconf 83' lang='lat' dir='ltr'><strong>negari</strong></span> <span class='ocrx_word' id='word_1_781' title='bbox 1168 5472 1414 5542; x_wconf 86' lang='lat' dir='ltr'><strong>gratiam,</strong></span> <span class='ocrx_word' id='word_1_782' title='bbox 1448 5471 1540 5526; x_wconf 89' lang='lat' dir='ltr'><strong>sed</strong></span> <span class='ocrx_word' id='word_1_783' title='bbox 1578 5484 1629 5525; x_wconf 85' lang='lat' dir='ltr'><strong>ut</strong></span> <span class='ocrx_word' id='word_1_784' title='bbox 1655 5472 1838 5542; x_wconf 87' lang='lat' dir='ltr'><strong>negari</strong></span> <span class='ocrx_word' id='word_1_785' title='bbox 1872 5473 2038 5541; x_wconf 88' lang='lat' dir='ltr'><strong>gratia</strong></span> 
     </span>
    </p>
   </div>
   <div class='ocr_carea' id='block_1_102' title="bbox 456 5565 2044 5636">
    <p class='ocr_par' dir='ltr' id='par_1_102' title="bbox 456 5565 2044 5636">
     <span class='ocr_line' id='line_1_102' title="bbox 456 5565 2044 5636; baseline -0.005 -13"><span class='ocrx_word' id='word_1_786' title='bbox 456 5570 855 5626; x_wconf 82' lang='lat' dir='ltr'><strong>videatur.Non</strong></span> <span class='ocrx_word' id='word_1_787' title='bbox 878 5568 995 5624; x_wconf 84' lang='lat' dir='ltr'><strong>dixi</strong></span> <span class='ocrx_word' id='word_1_788' title='bbox 1024 5567 1208 5636; x_wconf 85' lang='lat' dir='ltr'><strong>negari</strong></span> <span class='ocrx_word' id='word_1_789' title='bbox 1250 5566 1531 5619; x_wconf 88' lang='lat' dir='ltr'><strong>arbitrium</strong></span> <span class='ocrx_word' id='word_1_790' title='bbox 1564 5565 1814 5629; x_wconf 87' lang='lat' dir='ltr'><strong>liberum,</strong></span> <span class='ocrx_word' id='word_1_791' title='bbox 1848 5566 2044 5619; x_wconf 87' lang='lat' dir='ltr'><strong>velan-</strong></span> 
     </span>
    </p>
   </div>
   <div class='ocr_carea' id='block_1_103' title="bbox 456 5657 2044 5727">
    <p class='ocr_par' dir='ltr' id='par_1_103' title="bbox 456 5657 2044 5727">
     <span class='ocr_line' id='line_1_103' title="bbox 456 5657 2044 5727; baseline -0.004 -10"><span class='ocrx_word' id='word_1_792' title='bbox 456 5661 607 5724; x_wconf 80' lang='lat' dir='ltr'><strong>l&#39;erri,</strong></span> <span class='ocrx_word' id='word_1_793' title='bbox 649 5662 747 5715; x_wconf 89' lang='lat' dir='ltr'><strong>sed</strong></span> <span class='ocrx_word' id='word_1_794' title='bbox 789 5663 924 5727; x_wconf 85' lang='lat' dir='ltr'><strong>dixi,</strong></span> <span class='ocrx_word' id='word_1_795' title='bbox 954 5670 1012 5716; x_wconf 91' lang='lat' dir='ltr'><strong>ut</strong></span> <span class='ocrx_word' id='word_1_796' title='bbox 1041 5668 1257 5727; x_wconf 90' lang='lat' dir='ltr'><strong>putetur</strong></span> <span class='ocrx_word' id='word_1_797' title='bbox 1286 5657 1504 5712; x_wconf 89' lang='lat' dir='ltr'><strong>auferri.</strong></span> <span class='ocrx_word' id='word_1_798' title='bbox 1534 5675 1551 5708; x_wconf 76' lang='grc' dir='ltr'><strong>ι</strong></span> <span class='ocrx_word' id='word_1_799' title='bbox 1590 5659 1658 5712; x_wconf 90' lang='lat' dir='ltr'><strong>At</strong></span> <span class='ocrx_word' id='word_1_800' title='bbox 1688 5673 1787 5712; x_wconf 90' lang='lat' dir='ltr'><strong>nec</strong></span> <span class='ocrx_word' id='word_1_801' title='bbox 1822 5658 2044 5711; x_wconf 88' lang='lat' dir='ltr'><strong>verbum</strong></span> 
     </span>
    </p>
   </div>
   <div class='ocr_carea' id='block_1_104' title="bbox 456 5750 2043 5825">
    <p class='ocr_par' dir='ltr' id='par_1_104' title="bbox 456 5750 2043 5825">
     <span class='ocr_line' id='line_1_104' title="bbox 456 5750 2043 5825; baseline -0.004 -15"><span class='ocrx_word' id='word_1_802' title='bbox 456 5752 527 5815; x_wconf 83' lang='lat' dir='ltr'><strong>de</strong></span> <span class='ocrx_word' id='word_1_803' title='bbox 566 5751 743 5808; x_wconf 85' lang='lat' dir='ltr'><strong>innata</strong></span> <span class='ocrx_word' id='word_1_804' title='bbox 787 5752 887 5809; x_wconf 81' lang='lat' dir='ltr'><strong>sibi</strong></span> <span class='ocrx_word' id='word_1_805' title='bbox 935 5754 986 5807; x_wconf 88' lang='lat' dir='ltr'><strong>in</strong></span> <span class='ocrx_word' id='word_1_806' title='bbox 1030 5750 1354 5825; x_wconf 82' lang='lat' dir='ltr'><strong>disputando</strong></span> <span class='ocrx_word' id='word_1_807' title='bbox 1392 5750 1730 5807; x_wconf 81' lang='lat' dir='ltr'><strong>vehementia</strong></span> <span class='ocrx_word' id='word_1_808' title='bbox 1761 5758 1921 5821; x_wconf 81' lang='lat' dir='ltr'><strong>atque</strong></span> <span class='ocrx_word' id='word_1_809' title='bbox 1953 5763 2043 5811; x_wconf 77' lang='lat' dir='ltr'><strong>cx-</strong></span> 
     </span>
    </p>
   </div>
   <div class='ocr_carea' id='block_1_105' title="bbox 2146 4644 3725 4715">
    <p class='ocr_par' dir='ltr' id='par_1_105' title="bbox 2146 4644 3725 4715">
     <span class='ocr_line' id='line_1_105' title="bbox 2146 4644 3725 4715; baseline 0.001 -17"><span class='ocrx_word' id='word_1_810' title='bbox 2146 4658 2264 4711; x_wconf 87' lang='lat' dir='ltr'><strong>cap.</strong></span> <span class='ocrx_word' id='word_1_811' title='bbox 2309 4646 2406 4711; x_wconf 74' lang='lat' dir='ltr'><strong>‘ll,</strong></span> <span class='ocrx_word' id='word_1_812' title='bbox 2438 4644 2687 4712; x_wconf 89' lang='lat' dir='ltr'><strong>inquiens</strong></span> <span class='ocrx_word' id='word_1_813' title='bbox 2717 4661 2730 4697; x_wconf 75' lang='grc' dir='ltr'>ε</span> <span class='ocrx_word' id='word_1_814' title='bbox 2767 4663 2786 4695; x_wconf 68' lang='grc' dir='ltr'>ι</span> <span class='ocrx_word' id='word_1_815' title='bbox 2822 4645 2899 4699; x_wconf 88' lang='lat' dir='ltr'><strong>Ae</strong></span> <span class='ocrx_word' id='word_1_816' title='bbox 2929 4660 2998 4699; x_wconf 92' lang='lat' dir='ltr'><strong>ne</strong></span> <span class='ocrx_word' id='word_1_817' title='bbox 3039 4645 3321 4714; x_wconf 79' lang='lat' dir='ltr'><strong>AuguSIini</strong></span> <span class='ocrx_word' id='word_1_818' title='bbox 3362 4646 3577 4715; x_wconf 91' lang='lat' dir='ltr'><strong>quidem</strong></span> <span class='ocrx_word' id='word_1_819' title='bbox 3613 4664 3725 4702; x_wconf 83' lang='lat' dir='ltr'><strong>sen-</strong></span> 
     </span>
    </p>
   </div>
   <div class='ocr_carea' id='block_1_106' title="bbox 2147 4735 3726 4806">
    <p class='ocr_par' dir='ltr' id='par_1_106' title="bbox 2147 4735 3726 4806">
     <span class='ocr_line' id='line_1_106' title="bbox 2147 4735 3726 4806; baseline 0.002 -19"><span class='ocrx_word' id='word_1_820' title='bbox 2147 4736 2311 4787; x_wconf 91' lang='lat' dir='ltr'><strong>tcntia</strong></span> <span class='ocrx_word' id='word_1_821' title='bbox 2360 4748 2453 4803; x_wconf 87' lang='lat' dir='ltr'><strong>per</strong></span> <span class='ocrx_word' id='word_1_822' title='bbox 2494 4735 2674 4787; x_wconf 87' lang='lat' dir='ltr'><strong>omnia</strong></span> <span class='ocrx_word' id='word_1_823' title='bbox 2704 4736 3010 4804; x_wconf 88' lang='lat' dir='ltr'><strong>recipienda</strong></span> <span class='ocrx_word' id='word_1_824' title='bbox 3057 4746 3159 4789; x_wconf 90' lang='lat' dir='ltr'><strong>est.</strong></span> <span class='ocrx_word' id='word_1_825' title='bbox 3199 4755 3218 4787; x_wconf 73' lang='grc' dir='ltr'><strong><em>ι</em></strong></span> <span class='ocrx_word' id='word_1_826' title='bbox 3255 4737 3455 4806; x_wconf 80' lang='lat' dir='ltr'><strong>itaque,</strong></span> <span class='ocrx_word' id='word_1_827' title='bbox 3506 4738 3726 4791; x_wconf 81' lang='lat' dir='ltr'><strong>Calvino</strong></span> 
     </span>
    </p>
   </div>
   <div class='ocr_carea' id='block_1_107' title="bbox 2141 4828 3721 4898">
    <p class='ocr_par' dir='ltr' id='par_1_107' title="bbox 2141 4828 3721 4898">
     <span class='ocr_line' id='line_1_107' title="bbox 2141 4828 3721 4898; baseline 0.001 -20"><span class='ocrx_word' id='word_1_828' title='bbox 2141 4828 2319 4895; x_wconf 87' lang='lat' dir='ltr'><strong>judice</strong></span> <span class='ocrx_word' id='word_1_829' title='bbox 2340 4867 2354 4891; x_wconf 91' lang='lat'><strong>,</strong></span> <span class='ocrx_word' id='word_1_830' title='bbox 2389 4828 2668 4895; x_wconf 88' lang='lat' dir='ltr'><strong>Augustini</strong></span> <span class='ocrx_word' id='word_1_831' title='bbox 2701 4829 2968 4882; x_wconf 89' lang='lat' dir='ltr'><strong>sententia</strong></span> <span class='ocrx_word' id='word_1_832' title='bbox 2999 4829 3188 4897; x_wconf 90' lang='lat' dir='ltr'><strong>partim</strong></span> <span class='ocrx_word' id='word_1_833' title='bbox 3232 4829 3565 4896; x_wconf 88' lang='lat' dir='ltr'><strong>accipienda,</strong></span> <span class='ocrx_word' id='word_1_834' title='bbox 3610 4845 3721 4898; x_wconf 88' lang='lat' dir='ltr'><strong>par-</strong></span> 
     </span>
    </p>
   </div>
   <div class='ocr_carea' id='block_1_108' title="bbox 2148 4920 3727 4989">
    <p class='ocr_par' dir='ltr' id='par_1_108' title="bbox 2148 4920 3727 4989">
     <span class='ocr_line' id='line_1_108' title="bbox 2148 4920 3727 4989; baseline 0 -16"><span class='ocrx_word' id='word_1_835' title='bbox 2148 4931 2240 4973; x_wconf 81' lang='lat' dir='ltr'><strong>tim</strong></span> <span class='ocrx_word' id='word_1_836' title='bbox 2295 4920 2619 4989; x_wconf 86' lang='lat' dir='ltr'><strong>repudianda</strong></span> <span class='ocrx_word' id='word_1_837' title='bbox 2667 4930 2781 4985; x_wconf 89' lang='lat' dir='ltr'><strong>est;</strong></span> <span class='ocrx_word' id='word_1_838' title='bbox 2834 4921 2917 4974; x_wconf 88' lang='lat' dir='ltr'><strong>cui</strong></span> <span class='ocrx_word' id='word_1_839' title='bbox 2968 4921 3205 4985; x_wconf 87' lang='lat' dir='ltr'><strong>perbelle</strong></span> <span class='ocrx_word' id='word_1_840' title='bbox 3257 4931 3442 4975; x_wconf 79' lang='lat' dir='ltr'><strong>noster</strong></span> <span class='ocrx_word' id='word_1_841' title='bbox 3490 4921 3727 4976; x_wconf 86' lang='lat' dir='ltr'><strong>Adamus</strong></span> 
     </span>
    </p>
   </div>
   <div class='ocr_carea' id='block_1_109' title="bbox 2148 5014 3727 5082">
    <p class='ocr_par' dir='ltr' id='par_1_109' title="bbox 2148 5014 3727 5082">
     <span class='ocr_line' id='line_1_109' title="bbox 2148 5014 3727 5082; baseline -0.003 -15"><span class='ocrx_word' id='word_1_842' title='bbox 2148 5025 2429 5067; x_wconf 87' lang='lat' dir='ltr'><strong>consonat.</strong></span> <span class='ocrx_word' id='word_1_843' title='bbox 2464 5016 2531 5068; x_wconf 81' lang='lat' dir='ltr'><strong>At</strong></span> <span class='ocrx_word' id='word_1_844' title='bbox 2564 5015 2677 5067; x_wconf 67' lang='lat' dir='ltr'><strong>hiPC</strong></span> <span class='ocrx_word' id='word_1_845' title='bbox 2720 5014 2910 5080; x_wconf 86' lang='lat' dir='ltr'><strong>injuria</strong></span> <span class='ocrx_word' id='word_1_846' title='bbox 2940 5028 3112 5082; x_wconf 89' lang='lat' dir='ltr'><strong>usque</strong></span> <span class='ocrx_word' id='word_1_847' title='bbox 3149 5014 3284 5067; x_wconf 87' lang='lat' dir='ltr'><strong>adeo</strong></span> <span class='ocrx_word' id='word_1_848' title='bbox 3316 5015 3503 5067; x_wconf 85' lang='lat' dir='ltr'><strong>nociva</strong></span> <span class='ocrx_word' id='word_1_849' title='bbox 3532 5023 3636 5080; x_wconf 90' lang='lat' dir='ltr'><strong>est,</strong></span> <span class='ocrx_word' id='word_1_850' title='bbox 3676 5022 3727 5064; x_wconf 82' lang='lat' dir='ltr'><strong>ut</strong></span> 
     </span>
    </p>
   </div>
   <div class='ocr_carea' id='block_1_110' title="bbox 2150 5102 3723 5171">
    <p class='ocr_par' dir='ltr' id='par_1_110' title="bbox 2150 5102 3723 5171">
     <span class='ocr_line' id='line_1_110' title="bbox 2150 5102 3723 5171; baseline -0.001 -14"><span class='ocrx_word' id='word_1_851' title='bbox 2150 5105 2455 5158; x_wconf 85' lang='lat' dir='ltr'><strong>universam</strong></span> <span class='ocrx_word' id='word_1_852' title='bbox 2510 5102 2787 5171; x_wconf 84' lang='lat' dir='ltr'><strong>Augustini</strong></span> <span class='ocrx_word' id='word_1_853' title='bbox 2844 5102 3253 5166; x_wconf 86' lang='lat' dir='ltr'><strong>auctoritatem,</strong></span> <span class='ocrx_word' id='word_1_854' title='bbox 3305 5105 3471 5157; x_wconf 87' lang='lat' dir='ltr'><strong>velint</strong></span> <span class='ocrx_word' id='word_1_855' title='bbox 3529 5106 3723 5163; x_wconf 82' lang='lat' dir='ltr'><strong>nolint,</strong></span> 
     </span>
    </p>
   </div>
   <div class='ocr_carea' id='block_1_111' title="bbox 2148 5192 3726 5261">
    <p class='ocr_par' dir='ltr' id='par_1_111' title="bbox 2148 5192 3726 5261">
     <span class='ocr_line' id='line_1_111' title="bbox 2148 5192 3726 5261; baseline 0 -14"><span class='ocrx_word' id='word_1_856' title='bbox 2148 5203 2371 5249; x_wconf 77' lang='lat' dir='ltr'><strong>evertat.</strong></span> <span class='ocrx_word' id='word_1_857' title='bbox 2421 5193 2633 5247; x_wconf 82' lang='lat' dir='ltr'><strong>Etenim</strong></span> <span class='ocrx_word' id='word_1_858' title='bbox 2665 5206 2771 5259; x_wconf 90' lang='lat' dir='ltr'><strong>quo</strong></span> <span class='ocrx_word' id='word_1_859' title='bbox 2800 5192 3053 5261; x_wconf 64' lang='lat' dir='ltr'><strong>praasidio</strong></span> <span class='ocrx_word' id='word_1_860' title='bbox 3081 5193 3247 5261; x_wconf 89' lang='lat' dir='ltr'><strong>adjuti</strong></span> <span class='ocrx_word' id='word_1_861' title='bbox 3280 5194 3589 5249; x_wconf 85' lang='lat' dir='ltr'><strong>discernere</strong></span> <span class='ocrx_word' id='word_1_862' title='bbox 3614 5205 3726 5247; x_wconf 76' lang='lat' dir='ltr'><strong>tan~</strong></span> 
     </span>
    </p>
   </div>
   <div class='ocr_carea' id='block_1_112' title="bbox 2148 5284 3726 5352">
    <p class='ocr_par' dir='ltr' id='par_1_112' title="bbox 2148 5284 3726 5352">
     <span class='ocr_line' id='line_1_112' title="bbox 2148 5284 3726 5352; baseline -0.001 -14"><span class='ocrx_word' id='word_1_863' title='bbox 2148 5286 2273 5341; x_wconf 91' lang='lat' dir='ltr'><strong>dem</strong></span> <span class='ocrx_word' id='word_1_864' title='bbox 2321 5285 2613 5352; x_wconf 85' lang='lat' dir='ltr'><strong>poterimus</strong></span> <span class='ocrx_word' id='word_1_865' title='bbox 2662 5284 2748 5337; x_wconf 90' lang='lat' dir='ltr'><strong>hic</strong></span> <span class='ocrx_word' id='word_1_866' title='bbox 2802 5284 3152 5352; x_wconf 87' lang='lat' dir='ltr'><strong>Augustinum</strong></span> <span class='ocrx_word' id='word_1_867' title='bbox 3202 5285 3254 5337; x_wconf 91' lang='lat' dir='ltr'><strong>in</strong></span> <span class='ocrx_word' id='word_1_868' title='bbox 3298 5288 3539 5339; x_wconf 56' lang='lat' dir='ltr'><strong>Veritatis</strong></span> <span class='ocrx_word' id='word_1_869' title='bbox 3590 5295 3726 5340; x_wconf 78' lang='lat' dir='ltr'><strong>meta</strong></span> 
     </span>
    </p>
   </div>
   <div class='ocr_carea' id='block_1_113' title="bbox 2149 5373 3725 5439">
    <p class='ocr_par' dir='ltr' id='par_1_113' title="bbox 2149 5373 3725 5439">
     <span class='ocr_line' id='line_1_113' title="bbox 2149 5373 3725 5439; baseline 0 -10"><span class='ocrx_word' id='word_1_870' title='bbox 2149 5378 2375 5439; x_wconf 71' lang='lat' dir='ltr'><strong>sistere,</strong></span> <span class='ocrx_word' id='word_1_871' title='bbox 2430 5374 2555 5426; x_wconf 90' lang='lat' dir='ltr'><strong>alibi</strong></span> <span class='ocrx_word' id='word_1_872' title='bbox 2604 5387 2735 5427; x_wconf 89' lang='lat' dir='ltr'><strong>vero</strong></span> <span class='ocrx_word' id='word_1_873' title='bbox 2783 5373 2922 5425; x_wconf 90' lang='lat' dir='ltr'><strong>ultra</strong></span> <span class='ocrx_word' id='word_1_874' title='bbox 2976 5375 3305 5428; x_wconf 86' lang='lat' dir='ltr'><strong>excurrere?</strong></span> <span class='ocrx_word' id='word_1_875' title='bbox 3368 5375 3609 5430; x_wconf 82' lang='lat' dir='ltr'><strong>Viderint</strong></span> <span class='ocrx_word' id='word_1_876' title='bbox 3663 5392 3725 5429; x_wconf 84' lang='lat' dir='ltr'><strong>an</strong></span> 
     </span>
    </p>
   </div>
   <div class='ocr_carea' id='block_1_114' title="bbox 2153 5463 3725 5536">
    <p class='ocr_par' dir='ltr' id='par_1_114' title="bbox 2153 5463 3725 5536">
     <span class='ocr_line' id='line_1_114' title="bbox 2153 5463 3725 5536; baseline 0.001 -17"><span class='ocrx_word' id='word_1_877' title='bbox 2153 5470 2439 5520; x_wconf 83' lang='lat' dir='ltr'><strong>maximum</strong></span> <span class='ocrx_word' id='word_1_878' title='bbox 2490 5463 2744 5519; x_wconf 65' lang='lat' dir='ltr'><strong>Ecclesiae</strong></span> <span class='ocrx_word' id='word_1_879' title='bbox 2800 5464 3073 5519; x_wconf 88' lang='lat' dir='ltr'><strong>doctorem</strong></span> <span class='ocrx_word' id='word_1_880' title='bbox 3129 5465 3196 5520; x_wconf 89' lang='lat' dir='ltr'><strong>de</strong></span> <span class='ocrx_word' id='word_1_881' title='bbox 3249 5481 3477 5521; x_wconf 86' lang='lat' dir='ltr'><strong>excessu</strong></span> <span class='ocrx_word' id='word_1_882' title='bbox 3536 5467 3725 5536; x_wconf 76' lang='lat' dir='ltr'><strong>ubique</strong></span> 
     </span>
    </p>
   </div>
   <div class='ocr_carea' id='block_1_115' title="bbox 2148 5557 2695 5626">
    <p class='ocr_par' dir='ltr' id='par_1_115' title="bbox 2148 5557 2695 5626">
     <span class='ocr_line' id='line_1_115' title="bbox 2148 5557 2695 5626; baseline -0.007 -13"><span class='ocrx_word' id='word_1_883' title='bbox 2148 5568 2453 5626; x_wconf 85' lang='lat' dir='ltr'><strong>suspectum</strong></span> <span class='ocrx_word' id='word_1_884' title='bbox 2484 5557 2695 5610; x_wconf 89' lang='lat' dir='ltr'><strong>faciant.</strong></span> 
     </span>
    </p>
   </div>
   <div class='ocr_carea' id='block_1_116' title="bbox 2221 5647 3721 5705">
    <p class='ocr_par' dir='ltr' id='par_1_116' title="bbox 2221 5647 3721 5705">
     <span class='ocr_line' id='line_1_116' title="bbox 2221 5647 3721 5705; baseline 0 -3"><span class='ocrx_word' id='word_1_885' title='bbox 2221 5649 2316 5703; x_wconf 88' lang='lat' dir='ltr'><strong>llic</strong></span> <span class='ocrx_word' id='word_1_886' title='bbox 2345 5647 2479 5702; x_wconf 92' lang='lat' dir='ltr'><strong>mihi</strong></span> <span class='ocrx_word' id='word_1_887' title='bbox 2502 5647 2897 5702; x_wconf 86' lang='lat' dir='ltr'><strong>discutiendum</strong></span> <span class='ocrx_word' id='word_1_888' title='bbox 2928 5657 3162 5703; x_wconf 89' lang='lat' dir='ltr'><strong>occurrtt</strong></span> <span class='ocrx_word' id='word_1_889' title='bbox 3183 5665 3249 5702; x_wconf 86' lang='lat' dir='ltr'><strong>an</strong></span> <span class='ocrx_word' id='word_1_890' title='bbox 3283 5651 3396 5704; x_wconf 64' lang='lat' dir='ltr'><strong>haec</strong></span> <span class='ocrx_word' id='word_1_891' title='bbox 3420 5650 3642 5705; x_wconf 86' lang='lat' dir='ltr'><strong>dicteria</strong></span> <span class='ocrx_word' id='word_1_892' title='bbox 3676 5651 3721 5703; x_wconf 82' lang='lat' dir='ltr'><strong>in</strong></span> 
     </span>
    </p>
   </div>
   <div class='ocr_carea' id='block_1_117' title="bbox 2149 5738 3713 5813">
    <p class='ocr_par' dir='ltr' id='par_1_117' title="bbox 2149 5738 3713 5813">
     <span class='ocr_line' id='line_1_117' title="bbox 2149 5738 3713 5813; baseline 0.001 -17"><span class='ocrx_word' id='word_1_893' title='bbox 2149 5754 2312 5797; x_wconf 86' lang='lat' dir='ltr'><strong>unum</strong></span> <span class='ocrx_word' id='word_1_894' title='bbox 2343 5738 2697 5811; x_wconf 84' lang='lat' dir='ltr'><strong>Augustinum</strong></span> <span class='ocrx_word' id='word_1_895' title='bbox 2731 5738 2944 5805; x_wconf 85' lang='lat' dir='ltr'><strong>cadant,</strong></span> <span class='ocrx_word' id='word_1_896' title='bbox 2997 5754 3061 5796; x_wconf 91' lang='lat' dir='ltr'><strong>an</strong></span> <span class='ocrx_word' id='word_1_897' title='bbox 3104 5740 3271 5811; x_wconf 89' lang='lat' dir='ltr'><strong>ipsius</strong></span> <span class='ocrx_word' id='word_1_898' title='bbox 3300 5756 3515 5813; x_wconf 86' lang='lat' dir='ltr'><strong>quoque</strong></span> <span class='ocrx_word' id='word_1_899' title='bbox 3540 5744 3713 5799; x_wconf 71' lang='lat' dir='ltr'><strong>Eeclo</strong></span> 
     </span>
    </p>
   </div>
  </div>
