3892 6298
102 295 183 349 lilii

1236 290 1555 361 \‘lNDlCHS
1595 294 2160 367 auuusrtmam.

3230 321 3333 377 602
3346 312 3355 343 ί

98 418 178 471 sia-
214 412 624 468 venustissimam
674 429 738 469 ac
784 413 1159 471 nitidissimam
1208 417 1396 473 faciem
1451 420 1639 475 detur-
1671 432 1712 489 Α
1747 428 2013 481 ecntiores
2042 418 2358 482 sententiam
2385 427 2530 481 illam
2554 431 2722 484 sancti
2753 430 3031 500 Augustini
3056 420 3347 503 rejiciunt,

99 523 227 578 pent.
275 505 478 561 Scimus
539 507 877 563 Hormisdam
938 523 966 563 a
1022 510 1342 566 Possessore
1389 512 1641 567 Africano

96 602 323 670 ερίεοονο
344 599 725 669 interrogatum
751 599 875 671 quid
906 604 1243 659 sentiendum
1270 605 1475 660 l'oretin
1499 620 1641 675 qua:-

97 692 334 746 stionibus
361 691 427 747 de
462 694 630 761 gratia
664 705 718 748 et
749 695 918 749 libero
958 696 1205 763 arbitrio,
1258 698 1639 774 respondisse:

100 805 114 837 t
149 786 212 839 De
235 783 393 853 gratia
424 783 513 838 Dei
545 792 598 837 et
629 786 803 840 libero
843 786 1067 841 arbitrio
1096 788 1219 857 quid
1253 786 1516 853 Romana,
1545 780 1659 843 hoc

96 887 164 929 est
185 874 451 938 catholica,
483 886 734 944 sequatur
760 887 811 929 et
835 890 1106 933 asseveret
1139 878 1405 943 Ecclesia,
1435 879 1557 933 licet
1592 880 1643 933 in

98 966 238 1017 variis
269 964 321 1018 li.
349 964 629 1033 Augustini
664 965 812 1020 libris
847 969 1015 1035 possit
1048 972 1321 1037 cognosci,
1356 987 1373 1020 ι
1410 978 1513 1023 etc.
1540 968 1648 1025 Sci-

94 1070 196 1109 mus
236 1054 575 1119 Uonifacium,
616 1071 736 1111 cum
786 1066 931 1113 esset
974 1059 1343 1125 doctissimus,
1392 1061 1647 1114 adversus

96 1158 249 1201 tamen
298 1146 608 1213 Pelagianos
662 1147 940 1215 Augustini
981 1163 1241 1218 reaponsa
1281 1159 1646 1217 exspectasse.

94 1236 282 1289 Scimus
312 1235 640 1291 Clementem
678 1236 783 1290 Vlll
827 1238 1215 1308 gravissimam
1242 1239 1386 1292 illam
1412 1240 1479 1293 de
1500 1239 1655 1291 auxi~

90 1326 163 1378 liis
186 1326 373 1379 divinae
396 1329 1039 1397 gratizevcontrovcrsiam
1071 1332 1135 1383 ad
1176 1332 1335 1384 unius
1370 1331 1647 1399 Augustini

90 1429 301 1473 nn-ntem
332 1422 736 1488 expendendam
759 1423 1004 1488 jussisse.
1044 1422 1210 1476 Porro
1238 1438 1354 1490 qum
1387 1422 1650 1475 Romano-

88 1525 188 1563 rum
221 1512 504 1580 prmsulum
536 1512 586 1566 in
640 1512 871 1567 ﬁdelium
920 1530 1081 1583 grege
1110 1515 1412 1569 salubribus
1442 1514 1651 1584 pabulis

84 1600 356 1654 nutriendo
382 1614 509 1654 cura
547 1601 757 1667 fuisset,
793 1603 837 1655 si
882 1604 1130 1657 eumdem
1167 1604 1231 1657 ad
1263 1605 1646 1671 AnguStiniaua

85 1698 222 1757 prata
267 1691 562 1757 duxissent,
614 1693 701 1745 ubi
735 1701 810 1746 tot
853 1692 1110 1747 lethilerte
1139 1695 1641 1760 contradictionum,

1748 517 2065 586 objicientes
2116 533 2236 572 cum
2281 518 2539 572 Morainio
2569 519 2710 590 disp.
2755 523 2840 586 13,
2874 538 3021 577 num.
3046 525 3136 589 87,
3163 543 3330 580 exces-

1747 612 1872 663 sisse
1911 611 2055 663 illum
2102 620 2227 664 (ratu
2275 611 2669 679 disputationis,
2723 626 2770 665 et
2816 614 2868 667 in
2908 617 3083 668 odium
3128 620 3332 671 heresis

1747 715 1900 766 quam
1944 700 2300 770 impugnabat,
2354 702 2612 756 interdum
2658 703 2728 756 ad
2767 716 2989 758 extrema
3026 707 3329 765 declinasse.

1750 791 1857 847 Sed
1888 801 2032 845 errat
2057 792 2348 856 Moraines,
2378 808 2439 847 ac
2467 794 2849 863 simpliciurum
2878 797 3171 866 ignorantia
3202 800 3333 854 abu-

1750 886 1898 948 titur,
1940 883 2065 937 dtun
2106 884 2384 939 contendit
2428 888 2779 953 Augustinum
2824 888 3094 944 interdum
3124 892 3191 945 ad
3240 896 3337 946 ex;

1752 983 1915 1029 trema
1941 976 2239 1031 declinasse
2262 978 2313 1030 in
2335 992 2396 1031 ea
2426 980 2689 1033 sententia
2717 996 2874 1048 quam
2904 983 3100 1048 passim
3127 990 3182 1037 et
3210 984 3351 1038 ubio'

1750 1080 1853 1134 que
1895 1064 2219 1122 solidissime
2264 1082 2326 1122 ac
2372 1070 2803 1126 constantissime
2852 1072 3102 1128 inculcat.
3148 1075 3238 1129 llla
3266 1076 3334 1131 de

1751 1159 2183 1227 toncnpiscentia
2221 1162 2449 1229 quaestio
2494 1172 2608 1217 erat
2636 1180 2738 1218 una
2789 1181 2850 1219 ex
2875 1170 3111 1236 quinque
3147 1173 3334 1237 przeci-

1751 1254 1871 1319 pnis
1893 1266 2025 1321 quas
2051 1263 2266 1307 sanctus
2298 1256 2625 1323 Augustinus
2648 1240 2767 1312 cum
2801 1260 3099 1330 Pelagianis
3125 1248 3331 1328 habuit,

1753 1345 1890 1398 unde
1913 1360 2033 1401 cum
2063 1347 2306 1401 Julianus
2353 1347 2559 1404 diceret
2586 1368 2599 1403 :
2632 1370 2649 1403 ι
2681 1353 3141 1425 Concupiscentite
3187 1367 3332 1410 natu-

1750 1434 1876 1487 ralis
1905 1435 1994 1504 qui
2027 1437 2240 1490 modum
2268 1448 2429 1497 tenet.
2453 1456 2587 1495 coxo
2610 1442 2744 1498 bene
2773 1445 2973 1511 utitur;
3003 1446 3091 1513 qui
3116 1447 3332 1501 modum

1749 1532 1855 1576 non
1890 1524 2216 1589 tenet,noao
2243 1528 2382 1581 male
2405 1530 2607 1596 utitur;
2639 1533 2728 1602 qui
2756 1546 2934 1590 autem
2964 1537 3125 1591 etiam
3158 1538 3333 1606 ipsum

1750 1614 1967 1669 modum
1991 1629 2192 1672 sanctte
2218 1620 2537 1689 virginitatis
2564 1639 2748 1679 amore
2770 1630 3173 1696 contempserit,
3200 1644 3336 1684 cono

1752 1705 1943 1760 melius
1971 1718 2075 1761 non
2104 1709 2300 1773 utitur;
2334 1729 2353 1763 ι
2386 1713 2570 1781 Augus
2598 1714 2718 1768 inus
2747 1730 2777 1770 e
2805 1725 2989 1771 contra
3032 1718 3146 1771 luce
3174 1728 3352 1785 repo-'

83 1797 378 1836 exeessuum
406 1792 561 1850 atque
591 1799 834 1837 errorum
880 1785 1061 1839 herbae
1091 1786 1472 1841 luxui-labant?
1504 1790 1568 1840 At
1598 1788 1641 1841 si

1752 1798 1831 1851 nit
1860 1799 1953 1853 lib.
1990 1816 2045 1854 ιιι
2070 1810 2257 1856 contra
2286 1802 2577 1869 lulianum,
2619 1822 2736 1875 cap.
2766 1808 2827 1862 2|
2860 1826 2874 1861 :
2912 1828 2930 1860 ι
2965 1811 3072 1880 Ego
3101 1827 3230 1866 vero
3259 1814 3337 1865 sic

85 1873 128 1926 in
156 1872 593 1939 disputationibus
618 1874 686 1927 de
707 1874 873 1942 gratia
900 1875 1124 1928 Romani
1156 1877 1436 1945 pontiﬁces
1466 1876 1649 1946 Augu-

85 1964 263 2017 stinum
295 1965 461 2019 secuti
495 1976 639 2029 sunt,
686 1967 908 2035 ejusque
939 1977 991 2021 et
1025 1969 1174 2021 lateri
1206 1976 1260 2023 et
1281 1968 1521 2037 vestigiis
1561 1969 1647 2023 in-

88 2056 295 2122 hazsere,
332 2058 513 2111 nescio
542 2072 644 2128 qua
676 2058 851 2113 fronte
899 2060 1134 2115 Adamus
1182 2060 1409 2115 mediam
1454 2075 1646 2129 quam-

86 2145 191 2198 dam
219 2145 358 2215 ipsos
386 2147 528 2201 viam
569 2147 710 2201 inter
739 2148 1009 2219 Pelagium
1059 2158 1115 2205 et
1155 2150 1507 2218 Augustinum
1540 2151 1648 2204 cal-

86 2250 218 2291 casse
244 2247 515 2293 asseveret
535 2239 845 2293 exclamans
873 2255 885 2292 :
913 2238 1151 2293 Medium
1176 2255 1298 2310 ergo
1321 2256 1437 2293 cum
1468 2238 1648 2294 Eccle—

86 2329 150 2380 n'a
174 2338 328 2383 teneo.
367 2327 515 2384 Scito
546 2329 842 2384 Ecclesiam
896 2332 949 2384 in
980 2331 1046 2385 iis
1084 2346 1248 2386 unum
1280 2340 1401 2400 po~t
1431 2340 1645 2386 sanctas

88 2415 373 2485 Scripturas
398 2418 752 2488 Augustinum
777 2430 1016 2475 secutam
1041 2435 1181 2488 esse,
1215 2430 1274 2476 ut
1313 2422 1547 2477 medium
1578 2422 1645 2477 il-

88 2507 158 2560 lud
185 2509 301 2571 iter,
333 2510 473 2575 quod
517 2512 660 2565 illam
693 2512 930 2566 tenuisse
973 2513 1147 2582 lingis,
1184 2513 1251 2569 de
1282 2515 1456 2568 metlio
1483 2515 1647 2569 dubio

89 2599 242 2662 procul
277 2600 572 2655 tollendum
602 2601 870 2655 videatur.

91 2686 110 2756 ἐ
133 2687 183 2741 ll.
213 2689 291 2742 An
314 2702 520 2743 sanctus
552 2691 871 2758 Augustinus
890 2694 1183 2758 excesserit,
1210 2692 1436 2746 scribens
1463 2708 1650 2745 concuo

141 2763 433 2826 piscantium
474 2761 662 2813 rationi
694 2763 1005 2814 contrarium
1031 2779 1137 2815 esse
1182 2764 1390 2825 malum,
1423 2777 1468 2815 et
1511 2762 1653 2831 άεῙε-

141 2841 267 2901 Clttnt
316 2838 521 2883 natura
552 2831 790 2901 huntana:
818 2847 880 2883 ea:
908 2843 1114 2899 peccato
1161 2834 1404 2901 originali
1455 2842 1644 2898 ortum,

142 2899 426 2967 neutiquam
453 2915 569 2952 vero
586 2899 787 2964 tonum
810 2902 1048 2954 naturale
1073 2901 1234 2956 illius.

153 2989 306 3043 Unius
333 2990 590 3043 Antonini
615 2990 880 3045 Moraines
908 2991 1049 3045 dicta
1080 2993 1530 3057 examinabimus,
1557 2992 1646 3060 qui

91 3075 133 3129 in
168 3091 258 3132 suo
288 3079 693 3135 Anti-Jausenio
744 3082 1049 3151 frequenter
1092 3091 1338 3137 sanctum
1371 3082 1644 3138 doctorem

1752 1888 1815 1941 ad
1841 1896 1927 1942 tua
1962 1890 2059 1943 ista
2103 1895 2446 1962 respondeo:
2475 1896 2939 1965 Concupiscentize
2980 1902 3209 1956 carnalis
3241 1905 3347 1971 qui”

1751 1978 1970 2033 modum
2000 1990 2163 2049 tenet,
2189 1998 2330 2039 uano
2359 1985 2495 2041 bene
2526 1986 2725 2054 utitur;
2755 1990 2843 2059 qui
2870 1992 3085 2047 modum
3116 2007 3220 2047 non
3253 1998 3349 2049 te!

1752 2082 1862 2140 net,
1908 2090 2051 2129 uno
2083 2078 2221 2132 male
2252 2079 2449 2145 utitur;
2482 2080 2569 2149 qui
2610 2092 2785 2137 autem
2817 2087 2976 2138 etiam
3018 2085 3189 2153 ipsum
3224 2101 3337 2140 mo-

1750 2163 1876 2218 dum
1916 2176 2119 2221 sancta:
2165 2169 2490 2237 virginitatis
2534 2186 2719 2227 amore
2767 2176 3167 2243 contempserit,
3195 2192 3339 2231 meo

1750 2257 1945 2312 melius
1982 2272 2087 2312 non
2123 2259 2309 2313 utitur.
2346 2280 2363 2313 ι
2416 2259 2541 2316 Inde
2581 2263 2754 2317 veluti
2790 2280 2979 2333 pugna:
3011 2267 3164 2334 signo
3211 2268 3338 2321 datu

1748 2348 1944 2401 clamat
1972 2365 1986 2402 :
2018 2366 2037 2401 ε
2085 2348 2142 2404 In
2189 2352 2287 2404 hac
2314 2353 2682 2407 controversia
2714 2355 2782 2408 de
2808 2356 2944 2410 bene
2998 2358 3195 2411 utendo
3231 2360 3345 2414 isto

1751 2454 1930 2493 urnuu
1954 2455 2110 2508 aeuo,
2136 2458 2205 2496 an
2226 2458 2389 2508 tum,
2417 2452 2522 2498 tota
2556 2444 2695 2500 inter
2713 2459 2809 2501 nos
2827 2461 2985 2501 causa
3009 2458 3280 2504 versatur.
3310 2469 3345 2502 »-

1752 2531 1815 2585 Et
1844 2533 2060 2599 quidem
2092 2534 2335 2588 Julianus
2366 2536 2501 2589 adeo
2529 2538 2729 2591 acriter
2760 2552 2857 2605 pro
2897 2540 3333 2607 concupiscentia

1753 2634 2001 2693 tanquam
2053 2628 2279 2681 naturali
2322 2629 2649 2695 perfectione
2696 2631 3018 2696 decertavit,
3052 2643 3110 2685 ut
3141 2633 3191 2687 id
3236 2642 3342 2687 toto

1753 2715 1906 2778 libro,
1936 2716 2073 2769 te'ste
2104 2717 2300 2770 ibidem
2344 2719 2663 2787 Augustino,
2694 2730 2978 2775 exsecutus
3024 2722 3200 2776 fuerit.
3233 2722 3342 2791 Op-

1754 2814 1962 2874 ponunt
1996 2821 2058 2860 ea
2095 2807 2145 2859 in
2170 2807 2422 2872 opinione
2448 2817 2690 2862 sanctum
2713 2809 2985 2864 doctorem
3009 2811 3342 2878 excessisse;

1752 2903 1809 2949 at
1854 2898 2231 2953 contendimus
2264 2898 2407 2953 i.lam
2456 2902 2775 2955 sententiam
2808 2916 2913 2955 non
2962 2902 3228 2959 excidisse
3258 2906 3337 2960 ei-

1752 2987 1874 3043 dem
1907 2990 2058 3057 quasi
2091 2990 2233 3043 aliud
2265 2992 2465 3060 agenti,
2499 2993 2591 3047 sed
2624 2995 2751 3047 totis
2776 2995 2981 3049 viribus
3011 3006 3196 3051 contra
3228 2998 3343 3053 ha:-'

1752 3080 1952 3136 reticos
1984 3082 2225 3135 eamdem
2250 3081 2392 3136 serio
2416 3097 2476 3136 ac
2508 3083 2754 3138 consulto
2774 3088 3154 3156 prepugnanti.
3181 3090 3337 3155 Quod

90 3184 311 3228 excessus
353 3173 650 3229 insimulat.
696 3173 791 3228 Est
836 3184 1015 3229 autem
1065 3174 1206 3230 illius
1249 3175 1370 3229 libri
1417 3176 1648 3243 scriptor
1677 3163 1721 3225 C
1752 3172 1795 3225 si
1835 3172 2163 3242 Augustinus
2207 3173 2465 3239 excessit,
2511 3175 2698 3229 eodem
2745 3175 2874 3229 vitio
2921 3177 3135 3248 antiqua
3180 3182 3341 3235 etiam

90 3260 290 3319 Joannes
317 3265 674 3329 Martinonus,
699 3274 757 3318 ut
780 3265 911 3319 mihi
944 3272 1168 3320 testatus
1192 3277 1276 3320 est
1306 3265 1368 3319 P.
1402 3265 1645 3335 Macedo,

90 3372 176 3424 quo
198 3362 559 3415 eruditissimo
585 3364 700 3415 viro
725 3362 808 3415 hic
830 3361 1037 3415 Patavii
1062 3360 1478 3416 familiarissime
1501 3369 1642 3427 utor,

90 3429 217 3516 isque
243 3450 473 3505 vicissim
528 3449 784 3519 singulari
816 3465 901 3504 Ille
930 3450 1303 3506 benevolentia
1332 3450 1647 3520 complecti-

90 3548 176 3605 tur,
204 3544 285 3612 qui
312 3542 471 3599 etiam
507 3543 641 3597 mihi
669 3552 856 3597 auctor
880 3543 1057 3597 fuitut
1085 3556 1194 3597 tum
1227 3544 1515 3598 Historiam
1550 3543 1648 3597 Pe-

90 3627 341 3700 lagianam,
370 3644 478 3688 tum
510 3634 679 3689 basce
709 3633 981 3689 Vindicius
1008 3633 1648 3703 evulgarem;decreve—

92 3731 181 3773 ram
208 3725 342 3778 enim
373 3726 546 3779 instar
587 3725 1016 3793 Aspendii‘intus
1039 3725 1168 3778 mihi
1209 3739 1406 3781 canere
1435 3734 1490 3780 et
1524 3741 1644 3780 mue

92 3810 172 3876 sis,
198 3829 287 3869 nec
319 3817 512 3885 publici
543 3815 734 3886 judicii
765 3818 1059 3886 periculum
1088 3818 1292 3874 subire.
1324 3818 1392 3873 Et
1431 3819 1645 3888 quidem

94 3899 371 3961 lioraiuium
396 3923 521 3963 esse
553 3907 913 3962 Martinunum
964 3909 1103 3964 idem
1137 3910 1382 3965 laudatus
1421 3912 1653 3981 scriptor

92 3995 347 4059 vublicavit
372 4004 422 4056 in
461 4017 637 4057 aureo
664 4001 864 4070 scripto
891 4002 953 4056 D.
985 4004 1287 4071 Augustini,
1323 4018 1441 4072 cap.
1486 4003 1573 4069 15,
1599 4015 1655 4058 et

94 4096 144 4139 ex
171 4104 565 4161 auagrarnmate
607 4094 712 4148 ﬁcti
740 4096 971 4147 nominis
999 4108 1162 4161 patet.
1195 4095 1311 4149 Non
1338 4105 1422 4150 est
1447 4096 1530 4149 hic
1550 4098 1654 4149 anf-

92 4189 192 4231 mus
220 4186 589 4252 operosiorem
644 4201 741 4254 pro
798 4187 1096 4254 Augustino
1144 4186 1445 4255 apologiam
1501 4188 1654 4240 insti-

95 4275 252 4336 tuere;
301 4276 626 4343 compendio
673 4277 842 4329 sancti
892 4276 1064 4329 Patris
1108 4289 1268 4329 causa
1310 4276 1651 4340 tractabitur,

94 4372 192 4416 cum
220 4370 566 4425 ostendemus
590 4384 650 4422 ea
686 4371 800 4438 ipsa
823 4368 1070 4437 dogmata
1104 4370 1155 4421 in
1183 4368 1376 4435 quibus
1405 4371 1652 4439 Augusti-

97 4465 178 4506 nus
202 4462 494 4517 excessisse
541 4461 764 4528 dicitur,
817 4461 984 4516 luisse
1034 4461 1288 4515 Romanis
1317 4457 1655 4527 pontiﬁcibus

1752 3263 1992 3318 Ecclesia
2043 3264 2325 3330 laboravit,
2372 3280 2490 3335 qua:
2534 3269 2809 3323 recitatam
2851 3273 3173 3326 sententiam
3218 3278 3342 3328 ante

1750 3355 2105 3426 Augustinum
2128 3365 2330 3411 etcum
2377 3360 2673 3428 Augustino
2713 3372 2894 3415 secuta
2925 3373 3030 3426 est,
3063 3363 3203 3432 quod
3235 3366 3335 3419 ad-

1752 3449 1973 3502 versarii
2006 3462 2035 3501 a
2070 3448 2222 3502 nobis
2253 3450 2479 3503 docendi
2538 3461 2682 3511 sunt.
2724 3454 3156 3521 quandoquidem
3206 3456 3338 3512 illud

1752 3536 2016 3601 ignorant.
2051 3539 2134 3592 vel
2165 3540 2353 3592 saltem
2384 3540 2744 3593 dissimulant.
2794 3544 3143 3611 Augustinus,
3179 3544 3272 3598 lib.
3306 3558 3338 3599 ν

1754 3637 1942 3683 contra
1970 3626 2264 3694 Iulianum,
2297 3641 2418 3696 cap.
2444 3627 2533 3692 1‘2,
2564 3630 2614 3683 in
2649 3630 2773 3698 ﬁne,
2807 3631 3045 3700 quinque
3090 3634 3343 3699 quaestios

1753 3735 1850 3776 nes
1873 3720 2124 3790 proponit
2145 3719 2212 3775 de
2234 3721 2691 3789 concupiscentia,
2729 3737 2861 3792 quas
2890 3739 3009 3778 cum
3045 3726 3344 3796 Pelagianis

1757 3812 2027 3867 habebat:
2054 3812 2243 3866 barum
2277 3813 2432 3867 tertia
2462 3814 2560 3867 ista
2588 3824 2671 3868 est
2701 3831 2715 3867 :
2750 3834 2768 3866 ι
2796 3815 2981 3871 Utrum
3010 3818 3205 3872 malum
3235 3834 3344 3875 non
3402 3880 3405 3887 λ

1754 3903 1843 3966 sit,
1895 3905 1984 3957 cui
2028 3904 2345 3973 repugnanti
2402 3906 2848 3960 consentiendum
2890 3922 2996 3963 non
3045 3920 3146 3973 est,
3179 3925 3247 3966 ne
3292 3912 3345 3966 in

1756 4009 1911 4048 suum
1961 4003 2148 4065 pergat
2202 4009 2506 4050 excessum.
2541 4014 2560 4048 ι
2620 3996 2938 4068 Additisque
2978 3998 3185 4054 duabus
3226 4002 3346 4057 aliis

1756 4089 2167 4158 quaestionibus,
2193 4089 2264 4144 ait
2291 4108 2303 4142 :
2328 4107 2349 4140 ε
2396 4090 2508 4145 Hoc
2537 4092 2677 4145 inter
2706 4104 2803 4146 nos
2832 4091 3137 4148 disseritur.
3172 4092 3227 4148 In
3262 4096 3347 4150 bis

1754 4186 2148 4251 quaestionibus
2180 4186 2443 4241 catholica
2469 4186 2695 4242 veritate
2725 4187 3017 4256 antiquitus
3041 4188 3235 4242 tradita
3266 4190 3345 4243 ve-

1753 4284 1865 4330 stra
1897 4276 2061 4346 impia
2091 4279 2300 4331 novitas
2328 4278 2639 4333 suﬁ‘ocatur.
2674 4297 2692 4330 ι
2730 4279 2898 4334 Porro
2926 4294 3027 4350 qua
3052 4272 3347 4346 reprelien-

1756 4371 1911 4426 sione
1939 4371 2135 4441 dignus
2162 4380 2305 4426 esset
2332 4370 2679 4441 Augustinus,
2706 4373 2749 4427 si
2778 4374 3056 4442 opiniones
3085 4370 3264 4430 falsas.
3293 4380 3347 4426 et

1759 4463 1811 4515 in
1844 4478 1976 4530 quas
2006 4478 2070 4517 ex
2127 4462 2507 4530 disputationis
2540 4446 2729 4517 lurore
2763 4478 3001 4531 prtcceps
3052 4469 3205 4513 actus
3237 4460 3347 4512 lue-

96 4554 145 4592 ac
167 4541 364 4602 Patrum
394 4551 627 4622 synodis
656 4523 897 4618 probata.
933 4551 1145 4604 Asserit
1174 4552 1494 4619 Augustinus
1519 4565 1648 4605 con~
1688 4523 1733 4581 ί)
1761 4561 1864 4617 rat,
1911 4569 2009 4623 pro
2064 4553 2329 4607 catholica
2388 4553 2615 4607 veritate
2669 4553 3032 4621 publicasset?
3084 4549 3346 4604 Audiatur

98 4636 448 4701 cupiscentiam
476 4658 602 4696 esse
640 4657 736 4710 per
766 4657 824 4695 se
852 4643 1065 4705 malam,
1097 4651 1154 4697 et
1183 4629 1368 4696 vili-um
1400 4644 1647 4697 humanm

100 4730 270 4782 natura:
296 4745 362 4784 ex
391 4737 570 4801 primo
603 4742 819 4798 peccato
858 4734 1176 4801 derivatum,
1211 4750 1309 4788 nec
1338 4736 1482 4787 illam
1529 4750 1650 4789 esse

99 4819 362 4877 passionem
409 4825 712 4879 naturalem
768 4826 1025 4891 hominis,
1076 4828 1235 4894 idque
1277 4829 1439 4881 variis
1494 4828 1651 4897 argué

102 4915 263 4968 mentis
293 4917 342 4970 in
374 4919 527 4974 libris
553 4919 756 4972 ultimis
776 4931 1007 4987 quatuor
1040 4921 1236 4987 prioris
1274 4930 1457 4974 contra
1485 4921 1649 4975 Julia-

102 5012 202 5056 num
230 5011 399 5075 operis
421 5011 776 5066 demonstrat.
803 5013 1047 5066 Attamen
1078 5020 1296 5067 sanctus
1326 5012 1514 5065 doctor
1544 5028 1649 5066 non

102 5092 426 5153 arbitrabatur
468 5100 962 5169 concupiscentiam
1025 5116 1145 5156 esse
1192 5110 1467 5170 peccatum
1496 5143 1512 5168 ,
1552 5102 1648 5156 sed

104 5194 198 5238 esse
221 5190 375 5245 veluti
409 5194 651 5247 habitum
678 5193 923 5247 vitiosum
953 5193 1017 5247 ad
1047 5195 1242 5247 malum
1275 5194 1644 5251 inclinantem.

108 5270 139 5322 Ε
183 5290 350 5335 contra
400 5282 671 5354 Pelagiani
714 5284 1113 5339 contendebant
1160 5286 1647 5349 concupiscentiam

106 5376 203 5421 esse
231 5374 629 5441 perfectionem,
662 5391 724 5431 ac
754 5376 947 5430 bonum
997 5377 1236 5431 naturale
1267 5378 1330 5431 ad
1376 5377 1648 5431 hominum

109 5464 507 5530 Pmltagaliuncm
555 5466 724 5530 primo
754 5466 957 5533 parenti
1003 5466 1247 5529 inditum,
1282 5468 1422 5523 unde
1454 5482 1548 5536 per
1580 5469 1650 5521 ir-

106 5545 326 5607 risionem
352 5559 783 5627 concupiscentia
810 5558 877 5612 ab
904 5559 1224 5627 Augustino,
1255 5558 1351 5612 lib.
1382 5574 1435 5613 ιγ
1463 5569 1647 5613 contra

106 5630 360 5709 lulianum,
388 5662 509 5717 cap.
540 5648 626 5715 ll,
646 5651 923 5705 dicebatur
950 5650 1355 5719 Pelagianorum
1387 5662 1644 5720 suscepta,

106 5737 149 5781 εί
174 5731 249 5789 lib.
279 5754 327 5802 v,
356 5753 473 5810 cap.
504 5743 562 5808 5,
591 5744 900 5800 eorumdetn
924 5744 1265 5810 pulcherrima
1294 5745 1505 5815 famula.
1544 5745 1643 5798 lle-

1755 4641 1954 4698 Suarez
1979 4687 1993 4711 ,
2047 4642 2339 4713 prolegom.
2373 4644 2406 4696 6
2434 4642 2499 4696 de
2529 4643 2730 4706 Gratia,
2774 4657 2893 4724 cap.
2927 4639 2997 4691 6:
3030 4658 3045 4687 ‹
3083 4638 3342 4700 Ulterius,

1754 4737 1948 4807 inquit,
1980 4737 2225 4791 addimus
2254 4737 2505 4807 quidquid
2561 4739 2610 4790 in
2645 4736 2742 4788 hac
2766 4732 2987 4786 materia
3018 4730 3347 4799 Augustinus

1754 4836 1818 4881 ut
1846 4837 2050 4883 certum
2074 4829 2325 4893 afﬁrmat,
2357 4838 2413 4881 et
2442 4829 2506 4881 ad
2544 4827 2793 4895 dogmata
2842 4822 2967 4877 ﬁdei
2994 4825 3281 4889 pertinere,
3315 4836 3345 4877 λ

1756 4918 1995 4987 quolibet
2022 4919 2285 4986 prudente
2308 4926 2362 4970 ct
2389 4916 2602 4970 erudito
2631 4913 2880 4982 theologo
2909 4926 3028 4966 esse
3052 4911 3343 4966 tenendum

1756 5018 1810 5061 et
1831 5007 2242 5071 defendendum,
2293 5005 2503 5059 etiamsi
2553 5019 2659 5056 non
2708 5010 2859 5058 certo
2900 5009 3249 5057 constetesse
3279 5003 3349 5060 ab

1756 5102 1996 5157 Ecclesia
2022 5100 2322 5163 deﬁnitum,
2360 5110 2467 5152 tum
2501 5099 2622 5167 quia
2646 5112 2767 5152 cum
2793 5098 3033 5154 Ecclesia
3054 5106 3264 5152 tantum
3289 5098 3341 5151 in

1755 5194 1854 5249 hac
1883 5192 2105 5247 materia
2154 5190 2408 5246 detulerit
2441 5193 2761 5260 Augustino,
2808 5202 2864 5245 ut
2894 5190 3012 5260 ejus
3040 5178 3341 5244 doctrinam

1754 5285 1808 5339 in
1834 5283 2155 5338 damnandis
2188 5282 2461 5337 erroribus
2502 5281 2685 5351 gratiae
2717 5283 2808 5336 Dei
2838 5281 3127 5336 contrariis
3156 5287 3339 5331 secuta

1756 5374 1938 5439 fuerit,
1973 5391 2163 5446 magna
2216 5383 2361 5452 esset
2410 5374 2688 5429 temeritas
2730 5374 2918 5441 privati
2964 5368 3220 5433 doctoris,
3253 5366 3342 5433 qui

1758 5468 2053 5535 Augustino
2109 5465 2308 5535 aliquid
2358 5465 2427 5521 de
2480 5467 2651 5535 gratia
2710 5464 2800 5517 Dei
2853 5473 3102 5529 tanquam
3160 5458 3343 5510 01⁸11)οε

1752 5544 1955 5613 doxum'
1972 5558 2181 5613 docenti
2212 5557 2584 5613 contradicere
2613 5554 2856 5618 auderet,
2888 5550 3189 5619 prtesertim
3215 5563 3337 5611 cum

1754 5660 1833 5706 tot
1872 5651 2050 5713 annis,
2083 5657 2230 5703 tanta
2280 5649 2565 5717 sapientia,
2599 5655 2746 5701 tanto
2771 5642 3012 5715 ingenio,
3044 5650 3189 5696 tanta
3220 5637 3342 5695 dili-

1751 5742 1925 5813 gentia
1957 5751 2010 5797 ct
2042 5742 2318 5809 instantia,
2354 5749 2429 5807 et,
2451 5739 2591 5811 quod
2616 5744 2799 5809 caput,
2831 5742 2908 5791 tot
2936 5733 3091 5789 donis
3115 5741 3168 5791 ct
3197 5735 3340 5793 ausi-
