3892 6296
521 290 629 347 603

1420 284 1980 345 SUPPLEMENTUM
2020 282 2111 339 AD
2152 279 2381 337 OPERA
2420 280 2478 339 S.
2524 280 2917 339 AUCUSTINI.

3696 280 3796 339 604

518 410 604 464 liis
628 404 882 477 prteditus
922 418 1018 474 pro
1048 404 1231 459 divina
1274 403 1446 472 gratia
1481 403 1675 457 tuenda
1707 411 1761 456 et
1791 399 2106 469 explicanda
2140 411 2185 466 Α
2216 408 2294 449 ira
2347 394 2656 465 Pelagianos
2705 392 3172 459 concupiscentiam
3227 406 3336 446 esse
3390 392 3601 446 malum.
3646 392 3792 461 Quod

518 500 861 555 laboraverit.
896 517 914 550 ι
942 499 1076 553 Cum
1109 496 1302 563 Suario
1329 496 1494 549 sentit
1520 493 1807 548 cardiualis
1835 489 2108 546 Dellarnii-

520 609 641 659 nus,
686 594 780 646 lib.
838 609 869 645 ιι
913 595 980 646 de
1033 570 1216 655 Gratia
1272 598 1327 643 et
1356 589 1527 642 libero
1573 588 1817 649 arbitrio,
1849 600 1971 652 cap.
1999 586 2106 638 11:

525 686 693 755 (Non
739 694 940 752 posset,
990 681 1185 749 inquit,
1238 682 1379 735 idem
1410 682 1757 749 Augustinus
1809 678 1878 731 ab
1909 678 2107 745 ingenti

522 777 825 833 temeritate
855 775 1091 837 defendi,
1127 773 1322 841 quippe
1352 772 1445 841 qui
1488 787 1593 826 non
1623 771 1794 825 solum
1836 780 1942 823 tam
1971 770 2121 829 acris

527 880 609 924 ter
640 883 735 937 pro
770 868 1002 921 falsitate
1038 874 1328 931 ~certasset,
1376 864 1471 919 sed
1521 863 1681 917 etiam
1728 878 1846 917 eam
1877 878 1972 932 pro
2003 862 2107 917 lide

523 960 794 1024 catholica
826 958 1103 1012 venditare
1130 972 1293 1009 ausus
1316 970 1482 1011 esset.
1506 973 1523 1007 ι
1554 955 1677 1009 [late
1701 955 1799 1010 illi.

595 1050 743 1102 lianc
781 1048 953 1101 sancti
998 1048 1171 1102 Patris
1204 1047 1271 1101 de
1309 1047 1742 1115 concupiscentia
1787 1045 2108 1100 sententiam

523 1139 770 1208 ejusdem
803 1138 1049 1208 discipuli
1078 1139 1248 1205 secuti
1273 1148 1415 1192 sunt.
1441 1140 1669 1192 Sanctus
1702 1136 2029 1205 Fulgentius,
2058 1137 2109 1189 in

526 1231 759 1300 epistola
790 1231 857 1285 de
887 1232 1034 1285 Bono
1056 1230 1343 1299 conjugali,
1378 1246 1501 1299 cap.
1535 1230 1587 1292 5,
1618 1228 1842 1283 scribit:
1882 1247 1898 1277 ι
1927 1227 1981 1280 1η
2009 1226 2110 1281 illis

522 1336 716 1387 nempe
734 1321 907 1387 bouis,
938 1336 1056 1389 qute
1082 1321 1208 1374 fecit
1235 1320 1393 1382 Deus,
1421 1320 1695 1373 invenitur
1720 1330 1865 1372 casm
1891 1317 2111 1383 copula-

524 1412 598 1464 tio
628 1412 808 1465 uxoris
832 1422 886 1465 et
919 1412 1039 1477 viri,
1076 1412 1127 1465 in
1157 1412 1351 1480 quibus
1383 1412 1475 1464 Dei
1512 1410 1766 1481 operibus
1812 1408 1978 1462 libido
2004 1424 2121 1473 non,

528 1514 706 1572 potest
735 1503 986 1567 inveniri,
1020 1520 1120 1558 nec
1145 1504 1431 1573 aliquando
1455 1504 1677 1573 justitize
1702 1502 1967 1570 congruit,
1993 1517 2114 1571 quze

526 1613 629 1649 non
665 1596 967 1667 hominibus
988 1612 1053 1665 ex
1079 1598 1224 1667 doiuo
1253 1598 1600 1662 conditionis,
1629 1598 1723 1652 sed
1748 1595 2115 1664 peccatoribus

524 1706 589 1743 ex
615 1689 742 1743 vitio
774 1690 964 1759 prima:
1025 1689 1481 1759 prmvarieationis
1528 1690 1777 1743 accessit.
1820 1709 1838 1741 ι
1888 1688 2116 1741 Sanctus

526 1781 779 1851 Prosper,
807 1796 898 1834 seu
933 1783 1206 1852 Potuerius
1236 1782 1328 1857 lib.
1358 1797 1413 1835 Ill
1437 1782 1502 1835 de
1526 1780 1643 1847 Vita
1671 1779 2110 1846 euntetnplativa,
2149 1794 2192 1853 Β

525 1888 646 1941 cap.
678 1872 712 1923 2
736 1889 748 1925 :
771 1890 789 1922 ι
838 1873 963 1937 l‘iis,
994 1871 1185 1943 inquit,
1213 1872 1497 1940 eiulatibus
1537 1871 1733 1924 nostris
1763 1868 1965 1924 resistit
1996 1872 2122 1935 ipsa,

526 1962 962 2029 concupiscentia
992 1964 1200 2027 vitiasa,
1232 1978 1337 2017 non
1364 1963 1641 2027 naturalis,
1665 1961 1756 2015 sed
1786 1972 1989 2014 natura:
2017 1974 2115 2011 no-

525 2063 652 2129 stra;
687 2054 851 2107 indita
890 2054 1172 2122 poenaliter
1214 2064 1266 2123 et
1308 2053 1531 2117 inserta,
1575 2068 1696 2121 qua:
1728 2068 1791 2120 pe
1825 2060 1945 2121 cato
1978 2050 2113 2131 facta

524 2155 631 2211 est,
657 2155 717 2221 et.
745 2156 1041 2211 peccatum,
1093 2147 1135 2199 si
1160 2147 1398 2212 .jviccrit,
1427 2134 1583 2210 facit.
1610 2164 1626 2195 ι
1667 2144 1828 2209 Eavet
1858 2142 2113 2212 Augustiw

526 2238 700 2290 niauze
737 2242 1017 2291 sententia-
1051 2236 1291 2305 synodus
1333 2235 1645 2288 Tridentina
1703 2235 1753 2286 in
1785 2234 2005 2287 decreto
2048 2232 2115 2283 de

526 2339 745 2395 peccato
769 2329 1037 2397 originali,
1056 2328 1154 2397 ubi
1179 2327 1339 2379 tradit
1365 2326 1856 2394 concuIiiscentiatn
1882 2324 1949 2393 ab
1974 2324 2117 2391 Apo-

524 2418 664 2491 stulo
694 2429 966 2487 peccatum
996 2418 1341 2484 appellatalii,
1375 2419 1494 2485 quia
1526 2432 1587 2468 επ
1615 2426 1823 2485 pcccato
1845 2425 1941 2479 est,
1969 2425 2014 2467 et
2048 2415 2116 2465 ad

528 2517 791 2576 peccatum
847 2509 1078 2581 inclinat.
1136 2509 1400 2579 inclinare
1452 2520 1631 2560 autem
1671 2506 1736 2559 ad
1773 2506 1986 2573 malum
2035 2512 2117 2558 est

528 2599 804 2673 proprium
838 2588 1279 2671 habitusvitiusi,
1318 2600 1586 2653 hominem
1617 2599 1680 2651 ad
1716 2611 1878 2666 prava
1906 2612 2071 2664 semp.
2093 2612 2118 2663 ιγ

534 2693 902 2767 propellentis.
928 2692 1039 2747 Nec
1074 2692 1291 2747 defuere
1324 2692 1535 2761 plurimi
1565 2707 1629 2743 ex
1658 2690 1998 2743 scholasticis
2029 2687 2119 2757 qui

530 2784 809 2840 recitatum
848 2786 1130 2854 Augustini
1178 2770 1496 2855 sententiam
1550 2795 1767 2837 strenue
1815 2797 2119 2863 prepugnt:

534 2887 693 2934 rent:
730 2878 918 2947 Petrus
968 2878 1257 2947 Aureolos,
1305 2874 1554 2929 acerrimi
1602 2873 1801 2942 ingenii
1843 2874 1944 2938 vir,
1979 2872 2031 2925 in
2062 2872 2118 2936 ‘2,

531 2971 658 3041 d'st.
691 2968 780 3041 5t),
806 2976 908 3021 art.
937 2968 994 3031 2,
1038 2967 1261 3035 scribit;
1291 2984 1310 3015 ι
1346 2965 1649 3035 llabitual;s,
1666 2963 1890 3037 rebellio
1912 2963 2118 3031 appeti-

535 3038 888 3132 tussensitivi
914 3070 1019 3109 non
1048 3067 1130 3110 est
1162 3058 1213 3109 in
1245 3055 1400 3108 nobis
1426 3065 1610 3106 natura
1642 3053 1912 3121 appetitus
1940 3048 2118 3107 Sensi-2

2214 496 2396 555 postea
2420 486 2666 555 pluribus
2707 483 3040 554 argumentis
3067 498 3131 536 ex
3164 483 3464 552 Augustino
3503 483 3794 552 desumptis

2210 577 2563 632 demonstrat.
2613 577 2877 631 Octavum
2926 572 3300 646 argumentum
3352 574 3597 643 ejusdem
3646 592 3793 642 repe-

2213 674 2320 720 tam
2349 682 2365 722 :
2405 687 2424 718 ι
2455 668 2650 720 Malum
2680 674 2786 731 est,
2821 665 3016 735 inquit,
3060 675 3118 718 ut
3148 664 3401 728 inferiora
3432 666 3794 739 superioribus

2212 756 2567 833 reluctentur,
2600 756 2651 809 id
2676 738 2826 809 enim
2850 764 3035 809 contra
3060 754 3366 823 aequitatem
3401 765 3452 808 et
3482 764 3688 809 rectam
3720 773 3792 810 ra-

2213 847 2415 901 tionem
2446 857 2523 901 est
2556 864 2571 910 ;
2602 856 2656 900 at
2698 856 2918 916 promer
2946 845 3437 914 concupiscentiam
3462 862 3585 915 pars
3607 849 3793 903 anima.-

2213 938 2434 994 inferior
2467 941 2756 1009 superiori,
2780 939 2831 1003 id
2863 949 2965 1004 est,
2991 940 3184 1007 rationi
3203 948 3493 1010 repugnat,
3517 942 3618 1009 legi
3652 958 3793 996 men-

2213 1032 2282 1087 tis
2310 1048 2415 1086 non
2448 1042 2623 1102 paret,
2653 1032 2867 1099 Spiritui
2898 1033 3248 1093 adversatur;
3283 1032 3402 1102 quis
3432 1033 3595 1101 igitur
3622 1036 3789 1089 ambi-

2213 1134 2303 1192 gat
2332 1139 2397 1177 an
2422 1139 2483 1179 ea
2522 1126 2661 1178 mala
2684 1126 2753 1178 sit
2785 1124 3141 1194 appellanda?
3174 1145 3191 1176 ι
3223 1125 3377 1190 Quod
3410 1136 3791 1195 estargumen-

2216 1223 2324 1266 tum
2358 1215 2667 1284 Augustini,
2699 1202 2795 1269 lib.
2829 1231 2860 1269 v
2890 1224 3075 1270 contra
3104 1215 3404 1279 lulianum,
3429 1230 3547 1284 cap.
3574 1219 3627 1270 5.
3651 1218 3791 1272 Joan-
3832 1212 3839 1219 ’

2216 1319 2314 1359 nes
2357 1306 2638 1375 Bagocius,
2693 1306 2784 1359 lib.
2835 1307 2868 1360 5
2920 1306 3285 1360 Demonstrat.
3346 1308 3528 1378 dogm.
3572 1309 3794 1375 Christ,

2216 1396 2417 1464 diSput.
2450 1398 2506 1461 8,
2555 1412 2677 1465 cap.
2720 1398 2770 1461 1,
2800 1406 2934 1451 sect.
2966 1398 3021 1465 5,
3055 1400 3229 1453 sancti
3261 1401 3543 1469 Augustini
3591 1413 3789 1455 sentcn-

2218 1490 2345 1541 tiam
2388 1488 2629 1556 pluribus
2657 1489 2868 1557 probat,
2913 1500 2968 1542 et
3017 1490 3330 1546 concludit:
3368 1512 3388 1544 ι
3421 1493 3579 1546 Absit
3626 1502 3793 1544 autem

2219 1588 2276 1632 ut
2301 1581 2584 1649 quisquam
2634 1581 2930 1635 catholicus
2956 1582 3121 1636 Deum
3173 1586 3251 1639 rei
3285 1594 3392 1639 tam
3442 1585 3604 1640 fceda:
3659 1597 3713 1638 et
3740 1586 3793 1637 ad

2222 1670 2421 1724 malum
2450 1671 2756 1740 importune
2813 1673 3085 1726 incitantis
3125 1686 3399 1730 auctorem
3436 1677 3647 1743 Credat,
3689 1692 3794 1729 cuni

2221 1772 2401 1815 tamen
2451 1764 2519 1827 si_
2546 1763 2815 1818 hominem
2864 1766 3012 1817 nullo
3055 1767 3392 1834 prtecedente
3432 1778 3656 1837 peccato
3689 1784 3794 1822 cum

2220 1856 2313 1910 illo
2341 1855 2545 1924 peccati
2575 1854 2761 1909 fomite
2798 1857 3146 1923 condidisset,
3184 1867 3291 1912 tam
3320 1859 3439 1928 ejus
3469 1874 3630 1928 quam
3660 1869 3794 1911 natu-

2220 1962 2295 2000 ra:
2327 1946 2596 2011 humanm,
2624 1956 2681 2015 et
2726 1947 2963 2010 omnium
3018 1950 3342 2013 naturalium
3372 1953 3697 2019 qualitatum
3731 1952 3796 2002 fa~

2220 2037 2594 2104 collatumque
2638 2048 2826 2090 auctor
2881 2049 3025 2091 esset
3073 2040 3506 2106 existimandus!
3546 2041 3662 2107 plu
3690 2042 3798 2093 lure

2221 2115 2412 2186 eadem
2459 2132 2727 2207 sententia
2783 2147 2902 2187 cum
2937 2134 3232 2203 Augustino
3286 2135 3530 2191 cottcinit
3560 2135 3797 2190 doctissi-

2228 2238 2347 2275 mus
2376 2223 2435 2277 P.
2470 2224 2726 2289 Elisalda,
2758 2224 2851 2295 qui
2882 2241 3003 2279 cum
3032 2227 3384 2295 theologicam
3414 2228 3728 2281 cathedram
3757 2232 3799 2280 in

2221 2315 2451 2382 collegio
2485 2314 2727 2369 Romano
2783 2318 3170 2379 moderaretur,
3212 2318 3458 2372 e:.mdem
3510 2318 3799 2372 doctrinam

2226 2407 2467 2461 dictavit.
2503 2407 2637 2462 Hinc
2681 2409 2733 2473 in
2769 2408 2993 2477 publicis
3023 2410 3262 2464 thesibus
3301 2426 3329 2462 a
3365 2412 3617 2465 Patribus
3646 2411 3800 2466 socie-

2227 2501 2351 2554 tatis
2381 2516 2523 2555 anno
2568 2502 2702 2555 1658
2730 2504 2798 2556 de
2846 2519 3000 2558 ntere
3044 2504 3244 2558 mstivis
3274 2505 3422 2559 horis
3464 2510 3800 2576 propugnans

2226 2592 2609 2660 Augustiniaua
2664 2595 2930 2648 sententia
2983 2594 3067 2649 his
3120 2596 3277 2664 plane
3320 2596 3499 2651 verbis
3553 2608 3797 2669 concepta

2224 2687 2629 2756 proponebatur
2661 2704 2675 2741 :
2712 2708 2729 2739 ι
2770 2688 2892 2743 Hac
2945 2692 3401 2758 concupiscentia,
3446 2708 3557 2760 quo
3588 2694 3688 2746 sub
3715 2708 3776 2747 no

2225 2779 2371 2833 mine
2399 2780 2563 2833 undta
2610 2782 3145 2849 comprehenduntur
3176 2778 3496 2839 reducibilia
3527 2787 3594 2840 ad
3628 2802 3798 2853 unum,

2226 2862 2419 2924 natura
2451 2869 2543 2925 sua
2575 2884 2655 2928 est
2699 2874 2781 2928 vel
2828 2890 2951 2943 pars
2980 2877 3184 2946 peccati
3216 2878 3297 2932 vel
3331 2860 3559 2935 effectus
3590 2882 3797 2949 peccati.

2224 2973 2414 3041 estque
2448 2966 2497 3019 in
2536 2976 2720 3020 natura
2765 2967 2994 3021 humana
3026 2970 3234 3035 vitium,
3266 2972 3425 3040 etiam
3458 2976 3734 3042 corruptio
3758 2985 3799 3027 et

2227 3056 2530 3124 infirmitas,
2597 3071 2652 3116 et
2690 3063 3020 3130 neutiquam
3077 3065 3335 3118 naturalis
3399 3069 3718 3132 constitutio
3757 3075 3799 3122 et

535 3150 627 3202 tivi
654 3157 878 3227 tantmn.
905 3147 1018 3199 lloc
1046 3147 1163 3198 dico
1188 3159 1405 3214 prepter
1433 3145 1739 3212 Opinionem
1764 3146 2116 3213 quorumdam
2146 3170 2193 3231 η
2226 3150 2530 3218 complexio
2580 3151 2742 3206 illius.
2772 3154 3033 3220 Consistit
3082 3155 3134 3208 in
3170 3156 3350 3210 habitu
3375 3158 3613 3224 quodam
3655 3173 3799 3228 pravo

535 3240 623 3308 qui
649 3239 831 3311 dicunt
856 3238 998 3309 quod
1030 3238 1296 3306 appetitus
1329 3237 1556 3304 relictus
1588 3253 1730 3303 pune
1776 3245 1978 3311 natura:
2010 3252 2121 3289 Sua:

535 3329 712 3383 adhuc
742 3329 963 3403 hat-cret
1008 3329 1059 3382 in
1087 3326 1503 3402 sehabitualem
1552 3328 1701 3395 illam,
1745 3329 2119 3381 rebellionem.

536 3424 795 3497 Egotdico
814 3423 954 3492 quod
985 3439 1051 3477 ex
1096 3438 1154 3478 se
1199 3431 1285 3476 est
1328 3422 1642 3497 indifferens
1666 3423 1730 3474 ad
1761 3419 2118 3493 obediendum

535 3517 620 3591 vel
652 3532 757 3593 non
786 3518 1145 3593 obedicndum
1178 3518 1381 3587 rationi
1410 3533 1549 3585 ,per
1568 3518 1780 3586 aliquod
1806 3527 1991 3585 autem
2022 3516 2119 3570 ad-

535 3589 743 3681 dit-uin;
760 3624 882 3681 puta
917 3630 1008 3683 per
1031 3589 1344 3683 qualitatem
1376 3612 1698 3676 morbidum,
1730 3611 1783 3665 lit
1808 3611 2123 3666 inobcdiens

534 3707 750 3762 rationi.
794 3707 861 3760 Et
887 3708 1000 3773 lucc
1031 3690 1308 3761 ccuclusio
1339 3716 1522 3774 posset
1552 3706 1763 3774 probari
1792 3706 2124 3758 auctoritati-

535 3798 637 3855 bus
668 3810 721 3853 et
748 3802 1083 3869 rationibus;
1114 3810 1195 3863 est
1242 3801 1385 3853 enim
1428 3814 1681 3867 expressa
1714 3802 1979 3863 sententia
2016 3803 2125 3854 Au-

536 3891 757 3961 gustini.
792 3892 1105 3955 rEamdem
1144 3891 1315 3944 sancti
1354 3890 1608 3953 doctoris
1638 3894 1957 3946 sententiam
1990 3901 2122 3945 stre-

536 4000 641 4038 nue
672 3992 850 4035 tuetur
869 3993 1052 4036 noster
1074 3983 1377 4051 Gregorius,
1397 3982 1771 4047 Ariminensis,
1800 3984 1857 4050 ‘2,
1882 3987 2007 4057 dist.
2028 3986 2119 4049 30,

536 4081 745 4141 quaest.
768 4072 816 4133 1,
851 4081 954 4125 art.
985 4073 1042 4138 2,
1076 4073 1161 4135 ubi
1193 4073 1269 4125 ait
1298 4090 1362 4133 ελ(
1401 4072 1549 4126 lianc
1579 4073 1863 4141 Augustini
1904 4084 2123 4130 senten-

536 4164 661 4218 tiam
684 4170 900 4231 secutus
930 4174 1008 4217 est
1031 4163 1302 4232 Magister,
1331 4175 1386 4218 ut
1414 4174 1557 4233 patet
1580 4165 1630 4219 in
1654 4166 1753 4218 ista
1778 4148 2123 4231 distinctione

536 4256 606 4313 30
630 4263 685 4311 et
707 4270 847 4336 seq.,
866 4256 932 4325 in
957 4255 1151 4327 quibus
1182 4266 1371 4323 tractat
1396 4258 1467 4323 de
1499 4257 1866 4323 istamateria,
1886 4266 1944 4336 get
1968 4257 2123 4321 multi

535 4349 697 4404 etiam
719 4334 921 4417 antiqui
951 4362 1015 4401 ac
1057 4346 1299 4401 moderni
1334 4357 1629 4418 sequuntur
1654 4334 1925 4405 doctores.
1963 4369 1981 4401 ι
2020 4348 2118 4415 Ita,

542 4450 677 4497 teste
705 4438 960 4503 Aureolo,
980 4438 1248 4493 contraria
1274 4440 1570 4507 Augustino
1590 4441 1851 4494 sententia
1881 4456 2125 4507 quorum-

2226 3250 2279 3293 et
2302 3254 2578 3311 corrupto,
2617 3248 2703 3315 qui
2744 3246 2969 3314 languor
2994 3246 3299 3321 animse‘est
3324 3257 3379 3302 et
3402 3249 3624 3316 dicitur,
3651 3261 3702 3305 et
3726 3265 3801 3305 eo-

2226 3334 2347 3407 dem
2378 3338 2537 3408 modo
2572 3339 2912 3393 reducendus
2955 3350 3040 3395 est
3069 3342 3150 3395 vel
3181 3357 3286 3396 non
3335 3352 3419 3397 est
3449 3342 3517 3397 ad
3554 3343 3801 3411 praedica-

2229 3440 2467 3484 nientuiu
2492 3432 2764 3500 qualitatis
2784 3444 2945 3500 atque
2966 3433 3289 3488 inﬁrmitatis
3314 3437 3638 3504 corporalis,
3664 3439 3799 3507 cujus

2233 3521 2451 3587 modum
2495 3524 2754 3577 imitatur.
2806 3525 2978 3579 Minus
3008 3524 3148 3580 illius
3178 3525 3393 3580 habitus
3422 3535 3516 3595 est,
3542 3529 3801 3597 inordina-

2227 3612 2537 3694 tiovirium:
2565 3615 2758 3683 anima-
2788 3616 2935 3670 inter
2981 3631 3063 3681 se,
3104 3626 3305 3683 etnon
3343 3617 3615 3686 subjectio
3650 3608 3800 3690 partis

2226 3702 2493 3757 inferioris
2522 3706 2587 3758 ad
2619 3706 2973 3773 superiorem.
3007 3725 3027 3759 ι
3461 3752 3467 3771 ς
3530 3753 3533 3756 .
3664 3756 3669 3769 ,
3738 3696 3743 3703 “

2298 3794 2455 3848 Plura
2483 3804 2663 3850 autem
2695 3806 3007 3866 argumenta
3033 3806 3253 3853 sanctus
3280 3797 3473 3854 doctor
3502 3810 3697 3857 contra
3716 3800 3800 3871 Ju-

2235 3887 2433 3955 lianum
2496 3891 2989 3959 concupiscentiam
3057 3892 3439 3948 defendentem
3496 3896 3795 3966 congessit,

2230 3996 2385 4048 quem
2424 3981 2597 4058 etiaiu'
2632 3983 2805 4037 acutis
2846 3982 3075 4037 subinde
3104 3984 3308 4039 salibus
3339 3986 3659 4056 perstringit
3694 3985 3798 4041 irri-

2225 4073 2424 4143 detque
2460 4073 2781 4144 .litereticus,
2821 4084 2955 4128 teste
3003 4075 3193 4129 eodem
3227 4076 3318 4129 lib.
3351 4091 3387 4129 ii
3417 4087 3611 4131 contra
3641 4076 3797 4132 Julia-

2226 4180 2377 4232 num,
2410 4179 2529 4235 cap.
2556 4169 2611 4230 7,
2645 4174 2755 4243 toto
2784 4166 2922 4220 libro
2950 4167 3209 4233 secundo,
3253 4177 3308 4221 et
3333 4168 3496 4237 priori
3525 4178 3680 4237 parte
3708 4177 3798 4222 ter«

2228 4256 2284 4308 tii
2330 4266 2515 4323 Contra
2568 4256 2759 4311 librum
2814 4258 3043 4326 primum
3100 4259 3168 4313 de
3212 4257 3424 4327 Nuptiis
3453 4268 3511 4312 et
3553 4259 3791 4333 concupi-

2223 4354 2429 4407 scentia
2478 4353 2547 4407 ab
2577 4354 2877 4423 Augustino
2901 4352 2977 4427 ad
3012 4354 3278 4431 Valerium
3309 4356 3537 4421 missum
3570 4369 3670 4423 pro
3694 4366 3797 4408 sus-

2225 4455 2378 4512 cepta
2435 4443 2678 4510 laborat,
2738 4460 2896 4514 quem
2944 4455 3161 4499 sanctus
3226 4445 3384 4499 Pater
3435 4444 3530 4499 lib.
3577 4461 3635 4500 tv
3684 4454 3795 4500 etv

532 4533 658 4585 dam
710 4540 918 4585 tantum
969 4528 1092 4595 fuit,
1135 4529 1224 4583 ubi
1257 4545 1325 4584 ex
1368 4529 1637 4601 Gregorio
1670 4540 1860 4599 sancto
1909 4532 2116 4605 doctori
2151 4546 2202 4606 υ
2231 4536 2424 4599 prioris
2445 4539 2625 4603 operis
2653 4535 2872 4590 refellit.
2910 4536 3053 4590 Dabo
3076 4552 3192 4590 eam
3228 4536 3281 4590 in
3314 4552 3439 4616 rem.
3460 4552 3631 4591 unum
3654 4546 3709 4591 et
3729 4534 3795 4589 al-

536 4626 686 4679 mnlti
717 4624 945 4693 antiqui,
996 4637 1062 4678 ac
1100 4622 1342 4689 moderni
1392 4623 1685 4689 scriptores
1717 4632 1826 4676 tum
1859 4624 2120 4697 temporis

537 4715 909 4789 adhazrebant.
938 4715 1074 4782 llinc
1100 4712 1295 4768 factum
1319 4722 1423 4777 est,
1452 4722 1508 4766 ut
1536 4712 1795 4766 famosam
1821 4713 1963 4765 illam
1990 4729 2121 4785 quaf

534 4808 730 4861 litatem
762 4789 1063 4876 imorbidam
1086 4804 1424 4869 nobilissimi
1472 4803 1777 4859 scholastici
1805 4818 1835 4858 e
1864 4802 2121 4869 Nominae

535 4896 663 4949 lium
706 4910 851 4953 secta
877 4899 1175 4969 antiquitus
1200 4882 1764 4967 juxtaAugustiuiana
1796 4896 1986 4965 placita
2018 4897 2116 4951 de-

536 4986 826 5043 fenderint.
874 4990 1391 5047 Ex_recentioribus
1445 5003 1580 5055 unus
1638 4988 1769 5042 mihi
1824 4987 1893 5043 sit
1947 4990 2115 5043 instar

536 5077 775 5132 omnium
801 5078 879 5145 1’.
903 5079 1148 5146 Macedo,
1197 5082 1309 5149 qui,
1345 5081 1437 5136 l.b.
1463 5096 1511 5134 tv
1549 5079 1616 5134 de
1656 5078 1903 5135 Clavibus
1931 5080 1994 5138 D.
2023 5080 2120 5151 Pe:

537 5170 630 5236 tri,
663 5184 783 5239 cap.
808 5169 897 5233 10,
930 5179 1066 5238 part.
1097 5169 1153 5236 2,
1184 5173 1352 5225 sancti
1381 5173 1618 5227 doczoris
1639 5173 1960 5227 sententiam
1988 5173 2117 5225 soli-

536 5266 780 5329 dissime,
810 5273 866 5317 ut
893 5246 1109 5328 caetera,
1140 5264 1458 5319 communit.
1496 5266 1604 5319 lmo
1632 5264 1872 5320 celebres
1901 5263 2060 5318 etiam
2088 5280 2118 5319 e

538 5359 799 5416 societate
826 5355 1120 5424 scriptores
1166 5355 1654 5427 concupiscentiam
1684 5364 1739 5410 et
1764 5357 1957 5410 malam
1995 5370 2121 5411 esse

535 5463 595 5510 et
618 5454 759 5509 nulla
794 5450 999 5505 ratione
1046 5450 1186 5504 inter
1210 5449 1299 5506 Dei
1346 5464 1509 5519 opera
1556 5448 1916 5521 deputandam
1952 5450 2119 5503 tradi-

535 5543 688 5598 dere.
730 5542 1110 5609 Bellarminus,
1148 5540 1351 5612 grande
1402 5553 1507 5594 non
1559 5541 1835 5605 societatis
1884 5546 2113 5604 tantum,

538 5632 634 5685 sed
662 5633 939 5689 catholicae
959 5634 1118 5689 etiam
1149 5632 1405 5689 Ecclesim
1434 5631 1619 5697 decus,
1652 5632 1745 5686 lib.
1772 5647 1831 5703 vi
1849 5631 1915 5686 de
1941 5633 2116 5697 Aulis:

536 5721 689 5779 sione
709 5722 893 5790 gratiae
940 5710 1097 5796 caput
1122 5726 1183 5806 Μ
1222 5728 1292 5783 ita
1332 5725 1575 5783 inscribit
1610 5743 1619 5779 :
1659 5725 1958 5780 Ostenditur
1987 5741 2109 5778 con-

2227 4636 2400 4681 teium
2446 4627 2692 4694 ejusdem
2733 4638 3135 4698 argumentum.
3183 4628 3299 4682 Lib.
3333 4643 3406 4693 tv,
3439 4642 3565 4697 cap.
3620 4628 3705 4695 13,
3737 4627 3793 4680 ita

2223 4728 2379 4787 urget
2410 4736 2423 4772 :
2462 4737 2479 4771 (
2514 4719 2627 4773 Duo
2666 4721 2808 4774 enim
2839 4720 2974 4774 bona
3003 4734 3122 4789 quae
3151 4736 3181 4774 a
3206 4720 3371 4774 Patre
3403 4718 3510 4773 Deo
3542 4728 3688 4783 sunt,
3722 4719 3793 4772 in-

2224 4821 2305 4864 ter
2336 4826 2393 4866 se
2427 4828 2665 4880 pugnare
2695 4829 2799 4866 non
2830 4823 3079 4881 possunt,
3112 4820 3348 4880 pugnant
3378 4820 3558 4865 autem
3588 4813 3725 4867 inter
3749 4822 3796 4864 so

2222 4903 2556 4957 continentia
2586 4914 2644 4958 et
2670 4903 3125 4972 concupiscentia.
3169 4902 3307 4970 Quid
3339 4901 3535 4955 borum
3590 4918 3621 4955 a
3654 4902 3794 4955 Patre

2223 4992 2393 5063 magis
2421 4994 2553 5048 velis
2586 5007 2706 5061 esse
2746 4992 3032 5062 responde.
3070 4992 3237 5047 Video
3294 5007 3429 5060 quas
3462 4992 3684 5063 patiaris
3714 5006 3794 5043 an-

2223 5086 2467 5157 gustias;
2499 5084 2642 5138 faves
2669 5083 2883 5152 quidem
2914 5083 3387 5153 concupiscentia,
3412 5084 3506 5137 sed
3530 5080 3794 5138 erubescis

2223 5177 2632 5247 continentiae.»
2660 5174 3023 5241 Confirmatur
3051 5160 3226 5245 primo
3254 5190 3319 5230 ex
3366 5176 3461 5229 lib.
3499 5191 3555 5242 v,
3589 5190 3705 5245 cap.
3735 5174 3793 5225 1:

2229 5283 2247 5316 ι
2280 5265 2436 5321 Nulla
2462 5281 2637 5334 pugna
2662 5275 2747 5320 est
2776 5265 2892 5320 sine
2916 5265 3086 5334 malo.
3104 5266 3329 5333 Quando
3352 5265 3496 5320 enim
3521 5275 3794 5335 pugnatur,

2223 5366 2314 5411 aut
2344 5358 2549 5425 bonum
2567 5367 2765 5427 pugnat
2786 5366 2841 5411 et
2868 5358 3100 5423 malum;
3135 5366 3230 5410 aut
3262 5356 3462 5412 malum
3493 5367 3549 5411 et
3580 5356 3793 5418 malum;

2225 5460 2316 5503 aut
2356 5450 2401 5504 si
2446 5449 2553 5505 duo
2599 5450 2736 5505 bona
2771 5450 2911 5502 inter
2947 5462 3007 5503 se
3038 5457 3298 5518 pugnant,
3341 5449 3455 5518 ipsa
3505 5463 3682 5519 pugna
3725 5452 3796 5499 est

2224 5555 2475 5609 magnum
2518 5541 2737 5611 malum.
2772 5559 2790 5592 ι
2830 5539 2962 5594 Cum
3009 5550 3188 5594 autem
3235 5540 3569 5596 continentia
3620 5547 3794 5595 contra

2224 5631 2709 5701 concupiscentiam
2754 5639 2970 5701 pugnet,
3022 5630 3402 5699 bancrmalam
3448 5646 3573 5687 esse
3606 5629 3791 5685 ibidem

2226 5723 2549 5793 Augustinus
2581 5722 2811 5780 deducit.
2851 5722 2984 5778 tiiuc
3020 5723 3093 5779 ait
3120 5740 3131 5776 :
3162 5741 3180 5776 ι
3200 5721 3390 5779 Adhuc
3407 5704 3527 5781 non
3558 5719 3778 5791 evigilas.
