3892 6302
88 352 181 409 605

1281 341 1600 400 VlNDlCl/E
1642 336 2198 398 AUGUSTINIANAE.

3240 332 3344 390 606

88 478 139 523 ut
163 463 441 535 intelligas,
474 469 712 518 nostram
737 469 982 517 naturam
1013 475 1120 516 non
1144 474 1281 526 esse,
1311 461 1405 516 sed
1439 459 1648 521 vitium,
1680 462 1732 518 Α
1763 469 1823 509 ex
1857 443 2042 508 animo
2067 452 2284 515 laudas;
2307 449 2548 504 siautem
2575 439 2894 520 simpliciter
2920 451 3034 517 agis
3062 452 3112 503 in
3145 462 3344 518 prreco—'

88 567 260 615 contra
309 554 452 625 quod
497 556 693 609 virtute
733 566 1055 624 pugnamus.
1092 571 1108 603 ι
1143 551 1501 606 Confirmatur
1552 565 1648 603 se-

88 647 250 704 cundo
275 646 512 700 ibidem:
551 663 570 697 ι
600 644 824 712 Quando
872 643 1019 698 enim
1067 641 1230 696 libido
1252 639 1439 702 vincit,
1478 639 1649 691 vincit

89 751 136 796 et
161 738 427 803 diabolus;
458 738 670 807 quando
693 736 858 791 libido
880 737 1132 801 vincitur,
1165 746 1221 790 et
1258 735 1501 788 diabolus
1530 734 1649 785 vin-

85 831 233 885 citur.
267 830 435 896 Quem
474 843 607 899 ergo
646 829 812 882 vincit
853 827 1038 892 libido,
1092 836 1149 882 et
1197 841 1225 879 a
1265 842 1370 896 quo
1401 825 1650 888 vincitur,

93 927 168 974 est
197 919 363 972 hostis
406 919 544 984 ejus.
585 919 714 972 Cum
747 933 852 982 quo
901 927 1077 971 autem
1130 917 1291 971 vincit
1317 925 1371 972 et
1399 916 1651 978 vincitur,

92 1019 264 1088 auctor
285 1020 366 1063 est
391 1009 528 1077 ejus.
563 1028 579 1060 ι
622 1008 712 1062 Vis
743 1007 929 1062 barum
964 1008 1231 1060 rationum
1266 1007 1318 1060 in
1345 1007 1445 1059 ltoc
1474 1004 1654 1058 consi-

91 1103 172 1156 stit
194 1101 332 1170 quod
367 1103 457 1155 Dei
482 1101 620 1155 dona
650 1114 769 1155 sese
791 1101 1017 1156 invicem
1043 1101 1226 1155 fovent
1253 1103 1315 1154 a'c
1345 1100 1655 1169 perficiunt;

94 1191 212 1245 ideo
256 1191 398 1246 enim
432 1191 873 1260 multiplicantur,
910 1206 1014 1246 non
1050 1204 1104 1245 ut
1141 1192 1318 1259 priora
1347 1207 1374 1244 a
1410 1190 1661 1258 posterio-

91 1284 228 1337 ribus
276 1283 638 1349 destruantur,
684 1284 780 1337 sed
812 1293 870 1337 ut
915 1297 1053 1337 novo
1083 1284 1302 1337 cumulo
1348 1283 1415 1336 ab
1454 1283 1659 1336 eisdem

95 1382 421 1441 augeantur;
456 1364 534 1426 ita
557 1389 680 1442 spes
718 1374 876 1428 fidem
918 1375 1112 1439 munit,
1143 1386 1195 1429 et
1225 1383 1504 1444 utramque
1533 1374 1661 1428 clta.

91 1465 215 1519 ritas
251 1467 591 1521 corroborat.
639 1466 945 1520 Posteriora
996 1468 1138 1520 enim
1189 1468 1327 1522 dona
1377 1469 1570 1521 dantur
1609 1467 1661 1520 in

93 1557 372 1627 praemium
405 1558 665 1613 bonorum
698 1573 940 1628 Operum,
986 1559 1170 1627 eisque
1210 1560 1507 1628 subjectum
1541 1559 1663 1612 red-

89 1647 231 1701 ditur
266 1647 482 1702 melius.
507 1647 640 1702 Cum
667 1659 844 1702 autem
866 1649 1190 1702 continentia
1216 1651 1285 1704 sit
1313 1651 1509 1702 dohum
1545 1649 1661 1715 Dei,

91 1745 143 1791 ut
165 1753 229 1791 ex
259 1730 522 1806 prima'ad
567 1725 1162 1804 Corintliios'Epistola,
1191 1754 1309 1808 cap.
1351 1756 1442 1805 vu,
1479 1735 1668 1808 probat

1752 543 1862 605 nio,
1896 542 2121 596 colludis
2154 543 2204 595 in
2235 541 2438 609 prtelio.
2473 559 2489 591 ι
2529 540 2592 594 Ει
2623 553 2807 609 postea
2839 561 2853 597 :
2887 560 2905 591 ι
2927 541 3136 595 Mallem
3167 551 3217 594 te
3247 541 3345 594 fal-

1753 633 1944 687 laciter
1971 632 2194 686 laudare
2216 633 2730 699 concupiscentiam,
2764 646 2920 701 quam
2961 631 3220 683 fallaciter
3247 631 3346 684 im-

1755 736 2014 790 pugnare.
2066 720 2426 774 Tolerabilius
2478 722 2620 775 enim
2678 721 2855 788 lingua
2897 730 2985 773 tua
3032 733 3188 788 quam
3241 720 3346 772 vita

1756 814 2042 881 mentitur,
2069 812 2407 867 tolerabilius
2437 813 2701 866 sententia
2732 827 2889 880 quam
2919 809 3242 864 centinentia
3269 810 3346 861 si-

1758 905 2014 959 mulatur.
2048 905 2233 970 Fingis
2273 904 2472 973 quippe
2505 904 2715 957 laudem
2748 918 2849 972 qua
2891 903 2966 956 sis
3009 901 3350 954 adversarius
3386 963 3389 965 _

1759 998 2040 1052 sententiae
2071 1013 2223 1061 mete,
2245 997 2289 1050 si
2323 1012 2430 1050 non
2452 996 2607 1064 lingis
2629 996 2930 1049 castitatem
2955 1008 3056 1063 qua
3078 1006 3135 1046 es
3158 991 3222 1044 ad
3234 1005 3353 1044 ver-

1762 1091 1936 1144 sarius
1981 1091 2654 1157 concupiscentiie‘tute.)
2693 1090 3110 1157 Rursuscapite
3165 1079 3353 1140 ultimo

1763 1177 2004 1247 ejusdem
2035 1179 2157 1233 libri
2185 1179 2263 1232 sic
2293 1177 2562 1231 Julianum
2604 1179 2802 1247 premit
2828 1195 2840 1231 :
2881 1197 2900 1229 ι
2934 1178 3070 1245 Quid
3097 1187 3179 1232 est
3209 1179 3351 1246 quod

1763 1271 1947 1323 laudas
1973 1286 2092 1324 cum
2125 1272 2319 1338 quibus
2348 1285 2551 1339 pugnas
2573 1271 2595 1322 ?
2617 1271 2900 1335 Quomodo
2928 1271 3128 1324 virtute
3173 1271 3354 1324 hostes

1764 1360 2038 1414 debellare
2069 1370 2120 1413 te
2146 1360 2385 1424 credam,
2404 1357 2544 1429 quos
2565 1359 2987 1415 retbola'cerare
3009 1368 3120 1413 'non
3153 1361 3354 1414 audes?

1770 1451 1828 1506 Si
1878 1451 2039 1506 ambo
2088 1452 2579 1520 concupiscentiam
2632 1451 2987 1515 debellamus,
3036 1466 3204 1519 quare
3251 1465 3353 1504 non

1766 1542 1927 1595 ambo
1958 1542 2355 1610 vituperamus?
2397 1542 2566 1606 Quam
2598 1552 2649 1595 te
2673 1542 2842 1609 jactas
2885 1555 3194 1608 expugnare
3225 1554 3355 1592 con-
3403 1564 3416 1575 -

1769 1632 2213 1700 tineutia,'quare
2244 1647 2348 1684 non
2393 1632 2476 1685 vis
2517 1631 2774 1685 damnare
2818 1631 3124 1686 sententia?
3155 1649 3173 1681 ι
3208 1630 3357 1696 Quod

1770 1738 1901 1778 vero
1929 1723 2198 1792 Pelagiani
2228 1723 2612 1776 continentiam
2638 1723 2904 1792 praecipue
2943 1722 3356 1790 profitebantur,

93 1833 412 1902 Augustinus
437 1833 526 1887 lib.
561 1849 574 1886 ι
615 1833 681 1886 de
710 1832 919 1899 Nuptiis
948 1842 1001 1886 et
1024 1846 1278 1901 concup.,
1308 1847 1427 1900 cap.
1459 1834 1508 1898 5,
1537 1846 1666 1885 con-
1699 1816 1745 1875 Β
1770 1829 1871 1882 qua
1893 1823 2076 1867 contra
2102 1814 2592 1882 concupiscentiam
2632 1815 2841 1868 bellum
2874 1813 3156 1882 serebant.
3183 1815 3359 1879 Anau-

97 1937 318 1992 sequens
368 1932 450 1975 est
481 1933 536 1974 ut
565 1921 1001 1988 c0ucupiscentia
1055 1921 1300 1975 naturale
1345 1922 1440 1976 Dei
1469 1921 1670 1975 donum

101 2029 211 2068 esse
252 2030 357 2066 non
391 2015 585 2080 ροεμὶῑ,
617 2013 710 2067 sed
756 2013 942 2066 vitium
973 2006 1311 2068 solummodo
1338 2013 1408 2067 sit
1436 2028 1498 2066 ac
1526 2012 1673 2066 defe-

99 2115 226 2157 ctus.
276 2103 519 2157 Alterum
569 2113 965 2172 argumentum,
1025 2103 1165 2172 quod
1224 2111 1438 2156 sanctus
1483 2103 1673 2156 doctor

101 2203 271 2249 contra
303 2194 573 2249 Julianurn
604 2204 773 2266 urget,
801 2196 907 2250 tale
937 2207 1018 2250 est
1045 2214 1058 2248 :
1083 2195 1294 2249 Nullum
1319 2211 1452 2264 opus
1479 2193 1566 2249 Dei
1592 2204 1674 2250 est

103 2286 306 2337 materia
357 2285 614 2354 pudoris;
664 2287 811 2355 atqui
842 2287 1279 2356 concupiscentia
1318 2298 1400 2341 est
1450 2288 1672 2341 materia

105 2375 329 2441 pudoris,
370 2393 480 2431 non
529 2377 690 2446 igitur
717 2376 805 2430 illa
855 2387 938 2431 est
985 2393 1117 2445 opus
1152 2376 1267 2441 Dei,
1299 2389 1348 2430 et
1387 2393 1453 2431 ex
1484 2375 1671 2429 consc-

104 2465 267 2533 quenti
299 2480 404 2519 non
437 2477 519 2521 est
569 2466 826 2534 perfectio
856 2467 1133 2522 naturalis.
1176 2469 1347 2535 MajOr
1375 2477 1458 2522 est
1490 2475 1668 2531 certa;

105 2557 281 2610 etenim
312 2558 439 2610 vidit
471 2557 606 2611 Deus
635 2568 836 2622 cuncta,
870 2575 982 2627 qua:
1004 2549 1216 2628 fecerat.
1260 2569 1307 2612 et
1328 2546 1330 2550 ’
1352 2567 1496 2611 erant
1524 2558 1674 2611 valde

107 2646 220 2699 bona
259 2647 421 2719 (Gen.
457 2664 495 2712 ι,
527 2648 640 2717 51).
694 2649 895 2702 Bonum
944 2660 1121 2702 autem
1171 2663 1277 2701 non
1325 2658 1408 2702 est
1454 2650 1673 2701 materia

112 2737 334 2804 pudoris,
375 2738 473 2793 sed
519 2739 700 2808 gloria:
728 2753 792 2793 ac
831 2738 1021 2792 laudis.
1062 2733 1322 2792 Audiatur
1348 2737 1675 2806 AuguStinus

110 2829 184 2882 lib.
214 2845 247 2883 ιι
273 2830 342 2883 de
371 2829 580 2898 Nuptiis
608 2840 660 2884 et
682 2845 933 2898 concup.,
959 2845 1075 2896 cap.
1103 2828 1135 2881 9
1161 2847 1172 2880 :
1204 2847 1222 2879 ι
1251 2828 1388 2896 Quid
1413 2829 1673 2896 enimpo-

111 2920 192 2972 tuit
221 2915 358 2973 Deus
384 2917 584 2983 facere,
609 2921 746 2987 quod
771 2919 886 2989 ejus
918 2920 1324 2987 praedicatorem
1364 2920 1559 2988 pudeat
1588 2921 1672 2972 di-

111 3009 256 3061 cere?
280 3009 345 3062 Et
373 3010 514 3078 quod
542 3018 626 3063 est
655 3010 890 3078 gravius,
918 3010 1116 3078 pudeat
1149 2995 1416 3064 hominem
1449 3009 1675 3078 alicujus

113 3100 289 3165 operis,
318 3100 458 3167 quod
507 3117 614 3154 non
660 3101 844 3165 homo,
877 3101 971 3155 sed
1016 3101 1156 3154 Deus
1196 3100 1316 3156 fecit
1349 3102 1398 3154 in
1431 3100 1666 3162 homine,

1773 1905 1949 1957 Stinus
1974 1919 2036 1957 ex
2071 1904 2308 1971 ipsorum
2351 1906 2616 1958 sententia
2647 1905 3033 1959 continentiam
3083 1905 3136 1957 in
3183 1904 3360 1972 SllSlll-

1776 1996 1986 2049 cioncm
2020 1995 2379 2050 simulationis
2420 1997 2610 2051 adduci
2657 1997 2835 2065 lepide
2877 1997 3074 2051 ibidem
3128 1997 3361 2051 inferens

1770 2084 1970 2137 addit:
2009 2103 2027 2135 ε
2063 2085 2286 2138 Bellum
2316 2088 2553 2140 vestrum
2612 2087 2762 2153 latet,
2792 2088 3024 2140 amicitia
3080 2095 3244 2155 patet.
3283 2087 3360 2140 Ex

1779 2179 1881 2232 lioe
1929 2179 2071 2248 quod
2116 2188 2284 2248 patet,
2339 2189 2645 2248 suspectum
2685 2181 2826 2234 ~facis
2873 2196 2997 2235 esse
3044 2181 3182 2250 quod
3215 2180 3362 2233 latet.

1776 2268 1916 2334 Quid
1954 2269 2097 2323 enim
2143 2271 2219 2322 vis
2245 2268 2529 2323 credamus
2578 2269 2646 2323 de
2693 2269 2836 2324 bello
2881 2270 3023 2337 quod
3079 2269 3266 2338 geritis
3313 2269 3362 2323 itt

1775 2368 1988 2428 operto,
2021 2375 2248 2430 quorum
2274 2361 2563 2415 amicitiam
2594 2363 2864 2415 cernimus
2897 2362 2948 2414 in
2979 2359 3200 2428 aperto?
3224 2361 3362 2426 Quo-

1776 2452 1937 2506 modo
1953 2452 2034 2505 vis
2050 2463 2105 2505 ut
2132 2453 2454 2506 arbitremur
2476 2452 2733 2506 adversus
2757 2453 2997 2505 aculeum
3031 2436 3362 2506 Ie'dimicare

1776 2541 2170 2606 libidinis,cum
2207 2541 2373 2595 libros
2411 2542 2634 2608 impleas
2675 2542 2833 2595 laude
2872 2542 3142 2595 libidinis?
3169 2541 3363 2595 Verum

1776 2644 1905 2683 ecce
1931 2630 2089 2682 vinco
2120 2632 2482 2696 suspicionem
2525 2644 2729 2694 meam;
2761 2646 3068 2699 expugnare
3112 2639 3173 2684 te'
3200 2631 3362 2683 credo

1778 2721 1916 2788 quod
1949 2722 2156 2784 laudas,
2179 2722 2280 2774 sed.
2311 2720 2530 2774 laudare
2553 2722 2790 2774 te'doleo
2823 2721 2964 2789 quod
3013 2735 3304 2788 expugnas.
3336 2739 3356 2772 ι

1780 2815 2044 2868 Praeterea
2077 2813 2171 2867 lib.
2207 2829 2287 2879 ιιι,
2321 2828 2440 2881 cap.
2471 2812 2536 2866 ει
2565 2830 2576 2865 :
2611 2831 2629 2865 ι
2658 2813 2745 2866 Vis
2762 2813 2905 2867 enim
2936 2807 3362 2866 vincere"concu-

1782 2907 2092 2976 piscentiam
2116 2906 2508 2975 expugnatione
2521 2905 2658 2972 ejus,
2679 2921 2762 2959 me
2784 2919 2911 2958 vero
2926 2904 3079 2958 laude
3098 2904 3238 2972 ejus.
3258 2904 3364 2958 Sed

1776 3012 1876 3066 ego
1898 2998 2224 3067 respondeo:
2245 2999 2309 3054 Ut
2339 3000 2580 3052 vincatur
2600 3001 2687 3068 qui
2705 2994 3112 3068 la'udat,judicet
3137 3000 3222 3069 qui
3239 3014 3364 3068 pug-

1777 3099 1887 3143 nat.
1921 3090 1976 3144 Si
2006 3089 2148 3144 enim
2180 3091 2377 3144 malum
2417 3088 2526 3158 est,”
2547 3105 2642 3146 cur
2671 3091 2889 3144 laudat?
2930 3091 2984 3145 Si
3022 3087 3216 3146 bonum
3245 3086 3363 3157 est,

113 3203 213 3241 cum
242 3204 429 3243 omnes
460 3191 682 3259 opifices
715 3199 914 3258 quanto
948 3198 1170 3257 possunt
1198 3190 1400 3254 labore,
1430 3201 1482 3244 et
1513 3191 1665 3243 indu-

1777 3195 1871 3234 cur
1918 3180 2228 3249 expugnat?
2277 3180 2332 3236 Si
2391 3190 2568 3235 autem
2626 3195 2724 3235 nec
2767 3181 2987 3236 bonum
3018 3191 3127 3237 nec'
3171 3182 3365 3237 malum

115 3279 222 3330 stria
255 3279 316 3332 id
356 3289 538 3350 agant,
587 3296 654 3335 ne
703 3280 771 3336 de
821 3281 932 3336 suis
976 3281 1227 3350 operibus
1275 3281 1613 3335 erubescant.
1649 3301 1666 3333 i

118 3366 261 3421 Porro
288 3371 778 3439 concupiscentiam
811 3387 931 3426 esse
979 3372 1253 3427 materiam
1287 3372 1673 3428 erubeSPenIite

116 3474 167 3512 ac
191 3462 395 3526 pudoris
429 3462 634 3517 ecrtius
669 3474 751 3518 est
794 3457 952 3529 quam
1000 3464 1104 3517 ulla
1138 3465 1353 3519 aliunde
1384 3467 1544 3533 petita
1585 3481 1672 3519 ra—

118 3551 242 3605 tione
280 3553 585 3607 evidi-ntius
618 3554 732 3607 fieri
779 3556 965 3621 possit.
1001 3553 1198 3609 Scribit
1225 3555 1420 3608 ibidem
1452 3564 1672 3610 sanctus

124 3641 309 3711 doctor,
339 3662 454 3714 cap.
489 3647 524 3700 5
557 3666 569 3700 :
599 3664 617 3696 ι
651 3647 725 3700 De
776 3646 874 3699 bac
913 3646 1392 3717 (concupiscentia)
1445 3647 1676 3700 erubueé

119 3743 225 3787 ruut
268 3738 421 3790 etiam
469 3739 562 3806 qui
595 3737 748 3805 primi
801 3737 1042 3806 pudenda
1074 3725 1352 3802 texerunt,
1382 3754 1498 3804 qua}
1533 3739 1675 3806 prius

119 3823 331 3888 pudenda
361 3843 464 3882 non
493 3826 733 3893 fuerant,
762 3828 857 3881 sed
892 3837 1139 3896 tauquam
1168 3829 1261 3882 Dei
1291 3844 1452 3898 opera
1484 3830 1675 3896 praedi-

117 3917 260 3969 cauda
298 3930 452 3988 atque
503 3920 808 3990 glorianda.
843 3921 992 3975 Tunc
1021 3937 1147 3991 ergo
1180 3933 1436 3977 texerunt
1464 3910 1676 3993 quando

119 4005 436 4076 erubuerunt;
462 4012 594 4067 tunc
624 4020 798 4066 autem
826 4004 1384 4082 erubueruntquaudo
1415 4025 1533 4082 post
1561 4007 1677 4067 inc-'-

121 4095 410 4159 bedieutiam
444 4120 603 4158 suam
633 4104 995 4158 inobcdientia
1042 4107 1281 4160 membra
1313 4117 1614 4160 senserunt.
1652 4127 1670 4159 ι

123 4186 184 4242 De
206 4189 296 4246 ltoc
326 4195 438 4264 ipso
481 4196 686 4265 passim
714 4196 1042 4265 Augustinus
1076 4197 1185 4266 agit
1218 4198 1378 4252 etiam
1425 4200 1474 4251 itt
1504 4199 1678 4267 Opere

123 4277 424 4347 imperfecto.
458 4309 462 4314 ί
490 4322 492 4324 τ
821 4321 824 4324 ι

182 4359 280 4413 Ιιιιο
306 4364 575 4420 subtiliter
601 4373 654 4419 et
679 4374 835 4420 acute
863 4366 1129 4420 Julianum
1164 4368 1394 4432 vellicat,
1443 4370 1530 4437 qui
1564 4369 1676 4422 lau-

125 4445 252 4504 daret
266 4456 752 4524 concupiscentiam
774 4457 1040 4526 simulque
1068 4467 1254 4514 contra
1275 4461 1516 4516 eamdem
1548 4477 1675 4533 pug-

1780 3281 1880 3336 est,
1916 3275 2101 3342 utquid
2139 3273 2339 3338 laudat,
2383 3273 2568 3343 utquid
2605 3269 2918 3343 expugnat?
2967 3275 3213 3341 Quandiu
3270 3277 3358 3344 igi-

1781 3374 1869 3418 tur
1896 3374 2228 3434 expugnator
2271 3365 2509 3419 libidinis
2551 3365 2678 3428 eris,
2707 3367 2887 3419 tandiu
2923 3381 3127 3429 prome
3174 3375 3360 3419 contra

1784 3463 1836 3510 te
1865 3455 2035 3523 ipsum
2059 3455 2223 3524 judex
2251 3451 2377 3508 eris.
2405 3459 2482 3508 An
2517 3454 2653 3508 forte
2677 3456 2935 3509 adversus
2961 3455 3234 3509 libidinem
3261 3471 3364 3508 non

1782 3544 2036 3609 certabis,
2070 3560 2138 3599 ne
2174 3545 2225 3596 in
2259 3545 2381 3605 isto,
2413 3545 2554 3613 quod
2599 3560 2808 3597 mecum
2859 3544 3045 3610 habes,
3067 3544 3367 3600 certamine

1782 3636 2076 3705 supereris,
2109 3634 2296 3688 dicens
2329 3635 2420 3689 tibi
2464 3635 2588 3703 ipsi,
2620 3636 2806 3690 Melius
2855 3651 2959 3689 non
3006 3634 3181 3705 pugno
3203 3633 3364 3706 quam

1783 3726 2012 3781 ostendo
2063 3725 2347 3795 pugnando
2402 3726 2599 3780 malum
2652 3742 2773 3781 esse
2803 3728 2941 3796 quod
2993 3729 3367 3794 laudo?Noli,

1781 3817 2008 3871 obsecro
2038 3825 2090 3870 te
2124 3835 2136 3869 :
2169 3816 2295 3886 quid
2341 3819 2481 3871 enim
2531 3832 2649 3871 sum
2707 3834 2827 3889 ego,
2857 3818 3023 3888 quem
3051 3834 3146 3890 pro
3179 3835 3368 3891 magno

1781 3913 2053 3982 desideras
2096 3913 2349 3967 vincere?
2380 3912 2566 3968 Vincat
2617 3924 2669 3968 te
2720 3908 3166 3983 potius'vcritas,
3205 3935 3262 3972 ιιι
3313 3927 3366 3972 ιιι

1780 4003 2053 4058 libidinem
2077 4004 2281 4067 vincas,
2308 4023 2326 4055 ι
2355 4013 2459 4057 etc.
2487 4007 2662 4071 Quare
2682 4002 2842 4060 veluti
2875 4018 3150 4075 prostrato
3175 4011 3238 4063 ad
3251 4025 3367 4064 ver-

1780 4096 1922 4151 sario
1955 4097 2177 4151 insultat
2199 4097 2528 4165 Augustinus
2561 4113 2575 4154 :
2611 4117 2629 4150 ι
2664 4099 2894 4153 Victoria
2927 4102 2992 4154 de
3025 4112 3075 4156 te
3113 4118 3230 4158 mea
3278 4103 3369 4156 illo

1779 4187 1920 4240 malo
1949 4196 2122 4240 tecu-n
2158 4191 2431 4256 pugnante
2481 4187 2675 4242 secura
2716 4199 2821 4244 eSt.
2852 4209 2870 4241 ι
2908 4190 3021 4246 Lib.
3058 4208 3127 4258 tv,
3162 4208 3281 4260 cap.
3315 4194 3368 4246 ἓ.

1782 4323 1788 4329 .
1848 4279 2078 4331 Sanctus
2113 4277 2303 4331 doctor
2335 4277 2460 4331 inde
2493 4278 2656 4332 etiam
2700 4278 3106 4344 Pelagianbrum
3152 4295 3369 4338 sentcn-

1781 4370 1910 4424 tiam
1942 4371 2309 4438 expugnabat,
2345 4370 2486 4438 quod
2522 4370 2801 4426 laudarent
2842 4374 2916 4427 illi
2967 4374 3369 4437 continentiam,

1781 4475 1903 4529 qua:
1931 4470 2111 4514 tamen
2150 4460 2369 4515 inimica
2412 4471 2528 4516 erat
2569 4464 3040 4532 concupiscentiae,
3075 4464 3214 4533 quod
3263 4479 3369 4519 non

127 4551 272 4607 itaret,
304 4544 452 4601 laude
494 4546 714 4616 quidem
769 4548 1013 4603 eamdem
1064 4550 1257 4604 bonam
1305 4552 1533 4621 fingens,
1586 4553 1680 4608 sed
1714 4559 1760 4617 ι)
1788 4555 1967 4609 minus
2008 4556 2291 4627 eleganter
2313 4572 2471 4626 quam
2504 4557 2692 4612 festive
2723 4573 2868 4626 saepe
2897 4557 3080 4625 objicit
3111 4556 3324 4609 Juliano
3356 4599 3370 4611 .

129 4642 274 4698 pugna
320 4638 506 4698 malam
538 4648 872 4694 contestans.
904 4640 1036 4694 Cum
1071 4657 1202 4697 vero
1228 4645 1510 4710 Augustini
1556 4659 1679 4698 sen-

131 4726 282 4781 ienlizc
303 4730 495 4794 aculeis
519 4730 757 4798 undique
777 4742 997 4786 armata:
1019 4732 1146 4799 sint,
1171 4736 1363 4802 quibus
1381 4751 1485 4790 non
1519 4737 1682 4790 modo

133 4811 380 4873 haereticus
407 4831 696 4892 pungatur,
743 4839 930 4878 verum
959 4825 1118 4880 etiam
1150 4827 1390 4892 feriatur,
1421 4828 1679 4897 quasdam

134 4903 202 4959 Itie
243 4910 364 4965 libet
404 4901 751 4992 subnectere.
792 4917 976 4985 Itaque
1020 4917 1143 4971 libri
1171 4933 1224 4971 tv
1251 4919 1404 4972 initio
1459 4920 1676 4973 scribit:

139 4999 267 5055 tlloc
301 5007 490 5060 malmn
515 5016 702 5062 contra
732 5024 816 5063 me
848 5009 1138 5075 laudando,
1165 5011 1504 5065 adversarius
1531 5027 1682 5066 meus

135 5088 322 5158 videris,
346 5097 438 5150 sed
485 5099 537 5152 in
570 5105 624 5152 te
650 5098 991 5164 debellanda,
1025 5116 1172 5154 meus
1207 5103 1357 5155 testis
1385 5115 1464 5156 es.
1494 5101 1550 5156 Si
1586 5116 1681 5156 au-

138 5183 223 5229 tem
255 5181 347 5236 hoc
376 5201 474 5238 non
508 5187 769 5252 debellas,
797 5197 917 5242 tuus
947 5189 1114 5244 hostis
1135 5206 1213 5246 es.
1240 5210 1257 5242 ι
1294 5191 1529 5266 Longior
1553 5207 1683 5248 sane

143 5279 212 5320 est
233 5278 486 5345 sententia
513 5278 604 5331 lib.
627 5293 704 5342 nt,
733 5293 851 5346 cap.
874 5280 966 5345 21,
999 5281 1091 5334 sed
1118 5283 1314 5336 salibus
1337 5291 1444 5336 tota
1466 5298 1682 5352 aspersa

140 5368 224 5410 est.
255 5379 271 5410 ι
293 5363 708 5438 Ροτιθεεθβτεζο,
733 5368 922 5437 inquit,
949 5369 1168 5424 laudare
1199 5381 1249 5424 te
1281 5372 1450 5441 fingis,
1477 5372 1521 5425 si
1554 5387 1685 5440 pug-

143 5463 248 5506 nare
274 5473 388 5526 non,
411 5462 582 5530 fingis.
617 5463 747 5516 Nam
791 5464 1060 5533 quomodo
1089 5465 1320 5520 fideliter
1347 5466 1508 5519 simul
1556 5479 1684 5533 agas

143 5541 231 5596 duo
251 5549 363 5616 ista,
394 5567 498 5606 non
536 5555 714 5621 video,
742 5563 800 5609 ut
842 5564 898 5611 et
940 5556 1124 5611 laudes
1169 5557 1316 5611 velut
1357 5559 1604 5621 amicam,
1633 5567 1687 5612 et

145 5646 383 5705 exllllgncs
427 5644 572 5699 velut
616 5646 910 5700 inimicam.
945 5647 1346 5702 Unum-corum
1391 5648 1683 5720 credimus.

147 5725 222 5779 scd
243 5728 867 5817 elige‘quodcrcdamus.
903 5739 959 5796 Si
998 5756 1061 5798 ex
1104 5743 1282 5798 animo
1312 5757 1535 5812 pugnam,
1582 5757 1685 5797 non

1791 4662 1812 4697 ι
1840 4646 1952 4705 Duo
1981 4647 2122 4700 enim
2166 4648 2298 4701 bona
2346 4663 2466 4717 quie
2507 4662 2536 4700 a
2571 4649 2678 4702 Deo
2722 4648 2881 4702 Patre
2934 4655 3077 4709 sunt,
3124 4646 3262 4699 inter
3311 4661 3371 4700 se

1788 4753 2026 4806 pugnare
2053 4747 2156 4792 non
2184 4748 2426 4806 possunt,
2457 4748 2705 4808 pugnant
2728 4747 2904 4791 autem
2935 4738 3075 4790 inter
3099 4732 3172 4791 se
3197 4738 3370 4792 cooti-
3439 4770 3442 4777 -

1789 4830 1967 4882 nentia
1991 4838 2044 4884 et
2082 4830 2539 4898 concupiscentia.
2572 4828 2708 4893 Quid
2743 4827 2931 4879 Itorum
2961 4842 2989 4878 a
3022 4827 3177 4882 Patre
3208 4829 3371 4899 magis

1785 4921 1918 4974 velis
1948 4935 2068 4976 esse
2119 4921 2408 4987 responde.
2445 4919 2612 4970 Video
2654 4931 2789 4985 quas
2822 4918 3038 4983 patiaris
3067 4921 3370 4989 angustias;
3437 4934 3450 4976 ι

1791 5007 1937 5061 faves
1965 5008 2182 5075 quidem
2230 5005 2700 5074 concupiscentite,
2735 5006 2829 5061 sed
2877 5009 3149 5065 erubescis
3203 5013 3371 5065 conti-

1788 5097 2007 5152 nentite.
2040 5097 2228 5150 Vincat
2281 5097 2455 5166 pudor
2508 5105 2653 5163 tuus,
2711 5112 2880 5168 eoque
2934 5101 3179 5156 vincatur
3223 5118 3372 5157 error

1787 5195 1928 5240 tuus.
1954 5205 1972 5239 ι
2001 5186 2115 5241 Lib.
2143 5202 2211 5252 tv,
2248 5202 2366 5254 Cap.
2409 5187 2494 5242 l3.
2529 5187 2729 5258 Lepide
2773 5191 2914 5245 idem
2968 5193 3201 5247 inculcat
3249 5207 3370 5260 cap.

1789 5281 1856 5334 N
1882 5297 1895 5333 :
1921 5299 1938 5330 ι
1962 5281 2103 5334 Inter
2132 5295 2190 5335 se
2215 5281 2591 5350 belligerantes
2616 5292 2865 5354 tanquam
2909 5287 2959 5339 in
2991 5287 3129 5339 bello
3157 5285 3375 5339 timidus

1787 5375 1971 5426 ambas
1995 5374 2213 5429 laudare
2243 5376 2479 5439 conaris,
2509 5376 2655 5430 velut
2684 5377 2955 5433 inimicam
2995 5386 3242 5431 metuens
3276 5376 3371 5431 ha-

1794 5467 1945 5532 bere,
1970 5483 2088 5535 quae
2118 5469 2356 5535 potuerit
2403 5469 2622 5523 alteram
2656 5472 2891 5525 vincere.
2919 5489 2938 5520 ι
2971 5470 3102 5523 Cum
3135 5467 3375 5526 Julianus

1780 5559 2144 5620 continentia:
2164 5562 2423 5615 cultorem
2465 5565 2831 5630 profiteretur,
2856 5572 2969 5616 erat
2997 5562 3139 5618 enim
3171 5563 3362 5632 episco-

1797 5664 1914 5718 pus.
1958 5649 2280 5708 irt'idcbatur
2300 5655 2366 5707 ab
2391 5656 2684 5722 Augustino
2707 5657 2845 5726 quod
2881 5656 3116 5713 libidinis
3137 5659 3374 5718 laudato-

1795 5758 1908 5799 rem
1935 5759 2114 5815 ageret
2149 5765 2157 5800 :
2194 5767 2208 5798 ι
2243 5748 2330 5802 Vir
2377 5747 2692 5806 fortissimus
2727 5759 3108 5810 nocturnorum
3140 5758 3235 5812 etsi
3271 5773 3373 5814 non
