3892 6302
535 322 633 374 007

1458 323 2012 380 SUPPLEMENTUM
2054 323 2144 378 AD
2183 323 2410 383 OPBllA
2450 327 2507 383 S.
2552 327 2941 388 AUGUSTINL

3705 344 3806 402 608

528 433 960 502 administrator,
994 445 1154 492 certe
1179 435 1510 500 exhortator,
1545 438 1970 506 praedicatorque
2009 435 2120 488 bel-
2150 437 2197 494 Α
2229 435 2516 506 Pra-tcrea,
2570 443 2658 496 lib.
2699 460 2747 497 tv
2793 445 3036 514 ejusdem
3077 450 3277 516 operis,
3305 465 3426 519 cap.
3473 453 3579 508 4!:
3619 473 3641 506 ς
3668 455 3803 514 Ecce

529 526 722 580 lorum.
746 546 764 576 ι
794 525 910 580 Lib.
939 541 994 591 ν,
1025 542 1142 595 cap.
1176 528 1229 580 7.
1253 529 1419 592 Quem
1454 537 1630 580 tamen
1656 528 1722 581 ad
1749 541 1866 580 eam
1898 543 2110 595 pravam

525 617 844 670 sententiam
893 617 1267 680 deponendam
1322 617 1682 670 hortabatur:
1722 639 1738 666 ε
1765 616 1913 685 Rogo
1964 627 2034 680 te,
2069 617 2113 670 si

525 706 690 762 libido
712 709 834 772 ista,
863 717 920 760 ut
949 708 1243 770 credimus,
1266 708 1434 760 solam
1466 708 1559 760 libi
1592 709 1785 777 ingerit
1811 710 2114 762 nt-ilestiam

524 798 834 859 resistendi,
869 799 1068 851 nullam
1113 812 1242 850 vero
1269 798 1490 852 exhibet
1537 799 1886 867 voluptatem,
1934 815 2034 853 cur
2062 800 2113 853 ei

523 890 763 956 quamvis
788 889 932 942 falsa:
957 901 1062 942 tam
1092 904 1336 958 magnam
1363 891 1535 944 laudis
1569 892 1981 958 persolvendam
2016 909 2112 960 pu-

523 989 602 1034 tas
655 995 776 1035 esse
823 981 1168 1034 mercedem?
1206 999 1224 1032 ι
1260 981 1378 1035 Lib.
1438 997 1495 1035 ιιι
1545 983 1736 1048 ()pcris
1788 983 2110 1051 imperfecti,

520 1090 640 1141 cap.
669 1075 758 1136 7G,
786 1075 988 1128 addens
1007 1090 1127 1140 cap.
1147 1075 1248 1127 87:
1284 1093 1300 1125 ι
1328 1075 1569 1144 Nunquid
1593 1075 1716 1129 idco
1745 1086 1794 1130 te
1827 1075 1944 1143 plus
1965 1090 2113 1128 ama-

520 1167 630 1219 bit?
663 1167 888 1219 Prorsus
935 1167 1167 1220 falleris:
1201 1167 1289 1220 illa
1350 1181 1454 1219 non
1501 1176 1644 1219 amat
1694 1166 1987 1231 liniuiuem,
2015 1167 2110 1220 sed

519 1260 678 1328 plane
707 1262 966 1323 stimulat,
1002 1270 1059 1313 ut
1081 1272 1226 1314 amet
1253 1263 1394 1329 quod
1422 1277 1603 1315 amare
1637 1279 1742 1315 non
1773 1264 1953 1317 debet.
1978 1283 1996 1314 ι

589 1350 815 1420 Utrique
845 1353 1014 1404 sancti
1061 1353 1342 1419 Augustini
1375 1363 1688 1420 argumento
1713 1353 1982 1421 duplicem
2018 1370 2108 1408 rc-

520 1446 866 1512 sponsionem
907 1446 1196 1511 repositam
1230 1445 1406 1499 video.
1445 1447 1496 1500 ln
1533 1448 1716 1513 primis
1743 1448 1992 1502 Julianus
2021 1449 2105 1500 di-

517 1536 670 1587 cebat
707 1535 815 1589 duo
850 1536 898 1586 iit
930 1536 1362 1602 concupiscentia
1413 1537 1787 1605 distinguenda
1821 1555 1982 1592 esse:
2015 1555 2107 1592 na-

517 1627 745 1680 turalem
777 1629 907 1695 vim,
942 1636 998 1681 et
1025 1628 1345 1695 prauitatem
1379 1628 1442 1682 ad
1487 1630 1720 1697 Speciem
1755 1647 1847 1698 per
1884 1647 2108 1700 genera-

515 1717 718 1776 tionem
769 1721 1190 1788 propagandam,
1245 1731 1300 1773 et
1349 1736 1632 1775 excessum
1679 1721 1945 1790 ejusdem,
1997 1740 2102 1791 quo

2217 542 2344 597 ergo
2374 531 2508 586 dicis
2544 533 2708 588 Deum
2742 535 2796 590 in
2828 536 3043 592 homine
3073 539 3290 594 modum
3337 542 3635 598 instituisse
3683 546 3803 606 libi-

2220 618 2364 685 dini;
2399 639 2495 676 rur
2529 627 2580 678 in
2607 641 2670 678 eo
2702 627 2861 682 modo
2907 643 3010 682 non
3043 640 3169 694 stat,
3200 632 3252 685 in
3284 647 3387 702 quo
3421 642 3507 687 est
3546 636 3804 694 divinitus

2218 711 2480 782 instituta,
2515 718 2608 771 sed
2641 734 2784 784 eum,
2816 720 2920 774 nisi
2950 733 3284 787 coerceatur,
3314 727 3633 793 egreditur?
3657 729 3802 794 Quo-

2216 809 2377 861 modo
2421 824 2548 879 ergo
2595 812 2789 866 bonum
2822 814 3037 879 dicitur,
3062 831 3180 883 qtue
3232 828 3387 885 urget
3430 829 3486 874 et
3530 825 3805 888 compellit

2218 896 2488 952 hominem
2521 900 2699 956 facere
2729 903 2963 956 malum?
2986 923 3004 955 ι
3041 906 3104 958 Et
3134 909 3405 962 concludit
3437 927 3449 962 :
3490 930 3506 960 t
3539 911 3804 967 Excessus

2219 986 2440 1052 proinde
2467 988 2705 1043 libidinis
2736 992 2786 1044 in
2819 1003 3039 1058 peccato
3071 1005 3176 1058 est,
3207 997 3302 1050 sed
3346 998 3506 1051 etiam
3541 1001 3801 1066 impulsus

2217 1077 2535 1142 incrimine,
2568 1099 2587 1130 ι
2617 1097 2809 1149 nempe
2857 1085 2988 1138 vitio
3015 1101 3113 1152 per
3155 1087 3374 1140 modum
3425 1087 3670 1143 habitus.
3703 1091 3801 1146 Sed

2217 1181 2312 1220 nec
2343 1167 2509 1222 altera
2551 1172 2827 1236 responsio
2857 1173 3069 1238 probari
3101 1182 3300 1240 p0test.
3350 1175 3482 1229 Nam
3516 1177 3801 1244 imperfec-

2216 1257 2290 1310 tio
2315 1259 2563 1312 consistit
2594 1260 2645 1313 in
2683 1262 2983 1329 privatione
3012 1279 3075 1318 ac
3095 1267 3335 1320 carentia
3366 1268 3718 1335 perfectionis
3756 1280 3804 1335 et

2214 1349 2555 1411 actualitatis,
2585 1351 2668 1404 vis
2697 1361 2879 1406 autem
2909 1355 3363 1423 concupiscentiae
3406 1358 3697 1426 impulsiva
3739 1362 3800 1414 ad

2215 1439 2413 1492 malum
2461 1444 2691 1510 explicat
2739 1443 3050 1500 validiorem
3090 1448 3499 1514 causalitatem;
3531 1452 3681 1505 unde
3709 1467 3798 1505 nc-

2213 1531 2330 1598 quit
2356 1533 2608 1586 constitui
2654 1535 2706 1588 itt
2762 1535 2878 1589 sola
2921 1537 3240 1606 privatione,
3269 1557 3388 1608 qua:
3440 1543 3580 1596 nihil
3631 1555 3799 1612 potest

2211 1637 2435 1678 enusare
2481 1624 2796 1691 efﬁcienter,
2827 1627 2921 1682 sed
2954 1638 3010 1684 ut
3040 1645 3204 1699 purus
3235 1642 3439 1688 tantum
3479 1638 3746 1692 terminus
3771 1656 3799 1691 ιι

2211 1729 2329 1777 quo,
2360 1723 2416 1767 ut
2442 1715 2636 1770 docent
2667 1718 3018 1774 Aristotelici.
3047 1721 3247 1788 Quare,
3280 1725 3437 1778 sicuti
3483 1727 3706 1782 habitus
3727 1730 3799 1782 vi-

513 1812 675 1865 etiam
701 1811 764 1863 ad
798 1811 1080 1866 inhonesta
1104 1820 1159 1867 et
1185 1813 1365 1865 illicita
1397 1812 1640 1866 homines
1669 1815 1940 1882 prejiellit.
1972 1815 2103 1868 lllud
2140 1801 2179 1858 Β
2213 1809 2402 1870 llOSUS.
2431 1824 2538 1878 quo
2567 1810 2840 1865 enicacms
2879 1822 3059 1867 ηὶονθι
3104 1818 3171 1866 ad
3208 1826 3361 1869 301115
3390 1832 3614 1885 Ρΐίινοεν
3641 1820 3799 1888 maio-

513 1903 742 1969 primum
801 1917 925 1957 esse
981 1904 1206 1966 bonum,
1252 1904 1450 1957 donum
1513 1905 1632 1968 Dei,
1679 1906 1965 1970 laudabile,
2010 1922 2109 1961 nec

512 1995 790 2046 materiem
823 1994 1079 2061 pudoris;
1115 1995 1214 2048 hoc
1239 2011 1368 2048 vero
1394 1997 1621 2050 alterum
1646 2012 1767 2050 esse
1799 1998 1922 2066 qttid
1956 1999 2108 2051 vitio-

512 2100 630 2138 sum
673 2099 737 2139 ac
767 2086 1141 2153 vituperabile.
1179 2088 1328 2141 llauc
1353 2088 1554 2142 Juliani
1588 2091 1992 2156 responsionem
2024 2105 2108 2144 se-

512 2184 668 2228 cutus
714 2184 797 2228 est
843 2175 1129 2230 Moraines.
1163 2176 1264 2229 Alii
1302 2191 1432 2230 vero
1464 2179 1812 2238 recentiores,
1844 2193 1964 2232 cum
2014 2193 2106 2232 ens

511 2267 708 2332 pudeat
740 2266 934 2320 Juliani
978 2268 1154 2320 verbis
1186 2266 1353 2335 loqui,
1382 2267 1486 2320 alia
1518 2269 1597 2319 via
1633 2269 1864 2321 evadere
1907 2283 2106 2322 conan-

513 2365 642 2408 tur:
677 2357 860 2410 dicunt
909 2359 1392 2424 concupiscentiam
1443 2372 1564 2411 esse
1613 2359 1812 2411 donum
1871 2360 1996 2424 Del;
2051 2371 2106 2411 at

509 2461 630 2498 cum
663 2447 836 2512 aliqua
872 2446 1300 2513 imper-lectione,
1330 2462 1448 2500 cum
1468 2463 1627 2500 oume
1649 2456 1887 2501 creatum
1912 2450 1983 2501 sit
2012 2449 2104 2501 de.

511 2536 844 2600 fectuosum;
879 2537 1190 2606 pudicitiam
1241 2549 1420 2591 autem
1473 2554 1711 2608 pugnare
1758 2549 1945 2593 contra
2000 2540 2099 2593 im-

511 2627 866 2696 perfectiones
918 2629 1395 2697 concup‘scentiw,
1451 2647 1512 2682 ac
1562 2630 1767 2684 eisdem
1826 2633 2102 2696 resistere,

511 2720 699 2773 harum
728 2721 1072 2784 erubescere,
1098 2721 1166 2775 de
1208 2721 1288 2775 his
1329 2721 1606 2776 confundi.
1641 2721 1719 2775 Ex
1753 2721 1853 2776 his.
1886 2723 2105 2777 tradunt

512 2826 617 2864 non
651 2810 836 2865 inferri
882 2812 1084 2866 malum
1133 2826 1252 2866 esse
1281 2811 1333 2866 id
1381 2813 1467 2866 cui
1515 2813 1952 2882 imperfectioues
2000 2815 2104 2868 illa:

511 2915 770 2956 connexa:
814 2913 960 2967 sunt,
990 2904 1144 2956 sicuti
1191 2907 1438 2957 voluntas
1465 2912 1548 2957 est
1589 2906 1877 2973 peccabilis
1923 2906 1994 2960 ob
2020 2908 2103 2961 sui

512 2992 998 3060 imperfectioncm,
1029 2997 1155 3063 quia
1204 3005 1288 3049 est
1328 3011 1394 3049 ex
1439 2997 1626 3060 nihilo,
1657 3007 1713 3050 et
1763 3008 1944 3054 tamen
1997 3016 2101 3053 non

511 3082 892 3148 confundimur
936 3084 1004 3138 de
1037 3085 1146 3147 illa,
1179 3099 1356 3153 neque
1406 3087 1635 3139 dicimus
1687 3093 1932 3143 eamdem
1984 3105 2104 3146 esse

2214 1919 2326 1956 rem
2367 1904 2498 1957 dicit
2529 1905 2884 1975 intcnsioncm
2915 1921 3028 1962 sua:
3077 1909 3335 1975 entitatis,
3372 1911 3443 1964 ita
3472 1912 3643 1966 etiam
3687 1929 3799 1967 con-

2212 1993 2570 2061 cupiscentia,
2599 2011 2704 2066 quo
2730 1997 2999 2064 potentius
3029 1999 3224 2051 excitat
3251 2000 3322 2053 ad
3351 2010 3504 2056 actus
3534 2018 3798 2071 quoscun-

2209 2101 2314 2153 que
2344 2086 2678 2149 inltonestos,
2702 2087 2957 2157 majorem
2985 2089 3339 2146 intensionem
3375 2109 3488 2147 sua:
3514 2097 3793 2150 actualita.

2211 2179 2280 2232 tis
2323 2179 2584 2234 ostendit.
2616 2180 2881 2235 Praeterea
2925 2182 3112 2236 eadem
3162 2185 3445 2252 reSponsio
3491 2187 3796 2242 refellitur:

2208 2271 2333 2337 quia
2359 2271 2534 2324 omnis
2557 2270 2728 2324 virtus
2754 2286 2851 2326 seu
2889 2273 3068 2341 passio
3097 2275 3355 2328 naturalis
3405 2275 3572 2330 habet
3600 2279 3799 2347 aliquos

2206 2369 2386 2414 motus
2419 2361 2608 2425 honos,
2641 2361 2768 2417 inde
2793 2364 2937 2416 enim
2959 2362 3169 2418 bonitas
3209 2373 3413 2420 natura:
3442 2381 3474 2419 a
3517 2369 3794 2434 posteriori

2207 2451 2580 2520 cognoscitur;
2605 2462 2660 2505 at
2680 2453 3118 2519 concupiscentia
3143 2456 3316 2510 nullos
3342 2467 3495 2512 actus
3526 2459 3704 2514 bonos
3725 2459 3796 2514 ha-

2208 2543 2317 2606 bet,
2349 2551 2406 2595 ttt
2433 2543 2624 2611 probat
2670 2545 3000 2613 Augustinus
3045 2545 3138 2602 lib.
3187 2564 3239 2602 tv
3268 2559 3455 2602 contra
3510 2550 3793 2615 lulianum,

2206 2644 2327 2698 cap.
2358 2632 2422 2698 2;
2459 2649 2577 2687 nam
2608 2635 2662 2688 in
2691 2638 2892 2690 sanctis
2913 2639 3315 2694 continentibus
3355 2643 3792 2710 concupiscentia

2209 2723 2384 2778 nullos
2411 2736 2561 2778 actus
2605 2726 2776 2780 bonos
2824 2728 3034 2782 exerit:
3074 2746 3092 2778 ι
3124 2729 3260 2795 Quid
3289 2745 3438 2800 ergo,
3475 2732 3680 2800 inquit,
3705 2734 3793 2786 illic

2209 2813 2338 2881 agit,
2365 2816 2454 2868 ubi
2507 2816 2704 2870 malum
2753 2827 2834 2871 est
2881 2819 3137 2887 quidquid
3168 2821 3296 2887 agit,
3327 2836 3388 2873 ac
3414 2823 3458 2875 si
3492 2822 3542 2876 ei
3576 2838 3794 2878 consen-

2211 2904 2372 2956 tiatur
2393 2913 2449 2958 et
2475 2907 2714 2974 peragit?
2754 2908 2891 2972 Quid
2942 2909 3012 2964 ibi
3043 2913 3152 2978 agit
3197 2913 3312 2965 lucc
3341 2913 3790 2980 concupiscentia,

2205 2992 2296 3044 ubi
2329 2994 2459 3046 nittil
2501 2995 2630 3048 boni
2682 2999 3079 3066 concupiscitur
3108 3015 3174 3054 ex
3223 3002 3349 3055 illa?
3394 3003 3534 3068 Quid
3589 3007 3665 3060 ibi
3697 3010 3791 3075 agit

2211 3083 2396 3154 libido,
2449 3086 2538 3140 ubi
2586 3088 2718 3142 nihil
2767 3089 2893 3144 boni
2946 3091 3136 3146 libebit
3183 3107 3249 3146 ex
3300 3093 3472 3147 illa?»
3531 3096 3685 3167 Lege
3727 3098 3788 3152 ibi

513 3173 709 3224 malam
741 3184 793 3226 et
824 3172 1014 3225 vitium
1047 3175 1312 3228 naturale.
1347 3175 1452 3230 Sed
1482 3191 1668 3230 neutra
1703 3182 1982 3246 reSpousio
2011 3197 2098 3235 sa-
2126 3174 2170 3233 C
2207 3176 2380 3244 plura.

513 3264 582 3316 tis
600 3273 684 3316 est
703 3263 768 3317 ad
798 3262 1187 3330 infringendam
1208 3265 1311 3317 vim
1339 3277 1772 3335 argumentorum
1790 3272 2093 3339 Augustini.

511 3355 746 3410 Primum
779 3355 977 3411 Juliani
1009 3371 1074 3410 ac
1102 3357 1346 3412 Morainii
1382 3373 1697 3428 responsum
1735 3377 1878 3432 sa-pe
1908 3365 2098 3419 refellit

509 3457 730 3504 sanctus
773 3449 982 3504 doctor.
1037 3451 1153 3506 Lib.
1193 3468 1226 3504 v
1269 3461 1458 3506 contra
1504 3452 1806 3527 lulianum,
1838 3472 1959 3527 cap.
2018 3460 2093 3513 7:

510 3561 534 3594 ς
562 3543 700 3609 Quid
727 3544 890 3608 enim,
924 3545 1116 3614 inquit,
1152 3555 1203 3601 te
1239 3547 1476 3617 adjuvat,
1509 3550 1648 3618 quod
1701 3550 2096 3618 reprehendere

511 3635 710 3691 videris
737 3637 852 3707 ejus
882 3652 1184 3706 excessum,
1213 3641 1368 3707 cujus
1395 3643 1662 3709 approbas
1689 3645 1926 3697 motum?
1949 3645 2098 3701 Tunc

509 3730 654 3785 enim
686 3730 896 3785 excedit
941 3731 1145 3785 licitum
1198 3732 1442 3800 limitem,
1475 3735 1688 3802 quando
1717 3735 1835 3804 ejus
1864 3736 2096 3791 motibus

509 3822 737 3886 ceditur,
771 3823 894 3891 quia
940 3824 1082 3876 malo
1129 3821 1421 3887 resistitur,
1471 3839 1536 3877 ne
1584 3825 1782 3878 bonum
1832 3829 2097 3883 caStitatis

512 3916 762 3977 intereat,
793 3914 834 3964 si
871 3912 994 3964 huic
1024 3919 1166 3965 malo
1189 3927 1293 3964 non
1319 3914 1615 3968 resistatur.
1645 3934 1664 3967 ι
1700 3920 1868 3973 Acate
1897 3938 1908 3972 :
1933 3919 2099 3991 siqui.

509 4005 633 4057 dem
657 4010 738 4056 cst
781 4003 914 4056 mala
936 4015 1001 4054 eo
1029 4001 1145 4070 ipso
1169 4004 1309 4070 quod
1343 4003 1407 4055 ad
1442 4005 1639 4058 malum
1683 4008 1945 4076 impellit;
1983 4012 2097 4066 hate

507 4095 654 4149 cnim
695 4102 778 4147 est
821 4095 1119 4162 proprietas
1149 4095 1365 4149 habitus
1397 4098 1591 4163 vitiosi,
1618 4099 1874 4155 inclinare
1904 4104 1969 4156 ad
1997 4119 2097 4157 ac-

512 4197 638 4241 tum
672 4186 891 4240 malum.
925 4185 1058 4238 lliuc
1097 4185 1304 4254 optimo
1335 4189 1457 4257 jure
1491 4189 1547 4242 P.
1583 4190 1797 4246 Macedo
1847 4196 2096 4262 exemplo

511 4275 725 4330 habitus
751 4274 948 4339 vitiosi,
967 4291 1125 4343 quem
1155 4275 1379 4341 Suarez,
1404 4278 1542 4346 disp.
1578 4278 1649 4334 Η
1676 4283 1931 4350 Metaph.,
1959 4295 2092 4337 sect.

505 4368 600 4434 55,
630 4384 777 4423 num.
807 4369 896 4436 clli,
927 4379 1083 4437 negat
1114 4385 1270 4435 posse
1300 4388 1327 4423 a
1360 4372 1466 4425 Deo
1507 4376 1722 4442 produci
1763 4376 1816 4428 in
1859 4376 2093 4444 homine,

505 4464 635 4529 quia
661 4464 798 4516 Deus
824 4478 886 4516 ea
929 4463 1133 4516 ratione
1169 4462 1457 4518 inclinaret
1479 4467 1545 4520 ad
1592 4468 1809 4532 malum,
1843 4470 2091 4524 eumdem

2211 3323 2216 3326 _
2275 3265 2429 3322 Dices
2468 3279 2684 3323 sanctos
2721 3272 3058 3328 continentes
3094 3274 3159 3328 ad
3191 3275 3448 3343 majorem
3503 3277 3789 3346 perfectio-

2202 3372 2321 3410 nem
2349 3358 2652 3416 voluntarie
2694 3363 2798 3416 sibi
2848 3365 3168 3422 interdiCere
3212 3380 3363 3422 actus
3394 3371 3571 3425 bonos
3601 3387 3789 3427 concu-

2204 3449 2500 3516 piscentiae,
2532 3467 2672 3521 quos
2697 3469 2865 3508 uxore
2903 3455 3060 3509 ducta
3094 3470 3310 3524 possent
3340 3459 3486 3514 licite
3515 3475 3785 3518 exercete.

2205 3541 2356 3598 llanc
2379 3545 2788 3612 responsionem
2819 3548 2996 3615 capite
3029 3548 3120 3601 illo
3145 3551 3388 3605 secundo
3419 3554 3671 3621 explodit
3693 3557 3788 3609 Au-

2199 3634 2444 3700 gustinus
2473 3635 2661 3690 dicens
2681 3655 2693 3688 :
2715 3637 3002 3692 «Pudicitia
3034 3639 3326 3708 conjugalis
3349 3642 3655 3700 inhiantem
3670 3661 3788 3702 eon-

2202 3725 2583 3794 cupiscentiam
2631 3729 2746 3782 sive
2771 3728 2841 3782 de
2869 3730 3053 3784 illicito
3099 3733 3212 3785 sive
3241 3733 3308 3786 de
3339 3734 3484 3788 licito
3517 3737 3788 3807 percipere

2201 3819 2550 3886 voluptatem,
2590 3819 2761 3875 lrenat
2791 3819 2860 3874 ab
2905 3821 3116 3887 illicito,
3153 3823 3413 3890 permittit
3440 3826 3508 3880 ad
3547 3828 3782 3890 licitum;

2203 3909 2305 3963 hoc
2332 3919 2416 3964 est
2444 3911 2663 3978 bonum,
2691 3927 2796 3966 non
2845 3922 3025 3968 tamen
3073 3915 3213 3982 ejus,
3247 3915 3342 3969 sed
3396 3916 3541 3972 bene
3595 3920 3786 3973 utentis

2201 4002 2527 4055 bouumest.
2560 4003 2712 4069 Quod
2768 4013 2948 4060 autem
3006 4008 3119 4075 ipsa
3171 4010 3614 4076 concupiscentia
3671 4013 3784 4066 facit

2201 4093 2313 4158 sive
2338 4093 2402 4147 ad
2435 4093 2638 4148 licitum
2667 4095 2781 4150 sive
2806 4097 2873 4149 ad
2907 4098 3146 4154 illicitum
3172 4099 3549 4158 ittdiﬂerenter
3577 4103 3778 4168 ardere.

2199 4186 2385 4255 utique
2416 4190 2613 4241 malum
2642 4200 2744 4245 est.
2780 4191 2890 4244 lloc
2933 4192 3110 4261 itaque
3143 4195 3287 4249 malo
3331 4197 3468 4251 bene
3495 4199 3671 4253 utitur
3696 4214 3777 4267 puo

2204 4276 2384 4329 dicitia
2443 4280 2765 4349 conjugatis.
2801 4302 2819 4332 ι
2856 4281 2922 4335 Ει
2969 4283 3180 4352 quidem
3215 4287 3408 4354 ubique
3462 4289 3781 4358 Augustinus

2199 4377 2508 4424 constanter
2532 4372 2714 4426 docuit
2739 4372 2994 4444 conjugcs
3023 4377 3159 4431 bene
3187 4378 3268 4431 uti
3290 4380 3448 4435 malo.
3478 4380 3637 4448 Quod
3671 4398 3782 4436 rur-

2200 4473 2293 4515 sus
2323 4461 2442 4514 inde
2466 4461 2732 4531 probavit,
2763 4468 2885 4533 quia
2921 4469 3359 4536 concupiscentia
3406 4471 3460 4526 in
3489 4474 3780 4543 conjugatis

507 4558 786 4612 doctorem
872 4557 1069 4624 premit
1145 4557 1535 4613 concedentem
1605 4561 2093 4628 concupiscentiam
2129 4549 2524 4621 Dimpellilad
2574 4557 3021 4620 Illalttm.ex0ilal
3066 4559 3118 4613 in
3167 4557 3398 4616 feminas
3427 4572 3779 4632 Ρῐδωςηδηιεε,

513 4661 673 4713 posse
699 4659 726 4695 a
764 4646 870 4695 lteo
916 4643 968 4696 in
995 4640 1218 4694 homine
1249 4643 1300 4693 ιιι
1341 4651 1482 4697 statu
1533 4653 1733 4698 natura:
1782 4661 1925 4714 pura:
1974 4663 2096 4715 pro-

509 4738 656 4793 duci.
695 4737 980 4800 l’razterea,
1015 4734 1106 4789 lib.
1163 4749 1232 4799 ιν,
1279 4749 1399 4803 cap.
1453 4736 1539 4800 14,
1573 4736 1716 4790 idem
1767 4740 2096 4807 Augustznus

513 4831 586 4882 ait
617 4847 629 4884 :
663 4848 681 4879 ι
715 4828 782 4880 Ut
811 4845 914 4882 non
944 4827 1028 4879 fiat
1063 4826 1262 4881 malum
1293 4826 1610 4889 excedendi,
1635 4828 1992 4883 resistendum
2016 4842 2098 4886 est

516 4919 658 4973 malo
707 4919 1142 4986 CttttCttpiscetldl.
1177 4920 1290 4974 Duo
1336 4933 1474 4988 ergo.
1517 4919 1652 4973 mala
1684 4933 1828 4985 sunt,
1866 4937 2094 4992 quorum

515 5024 677 5063 unum
727 5008 1005 5073 habemus,
1038 5011 1267 5066 alterum
1314 5010 1555 5077 facimus,
1587 5012 1633 5066 si
1664 5011 1712 5066 ei
1744 5029 1847 5066 nou
1893 5015 2097 5068 resisti-

516 5119 657 5167 mus,
686 5103 824 5168 quod
875 5103 1158 5158 habemus.
1185 5105 1367 5160 i,ltem
1419 5107 1529 5161 lib.‘
1565 5123 1640 5177 tu,
1691 5125 1810 5175 cap.
1856 5110 1946 5174 ‘20,
1979 5113 2092 5167 ait:

522 5218 542 5251 ι
569 5196 771 5253 Deinde
798 5196 991 5264 incipis
1025 5199 1298 5264 disputare
1343 5200 1410 5252 de
1454 5218 1679 5256 excessu
1709 5203 2094 5272 concupiscen-

515 5295 625 5359 tite,
657 5301 814 5359 quem
849 5287 1324 5356 reprehensihilem
1367 5289 1524 5358 dicis,
1558 5294 1708 5359 quasi
1753 5294 1810 5347 in
1838 5297 1954 5363 ejus
1979 5312 2096 5350 mo-

501 5385 814 5457 deratione,
849 5397 970 5437 cum
1015 5396 1080 5434 ea
1132 5381 1270 5436 bene
1323 5394 1490 5437 utitur
1537 5385 1878 5453 conjugatus,
1929 5399 2098 5457 equus

516 5480 653 5545 ipse,
677 5481 762 5546 qui
789 5454 1096 5542 inalusest,
1122 5485 1178 5530 et
1203 5492 1309 5531 non
1342 5479 1516 5545 potius
1541 5479 1610 5532 sit
1639 5479 1755 5547 ejus
1783 5481 1962 5548 auriga
1987 5481 2099 5534 Iau-

514 5567 747 5623 dandus.
777 5587 796 5620 ι
835 5569 967 5624 llinc
998 5566 1136 5622 idem
1164 5568 1341 5636 Pater,
1373 5570 1468 5624 lib.
1493 5585 1510 5623 ι
1537 5572 1731 5638 Operis
1776 5572 2094 5640 imperfecti,

515 5672 639 5723 cap.
669 5659 757 5720 70,
806 5663 991 5716 scribit
1020 5681 1032 5714 :
1063 5681 1081 5713 ‹
1107 5662 1166 5717 Si
1195 5663 1246 5718 ei
1288 5663 1577 5730 censentis,
1625 5667 1822 5720 malum
1871 5682 2098 5738 agnosce

522 5747 823 5823 peccando;
854 5753 897 5804 si
926 5753 974 5806 ci
1005 5754 1234 5818 resist‘s,
1256 5756 1464 5811 malum
1495 5772 1726 5826 agnosce
1758 5763 2088 5829 pugnando.»

2195 4659 2256 4700 et
2280 4648 2332 4702 in
2361 4665 2519 4704 omne
2549 4651 2890 4705 libidinosum
2922 4668 3058 4718 opus
3101 4655 3348 4723 insurgit.
3394 4673 3412 4706 ι
3445 4656 3554 4710 Νοιι
3579 4658 3782 4724 impor-

2203 4751 2351 4810 tune,
2380 4744 2454 4796 ait
2487 4744 2707 4811 ibidem,
2740 4746 2790 4799 in
2821 4747 3124 4816 conjugatis
3153 4763 3274 4802 esse
3295 4750 3521 4804 dicatur.
3552 4749 3608 4803 Si
3638 4751 3780 4805 enim

2201 4849 2472 4890 summum
2512 4838 2724 4892 culmen
2755 4839 2997 4893 obtinent
3042 4842 3310 4909 pudicitia:
3355 4843 3678 4913 conjugalis,
3713 4846 3779 4894 fa-

2203 4928 2352 4982 ciunt
2383 4930 2504 4982 botti
2549 4929 2746 5000 aliquid
2790 4945 2885 4999 per
2935 4932 3104 4996 illam,
3138 4934 3386 5002 quamvis
3428 4937 3559 4989 nihil
3595 4935 3778 4989 faciant

2207 5031 2426 5088 propter
2474 5021 2642 5075 illam.
2669 5041 2690 5072 ι
2741 5026 2884 5076 Sane
2921 5037 3180 5093 nusquam
3227 5035 3443 5080 sanctus
3473 5025 3665 5080 doctor
3696 5040 3777 5078 vo-

2193 5113 2342 5166 cavit
2392 5115 2885 5182 concupiscentiam
2939 5117 3158 5184 honnm,
3193 5119 3288 5173 sed
3342 5120 3540 5189 ubique
3591 5120 3777 5173 malum

2201 5207 2353 5267 dixit,
2383 5217 2439 5259 ut
2471 5207 2623 5274 plane
2665 5209 2888 5263 evidens
2917 5211 3010 5263 fiat
3055 5212 3349 5266 secundum
3397 5213 3667 5280 propriam
3697 5226 3776 5266 es-

2199 5299 2428 5353 sentiam
2487 5314 2606 5353 esse
2655 5302 2872 5367 malam,
2924 5317 3031 5355 non
3078 5317 3204 5356 vero
3249 5303 3545 5357 secundum
3595 5304 3776 5370 imper-

2190 5392 2487 5446 t'ectionem
2534 5405 2821 5460 annexam,
2856 5402 2911 5447 ut
2959 5394 3289 5449 recentiores
3321 5394 3396 5448 illi
3429 5396 3773 5449 contendunt.

2192 5484 2316 5537 ’lmo
2345 5485 2541 5552 smpius
2589 5493 2744 5553 urget
2791 5492 2978 5538 contra
3011 5484 3306 5550 lulianum,
3338 5485 3573 5541 admissa
3619 5482 3774 5539 semel

2198 5575 2635 5642 concupiscentia
2659 5590 2722 5629 ex
2756 5575 2926 5643 prima
2969 5573 3197 5630 hominis
3228 5577 3580 5644 productione
3608 5575 3773 5630 eidem

2203 5669 2430 5732 inserta,
2463 5665 2876 5720 Manichteorum
2905 5665 3152 5720 haresim
3186 5667 3514 5736 promoveri,
3545 5667 3631 5737 qui
3659 5679 3772 5719 cum

2204 5761 2691 5830 concupiscentiam
2741 5775 2860 5815 esse
2901 5761 3094 5815 malum
3147 5762 3375 5827 videant,
3414 5777 3588 5832 neque
3636 5760 3768 5814 Deus
