  <div class='ocr_page' id='page_1' title='image "/cluster/home/n/w/nwhite01/storage/ocr_20150623/47/uva.x000827107/312.png"; bbox 0 0 3892 6332; ppageno 0'>
   <div class='ocr_carea' id='block_1_1' title="bbox 88 350 188 407">
    <p class='ocr_par' dir='ltr' id='par_1_1' title="bbox 88 350 188 407">
     <span class='ocr_line' id='line_1_1' title="bbox 88 350 188 407; baseline 0.04 -3"><span class='ocrx_word' id='word_1_1' title='bbox 88 350 188 407; x_wconf 81' lang='grc'>609</span> 
     </span>
    </p>
   </div>
   <div class='ocr_carea' id='block_1_2' title="bbox 1279 336 2297 405">
    <p class='ocr_par' dir='ltr' id='par_1_2' title="bbox 1279 336 2297 405">
     <span class='ocr_line' id='line_1_2' title="bbox 1279 336 2297 405; baseline -0.006 -1"><span class='ocrx_word' id='word_1_2' title='bbox 1279 344 1596 405; x_wconf 74' lang='lat' dir='ltr'><strong>VlNDlCUE</strong></span> <span class='ocrx_word' id='word_1_3' title='bbox 1640 340 2197 401; x_wconf 71' lang='lat' dir='ltr'><strong>AUGUSTINIAN/E.</strong></span> <span class='ocrx_word' id='word_1_4' title='bbox 2292 336 2297 341; x_wconf 63' lang='grc'><em>’</em></span> 
     </span>
    </p>
   </div>
   <div class='ocr_carea' id='block_1_3' title="bbox 3274 354 3377 410">
    <p class='ocr_par' dir='ltr' id='par_1_3' title="bbox 3274 354 3377 410">
     <span class='ocr_line' id='line_1_3' title="bbox 3274 354 3377 410; baseline 0.039 -3"><span class='ocrx_word' id='word_1_5' title='bbox 3274 354 3377 410; x_wconf 77' lang='lat' dir='ltr'><strong>(ilo</strong></span> 
     </span>
    </p>
   </div>
   <div class='ocr_carea' id='block_1_4' title="bbox 86 456 3372 535">
    <p class='ocr_par' dir='ltr' id='par_1_4' title="bbox 86 456 3372 535">
     <span class='ocr_line' id='line_1_4' title="bbox 86 456 3372 535; baseline 0 -15"><span class='ocrx_word' id='word_1_6' title='bbox 86 468 254 520; x_wconf 84' lang='lat' dir='ltr'><strong>bonus</strong></span> <span class='ocrx_word' id='word_1_7' title='bbox 303 464 434 517; x_wconf 90' lang='lat' dir='ltr'><strong>mali</strong></span> <span class='ocrx_word' id='word_1_8' title='bbox 484 472 667 519; x_wconf 86' lang='lat' dir='ltr'><strong>auctor</strong></span> <span class='ocrx_word' id='word_1_9' title='bbox 712 463 872 517; x_wconf 91' lang='lat' dir='ltr'><strong>statui</strong></span> <span class='ocrx_word' id='word_1_10' title='bbox 930 462 1102 532; x_wconf 83' lang='lat' dir='ltr'><strong>possit</strong></span> <span class='ocrx_word' id='word_1_11' title='bbox 1125 480 1161 527; x_wconf 56' lang='grc' dir='ltr'>,ι</span> <span class='ocrx_word' id='word_1_12' title='bbox 1191 462 1369 515; x_wconf 89' lang='lat' dir='ltr'><strong>statim</strong></span> <span class='ocrx_word' id='word_1_13' title='bbox 1421 461 1680 513; x_wconf 84' lang='lat' dir='ltr'><strong>inducunt</strong></span> <span class='ocrx_word' id='word_1_14' title='bbox 1710 463 1757 520; x_wconf 74' lang='grc' dir='ltr'>Α</span> <span class='ocrx_word' id='word_1_15' title='bbox 1788 458 1959 527; x_wconf 89' lang='lat' dir='ltr'><strong>prima</strong></span> <span class='ocrx_word' id='word_1_16' title='bbox 1982 458 2336 527; x_wconf 87' lang='lat' dir='ltr'><strong>productione</strong></span> <span class='ocrx_word' id='word_1_17' title='bbox 2367 456 2564 511; x_wconf 80' lang='lat' dir='ltr'><strong>homini</strong></span> <span class='ocrx_word' id='word_1_18' title='bbox 2596 458 2995 525; x_wconf 66' lang='lat' dir='ltr'><strong>iasertum,‘eo</strong></span> <span class='ocrx_word' id='word_1_19' title='bbox 3024 465 3164 530; x_wconf 91' lang='lat' dir='ltr'><strong>quod</strong></span> <span class='ocrx_word' id='word_1_20' title='bbox 3196 470 3372 535; x_wconf 77' lang='lat' dir='ltr'><strong>fecerit</strong></span> 
     </span>
    </p>
   </div>
   <div class='ocr_carea' id='block_1_5' title="bbox 86 555 1675 625">
    <p class='ocr_par' dir='ltr' id='par_1_5' title="bbox 86 555 1675 625">
     <span class='ocr_line' id='line_1_5' title="bbox 86 555 1675 625; baseline -0.003 -15"><span class='ocrx_word' id='word_1_21' title='bbox 86 558 247 610; x_wconf 81' lang='lat' dir='ltr'><strong>Deum</strong></span> <span class='ocrx_word' id='word_1_22' title='bbox 283 557 483 607; x_wconf 91' lang='lat' dir='ltr'><strong>malum</strong></span> <span class='ocrx_word' id='word_1_23' title='bbox 532 555 981 625; x_wconf 61' lang='lat' dir='ltr'><strong>concupiscentiae</strong></span> <span class='ocrx_word' id='word_1_24' title='bbox 1014 558 1170 609; x_wconf 74' lang='lat' dir='ltr'><strong>mala:</strong></span> <span class='ocrx_word' id='word_1_25' title='bbox 1210 555 1567 608; x_wconf 74' lang='lat' dir='ltr'><strong>conditorem.</strong></span> <span class='ocrx_word' id='word_1_26' title='bbox 1603 555 1675 606; x_wconf 91' lang='lat' dir='ltr'><strong>Ita</strong></span> 
     </span>
    </p>
   </div>
   <div class='ocr_carea' id='block_1_6' title="bbox 84 645 1674 714">
    <p class='ocr_par' dir='ltr' id='par_1_6' title="bbox 84 645 1674 714">
     <span class='ocr_line' id='line_1_6' title="bbox 84 645 1674 714; baseline -0.003 -13"><span class='ocrx_word' id='word_1_27' title='bbox 84 648 223 701; x_wconf 89' lang='lat' dir='ltr'><strong>enint</strong></span> <span class='ocrx_word' id='word_1_28' title='bbox 256 647 515 701; x_wconf 81' lang='lat' dir='ltr'><strong>discurrit</strong></span> <span class='ocrx_word' id='word_1_29' title='bbox 550 649 641 702; x_wconf 86' lang='lat' dir='ltr'><strong>lib.</strong></span> <span class='ocrx_word' id='word_1_30' title='bbox 674 663 689 701; x_wconf 91' lang='grc' dir='ltr'><strong>ι</strong></span> <span class='ocrx_word' id='word_1_31' title='bbox 720 652 906 702; x_wconf 89' lang='lat' dir='ltr'><strong>contra</strong></span> <span class='ocrx_word' id='word_1_32' title='bbox 936 646 1202 701; x_wconf 83' lang='lat' dir='ltr'><strong>Julianutn</strong></span> <span class='ocrx_word' id='word_1_33' title='bbox 1231 661 1350 714; x_wconf 88' lang='lat' dir='ltr'><strong>cap.</strong></span> <span class='ocrx_word' id='word_1_34' title='bbox 1382 645 1414 699; x_wconf 91' lang='lat'><strong>8</strong></span> <span class='ocrx_word' id='word_1_35' title='bbox 1442 656 1494 698; x_wconf 90' lang='lat' dir='ltr'><strong>et</strong></span> <span class='ocrx_word' id='word_1_36' title='bbox 1520 660 1635 713; x_wconf 76' lang='lat' dir='ltr'><strong>seq.</strong></span> <span class='ocrx_word' id='word_1_37' title='bbox 1661 662 1674 707; x_wconf 91' lang='lat'><strong>;</strong></span> 
     </span>
    </p>
   </div>
   <div class='ocr_carea' id='block_1_7' title="bbox 86 736 1673 805">
    <p class='ocr_par' dir='ltr' id='par_1_7' title="bbox 86 736 1673 805">
     <span class='ocr_line' id='line_1_7' title="bbox 86 736 1673 805; baseline -0.002 -17"><span class='ocrx_word' id='word_1_38' title='bbox 86 738 173 788; x_wconf 88' lang='lat' dir='ltr'><strong>lib.</strong></span> <span class='ocrx_word' id='word_1_39' title='bbox 200 752 251 800; x_wconf 80' lang='grc' dir='ltr'><strong>ν,</strong></span> <span class='ocrx_word' id='word_1_40' title='bbox 303 751 429 803; x_wconf 86' lang='lat' dir='ltr'><strong>cap.</strong></span> <span class='ocrx_word' id='word_1_41' title='bbox 484 737 567 801; x_wconf 77' lang='lat' dir='ltr'><strong>lt’r,</strong></span> <span class='ocrx_word' id='word_1_42' title='bbox 618 750 672 790; x_wconf 89' lang='lat' dir='ltr'><strong>et</strong></span> <span class='ocrx_word' id='word_1_43' title='bbox 722 740 772 792; x_wconf 91' lang='lat' dir='ltr'><strong>in</strong></span> <span class='ocrx_word' id='word_1_44' title='bbox 824 742 1001 805; x_wconf 86' lang='lat' dir='ltr'><strong>Upere</strong></span> <span class='ocrx_word' id='word_1_45' title='bbox 1052 737 1387 805; x_wconf 81' lang='lat' dir='ltr'><strong>imperfecto,</strong></span> <span class='ocrx_word' id='word_1_46' title='bbox 1442 736 1533 788; x_wconf 91' lang='lat' dir='ltr'><strong>lih.</strong></span> <span class='ocrx_word' id='word_1_47' title='bbox 1595 749 1673 797; x_wconf 86' lang='lat' dir='ltr'><strong>tn,</strong></span> 
     </span>
    </p>
   </div>
   <div class='ocr_carea' id='block_1_8' title="bbox 83 824 1676 896">
    <p class='ocr_par' dir='ltr' id='par_1_8' title="bbox 83 824 1676 896">
     <span class='ocr_line' id='line_1_8' title="bbox 83 824 1676 896; baseline -0.003 -18"><span class='ocrx_word' id='word_1_48' title='bbox 83 841 195 892; x_wconf 93' lang='lat' dir='ltr'><strong>cap.</strong></span> <span class='ocrx_word' id='word_1_49' title='bbox 233 826 362 891; x_wconf 69' lang='lat'><strong>178,</strong></span> <span class='ocrx_word' id='word_1_50' title='bbox 397 826 526 889; x_wconf 71' lang='grc'><strong>208,</strong></span> <span class='ocrx_word' id='word_1_51' title='bbox 577 826 711 891; x_wconf 69' lang='lat' dir='ltr'><strong>2l5;</strong></span> <span class='ocrx_word' id='word_1_52' title='bbox 746 824 840 881; x_wconf 88' lang='lat' dir='ltr'><strong>lib.</strong></span> <span class='ocrx_word' id='word_1_53' title='bbox 876 844 926 892; x_wconf 91' lang='lat' dir='ltr'><strong>v,</strong></span> <span class='ocrx_word' id='word_1_54' title='bbox 960 840 1079 896; x_wconf 89' lang='lat' dir='ltr'><strong>cap.</strong></span> <span class='ocrx_word' id='word_1_55' title='bbox 1131 827 1235 891; x_wconf 77' lang='lat'><strong>30;</strong></span> <span class='ocrx_word' id='word_1_56' title='bbox 1265 827 1359 880; x_wconf 78' lang='lat' dir='ltr'><strong>lib.</strong></span> <span class='ocrx_word' id='word_1_57' title='bbox 1395 841 1467 886; x_wconf 68' lang='grc' dir='ltr'><strong>γι,</strong></span> <span class='ocrx_word' id='word_1_58' title='bbox 1492 839 1613 893; x_wconf 91' lang='lat' dir='ltr'><strong>cap.</strong></span> <span class='ocrx_word' id='word_1_59' title='bbox 1646 840 1676 873; x_wconf 91' lang='lat' dir='ltr'><strong>v</strong></span> 
     </span>
    </p>
   </div>
   <div class='ocr_carea' id='block_1_9' title="bbox 82 914 1674 976">
    <p class='ocr_par' dir='ltr' id='par_1_9' title="bbox 82 914 1674 976">
     <span class='ocr_line' id='line_1_9' title="bbox 82 914 1674 976; baseline -0.001 -9"><span class='ocrx_word' id='word_1_60' title='bbox 82 925 128 967; x_wconf 91' lang='lat' dir='ltr'><strong>ct</strong></span> <span class='ocrx_word' id='word_1_61' title='bbox 158 914 248 967; x_wconf 74' lang='lat' dir='ltr'><strong>3G.</strong></span> <span class='ocrx_word' id='word_1_62' title='bbox 284 915 437 967; x_wconf 84' lang='lat' dir='ltr'><strong>Dabo</strong></span> <span class='ocrx_word' id='word_1_63' title='bbox 484 930 647 968; x_wconf 88' lang='lat' dir='ltr'><strong>unum</strong></span> <span class='ocrx_word' id='word_1_64' title='bbox 696 918 1061 969; x_wconf 81' lang='lat' dir='ltr'><strong>testimonium</strong></span> <span class='ocrx_word' id='word_1_65' title='bbox 1113 931 1176 970; x_wconf 78' lang='lat' dir='ltr'><strong>ex</strong></span> <span class='ocrx_word' id='word_1_66' title='bbox 1228 916 1416 969; x_wconf 89' lang='lat' dir='ltr'><strong>eodem</strong></span> <span class='ocrx_word' id='word_1_67' title='bbox 1464 915 1555 968; x_wconf 92' lang='lat' dir='ltr'><strong>lib.</strong></span> <span class='ocrx_word' id='word_1_68' title='bbox 1602 929 1674 976; x_wconf 81' lang='lat' dir='ltr'><strong>vt,</strong></span> 
     </span>
    </p>
   </div>
   <div class='ocr_carea' id='block_1_10' title="bbox 82 1004 1675 1075">
    <p class='ocr_par' dir='ltr' id='par_1_10' title="bbox 82 1004 1675 1075">
     <span class='ocr_line' id='line_1_10' title="bbox 82 1004 1675 1075; baseline 0.003 -20"><span class='ocrx_word' id='word_1_69' title='bbox 82 1020 193 1071; x_wconf 76' lang='lat' dir='ltr'><strong>rap.</strong></span> <span class='ocrx_word' id='word_1_70' title='bbox 230 1007 262 1055; x_wconf 85' lang='lat' dir='ltr'><strong>b&#39;</strong></span> <span class='ocrx_word' id='word_1_71' title='bbox 297 1020 311 1056; x_wconf 86' lang='lat'><strong>:</strong></span> <span class='ocrx_word' id='word_1_72' title='bbox 350 1021 371 1056; x_wconf 69' lang='grc' dir='ltr'><strong>ι</strong></span> <span class='ocrx_word' id='word_1_73' title='bbox 402 1004 481 1057; x_wconf 84' lang='lat' dir='ltr'><strong>Tu</strong></span> <span class='ocrx_word' id='word_1_74' title='bbox 504 1016 702 1068; x_wconf 83' lang='lat' dir='ltr'><strong>autem,</strong></span> <span class='ocrx_word' id='word_1_75' title='bbox 731 1008 819 1075; x_wconf 88' lang='lat' dir='ltr'><strong>qui</strong></span> <span class='ocrx_word' id='word_1_76' title='bbox 850 1008 1094 1060; x_wconf 74' lang='lat' dir='ltr'><strong>nesciens</strong></span> <span class='ocrx_word' id='word_1_77' title='bbox 1124 1006 1255 1074; x_wconf 85' lang='lat' dir='ltr'><strong>quid</strong></span> <span class='ocrx_word' id='word_1_78' title='bbox 1288 1004 1545 1074; x_wconf 73' lang='lat' dir='ltr'><strong>loquaris,</strong></span> <span class='ocrx_word' id='word_1_79' title='bbox 1575 1004 1675 1059; x_wconf 86' lang='lat' dir='ltr'><strong>ub-</strong></span> 
     </span>
    </p>
   </div>
   <div class='ocr_carea' id='block_1_11' title="bbox 81 1096 1676 1167">
    <p class='ocr_par' dir='ltr' id='par_1_11' title="bbox 81 1096 1676 1167">
     <span class='ocr_line' id='line_1_11' title="bbox 81 1096 1676 1167; baseline 0.002 -19"><span class='ocrx_word' id='word_1_80' title='bbox 81 1098 193 1164; x_wconf 84' lang='lat' dir='ltr'><strong>jicis</strong></span> <span class='ocrx_word' id='word_1_81' title='bbox 226 1096 358 1148; x_wconf 90' lang='lat' dir='ltr'><strong>mihi</strong></span> <span class='ocrx_word' id='word_1_82' title='bbox 409 1100 548 1166; x_wconf 85' lang='lat' dir='ltr'><strong>quod</strong></span> <span class='ocrx_word' id='word_1_83' title='bbox 584 1099 757 1151; x_wconf 89' lang='lat' dir='ltr'><strong>dicam</strong></span> <span class='ocrx_word' id='word_1_84' title='bbox 810 1100 972 1152; x_wconf 87' lang='lat' dir='ltr'><strong>Deum</strong></span> <span class='ocrx_word' id='word_1_85' title='bbox 1024 1114 1210 1153; x_wconf 88' lang='lat' dir='ltr'><strong>creare</strong></span> <span class='ocrx_word' id='word_1_86' title='bbox 1257 1107 1561 1167; x_wconf 86' lang='lat' dir='ltr'><strong>peccatum,</strong></span> <span class='ocrx_word' id='word_1_87' title='bbox 1594 1113 1676 1152; x_wconf 89' lang='lat' dir='ltr'><strong>rc-</strong></span> 
     </span>
    </p>
   </div>
   <div class='ocr_carea' id='block_1_12' title="bbox 82 1186 1675 1255">
    <p class='ocr_par' dir='ltr' id='par_1_12' title="bbox 82 1186 1675 1255">
     <span class='ocr_line' id='line_1_12' title="bbox 82 1186 1675 1255; baseline -0.001 -16"><span class='ocrx_word' id='word_1_88' title='bbox 82 1188 203 1239; x_wconf 86' lang='lat' dir='ltr'><strong>siste</strong></span> <span class='ocrx_word' id='word_1_89' title='bbox 234 1186 537 1239; x_wconf 70' lang='lat' dir='ltr'><strong>Manichmo</strong></span> <span class='ocrx_word' id='word_1_90' title='bbox 583 1186 803 1253; x_wconf 86' lang='lat' dir='ltr'><strong>dicenti,</strong></span> <span class='ocrx_word' id='word_1_91' title='bbox 834 1189 887 1241; x_wconf 91' lang='lat' dir='ltr'><strong>in</strong></span> <span class='ocrx_word' id='word_1_92' title='bbox 912 1187 1178 1241; x_wconf 83' lang='lat' dir='ltr'><strong>discordia</strong></span> <span class='ocrx_word' id='word_1_93' title='bbox 1209 1190 1388 1241; x_wconf 85' lang='lat' dir='ltr'><strong>carnis</strong></span> <span class='ocrx_word' id='word_1_94' title='bbox 1416 1197 1469 1241; x_wconf 89' lang='lat' dir='ltr'><strong>et</strong></span> <span class='ocrx_word' id='word_1_95' title='bbox 1511 1202 1557 1255; x_wconf 74' lang='grc' dir='ltr'><strong>δι</strong></span> <span class='ocrx_word' id='word_1_96' title='bbox 1579 1187 1675 1239; x_wconf 88' lang='lat' dir='ltr'><strong>iri-</strong></span> 
     </span>
    </p>
   </div>
   <div class='ocr_carea' id='block_1_13' title="bbox 83 1276 1676 1348">
    <p class='ocr_par' dir='ltr' id='par_1_13' title="bbox 83 1276 1676 1348">
     <span class='ocr_line' id='line_1_13' title="bbox 83 1276 1676 1348; baseline 0.003 -21"><span class='ocrx_word' id='word_1_97' title='bbox 83 1285 179 1341; x_wconf 89' lang='lat' dir='ltr'><strong>tus,</strong></span> <span class='ocrx_word' id='word_1_98' title='bbox 207 1276 355 1331; x_wconf 91' lang='lat' dir='ltr'><strong>inter</strong></span> <span class='ocrx_word' id='word_1_99' title='bbox 386 1292 447 1331; x_wconf 87' lang='lat' dir='ltr'><strong>se</strong></span> <span class='ocrx_word' id='word_1_100' title='bbox 474 1286 775 1332; x_wconf 87' lang='lat' dir='ltr'><strong>contrarias</strong></span> <span class='ocrx_word' id='word_1_101' title='bbox 822 1281 947 1333; x_wconf 89' lang='lat' dir='ltr'><strong>mali</strong></span> <span class='ocrx_word' id='word_1_102' title='bbox 977 1290 1031 1333; x_wconf 90' lang='lat' dir='ltr'><strong>et</strong></span> <span class='ocrx_word' id='word_1_103' title='bbox 1076 1279 1200 1333; x_wconf 90' lang='lat' dir='ltr'><strong>boni</strong></span> <span class='ocrx_word' id='word_1_104' title='bbox 1232 1292 1496 1348; x_wconf 81' lang='lat' dir='ltr'><strong>apparere</strong></span> <span class='ocrx_word' id='word_1_105' title='bbox 1524 1289 1676 1331; x_wconf 56' lang='lat' dir='ltr'><strong>natu.</strong></span> 
     </span>
    </p>
   </div>
   <div class='ocr_carea' id='block_1_14' title="bbox 81 1369 1677 1441">
    <p class='ocr_par' dir='ltr' id='par_1_14' title="bbox 81 1369 1677 1441">
     <span class='ocr_line' id='line_1_14' title="bbox 81 1369 1677 1441; baseline 0.001 -19"><span class='ocrx_word' id='word_1_106' title='bbox 81 1382 177 1422; x_wconf 78' lang='lat' dir='ltr'><strong>ras.</strong></span> <span class='ocrx_word' id='word_1_107' title='bbox 217 1369 398 1424; x_wconf 86' lang='lat' dir='ltr'><strong>Unum</strong></span> <span class='ocrx_word' id='word_1_108' title='bbox 431 1379 514 1425; x_wconf 89' lang='lat' dir='ltr'><strong>est</strong></span> <span class='ocrx_word' id='word_1_109' title='bbox 545 1373 685 1441; x_wconf 90' lang='lat' dir='ltr'><strong>quod</strong></span> <span class='ocrx_word' id='word_1_110' title='bbox 715 1372 1128 1440; x_wconf 87' lang='lat' dir='ltr'><strong>respondemus,</strong></span> <span class='ocrx_word' id='word_1_111' title='bbox 1151 1382 1208 1424; x_wconf 87' lang='lat' dir='ltr'><strong>ut</strong></span> <span class='ocrx_word' id='word_1_112' title='bbox 1240 1373 1405 1439; x_wconf 80' lang='lat' dir='ltr'><strong>pestis</strong></span> <span class='ocrx_word' id='word_1_113' title='bbox 1431 1370 1531 1424; x_wconf 89' lang='lat' dir='ltr'><strong>ista</strong></span> <span class='ocrx_word' id='word_1_114' title='bbox 1561 1372 1677 1424; x_wconf 89' lang='lat' dir='ltr'><strong>vin-</strong></span> 
     </span>
    </p>
   </div>
   <div class='ocr_carea' id='block_1_15' title="bbox 78 1462 1675 1533">
    <p class='ocr_par' dir='ltr' id='par_1_15' title="bbox 78 1462 1675 1533">
     <span class='ocr_line' id='line_1_15' title="bbox 78 1462 1675 1533; baseline 0.003 -20"><span class='ocrx_word' id='word_1_115' title='bbox 78 1472 240 1527; x_wconf 84' lang='lat' dir='ltr'><strong>catur,</strong></span> <span class='ocrx_word' id='word_1_116' title='bbox 279 1462 427 1517; x_wconf 84' lang='lat' dir='ltr'><strong>hanc</strong></span> <span class='ocrx_word' id='word_1_117' title='bbox 459 1465 666 1517; x_wconf 89' lang='lat' dir='ltr'><strong>scilicet</strong></span> <span class='ocrx_word' id='word_1_118' title='bbox 692 1463 1012 1518; x_wconf 80' lang='lat' dir='ltr'><strong>discordiam</strong></span> <span class='ocrx_word' id='word_1_119' title='bbox 1037 1464 1195 1533; x_wconf 88' lang='lat' dir='ltr'><strong>primi</strong></span> <span class='ocrx_word' id='word_1_120' title='bbox 1225 1464 1456 1517; x_wconf 73' lang='lat' dir='ltr'><strong>hominis</strong></span> <span class='ocrx_word' id='word_1_121' title='bbox 1476 1464 1526 1519; x_wconf 92' lang='lat' dir='ltr'><strong>in</strong></span> <span class='ocrx_word' id='word_1_122' title='bbox 1552 1477 1675 1517; x_wconf 89' lang='lat' dir='ltr'><strong>nos-</strong></span> 
     </span>
    </p>
   </div>
   <div class='ocr_carea' id='block_1_16' title="bbox 79 1546 1674 1622">
    <p class='ocr_par' dir='ltr' id='par_1_16' title="bbox 79 1546 1674 1622">
     <span class='ocr_line' id='line_1_16' title="bbox 79 1546 1674 1622; baseline 0.003 -19"><span class='ocrx_word' id='word_1_123' title='bbox 79 1562 206 1604; x_wconf 88' lang='lat' dir='ltr'><strong>tram</strong></span> <span class='ocrx_word' id='word_1_124' title='bbox 238 1554 479 1607; x_wconf 75' lang='lat' dir='ltr'><strong>vertisse</strong></span> <span class='ocrx_word' id='word_1_125' title='bbox 504 1562 750 1607; x_wconf 85' lang='lat' dir='ltr'><strong>naturam</strong></span> <span class='ocrx_word' id='word_1_126' title='bbox 786 1572 802 1608; x_wconf 90' lang='lat'>:</span> <span class='ocrx_word' id='word_1_127' title='bbox 836 1554 977 1620; x_wconf 86' lang='lat' dir='ltr'><strong>quod</strong></span> <span class='ocrx_word' id='word_1_128' title='bbox 1009 1562 1064 1607; x_wconf 92' lang='lat' dir='ltr'><strong>tu</strong></span> <span class='ocrx_word' id='word_1_129' title='bbox 1095 1546 1338 1622; x_wconf 86' lang='lat' dir='ltr'><strong>negando</strong></span> <span class='ocrx_word' id='word_1_130' title='bbox 1378 1554 1591 1608; x_wconf 85' lang='lat' dir='ltr'><strong>conaris</strong></span> <span class='ocrx_word' id='word_1_131' title='bbox 1616 1563 1674 1608; x_wconf 91' lang='lat' dir='ltr'><strong>ut</strong></span> 
     </span>
    </p>
   </div>
   <div class='ocr_carea' id='block_1_17' title="bbox 79 1642 1670 1713">
    <p class='ocr_par' dir='ltr' id='par_1_17' title="bbox 79 1642 1670 1713">
     <span class='ocr_line' id='line_1_17' title="bbox 79 1642 1670 1713; baseline 0.003 -20"><span class='ocrx_word' id='word_1_132' title='bbox 79 1642 316 1706; x_wconf 84' lang='lat' dir='ltr'><strong>vincant,</strong></span> <span class='ocrx_word' id='word_1_133' title='bbox 350 1646 594 1713; x_wconf 81' lang='lat' dir='ltr'><strong>satisque</strong></span> <span class='ocrx_word' id='word_1_134' title='bbox 650 1644 1008 1698; x_wconf 88' lang='lat' dir='ltr'><strong>manifestaris</strong></span> <span class='ocrx_word' id='word_1_135' title='bbox 1060 1645 1211 1697; x_wconf 88' lang='lat' dir='ltr'><strong>fictus</strong></span> <span class='ocrx_word' id='word_1_136' title='bbox 1256 1643 1670 1698; x_wconf 72' lang='lat' dir='ltr'><strong>Bianicltmorutn</strong></span> 
     </span>
    </p>
   </div>
   <div class='ocr_carea' id='block_1_18' title="bbox 79 1733 1674 1805">
    <p class='ocr_par' dir='ltr' id='par_1_18' title="bbox 79 1733 1674 1805">
     <span class='ocr_line' id='line_1_18' title="bbox 79 1733 1674 1805; baseline 0 -18"><span class='ocrx_word' id='word_1_137' title='bbox 79 1745 424 1802; x_wconf 87' lang='lat' dir='ltr'><strong>oppugnator</strong></span> <span class='ocrx_word' id='word_1_138' title='bbox 474 1743 529 1789; x_wconf 91' lang='lat' dir='ltr'><strong>et</strong></span> <span class='ocrx_word' id='word_1_139' title='bbox 589 1748 746 1789; x_wconf 87' lang='lat' dir='ltr'><strong>verus</strong></span> <span class='ocrx_word' id='word_1_140' title='bbox 788 1735 1017 1803; x_wconf 90' lang='lat' dir='ltr'><strong>adjutor.</strong></span> <span class='ocrx_word' id='word_1_141' title='bbox 1046 1754 1065 1785; x_wconf 74' lang='grc' dir='ltr'><strong>ι</strong></span> <span class='ocrx_word' id='word_1_142' title='bbox 1102 1735 1288 1805; x_wconf 87' lang='lat' dir='ltr'><strong>Capite</strong></span> <span class='ocrx_word' id='word_1_143' title='bbox 1328 1735 1489 1788; x_wconf 88' lang='lat' dir='ltr'><strong>etiam</strong></span> <span class='ocrx_word' id='word_1_144' title='bbox 1524 1733 1591 1788; x_wconf 72' lang='grc'><strong>14</strong></span> <span class='ocrx_word' id='word_1_145' title='bbox 1618 1743 1674 1789; x_wconf 90' lang='lat' dir='ltr'><strong>et</strong></span> 
     </span>
    </p>
   </div>
   <div class='ocr_carea' id='block_1_19' title="bbox 1784 550 3371 623">
    <p class='ocr_par' dir='ltr' id='par_1_19' title="bbox 1784 550 3371 623">
     <span class='ocr_line' id='line_1_19' title="bbox 1784 550 3371 623; baseline 0.008 -22"><span class='ocrx_word' id='word_1_146' title='bbox 1784 550 1922 603; x_wconf 79' lang='lat' dir='ltr'><strong>Deus</strong></span> <span class='ocrx_word' id='word_1_147' title='bbox 1950 552 2202 602; x_wconf 72' lang='lat' dir='ltr'><strong>hominem</strong></span> <span class='ocrx_word' id='word_1_148' title='bbox 2249 561 2441 602; x_wconf 79' lang='lat' dir='ltr'><strong>rectum</strong></span> <span class='ocrx_word' id='word_1_149' title='bbox 2488 550 2690 619; x_wconf 82' lang='lat' dir='ltr'><strong>(Eccle.</strong></span> <span class='ocrx_word' id='word_1_150' title='bbox 2754 553 2886 619; x_wconf 81' lang='lat' dir='ltr'><strong>vlt);</strong></span> <span class='ocrx_word' id='word_1_151' title='bbox 2934 556 3074 623; x_wconf 88' lang='lat' dir='ltr'><strong>quod</strong></span> <span class='ocrx_word' id='word_1_152' title='bbox 3126 560 3371 613; x_wconf 85' lang='lat' dir='ltr'><strong>testimo-</strong></span> 
     </span>
    </p>
   </div>
   <div class='ocr_carea' id='block_1_20' title="bbox 1783 642 3399 712">
    <p class='ocr_par' dir='ltr' id='par_1_20' title="bbox 1783 642 3399 712">
     <span class='ocr_line' id='line_1_20' title="bbox 1783 642 3399 712; baseline 0.005 -18"><span class='ocrx_word' id='word_1_153' title='bbox 1783 642 1929 694; x_wconf 86' lang='lat' dir='ltr'><strong>nium</strong></span> <span class='ocrx_word' id='word_1_154' title='bbox 1963 642 2156 707; x_wconf 64' lang='lat' dir='ltr'><strong>smpius</strong></span> <span class='ocrx_word' id='word_1_155' title='bbox 2184 642 2413 693; x_wconf 84' lang='lat' dir='ltr'><strong>inculcat</strong></span> <span class='ocrx_word' id='word_1_156' title='bbox 2442 652 2625 695; x_wconf 85' lang='lat' dir='ltr'><strong>contra</strong></span> <span class='ocrx_word' id='word_1_157' title='bbox 2660 643 3003 712; x_wconf 79' lang='lat' dir='ltr'><strong>Pelagianos,</strong></span> <span class='ocrx_word' id='word_1_158' title='bbox 3041 647 3131 698; x_wconf 90' lang='lat' dir='ltr'><strong>lib.</strong></span> <span class='ocrx_word' id='word_1_159' title='bbox 3182 662 3269 700; x_wconf 79' lang='lat' dir='ltr'><strong>xtv</strong></span> <span class='ocrx_word' id='word_1_160' title='bbox 3298 652 3366 702; x_wconf 93' lang='lat' dir='ltr'><strong>de</strong></span> <span class='ocrx_word' id='word_1_161' title='bbox 3396 672 3399 677; x_wconf 84' lang='lat'><strong><em>-</em></strong></span> 
     </span>
    </p>
   </div>
   <div class='ocr_carea' id='block_1_21' title="bbox 1781 734 3398 805">
    <p class='ocr_par' dir='ltr' id='par_1_21' title="bbox 1781 734 3398 805">
     <span class='ocr_line' id='line_1_21' title="bbox 1781 734 3398 805; baseline 0.004 -19"><span class='ocrx_word' id='word_1_162' title='bbox 1781 735 2009 786; x_wconf 70' lang='lat' dir='ltr'><strong>(livitate</strong></span> <span class='ocrx_word' id='word_1_163' title='bbox 2036 734 2163 795; x_wconf 88' lang='lat' dir='ltr'><strong>Dei,</strong></span> <span class='ocrx_word' id='word_1_164' title='bbox 2194 748 2312 801; x_wconf 91' lang='lat' dir='ltr'><strong>cap.</strong></span> <span class='ocrx_word' id='word_1_165' title='bbox 2344 736 2400 787; x_wconf 84' lang='lat' dir='ltr'><strong>il</strong></span> <span class='ocrx_word' id='word_1_166' title='bbox 2425 752 2439 797; x_wconf 86' lang='lat'><strong>;</strong></span> <span class='ocrx_word' id='word_1_167' title='bbox 2466 735 2555 787; x_wconf 87' lang='lat' dir='ltr'><strong>lib.</strong></span> <span class='ocrx_word' id='word_1_168' title='bbox 2588 751 2700 798; x_wconf 71' lang='lat' dir='ltr'><strong>Illi,</strong></span> <span class='ocrx_word' id='word_1_169' title='bbox 2729 750 2849 805; x_wconf 87' lang='lat' dir='ltr'><strong>cap.</strong></span> <span class='ocrx_word' id='word_1_170' title='bbox 2882 737 2978 801; x_wconf 63' lang='lat' dir='ltr'><strong>iri;</strong></span> <span class='ocrx_word' id='word_1_171' title='bbox 3018 739 3109 790; x_wconf 91' lang='lat' dir='ltr'><strong>lib.</strong></span> <span class='ocrx_word' id='word_1_172' title='bbox 3141 738 3209 793; x_wconf 90' lang='lat' dir='ltr'><strong>de</strong></span> <span class='ocrx_word' id='word_1_173' title='bbox 3240 740 3398 792; x_wconf 56' lang='lat' dir='ltr'><strong>Coro&#39;</strong></span> 
     </span>
    </p>
   </div>
   <div class='ocr_carea' id='block_1_22' title="bbox 1786 824 3371 896">
    <p class='ocr_par' dir='ltr' id='par_1_22' title="bbox 1786 824 3371 896">
     <span class='ocr_line' id='line_1_22' title="bbox 1786 824 3371 896; baseline 0.003 -19"><span class='ocrx_word' id='word_1_174' title='bbox 1786 833 1923 894; x_wconf 80' lang='lat' dir='ltr'><strong>rept.</strong></span> <span class='ocrx_word' id='word_1_175' title='bbox 1948 834 2000 877; x_wconf 90' lang='lat' dir='ltr'><strong>et</strong></span> <span class='ocrx_word' id='word_1_176' title='bbox 2030 834 2167 893; x_wconf 84' lang='lat' dir='ltr'><strong>grai.</strong></span> <span class='ocrx_word' id='word_1_177' title='bbox 2201 840 2320 893; x_wconf 86' lang='lat' dir='ltr'><strong>cap.</strong></span> <span class='ocrx_word' id='word_1_178' title='bbox 2364 824 2435 888; x_wconf 78' lang='lat'><strong>0;</strong></span> <span class='ocrx_word' id='word_1_179' title='bbox 2468 828 2623 893; x_wconf 87' lang='lat' dir='ltr'><strong>epist.</strong></span> <span class='ocrx_word' id='word_1_180' title='bbox 2664 828 2777 891; x_wconf 82' lang='grc'><strong>105,</strong></span> <span class='ocrx_word' id='word_1_181' title='bbox 2813 830 2879 881; x_wconf 89' lang='lat' dir='ltr'><strong>ad</strong></span> <span class='ocrx_word' id='word_1_182' title='bbox 2922 830 3165 896; x_wconf 81' lang='lat' dir='ltr'><strong>Sixtum;</strong></span> <span class='ocrx_word' id='word_1_183' title='bbox 3200 832 3293 885; x_wconf 89' lang='lat' dir='ltr'><strong>lib.</strong></span> <span class='ocrx_word' id='word_1_184' title='bbox 3324 848 3371 884; x_wconf 82' lang='lat' dir='ltr'><strong>tv</strong></span> 
     </span>
    </p>
   </div>
   <div class='ocr_carea' id='block_1_23' title="bbox 1782 914 3373 988">
    <p class='ocr_par' dir='ltr' id='par_1_23' title="bbox 1782 914 3373 988">
     <span class='ocr_line' id='line_1_23' title="bbox 1782 914 3373 988; baseline 0.004 -21"><span class='ocrx_word' id='word_1_185' title='bbox 1782 917 1967 983; x_wconf 80' lang='lat' dir='ltr'><strong>Operis</strong></span> <span class='ocrx_word' id='word_1_186' title='bbox 1999 914 2237 983; x_wconf 90' lang='lat' dir='ltr'><strong>imperf.,</strong></span> <span class='ocrx_word' id='word_1_187' title='bbox 2265 930 2381 983; x_wconf 89' lang='lat' dir='ltr'><strong>cap.</strong></span> <span class='ocrx_word' id='word_1_188' title='bbox 2419 917 2508 983; x_wconf 70' lang='grc'><strong>44,</strong></span> <span class='ocrx_word' id='word_1_189' title='bbox 2539 927 2592 969; x_wconf 84' lang='lat' dir='ltr'><strong>ct</strong></span> <span class='ocrx_word' id='word_1_190' title='bbox 2621 918 2769 972; x_wconf 82' lang='lat' dir='ltr'><strong>alibi.</strong></span> <span class='ocrx_word' id='word_1_191' title='bbox 2800 920 3242 988; x_wconf 68' lang='lat' dir='ltr'><strong>Concupiscentia</strong></span> <span class='ocrx_word' id='word_1_192' title='bbox 3275 938 3373 973; x_wconf 85' lang='lat' dir='ltr'><strong>au-</strong></span> 
     </span>
    </p>
   </div>
   <div class='ocr_carea' id='block_1_24' title="bbox 1784 998 3371 1081">
    <p class='ocr_par' dir='ltr' id='par_1_24' title="bbox 1784 998 3371 1081">
     <span class='ocr_line' id='line_1_24' title="bbox 1784 998 3371 1081; baseline 0.004 -22"><span class='ocrx_word' id='word_1_193' title='bbox 1784 1017 1889 1059; x_wconf 89' lang='lat' dir='ltr'><strong>tcnt</strong></span> <span class='ocrx_word' id='word_1_194' title='bbox 1914 1006 2286 1059; x_wconf 78' lang='lat' dir='ltr'><strong>rectitudinem</strong></span> <span class='ocrx_word' id='word_1_195' title='bbox 2319 998 2551 1061; x_wconf 75' lang='lat' dir='ltr'><strong>hominis</strong></span> <span class='ocrx_word' id='word_1_196' title='bbox 2584 1012 2819 1074; x_wconf 86' lang='lat' dir='ltr'><strong>sustulit,</strong></span> <span class='ocrx_word' id='word_1_197' title='bbox 2866 1012 3123 1081; x_wconf 83' lang='lat' dir='ltr'><strong>illumque</strong></span> <span class='ocrx_word' id='word_1_198' title='bbox 3164 1014 3216 1066; x_wconf 92' lang='lat' dir='ltr'><strong>in</strong></span> <span class='ocrx_word' id='word_1_199' title='bbox 3267 1015 3371 1067; x_wconf 86' lang='lat' dir='ltr'><strong>illi-</strong></span> 
     </span>
    </p>
   </div>
   <div class='ocr_carea' id='block_1_25' title="bbox 1780 1098 3367 1175">
    <p class='ocr_par' dir='ltr' id='par_1_25' title="bbox 1780 1098 3367 1175">
     <span class='ocr_line' id='line_1_25' title="bbox 1780 1098 3367 1175; baseline 0.006 -25"><span class='ocrx_word' id='word_1_200' title='bbox 1780 1099 1881 1151; x_wconf 90' lang='lat' dir='ltr'><strong>cita</strong></span> <span class='ocrx_word' id='word_1_201' title='bbox 1913 1098 2196 1159; x_wconf 80' lang='lat' dir='ltr'><strong>declivem,</strong></span> <span class='ocrx_word' id='word_1_202' title='bbox 2234 1099 2341 1151; x_wconf 88' lang='lat' dir='ltr'><strong>imo</strong></span> <span class='ocrx_word' id='word_1_203' title='bbox 2386 1101 2707 1169; x_wconf 61' lang='lat' dir='ltr'><strong>praecipitem</strong></span> <span class='ocrx_word' id='word_1_204' title='bbox 2747 1103 2891 1158; x_wconf 82' lang='lat' dir='ltr'><strong>fecit.</strong></span> <span class='ocrx_word' id='word_1_205' title='bbox 2924 1111 2986 1158; x_wconf 78' lang='lat' dir='ltr'><strong>At</strong></span> <span class='ocrx_word' id='word_1_206' title='bbox 3018 1106 3367 1175; x_wconf 80' lang='lat' dir='ltr'><strong>Augustinus,</strong></span> 
     </span>
    </p>
   </div>
   <div class='ocr_carea' id='block_1_26' title="bbox 1781 1188 3368 1257">
    <p class='ocr_par' dir='ltr' id='par_1_26' title="bbox 1781 1188 3368 1257">
     <span class='ocr_line' id='line_1_26' title="bbox 1781 1188 3368 1257; baseline 0.007 -19"><span class='ocrx_word' id='word_1_207' title='bbox 1781 1197 1979 1255; x_wconf 63' lang='lat' dir='ltr'><strong>praeter</strong></span> <span class='ocrx_word' id='word_1_208' title='bbox 2028 1188 2127 1241; x_wconf 89' lang='lat' dir='ltr'><strong>hoc</strong></span> <span class='ocrx_word' id='word_1_209' title='bbox 2174 1190 2561 1257; x_wconf 63' lang='lat' dir='ltr'><strong>testimonium,</strong></span> <span class='ocrx_word' id='word_1_210' title='bbox 2596 1194 2820 1246; x_wconf 86' lang='lat' dir='ltr'><strong>alterum</strong></span> <span class='ocrx_word' id='word_1_211' title='bbox 2866 1198 3026 1249; x_wconf 85' lang='lat' dir='ltr'><strong>etiam</strong></span> <span class='ocrx_word' id='word_1_212' title='bbox 3074 1198 3368 1251; x_wconf 84' lang='lat' dir='ltr'><strong>celeberri-</strong></span> 
     </span>
    </p>
   </div>
   <div class='ocr_carea' id='block_1_27' title="bbox 1780 1276 3368 1358">
    <p class='ocr_par' dir='ltr' id='par_1_27' title="bbox 1780 1276 3368 1358">
     <span class='ocr_line' id='line_1_27' title="bbox 1780 1276 3368 1358; baseline 0.008 -28"><span class='ocrx_word' id='word_1_213' title='bbox 1780 1292 1924 1330; x_wconf 69' lang='lat' dir='ltr'><strong>tuum</strong></span> <span class='ocrx_word' id='word_1_214' title='bbox 1959 1276 2197 1358; x_wconf 76' lang='lat' dir='ltr'><strong>adhibuit</strong></span> <span class='ocrx_word' id='word_1_215' title='bbox 2227 1295 2289 1333; x_wconf 79' lang='lat' dir='ltr'><strong>ex</strong></span> <span class='ocrx_word' id='word_1_216' title='bbox 2329 1295 2446 1347; x_wconf 89' lang='lat' dir='ltr'><strong>cap.</strong></span> <span class='ocrx_word' id='word_1_217' title='bbox 2478 1283 2546 1334; x_wconf 64' lang='lat' dir='ltr'><strong>dii</strong></span> <span class='ocrx_word' id='word_1_218' title='bbox 2574 1283 2933 1339; x_wconf 82' lang='lat' dir='ltr'><strong>Ecclesiastici</strong></span> <span class='ocrx_word' id='word_1_219' title='bbox 2961 1306 2972 1338; x_wconf 89' lang='lat'><strong>:</strong></span> <span class='ocrx_word' id='word_1_220' title='bbox 2998 1286 3189 1356; x_wconf 71' lang='lat' dir='ltr'><strong>Iugum</strong></span> <span class='ocrx_word' id='word_1_221' title='bbox 3214 1306 3368 1358; x_wconf 81' lang='lat' dir='ltr'><strong>grave</strong></span> 
     </span>
    </p>
   </div>
   <div class='ocr_carea' id='block_1_28' title="bbox 1776 1369 3368 1436">
    <p class='ocr_par' dir='ltr' id='par_1_28' title="bbox 1776 1369 3368 1436">
     <span class='ocr_line' id='line_1_28' title="bbox 1776 1369 3368 1436; baseline 0.007 -16"><span class='ocrx_word' id='word_1_222' title='bbox 1776 1382 1927 1436; x_wconf 78' lang='lat' dir='ltr'><strong>super</strong></span> <span class='ocrx_word' id='word_1_223' title='bbox 1965 1369 2102 1436; x_wconf 74' lang='lat' dir='ltr'><strong>ﬁlios</strong></span> <span class='ocrx_word' id='word_1_224' title='bbox 2145 1370 2307 1421; x_wconf 79' lang='lat' dir='ltr'><strong>Adam</strong></span> <span class='ocrx_word' id='word_1_225' title='bbox 2350 1387 2382 1423; x_wconf 89' lang='lat' dir='ltr'><strong>a</strong></span> <span class='ocrx_word' id='word_1_226' title='bbox 2424 1372 2506 1425; x_wconf 87' lang='lat' dir='ltr'><strong>die</strong></span> <span class='ocrx_word' id='word_1_227' title='bbox 2550 1376 2715 1426; x_wconf 70' lang='lat' dir='ltr'><strong>exitus</strong></span> <span class='ocrx_word' id='word_1_228' title='bbox 2755 1377 2819 1428; x_wconf 81' lang='lat' dir='ltr'><strong>de</strong></span> <span class='ocrx_word' id='word_1_229' title='bbox 2862 1390 3032 1430; x_wconf 79' lang='lat' dir='ltr'><strong>rcutre</strong></span> <span class='ocrx_word' id='word_1_230' title='bbox 3073 1392 3248 1432; x_wconf 67' lang='lat' dir='ltr'><strong>mam:</strong></span> <span class='ocrx_word' id='word_1_231' title='bbox 3282 1397 3368 1433; x_wconf 82' lang='lat' dir='ltr'><strong>eo-</strong></span> 
     </span>
    </p>
   </div>
   <div class='ocr_carea' id='block_1_29' title="bbox 1778 1462 3367 1539">
    <p class='ocr_par' dir='ltr' id='par_1_29' title="bbox 1778 1462 3367 1539">
     <span class='ocr_line' id='line_1_29' title="bbox 1778 1462 3367 1539; baseline 0.009 -30"><span class='ocrx_word' id='word_1_232' title='bbox 1778 1471 2068 1523; x_wconf 43' lang='lat' dir='ltr'><strong>rum,“etc.,</strong></span> <span class='ocrx_word' id='word_1_233' title='bbox 2097 1462 2239 1528; x_wconf 86' lang='lat' dir='ltr'><strong>quod</strong></span> <span class='ocrx_word' id='word_1_234' title='bbox 2273 1463 2323 1514; x_wconf 91' lang='lat' dir='ltr'><strong>in</strong></span> <span class='ocrx_word' id='word_1_235' title='bbox 2345 1462 2523 1530; x_wconf 84' lang='lat' dir='ltr'><strong>Opere</strong></span> <span class='ocrx_word' id='word_1_236' title='bbox 2547 1464 2861 1531; x_wconf 81' lang='lat' dir='ltr'><strong>imperfecto</strong></span> <span class='ocrx_word' id='word_1_237' title='bbox 2886 1472 2936 1520; x_wconf 85' lang='lat' dir='ltr'><strong>in</strong></span> <span class='ocrx_word' id='word_1_238' title='bbox 2960 1470 3210 1522; x_wconf 86' lang='lat' dir='ltr'><strong>omnibus</strong></span> <span class='ocrx_word' id='word_1_239' title='bbox 3236 1484 3367 1539; x_wconf 90' lang='lat' dir='ltr'><strong>pene</strong></span> 
     </span>
    </p>
   </div>
   <div class='ocr_carea' id='block_1_30' title="bbox 1784 1549 3363 1630">
    <p class='ocr_par' dir='ltr' id='par_1_30' title="bbox 1784 1549 3363 1630">
     <span class='ocr_line' id='line_1_30' title="bbox 1784 1549 3363 1630; baseline 0.009 -29"><span class='ocrx_word' id='word_1_240' title='bbox 1784 1549 1991 1619; x_wconf 88' lang='lat' dir='ltr'><strong>paginis</strong></span> <span class='ocrx_word' id='word_1_241' title='bbox 2010 1551 2222 1618; x_wconf 81' lang='lat' dir='ltr'><strong>repetit,</strong></span> <span class='ocrx_word' id='word_1_242' title='bbox 2249 1553 2479 1619; x_wconf 87' lang='lat' dir='ltr'><strong>probans</strong></span> <span class='ocrx_word' id='word_1_243' title='bbox 2502 1554 2664 1608; x_wconf 88' lang='lat' dir='ltr'><strong>Deum</strong></span> <span class='ocrx_word' id='word_1_244' title='bbox 2689 1557 2962 1625; x_wconf 72' lang='lat' dir='ltr'><strong>injustitia:</strong></span> <span class='ocrx_word' id='word_1_245' title='bbox 2980 1562 3363 1630; x_wconf 87' lang='lat' dir='ltr'><strong>accusandum,</strong></span> 
     </span>
    </p>
   </div>
   <div class='ocr_carea' id='block_1_31' title="bbox 1775 1640 3366 1719">
    <p class='ocr_par' dir='ltr' id='par_1_31' title="bbox 1775 1640 3366 1719">
     <span class='ocr_line' id='line_1_31' title="bbox 1775 1640 3366 1719; baseline 0.008 -27"><span class='ocrx_word' id='word_1_246' title='bbox 1775 1642 1819 1693; x_wconf 89' lang='lat' dir='ltr'><strong>si</strong></span> <span class='ocrx_word' id='word_1_247' title='bbox 1846 1640 1975 1710; x_wconf 83' lang='lat' dir='ltr'><strong>jugo</strong></span> <span class='ocrx_word' id='word_1_248' title='bbox 2008 1641 2247 1695; x_wconf 78' lang='lat' dir='ltr'><strong>victricis</strong></span> <span class='ocrx_word' id='word_1_249' title='bbox 2276 1645 2724 1711; x_wconf 63' lang='lat' dir='ltr'><strong>concupiStentiae</strong></span> <span class='ocrx_word' id='word_1_250' title='bbox 2753 1647 3025 1702; x_wconf 83' lang='lat' dir='ltr'><strong>hominem</strong></span> <span class='ocrx_word' id='word_1_251' title='bbox 3049 1653 3189 1704; x_wconf 87' lang='lat' dir='ltr'><strong>nulla</strong></span> <span class='ocrx_word' id='word_1_252' title='bbox 3215 1653 3366 1719; x_wconf 89' lang='lat' dir='ltr'><strong>culpa</strong></span> 
     </span>
    </p>
   </div>
   <div class='ocr_carea' id='block_1_32' title="bbox 1777 1731 3360 1805">
    <p class='ocr_par' dir='ltr' id='par_1_32' title="bbox 1777 1731 3360 1805">
     <span class='ocr_line' id='line_1_32' title="bbox 1777 1731 3360 1805; baseline 0.007 -23"><span class='ocrx_word' id='word_1_253' title='bbox 1777 1731 2123 1798; x_wconf 65' lang='lat' dir='ltr'><strong>praecedente</strong></span> <span class='ocrx_word' id='word_1_254' title='bbox 2145 1746 2517 1802; x_wconf 70' lang='lat' dir='ltr'><strong>apgravasset;</strong></span> <span class='ocrx_word' id='word_1_255' title='bbox 2545 1735 2598 1788; x_wconf 88' lang='lat' dir='ltr'><strong>id</strong></span> <span class='ocrx_word' id='word_1_256' title='bbox 2624 1737 2766 1790; x_wconf 91' lang='lat' dir='ltr'><strong>enim</strong></span> <span class='ocrx_word' id='word_1_257' title='bbox 2787 1753 2995 1791; x_wconf 85' lang='lat' dir='ltr'><strong>summa</strong></span> <span class='ocrx_word' id='word_1_258' title='bbox 3020 1740 3231 1794; x_wconf 88' lang='lat' dir='ltr'><strong>miseria</strong></span> <span class='ocrx_word' id='word_1_259' title='bbox 3258 1750 3360 1805; x_wconf 86' lang='lat' dir='ltr'><strong>est,</strong></span> 
     </span>
    </p>
   </div>
   <div class='ocr_carea' id='block_1_33' title="bbox 80 1822 3363 1898">
    <p class='ocr_par' dir='ltr' id='par_1_33' title="bbox 80 1822 3363 1898">
     <span class='ocr_line' id='line_1_33' title="bbox 80 1822 3363 1898; baseline 0.004 -19"><span class='ocrx_word' id='word_1_260' title='bbox 80 1827 187 1882; x_wconf 84' lang='lat' dir='ltr'><strong>fuse</strong></span> <span class='ocrx_word' id='word_1_261' title='bbox 214 1837 271 1883; x_wconf 90' lang='lat' dir='ltr'><strong>et</strong></span> <span class='ocrx_word' id='word_1_262' title='bbox 302 1829 518 1883; x_wconf 81' lang='lat' dir='ltr'><strong>erudite</strong></span> <span class='ocrx_word' id='word_1_263' title='bbox 567 1828 793 1898; x_wconf 89' lang='lat' dir='ltr'><strong>idipsum</strong></span> <span class='ocrx_word' id='word_1_264' title='bbox 825 1827 1064 1882; x_wconf 79' lang='lat' dir='ltr'><strong>deducit.</strong></span> <span class='ocrx_word' id='word_1_265' title='bbox 1114 1827 1433 1896; x_wconf 80' lang='lat' dir='ltr'><strong>Exemplum</strong></span> <span class='ocrx_word' id='word_1_266' title='bbox 1487 1838 1664 1881; x_wconf 89' lang='lat' dir='ltr'><strong>autem</strong></span> <span class='ocrx_word' id='word_1_267' title='bbox 1702 1823 1746 1879; x_wconf 87' lang='lat' dir='ltr'><strong>B</strong></span> <span class='ocrx_word' id='word_1_268' title='bbox 1773 1835 1835 1875; x_wconf 75' lang='lat' dir='ltr'><strong>ac</strong></span> <span class='ocrx_word' id='word_1_269' title='bbox 1858 1836 2074 1891; x_wconf 64' lang='lat' dir='ltr'><strong>gravem</strong></span> <span class='ocrx_word' id='word_1_270' title='bbox 2110 1822 2237 1877; x_wconf 72' lang='grc' dir='ltr'><strong>ίηάθ</strong></span> <span class='ocrx_word' id='word_1_271' title='bbox 2264 1839 2477 1893; x_wconf 66' lang='lat' dir='ltr'><strong>Damam</strong></span> <span class='ocrx_word' id='word_1_272' title='bbox 2510 1828 2670 1880; x_wconf 69' lang='lat' dir='ltr'><strong>homo</strong></span> <span class='ocrx_word' id='word_1_273' title='bbox 2708 1830 3014 1896; x_wconf 55' lang='lat' dir='ltr'><strong>“Femur;</strong></span> <span class='ocrx_word' id='word_1_274' title='bbox 3050 1831 3227 1884; x_wconf 74' lang='lat' dir='ltr'><strong>omnis</strong></span> <span class='ocrx_word' id='word_1_275' title='bbox 3268 1845 3363 1884; x_wconf 74' lang='lat' dir='ltr'><strong>all-</strong></span> 
     </span>
    </p>
   </div>
   <div class='ocr_carea' id='block_1_34' title="bbox 83 1919 1667 1990">
    <p class='ocr_par' dir='ltr' id='par_1_34' title="bbox 83 1919 1667 1990">
     <span class='ocr_line' id='line_1_34' title="bbox 83 1919 1667 1990; baseline -0.001 -18"><span class='ocrx_word' id='word_1_276' title='bbox 83 1922 215 1990; x_wconf 88' lang='lat' dir='ltr'><strong>quod</strong></span> <span class='ocrx_word' id='word_1_277' title='bbox 243 1921 412 1974; x_wconf 87' lang='lat' dir='ltr'><strong>iidem</strong></span> <span class='ocrx_word' id='word_1_278' title='bbox 446 1921 737 1988; x_wconf 74' lang='lat' dir='ltr'><strong>scriptores</strong></span> <span class='ocrx_word' id='word_1_279' title='bbox 766 1935 830 1974; x_wconf 82' lang='lat' dir='ltr'><strong>ex</strong></span> <span class='ocrx_word' id='word_1_280' title='bbox 863 1921 1159 1986; x_wconf 80' lang='lat' dir='ltr'><strong>voluntate,</strong></span> <span class='ocrx_word' id='word_1_281' title='bbox 1190 1922 1261 1975; x_wconf 91' lang='lat' dir='ltr'><strong>ob</strong></span> <span class='ocrx_word' id='word_1_282' title='bbox 1291 1919 1370 1974; x_wconf 90' lang='lat' dir='ltr'><strong>sui</strong></span> <span class='ocrx_word' id='word_1_283' title='bbox 1398 1919 1667 1974; x_wconf 89' lang='lat' dir='ltr'><strong>nihileita-</strong></span> 
     </span>
    </p>
   </div>
   <div class='ocr_carea' id='block_1_35' title="bbox 90 2009 1664 2080">
    <p class='ocr_par' dir='ltr' id='par_1_35' title="bbox 90 2009 1664 2080">
     <span class='ocr_line' id='line_1_35' title="bbox 90 2009 1664 2080; baseline 0.001 -18"><span class='ocrx_word' id='word_1_284' title='bbox 90 2023 207 2075; x_wconf 82' lang='lat' dir='ltr'><strong>tetu,</strong></span> <span class='ocrx_word' id='word_1_285' title='bbox 238 2027 265 2063; x_wconf 90' lang='lat' dir='ltr'><strong>a</strong></span> <span class='ocrx_word' id='word_1_286' title='bbox 299 2026 404 2080; x_wconf 87' lang='lat' dir='ltr'><strong>qua</strong></span> <span class='ocrx_word' id='word_1_287' title='bbox 447 2022 621 2064; x_wconf 87' lang='lat' dir='ltr'><strong>ortum</strong></span> <span class='ocrx_word' id='word_1_288' title='bbox 672 2010 855 2074; x_wconf 84' lang='lat' dir='ltr'><strong>habet,</strong></span> <span class='ocrx_word' id='word_1_289' title='bbox 892 2022 1110 2079; x_wconf 83' lang='lat' dir='ltr'><strong>peccato</strong></span> <span class='ocrx_word' id='word_1_290' title='bbox 1160 2010 1388 2064; x_wconf 72' lang='lat' dir='ltr'><strong>obnoxia</strong></span> <span class='ocrx_word' id='word_1_291' title='bbox 1413 2009 1664 2075; x_wconf 85' lang='lat' dir='ltr'><strong>afferunt,</strong></span> 
     </span>
    </p>
   </div>
   <div class='ocr_carea' id='block_1_36' title="bbox 86 2101 1669 2169">
    <p class='ocr_par' dir='ltr' id='par_1_36' title="bbox 86 2101 1669 2169">
     <span class='ocr_line' id='line_1_36' title="bbox 86 2101 1669 2169; baseline 0.001 -15"><span class='ocrx_word' id='word_1_292' title='bbox 86 2118 180 2156; x_wconf 88' lang='lat' dir='ltr'><strong>non</strong></span> <span class='ocrx_word' id='word_1_293' title='bbox 206 2112 290 2157; x_wconf 92' lang='lat' dir='ltr'><strong>est</strong></span> <span class='ocrx_word' id='word_1_294' title='bbox 334 2104 402 2155; x_wconf 82' lang='lat' dir='ltr'><strong>ad</strong></span> <span class='ocrx_word' id='word_1_295' title='bbox 447 2116 581 2163; x_wconf 90' lang='lat' dir='ltr'><strong>rem,</strong></span> <span class='ocrx_word' id='word_1_296' title='bbox 615 2102 880 2169; x_wconf 80' lang='lat' dir='ltr'><strong>siquidem</strong></span> <span class='ocrx_word' id='word_1_297' title='bbox 911 2102 1156 2155; x_wconf 81' lang='lat' dir='ltr'><strong>voluntas</strong></span> <span class='ocrx_word' id='word_1_298' title='bbox 1188 2103 1367 2169; x_wconf 88' lang='lat' dir='ltr'><strong>plures</strong></span> <span class='ocrx_word' id='word_1_299' title='bbox 1393 2114 1546 2155; x_wconf 89' lang='lat' dir='ltr'><strong>actus</strong></span> <span class='ocrx_word' id='word_1_300' title='bbox 1576 2101 1669 2155; x_wconf 86' lang='lat' dir='ltr'><strong>bo-</strong></span> 
     </span>
    </p>
   </div>
   <div class='ocr_carea' id='block_1_37' title="bbox 88 2192 1667 2262">
    <p class='ocr_par' dir='ltr' id='par_1_37' title="bbox 88 2192 1667 2262">
     <span class='ocr_line' id='line_1_37' title="bbox 88 2192 1667 2262; baseline 0.001 -17"><span class='ocrx_word' id='word_1_301' title='bbox 88 2205 172 2245; x_wconf 89' lang='lat' dir='ltr'><strong>nos</strong></span> <span class='ocrx_word' id='word_1_302' title='bbox 215 2192 381 2255; x_wconf 42' lang='lat' dir='ltr'><strong>elicit,</strong></span> <span class='ocrx_word' id='word_1_303' title='bbox 417 2194 509 2262; x_wconf 92' lang='lat' dir='ltr'><strong>qui</strong></span> <span class='ocrx_word' id='word_1_304' title='bbox 544 2192 595 2245; x_wconf 90' lang='lat' dir='ltr'><strong>in</strong></span> <span class='ocrx_word' id='word_1_305' title='bbox 646 2205 744 2245; x_wconf 83' lang='lat' dir='ltr'><strong>suo</strong></span> <span class='ocrx_word' id='word_1_306' title='bbox 791 2192 984 2245; x_wconf 86' lang='lat' dir='ltr'><strong>ordine</strong></span> <span class='ocrx_word' id='word_1_307' title='bbox 1028 2192 1255 2246; x_wconf 84' lang='lat' dir='ltr'><strong>naturali</strong></span> <span class='ocrx_word' id='word_1_308' title='bbox 1289 2192 1413 2246; x_wconf 92' lang='lat' dir='ltr'><strong>boni</strong></span> <span class='ocrx_word' id='word_1_309' title='bbox 1445 2202 1569 2245; x_wconf 89' lang='lat' dir='ltr'><strong>sunt</strong></span> <span class='ocrx_word' id='word_1_310' title='bbox 1614 2203 1667 2246; x_wconf 89' lang='lat' dir='ltr'><strong>et</strong></span> 
     </span>
    </p>
   </div>
   <div class='ocr_carea' id='block_1_38' title="bbox 91 2278 1669 2350">
    <p class='ocr_par' dir='ltr' id='par_1_38' title="bbox 91 2278 1669 2350">
     <span class='ocr_line' id='line_1_38' title="bbox 91 2278 1669 2350; baseline 0.002 -18"><span class='ocrx_word' id='word_1_311' title='bbox 91 2279 392 2345; x_wconf 66' lang='lat' dir='ltr'><strong>laudabiles,</strong></span> <span class='ocrx_word' id='word_1_312' title='bbox 439 2282 583 2333; x_wconf 89' lang='lat' dir='ltr'><strong>unde</strong></span> <span class='ocrx_word' id='word_1_313' title='bbox 615 2288 668 2333; x_wconf 80' lang='lat' dir='ltr'><strong>et</strong></span> <span class='ocrx_word' id='word_1_314' title='bbox 697 2280 808 2348; x_wconf 85' lang='lat' dir='ltr'><strong>ipsa</strong></span> <span class='ocrx_word' id='word_1_315' title='bbox 854 2278 993 2334; x_wconf 87' lang='lat' dir='ltr'><strong>bona</strong></span> <span class='ocrx_word' id='word_1_316' title='bbox 1046 2294 1166 2335; x_wconf 85' lang='lat' dir='ltr'><strong>esse</strong></span> <span class='ocrx_word' id='word_1_317' title='bbox 1206 2281 1568 2350; x_wconf 87' lang='lat' dir='ltr'><strong>cognoscitur.</strong></span> <span class='ocrx_word' id='word_1_318' title='bbox 1600 2283 1669 2335; x_wconf 83' lang='lat' dir='ltr'><strong>At</strong></span> 
     </span>
    </p>
   </div>
   <div class='ocr_carea' id='block_1_39' title="bbox 92 2370 1666 2438">
    <p class='ocr_par' dir='ltr' id='par_1_39' title="bbox 92 2370 1666 2438">
     <span class='ocr_line' id='line_1_39' title="bbox 92 2370 1666 2438; baseline 0.003 -15"><span class='ocrx_word' id='word_1_319' title='bbox 92 2370 504 2438; x_wconf 84' lang='lat' dir='ltr'><strong>concupiscentia</strong></span> <span class='ocrx_word' id='word_1_320' title='bbox 539 2371 713 2426; x_wconf 84' lang='lat' dir='ltr'><strong>nullus</strong></span> <span class='ocrx_word' id='word_1_321' title='bbox 736 2383 887 2424; x_wconf 90' lang='lat' dir='ltr'><strong>actus</strong></span> <span class='ocrx_word' id='word_1_322' title='bbox 916 2372 1089 2425; x_wconf 87' lang='lat' dir='ltr'><strong>bonos</strong></span> <span class='ocrx_word' id='word_1_323' title='bbox 1122 2373 1298 2435; x_wconf 87' lang='lat' dir='ltr'><strong>habet,</strong></span> <span class='ocrx_word' id='word_1_324' title='bbox 1322 2372 1497 2427; x_wconf 88' lang='lat' dir='ltr'><strong>nullos</strong></span> <span class='ocrx_word' id='word_1_325' title='bbox 1522 2374 1666 2427; x_wconf 87' lang='lat' dir='ltr'><strong>enim</strong></span> 
     </span>
    </p>
   </div>
   <div class='ocr_carea' id='block_1_40' title="bbox 94 2460 1666 2527">
    <p class='ocr_par' dir='ltr' id='par_1_40' title="bbox 94 2460 1666 2527">
     <span class='ocr_line' id='line_1_40' title="bbox 94 2460 1666 2527; baseline 0.003 -15"><span class='ocrx_word' id='word_1_326' title='bbox 94 2462 147 2513; x_wconf 88' lang='lat' dir='ltr'><strong>ad</strong></span> <span class='ocrx_word' id='word_1_327' title='bbox 188 2461 393 2514; x_wconf 74' lang='lat' dir='ltr'><strong>licitum</strong></span> <span class='ocrx_word' id='word_1_328' title='bbox 446 2470 652 2514; x_wconf 82' lang='lat' dir='ltr'><strong>tantum</strong></span> <span class='ocrx_word' id='word_1_329' title='bbox 702 2460 988 2515; x_wconf 87' lang='lat' dir='ltr'><strong>terminum</strong></span> <span class='ocrx_word' id='word_1_330' title='bbox 1021 2462 1211 2527; x_wconf 78' lang='lat' dir='ltr'><strong>exerit,</strong></span> <span class='ocrx_word' id='word_1_331' title='bbox 1247 2468 1342 2516; x_wconf 80' lang='lat' dir='ltr'><strong>sed</strong></span> <span class='ocrx_word' id='word_1_332' title='bbox 1386 2463 1452 2515; x_wconf 90' lang='lat' dir='ltr'><strong>ad</strong></span> <span class='ocrx_word' id='word_1_333' title='bbox 1486 2463 1666 2516; x_wconf 88' lang='lat' dir='ltr'><strong>illicita</strong></span> 
     </span>
    </p>
   </div>
   <div class='ocr_carea' id='block_1_41' title="bbox 95 2552 1667 2619">
    <p class='ocr_par' dir='ltr' id='par_1_41' title="bbox 95 2552 1667 2619">
     <span class='ocr_line' id='line_1_41' title="bbox 95 2552 1667 2619; baseline 0.001 -16"><span class='ocrx_word' id='word_1_334' title='bbox 95 2566 299 2619; x_wconf 67' lang='lat' dir='ltr'><strong>quaeque</strong></span> <span class='ocrx_word' id='word_1_335' title='bbox 318 2560 607 2615; x_wconf 66' lang='lat' dir='ltr'><strong>exarstuat,</strong></span> <span class='ocrx_word' id='word_1_336' title='bbox 631 2566 660 2604; x_wconf 91' lang='lat' dir='ltr'><strong>a</strong></span> <span class='ocrx_word' id='word_1_337' title='bbox 692 2555 966 2607; x_wconf 80' lang='lat' dir='ltr'><strong>voluntate</strong></span> <span class='ocrx_word' id='word_1_338' title='bbox 992 2560 1166 2606; x_wconf 88' lang='lat' dir='ltr'><strong>autem</strong></span> <span class='ocrx_word' id='word_1_339' title='bbox 1196 2553 1248 2606; x_wconf 90' lang='lat' dir='ltr'><strong>in</strong></span> <span class='ocrx_word' id='word_1_340' title='bbox 1277 2552 1495 2611; x_wconf 87' lang='lat' dir='ltr'><strong>honesta</strong></span> <span class='ocrx_word' id='word_1_341' title='bbox 1527 2563 1667 2607; x_wconf 66' lang='lat' dir='ltr'><strong>meta</strong></span> 
     </span>
    </p>
   </div>
   <div class='ocr_carea' id='block_1_42' title="bbox 98 2640 1597 2709">
    <p class='ocr_par' dir='ltr' id='par_1_42' title="bbox 98 2640 1597 2709">
     <span class='ocr_line' id='line_1_42' title="bbox 98 2640 1597 2709; baseline 0.003 -18"><span class='ocrx_word' id='word_1_342' title='bbox 98 2640 219 2693; x_wconf 87' lang='lat' dir='ltr'><strong>illius</strong></span> <span class='ocrx_word' id='word_1_343' title='bbox 248 2652 406 2694; x_wconf 88' lang='lat' dir='ltr'><strong>actus</strong></span> <span class='ocrx_word' id='word_1_344' title='bbox 438 2641 640 2709; x_wconf 87' lang='lat' dir='ltr'><strong>flgitur,</strong></span> <span class='ocrx_word' id='word_1_345' title='bbox 668 2642 738 2693; x_wconf 90' lang='lat' dir='ltr'><strong>ita</strong></span> <span class='ocrx_word' id='word_1_346' title='bbox 768 2650 823 2693; x_wconf 90' lang='lat' dir='ltr'><strong>ut</strong></span> <span class='ocrx_word' id='word_1_347' title='bbox 847 2643 912 2693; x_wconf 90' lang='lat' dir='ltr'><strong>ad</strong></span> <span class='ocrx_word' id='word_1_348' title='bbox 942 2643 1105 2695; x_wconf 88' lang='lat' dir='ltr'><strong>vetita</strong></span> <span class='ocrx_word' id='word_1_349' title='bbox 1135 2657 1240 2694; x_wconf 89' lang='lat' dir='ltr'><strong>non</strong></span> <span class='ocrx_word' id='word_1_350' title='bbox 1267 2656 1597 2709; x_wconf 85' lang='lat' dir='ltr'><strong>prorumpat.</strong></span> 
     </span>
    </p>
   </div>
   <div class='ocr_carea' id='block_1_43' title="bbox 151 2728 1670 2798">
    <p class='ocr_par' dir='ltr' id='par_1_43' title="bbox 151 2728 1670 2798">
     <span class='ocr_line' id='line_1_43' title="bbox 151 2728 1670 2798; baseline 0.002 -18"><span class='ocrx_word' id='word_1_351' title='bbox 151 2730 439 2797; x_wconf 84' lang='lat' dir='ltr'><strong>Opponunt</strong></span> <span class='ocrx_word' id='word_1_352' title='bbox 467 2730 819 2797; x_wconf 82' lang='lat' dir='ltr'><strong>Augustinum</strong></span> <span class='ocrx_word' id='word_1_353' title='bbox 850 2728 943 2783; x_wconf 90' lang='lat' dir='ltr'><strong>lib.</strong></span> <span class='ocrx_word' id='word_1_354' title='bbox 973 2746 990 2782; x_wconf 86' lang='grc' dir='ltr'><strong>ι</strong></span> <span class='ocrx_word' id='word_1_355' title='bbox 1024 2729 1258 2782; x_wconf 73' lang='lat' dir='ltr'><strong>lietract.</strong></span> <span class='ocrx_word' id='word_1_356' title='bbox 1288 2744 1407 2798; x_wconf 85' lang='lat' dir='ltr'><strong>cap.</strong></span> <span class='ocrx_word' id='word_1_357' title='bbox 1442 2732 1473 2783; x_wconf 84' lang='lat'><strong>9</strong></span> <span class='ocrx_word' id='word_1_358' title='bbox 1505 2731 1670 2784; x_wconf 80' lang='lat' dir='ltr'><strong>dixis-</strong></span> 
     </span>
    </p>
   </div>
   <div class='ocr_carea' id='block_1_44' title="bbox 100 2820 1673 2892">
    <p class='ocr_par' dir='ltr' id='par_1_44' title="bbox 100 2820 1673 2892">
     <span class='ocr_line' id='line_1_44' title="bbox 100 2820 1673 2892; baseline 0.003 -19"><span class='ocrx_word' id='word_1_359' title='bbox 100 2836 181 2875; x_wconf 90' lang='lat' dir='ltr'><strong>se:</strong></span> <span class='ocrx_word' id='word_1_360' title='bbox 209 2839 225 2871; x_wconf 76' lang='grc' dir='ltr'><strong>ι</strong></span> <span class='ocrx_word' id='word_1_361' title='bbox 264 2821 529 2887; x_wconf 81' lang='lat' dir='ltr'><strong>Quamvis</strong></span> <span class='ocrx_word' id='word_1_362' title='bbox 559 2820 855 2890; x_wconf 82' lang='lat' dir='ltr'><strong>ignorantia</strong></span> <span class='ocrx_word' id='word_1_363' title='bbox 911 2832 967 2875; x_wconf 91' lang='lat' dir='ltr'><strong>et</strong></span> <span class='ocrx_word' id='word_1_364' title='bbox 1005 2820 1291 2875; x_wconf 88' lang='lat' dir='ltr'><strong>difficultas</strong></span> <span class='ocrx_word' id='word_1_365' title='bbox 1319 2823 1575 2892; x_wconf 88' lang='lat' dir='ltr'><strong>(loquitur</strong></span> <span class='ocrx_word' id='word_1_366' title='bbox 1604 2823 1673 2878; x_wconf 90' lang='lat' dir='ltr'><strong>de</strong></span> 
     </span>
    </p>
   </div>
   <div class='ocr_carea' id='block_1_45' title="bbox 102 2912 1683 2981">
    <p class='ocr_par' dir='ltr' id='par_1_45' title="bbox 102 2912 1683 2981">
     <span class='ocr_line' id='line_1_45' title="bbox 102 2912 1683 2981; baseline 0.003 -17"><span class='ocrx_word' id='word_1_367' title='bbox 102 2913 401 2967; x_wconf 81' lang='lat' dir='ltr'><strong>difficultate</strong></span> <span class='ocrx_word' id='word_1_368' title='bbox 438 2921 557 2965; x_wconf 87' lang='lat' dir='ltr'><strong>orta</strong></span> <span class='ocrx_word' id='word_1_369' title='bbox 608 2928 675 2967; x_wconf 88' lang='lat' dir='ltr'><strong>ex</strong></span> <span class='ocrx_word' id='word_1_370' title='bbox 724 2912 1192 2981; x_wconf 83' lang='lat' dir='ltr'><strong>concupiscentia)</strong></span> <span class='ocrx_word' id='word_1_371' title='bbox 1244 2915 1451 2968; x_wconf 88' lang='lat' dir='ltr'><strong>etiamsi</strong></span> <span class='ocrx_word' id='word_1_372' title='bbox 1497 2924 1683 2970; x_wconf 81' lang='lat' dir='ltr'><strong>essent</strong></span> 
     </span>
    </p>
   </div>
   <div class='ocr_carea' id='block_1_46' title="bbox 102 2992 1673 3075">
    <p class='ocr_par' dir='ltr' id='par_1_46' title="bbox 102 2992 1673 3075">
     <span class='ocr_line' id='line_1_46' title="bbox 102 2992 1673 3075; baseline 0.008 -24"><span class='ocrx_word' id='word_1_373' title='bbox 102 3002 307 3055; x_wconf 83' lang='lat' dir='ltr'><strong>hominis</strong></span> <span class='ocrx_word' id='word_1_374' title='bbox 335 3002 635 3069; x_wconf 89' lang='lat' dir='ltr'><strong>primordia</strong></span> <span class='ocrx_word' id='word_1_375' title='bbox 661 2992 949 3065; x_wconf 73' lang='lat' dir='ltr'><strong>naturalia,</strong></span> <span class='ocrx_word' id='word_1_376' title='bbox 975 3019 1075 3058; x_wconf 90' lang='lat' dir='ltr'><strong>nec</strong></span> <span class='ocrx_word' id='word_1_377' title='bbox 1101 3006 1179 3058; x_wconf 89' lang='lat' dir='ltr'><strong>sic</strong></span> <span class='ocrx_word' id='word_1_378' title='bbox 1218 3006 1516 3075; x_wconf 89' lang='lat' dir='ltr'><strong>culpandus</strong></span> <span class='ocrx_word' id='word_1_379' title='bbox 1534 3047 1548 3072; x_wconf 87' lang='lat'><strong>,</strong></span> <span class='ocrx_word' id='word_1_380' title='bbox 1578 3008 1673 3063; x_wconf 89' lang='lat' dir='ltr'><strong>sed</strong></span> 
     </span>
    </p>
   </div>
   <div class='ocr_carea' id='block_1_47' title="bbox 105 3091 1672 3167">
    <p class='ocr_par' dir='ltr' id='par_1_47' title="bbox 105 3091 1672 3167">
     <span class='ocr_line' id='line_1_47' title="bbox 105 3091 1672 3167; baseline 0.005 -25"><span class='ocrx_word' id='word_1_381' title='bbox 105 3091 374 3145; x_wconf 80' lang='lat' dir='ltr'><strong>laudandus</strong></span> <span class='ocrx_word' id='word_1_382' title='bbox 420 3102 572 3146; x_wconf 87' lang='lat' dir='ltr'><strong>esset</strong></span> <span class='ocrx_word' id='word_1_383' title='bbox 624 3094 783 3146; x_wconf 87' lang='lat' dir='ltr'><strong>Deus.</strong></span> <span class='ocrx_word' id='word_1_384' title='bbox 823 3111 843 3145; x_wconf 72' lang='grc' dir='ltr'><strong>ι</strong></span> <span class='ocrx_word' id='word_1_385' title='bbox 874 3095 1045 3159; x_wconf 72' lang='lat' dir='ltr'><strong>Ergo,</strong></span> <span class='ocrx_word' id='word_1_386' title='bbox 1094 3095 1354 3164; x_wconf 82' lang='lat' dir='ltr'><strong>inquiunt,</strong></span> <span class='ocrx_word' id='word_1_387' title='bbox 1384 3111 1448 3151; x_wconf 79' lang='lat' dir='ltr'><strong>ex</strong></span> <span class='ocrx_word' id='word_1_388' title='bbox 1488 3104 1672 3167; x_wconf 83' lang='lat' dir='ltr'><strong>Augu-</strong></span> 
     </span>
    </p>
   </div>
   <div class='ocr_carea' id='block_1_48' title="bbox 1773 1911 3363 1987">
    <p class='ocr_par' dir='ltr' id='par_1_48' title="bbox 1773 1911 3363 1987">
     <span class='ocr_line' id='line_1_48' title="bbox 1773 1911 3363 1987; baseline 0.007 -24"><span class='ocrx_word' id='word_1_389' title='bbox 1773 1918 1878 1963; x_wconf 87' lang='lat' dir='ltr'><strong>tem</strong></span> <span class='ocrx_word' id='word_1_390' title='bbox 1913 1926 2065 1979; x_wconf 76' lang='lat' dir='ltr'><strong>pmna</strong></span> <span class='ocrx_word' id='word_1_391' title='bbox 2092 1911 2292 1981; x_wconf 82' lang='lat' dir='ltr'><strong>injuste</strong></span> <span class='ocrx_word' id='word_1_392' title='bbox 2339 1914 2619 1983; x_wconf 82' lang='lat' dir='ltr'><strong>infligitur,</strong></span> <span class='ocrx_word' id='word_1_393' title='bbox 2648 1917 2692 1968; x_wconf 93' lang='lat' dir='ltr'><strong>si</strong></span> <span class='ocrx_word' id='word_1_394' title='bbox 2727 1917 2871 1970; x_wconf 90' lang='lat' dir='ltr'><strong>nulla</strong></span> <span class='ocrx_word' id='word_1_395' title='bbox 2918 1920 3164 1973; x_wconf 83' lang='lat' dir='ltr'><strong>eamdem</strong></span> <span class='ocrx_word' id='word_1_396' title='bbox 3206 1921 3363 1987; x_wconf 85' lang='lat' dir='ltr'><strong>culpa</strong></span> 
     </span>
    </p>
   </div>
   <div class='ocr_carea' id='block_1_49' title="bbox 1770 2002 3357 2079">
    <p class='ocr_par' dir='ltr' id='par_1_49' title="bbox 1770 2002 3357 2079">
     <span class='ocr_line' id='line_1_49' title="bbox 1770 2002 3357 2079; baseline 0.006 -24"><span class='ocrx_word' id='word_1_397' title='bbox 1770 2003 1955 2056; x_wconf 86' lang='lat' dir='ltr'><strong>merita</strong></span> <span class='ocrx_word' id='word_1_398' title='bbox 1977 2011 2079 2056; x_wconf 87' lang='lat' dir='ltr'><strong>est.</strong></span> <span class='ocrx_word' id='word_1_399' title='bbox 2108 2002 2271 2071; x_wconf 81' lang='lat' dir='ltr'><strong>Igitur</strong></span> <span class='ocrx_word' id='word_1_400' title='bbox 2294 2004 2438 2058; x_wconf 89' lang='lat' dir='ltr'><strong>illam</strong></span> <span class='ocrx_word' id='word_1_401' title='bbox 2463 2006 2833 2075; x_wconf 84' lang='lat' dir='ltr'><strong>hypothesim,</strong></span> <span class='ocrx_word' id='word_1_402' title='bbox 2866 2023 3026 2075; x_wconf 89' lang='lat' dir='ltr'><strong>quam</strong></span> <span class='ocrx_word' id='word_1_403' title='bbox 3054 2025 3216 2079; x_wconf 81' lang='lat' dir='ltr'><strong>agens</strong></span> <span class='ocrx_word' id='word_1_404' title='bbox 3237 2026 3357 2064; x_wconf 89' lang='lat' dir='ltr'><strong>cum</strong></span> 
     </span>
    </p>
   </div>
   <div class='ocr_carea' id='block_1_50' title="bbox 1770 2092 3351 2165">
    <p class='ocr_par' dir='ltr' id='par_1_50' title="bbox 1770 2092 3351 2165">
     <span class='ocr_line' id='line_1_50' title="bbox 1770 2092 3351 2165; baseline 0.005 -20"><span class='ocrx_word' id='word_1_405' title='bbox 1770 2092 2076 2146; x_wconf 77' lang='lat' dir='ltr'><strong>Manichteis</strong></span> <span class='ocrx_word' id='word_1_406' title='bbox 2103 2093 2484 2162; x_wconf 82' lang='lat' dir='ltr'><strong>disputationis</strong></span> <span class='ocrx_word' id='word_1_407' title='bbox 2515 2097 2683 2164; x_wconf 87' lang='lat' dir='ltr'><strong>gratia</strong></span> <span class='ocrx_word' id='word_1_408' title='bbox 2727 2097 3059 2165; x_wconf 81' lang='lat' dir='ltr'><strong>Augustinus</strong></span> <span class='ocrx_word' id='word_1_409' title='bbox 3103 2100 3351 2153; x_wconf 79' lang='lat' dir='ltr'><strong>admitte-</strong></span> 
     </span>
    </p>
   </div>
   <div class='ocr_carea' id='block_1_51' title="bbox 1769 2183 3358 2259">
    <p class='ocr_par' dir='ltr' id='par_1_51' title="bbox 1769 2183 3358 2259">
     <span class='ocr_line' id='line_1_51' title="bbox 1769 2183 3358 2259; baseline 0.003 -22"><span class='ocrx_word' id='word_1_410' title='bbox 1769 2183 1877 2248; x_wconf 90' lang='lat' dir='ltr'><strong>bat,</strong></span> <span class='ocrx_word' id='word_1_411' title='bbox 1912 2183 1966 2237; x_wconf 91' lang='lat' dir='ltr'><strong>in</strong></span> <span class='ocrx_word' id='word_1_412' title='bbox 1995 2184 2147 2239; x_wconf 78' lang='lat' dir='ltr'><strong>libris</strong></span> <span class='ocrx_word' id='word_1_413' title='bbox 2176 2195 2361 2240; x_wconf 89' lang='lat' dir='ltr'><strong>contra</strong></span> <span class='ocrx_word' id='word_1_414' title='bbox 2407 2186 2717 2255; x_wconf 81' lang='lat' dir='ltr'><strong>Pelagianos</strong></span> <span class='ocrx_word' id='word_1_415' title='bbox 2757 2205 2861 2243; x_wconf 81' lang='lat' dir='ltr'><strong>non</strong></span> <span class='ocrx_word' id='word_1_416' title='bbox 2895 2190 3053 2243; x_wconf 89' lang='lat' dir='ltr'><strong>modo</strong></span> <span class='ocrx_word' id='word_1_417' title='bbox 3095 2205 3199 2243; x_wconf 87' lang='lat' dir='ltr'><strong>non</strong></span> <span class='ocrx_word' id='word_1_418' title='bbox 3228 2206 3358 2259; x_wconf 86' lang='lat' dir='ltr'><strong>pro-</strong></span> 
     </span>
    </p>
   </div>
   <div class='ocr_carea' id='block_1_52' title="bbox 1771 2278 3360 2350">
    <p class='ocr_par' dir='ltr' id='par_1_52' title="bbox 1771 2278 3360 2350">
     <span class='ocr_line' id='line_1_52' title="bbox 1771 2278 3360 2350; baseline 0.004 -20"><span class='ocrx_word' id='word_1_419' title='bbox 1771 2278 1939 2341; x_wconf 84' lang='lat' dir='ltr'><strong>bavit,</strong></span> <span class='ocrx_word' id='word_1_420' title='bbox 1968 2291 2156 2332; x_wconf 89' lang='lat' dir='ltr'><strong>verum</strong></span> <span class='ocrx_word' id='word_1_421' title='bbox 2187 2278 2349 2332; x_wconf 89' lang='lat' dir='ltr'><strong>etiam</strong></span> <span class='ocrx_word' id='word_1_422' title='bbox 2392 2279 2735 2335; x_wconf 89' lang='lat' dir='ltr'><strong>solidissimis</strong></span> <span class='ocrx_word' id='word_1_423' title='bbox 2766 2282 3093 2350; x_wconf 74' lang='lat' dir='ltr'><strong>argumentis</strong></span> <span class='ocrx_word' id='word_1_424' title='bbox 3114 2284 3360 2349; x_wconf 63' lang='lat' dir='ltr'><strong>exilosit.</strong></span> 
     </span>
    </p>
   </div>
   <div class='ocr_carea' id='block_1_53' title="bbox 1800 2370 3361 2442">
    <p class='ocr_par' dir='ltr' id='par_1_53' title="bbox 1800 2370 3361 2442">
     <span class='ocr_line' id='line_1_53' title="bbox 1800 2370 3361 2442; baseline 0.004 -19"><span class='ocrx_word' id='word_1_425' title='bbox 1800 2370 2083 2423; x_wconf 73' lang='lat' dir='ltr'><strong>Julianus</strong></span> <span class='ocrx_word' id='word_1_426' title='bbox 2132 2370 2283 2439; x_wconf 88' lang='lat' dir='ltr'><strong>plura</strong></span> <span class='ocrx_word' id='word_1_427' title='bbox 2337 2382 2649 2440; x_wconf 87' lang='lat' dir='ltr'><strong>argumenta</strong></span> <span class='ocrx_word' id='word_1_428' title='bbox 2692 2374 2961 2441; x_wconf 84' lang='lat' dir='ltr'><strong>congessit</strong></span> <span class='ocrx_word' id='word_1_429' title='bbox 3013 2383 3071 2426; x_wconf 90' lang='lat' dir='ltr'><strong>ut</strong></span> <span class='ocrx_word' id='word_1_430' title='bbox 3115 2375 3361 2442; x_wconf 84' lang='lat' dir='ltr'><strong>probaret</strong></span> 
     </span>
    </p>
   </div>
   <div class='ocr_carea' id='block_1_54' title="bbox 1769 2462 3361 2530">
    <p class='ocr_par' dir='ltr' id='par_1_54' title="bbox 1769 2462 3361 2530">
     <span class='ocr_line' id='line_1_54' title="bbox 1769 2462 3361 2530; baseline 0.003 -16"><span class='ocrx_word' id='word_1_431' title='bbox 1769 2462 2261 2530; x_wconf 77' lang='lat' dir='ltr'><strong>concupiscentiam</strong></span> <span class='ocrx_word' id='word_1_432' title='bbox 2293 2476 2417 2517; x_wconf 88' lang='lat' dir='ltr'><strong>esse</strong></span> <span class='ocrx_word' id='word_1_433' title='bbox 2449 2463 2829 2530; x_wconf 75' lang='lat' dir='ltr'><strong>perfectionem</strong></span> <span class='ocrx_word' id='word_1_434' title='bbox 2865 2465 3161 2518; x_wconf 80' lang='lat' dir='ltr'><strong>naturalem</strong></span> <span class='ocrx_word' id='word_1_435' title='bbox 3188 2464 3361 2518; x_wconf 78' lang='lat' dir='ltr'><strong>humi-</strong></span> 
     </span>
    </p>
   </div>
   <div class='ocr_carea' id='block_1_55' title="bbox 1772 2552 3360 2621">
    <p class='ocr_par' dir='ltr' id='par_1_55' title="bbox 1772 2552 3360 2621">
     <span class='ocr_line' id='line_1_55' title="bbox 1772 2552 3360 2621; baseline 0.003 -17"><span class='ocrx_word' id='word_1_436' title='bbox 1772 2568 1804 2604; x_wconf 91' lang='lat' dir='ltr'><strong>n</strong></span> <span class='ocrx_word' id='word_1_437' title='bbox 1828 2568 1873 2613; x_wconf 87' lang='lat' dir='ltr'><strong>s.</strong></span> <span class='ocrx_word' id='word_1_438' title='bbox 1903 2567 2023 2606; x_wconf 89' lang='lat' dir='ltr'><strong>esse</strong></span> <span class='ocrx_word' id='word_1_439' title='bbox 2066 2552 2285 2618; x_wconf 89' lang='lat' dir='ltr'><strong>bonum,</strong></span> <span class='ocrx_word' id='word_1_440' title='bbox 2328 2553 2611 2620; x_wconf 89' lang='lat' dir='ltr'><strong>solumque</strong></span> <span class='ocrx_word' id='word_1_441' title='bbox 2636 2554 2879 2621; x_wconf 62' lang='lat' dir='ltr'><strong>ejusdem</strong></span> <span class='ocrx_word' id='word_1_442' title='bbox 2919 2568 3196 2608; x_wconf 68' lang='lat' dir='ltr'><strong>excessum</strong></span> <span class='ocrx_word' id='word_1_443' title='bbox 3238 2570 3360 2609; x_wconf 83' lang='lat' dir='ltr'><strong>esse</strong></span> 
     </span>
    </p>
   </div>
   <div class='ocr_carea' id='block_1_56' title="bbox 1773 2640 3360 2710">
    <p class='ocr_par' dir='ltr' id='par_1_56' title="bbox 1773 2640 3360 2710">
     <span class='ocr_line' id='line_1_56' title="bbox 1773 2640 3360 2710; baseline 0.002 -19"><span class='ocrx_word' id='word_1_444' title='bbox 1773 2640 2118 2708; x_wconf 81' lang='lat' dir='ltr'><strong>culpabilem.</strong></span> <span class='ocrx_word' id='word_1_445' title='bbox 2148 2641 2262 2694; x_wconf 83' lang='lat' dir='ltr'><strong>Lib.</strong></span> <span class='ocrx_word' id='word_1_446' title='bbox 2292 2655 2345 2693; x_wconf 89' lang='lat' dir='ltr'><strong>tv</strong></span> <span class='ocrx_word' id='word_1_447' title='bbox 2380 2642 2571 2708; x_wconf 83' lang='lat' dir='ltr'><strong>Operis</strong></span> <span class='ocrx_word' id='word_1_448' title='bbox 2602 2642 2841 2708; x_wconf 84' lang='lat' dir='ltr'><strong>imperf.,</strong></span> <span class='ocrx_word' id='word_1_449' title='bbox 2872 2656 2993 2710; x_wconf 88' lang='lat' dir='ltr'><strong>cap.</strong></span> <span class='ocrx_word' id='word_1_450' title='bbox 3027 2644 3123 2707; x_wconf 75' lang='lat'><strong>56,</strong></span> <span class='ocrx_word' id='word_1_451' title='bbox 3157 2658 3223 2697; x_wconf 92' lang='lat' dir='ltr'><strong>eo</strong></span> <span class='ocrx_word' id='word_1_452' title='bbox 3252 2644 3360 2697; x_wconf 83' lang='lat' dir='ltr'><strong>uti-</strong></span> 
     </span>
    </p>
   </div>
   <div class='ocr_carea' id='block_1_57' title="bbox 1775 2732 3348 2801">
    <p class='ocr_par' dir='ltr' id='par_1_57' title="bbox 1775 2732 3348 2801">
     <span class='ocr_line' id='line_1_57' title="bbox 1775 2732 3348 2801; baseline 0.003 -19"><span class='ocrx_word' id='word_1_453' title='bbox 1775 2738 1863 2782; x_wconf 87' lang='lat' dir='ltr'><strong>tur</strong></span> <span class='ocrx_word' id='word_1_454' title='bbox 1892 2738 2226 2798; x_wconf 83' lang='lat' dir='ltr'><strong>atgumento,</strong></span> <span class='ocrx_word' id='word_1_455' title='bbox 2254 2732 2396 2798; x_wconf 85' lang='lat' dir='ltr'><strong>quod</strong></span> <span class='ocrx_word' id='word_1_456' title='bbox 2416 2732 2848 2799; x_wconf 86' lang='lat' dir='ltr'><strong>concupiscentia</strong></span> <span class='ocrx_word' id='word_1_457' title='bbox 2878 2736 2949 2786; x_wconf 85' lang='lat' dir='ltr'><strong>sit</strong></span> <span class='ocrx_word' id='word_1_458' title='bbox 2975 2737 3227 2801; x_wconf 88' lang='lat' dir='ltr'><strong>perfectio</strong></span> <span class='ocrx_word' id='word_1_459' title='bbox 3249 2752 3348 2789; x_wconf 85' lang='lat' dir='ltr'><strong>na-</strong></span> 
     </span>
    </p>
   </div>
   <div class='ocr_carea' id='block_1_58' title="bbox 1778 2820 3363 2894">
    <p class='ocr_par' dir='ltr' id='par_1_58' title="bbox 1778 2820 3363 2894">
     <span class='ocr_line' id='line_1_58' title="bbox 1778 2820 3363 2894; baseline 0.006 -22"><span class='ocrx_word' id='word_1_460' title='bbox 1778 2820 1973 2874; x_wconf 65' lang='lat' dir='ltr'><strong>turalis</strong></span> <span class='ocrx_word' id='word_1_461' title='bbox 2011 2820 2251 2889; x_wconf 88' lang='lat' dir='ltr'><strong>pecudis,</strong></span> <span class='ocrx_word' id='word_1_462' title='bbox 2282 2831 2339 2875; x_wconf 88' lang='lat' dir='ltr'><strong>et</strong></span> <span class='ocrx_word' id='word_1_463' title='bbox 2377 2822 2569 2875; x_wconf 89' lang='lat' dir='ltr'><strong>bonunt</strong></span> <span class='ocrx_word' id='word_1_464' title='bbox 2618 2822 2859 2891; x_wconf 62' lang='lat' dir='ltr'><strong>ejusdem</strong></span> <span class='ocrx_word' id='word_1_465' title='bbox 2907 2824 2971 2877; x_wconf 87' lang='lat' dir='ltr'><strong>ad</strong></span> <span class='ocrx_word' id='word_1_466' title='bbox 3001 2824 3199 2893; x_wconf 74' lang='lat' dir='ltr'><strong>speciei</strong></span> <span class='ocrx_word' id='word_1_467' title='bbox 3243 2841 3363 2894; x_wconf 85' lang='lat' dir='ltr'><strong>pro-</strong></span> 
     </span>
    </p>
   </div>
   <div class='ocr_carea' id='block_1_59' title="bbox 1777 2912 3367 2984">
    <p class='ocr_par' dir='ltr' id='par_1_59' title="bbox 1777 2912 3367 2984">
     <span class='ocr_line' id='line_1_59' title="bbox 1777 2912 3367 2984; baseline 0.005 -21"><span class='ocrx_word' id='word_1_468' title='bbox 1777 2912 2114 2979; x_wconf 88' lang='lat' dir='ltr'><strong>pagationem</strong></span> <span class='ocrx_word' id='word_1_469' title='bbox 2142 2913 2472 2978; x_wconf 83' lang='lat' dir='ltr'><strong>inserviens;</strong></span> <span class='ocrx_word' id='word_1_470' title='bbox 2499 2914 2640 2967; x_wconf 88' lang='lat' dir='ltr'><strong>unde</strong></span> <span class='ocrx_word' id='word_1_471' title='bbox 2679 2913 2869 2968; x_wconf 87' lang='lat' dir='ltr'><strong>eadem</strong></span> <span class='ocrx_word' id='word_1_472' title='bbox 2899 2930 3111 2984; x_wconf 88' lang='lat' dir='ltr'><strong>quoque</strong></span> <span class='ocrx_word' id='word_1_473' title='bbox 3142 2916 3367 2971; x_wconf 84' lang='lat' dir='ltr'><strong>dieenda‘</strong></span> 
     </span>
    </p>
   </div>
   <div class='ocr_carea' id='block_1_60' title="bbox 1778 3002 3365 3073">
    <p class='ocr_par' dir='ltr' id='par_1_60' title="bbox 1778 3002 3365 3073">
     <span class='ocr_line' id='line_1_60' title="bbox 1778 3002 3365 3073; baseline 0.004 -19"><span class='ocrx_word' id='word_1_474' title='bbox 1778 3002 1989 3055; x_wconf 83' lang='lat' dir='ltr'><strong>videtur</strong></span> <span class='ocrx_word' id='word_1_475' title='bbox 2019 3002 2253 3057; x_wconf 87' lang='lat' dir='ltr'><strong>hominis</strong></span> <span class='ocrx_word' id='word_1_476' title='bbox 2282 3003 2564 3072; x_wconf 66' lang='lat' dir='ltr'><strong>permotio,</strong></span> <span class='ocrx_word' id='word_1_477' title='bbox 2597 3019 2713 3073; x_wconf 86' lang='lat' dir='ltr'><strong>qua</strong></span> <span class='ocrx_word' id='word_1_478' title='bbox 2732 3014 2884 3073; x_wconf 89' lang='lat' dir='ltr'><strong>parte</strong></span> <span class='ocrx_word' id='word_1_479' title='bbox 2922 3021 3041 3059; x_wconf 86' lang='lat' dir='ltr'><strong>cum</strong></span> <span class='ocrx_word' id='word_1_480' title='bbox 3071 3007 3241 3061; x_wconf 89' lang='lat' dir='ltr'><strong>brutis</strong></span> <span class='ocrx_word' id='word_1_481' title='bbox 3280 3018 3365 3061; x_wconf 52' lang='lat' dir='ltr'><strong>sea</strong></span> 
     </span>
    </p>
   </div>
   <div class='ocr_carea' id='block_1_61' title="bbox 1778 3092 3362 3161">
    <p class='ocr_par' dir='ltr' id='par_1_61' title="bbox 1778 3092 3362 3161">
     <span class='ocr_line' id='line_1_61' title="bbox 1778 3092 3362 3161; baseline 0.003 -14"><span class='ocrx_word' id='word_1_482' title='bbox 1778 3092 2009 3147; x_wconf 85' lang='lat' dir='ltr'><strong>cundum</strong></span> <span class='ocrx_word' id='word_1_483' title='bbox 2050 3094 2275 3161; x_wconf 86' lang='lat' dir='ltr'><strong>gradum</strong></span> <span class='ocrx_word' id='word_1_484' title='bbox 2322 3094 2635 3148; x_wconf 63' lang='lat' dir='ltr'><strong>sensitivum</strong></span> <span class='ocrx_word' id='word_1_485' title='bbox 2667 3097 2939 3148; x_wconf 84' lang='lat' dir='ltr'><strong>convenit.</strong></span> <span class='ocrx_word' id='word_1_486' title='bbox 2984 3095 3188 3149; x_wconf 80' lang='lat' dir='ltr'><strong>Rursus</strong></span> <span class='ocrx_word' id='word_1_487' title='bbox 3224 3098 3317 3150; x_wconf 89' lang='lat' dir='ltr'><strong>itb.</strong></span> <span class='ocrx_word' id='word_1_488' title='bbox 3350 3112 3362 3151; x_wconf 95' lang='lat' dir='ltr'><strong>t</strong></span> 
     </span>
    </p>
   </div>
   <div class='ocr_carea' id='block_1_62' title="bbox 100 3177 3363 3255">
    <p class='ocr_par' dir='ltr' id='par_1_62' title="bbox 100 3177 3363 3255">
     <span class='ocr_line' id='line_1_62' title="bbox 100 3177 3363 3255; baseline 0.002 -19"><span class='ocrx_word' id='word_1_489' title='bbox 100 3184 219 3239; x_wconf 85' lang='lat' dir='ltr'><strong>stino</strong></span> <span class='ocrx_word' id='word_1_490' title='bbox 249 3185 556 3239; x_wconf 85' lang='lat' dir='ltr'><strong>laudandus</strong></span> <span class='ocrx_word' id='word_1_491' title='bbox 576 3195 721 3240; x_wconf 85' lang='lat' dir='ltr'><strong>esset</strong></span> <span class='ocrx_word' id='word_1_492' title='bbox 750 3187 908 3250; x_wconf 89' lang='lat' dir='ltr'><strong>Deus,</strong></span> <span class='ocrx_word' id='word_1_493' title='bbox 937 3189 1150 3241; x_wconf 88' lang='lat' dir='ltr'><strong>tametsi</strong></span> <span class='ocrx_word' id='word_1_494' title='bbox 1187 3188 1455 3242; x_wconf 88' lang='lat' dir='ltr'><strong>hominem</strong></span> <span class='ocrx_word' id='word_1_495' title='bbox 1494 3202 1673 3243; x_wconf 85' lang='lat' dir='ltr'><strong>creas-</strong></span> <span class='ocrx_word' id='word_1_496' title='bbox 1702 3177 1746 3239; x_wconf 90' lang='lat' dir='ltr'>C</span> <span class='ocrx_word' id='word_1_497' title='bbox 1784 3184 2026 3253; x_wconf 82' lang='lat' dir='ltr'><strong>ejusdem</strong></span> <span class='ocrx_word' id='word_1_498' title='bbox 2054 3185 2267 3253; x_wconf 84' lang='lat' dir='ltr'><strong>Operis,</strong></span> <span class='ocrx_word' id='word_1_499' title='bbox 2291 3199 2411 3253; x_wconf 78' lang='lat' dir='ltr'><strong>cap.</strong></span> <span class='ocrx_word' id='word_1_500' title='bbox 2455 3186 2522 3238; x_wconf 88' lang='grc'>70</span> <span class='ocrx_word' id='word_1_501' title='bbox 2544 3226 2559 3249; x_wconf 87' lang='grc'><strong><em>,</em></strong></span> <span class='ocrx_word' id='word_1_502' title='bbox 2589 3184 2764 3255; x_wconf 84' lang='lat' dir='ltr'><strong>arguit</strong></span> <span class='ocrx_word' id='word_1_503' title='bbox 2785 3186 2905 3253; x_wconf 82' lang='lat' dir='ltr'><strong>quia</strong></span> <span class='ocrx_word' id='word_1_504' title='bbox 2936 3189 3363 3255; x_wconf 79' lang='lat' dir='ltr'><strong>concupisreutia</strong></span> 
     </span>
    </p>
   </div>
   <div class='ocr_carea' id='block_1_63' title="bbox 100 3276 1674 3348">
    <p class='ocr_par' dir='ltr' id='par_1_63' title="bbox 100 3276 1674 3348">
     <span class='ocr_line' id='line_1_63' title="bbox 100 3276 1674 3348; baseline 0.003 -21"><span class='ocrx_word' id='word_1_505' title='bbox 100 3284 172 3329; x_wconf 84' lang='lat' dir='ltr'><strong>set</strong></span> <span class='ocrx_word' id='word_1_506' title='bbox 212 3278 410 3345; x_wconf 85' lang='lat' dir='ltr'><strong>absque</strong></span> <span class='ocrx_word' id='word_1_507' title='bbox 440 3276 687 3344; x_wconf 86' lang='lat' dir='ltr'><strong>perfecta</strong></span> <span class='ocrx_word' id='word_1_508' title='bbox 732 3278 1181 3344; x_wconf 74' lang='lat' dir='ltr'><strong>concupiscentia:</strong></span> <span class='ocrx_word' id='word_1_509' title='bbox 1226 3279 1581 3348; x_wconf 86' lang='lat' dir='ltr'><strong>subjectione.</strong></span> <span class='ocrx_word' id='word_1_510' title='bbox 1616 3281 1674 3332; x_wconf 88' lang='lat' dir='ltr'><strong>In</strong></span> 
     </span>
    </p>
   </div>
   <div class='ocr_carea' id='block_1_64' title="bbox 106 3367 1675 3439">
    <p class='ocr_par' dir='ltr' id='par_1_64' title="bbox 106 3367 1675 3439">
     <span class='ocr_line' id='line_1_64' title="bbox 106 3367 1675 3439; baseline 0.006 -23"><span class='ocrx_word' id='word_1_511' title='bbox 106 3381 196 3420; x_wconf 88' lang='lat' dir='ltr'><strong>uno</strong></span> <span class='ocrx_word' id='word_1_512' title='bbox 215 3367 311 3421; x_wconf 90' lang='lat' dir='ltr'><strong>hoc</strong></span> <span class='ocrx_word' id='word_1_513' title='bbox 334 3378 437 3420; x_wconf 85' lang='lat' dir='ltr'><strong>tam</strong></span> <span class='ocrx_word' id='word_1_514' title='bbox 466 3370 640 3431; x_wconf 72' lang='lat' dir='ltr'><strong>ciaro,</strong></span> <span class='ocrx_word' id='word_1_515' title='bbox 664 3376 723 3420; x_wconf 92' lang='lat' dir='ltr'><strong>ut</strong></span> <span class='ocrx_word' id='word_1_516' title='bbox 742 3368 912 3435; x_wconf 88' lang='lat' dir='ltr'><strong>aiunt,</strong></span> <span class='ocrx_word' id='word_1_517' title='bbox 945 3370 1222 3439; x_wconf 78' lang='lat' dir='ltr'><strong>Augustini</strong></span> <span class='ocrx_word' id='word_1_518' title='bbox 1246 3373 1549 3425; x_wconf 81' lang='lat' dir='ltr'><strong>testimonio</strong></span> <span class='ocrx_word' id='word_1_519' title='bbox 1573 3372 1675 3426; x_wconf 85' lang='lat' dir='ltr'><strong>sibi</strong></span> 
     </span>
    </p>
   </div>
   <div class='ocr_carea' id='block_1_65' title="bbox 108 3459 1675 3524">
    <p class='ocr_par' dir='ltr' id='par_1_65' title="bbox 108 3459 1675 3524">
     <span class='ocr_line' id='line_1_65' title="bbox 108 3459 1675 3524; baseline 0.006 -16"><span class='ocrx_word' id='word_1_520' title='bbox 108 3459 355 3513; x_wconf 74' lang='lat' dir='ltr'><strong>victoriam</strong></span> <span class='ocrx_word' id='word_1_521' title='bbox 377 3467 604 3524; x_wconf 86' lang='lat' dir='ltr'><strong>canunt,</strong></span> <span class='ocrx_word' id='word_1_522' title='bbox 631 3473 753 3513; x_wconf 88' lang='lat' dir='ltr'><strong>cum</strong></span> <span class='ocrx_word' id='word_1_523' title='bbox 779 3470 958 3515; x_wconf 88' lang='lat' dir='ltr'><strong>tamen</strong></span> <span class='ocrx_word' id='word_1_524' title='bbox 979 3470 1199 3515; x_wconf 86' lang='lat' dir='ltr'><strong>sanctus</strong></span> <span class='ocrx_word' id='word_1_525' title='bbox 1222 3461 1409 3516; x_wconf 89' lang='lat' dir='ltr'><strong>doctor</strong></span> <span class='ocrx_word' id='word_1_526' title='bbox 1431 3462 1675 3518; x_wconf 87' lang='lat' dir='ltr'><strong>innume-</strong></span> 
     </span>
    </p>
   </div>
   <div class='ocr_carea' id='block_1_66' title="bbox 108 3547 1681 3622">
    <p class='ocr_par' dir='ltr' id='par_1_66' title="bbox 108 3547 1681 3622">
     <span class='ocr_line' id='line_1_66' title="bbox 108 3547 1681 3622; baseline 0.006 -25"><span class='ocrx_word' id='word_1_527' title='bbox 108 3547 167 3599; x_wconf 88' lang='lat' dir='ltr'><strong>ris</strong></span> <span class='ocrx_word' id='word_1_528' title='bbox 192 3547 314 3603; x_wconf 90' lang='lat' dir='ltr'><strong>locis</strong></span> <span class='ocrx_word' id='word_1_529' title='bbox 355 3551 671 3620; x_wconf 80' lang='lat' dir='ltr'><strong>Oppositum</strong></span> <span class='ocrx_word' id='word_1_530' title='bbox 709 3551 1035 3611; x_wconf 83' lang='lat' dir='ltr'><strong>asseruerit,</strong></span> <span class='ocrx_word' id='word_1_531' title='bbox 1069 3565 1171 3605; x_wconf 88' lang='lat' dir='ltr'><strong>nec</strong></span> <span class='ocrx_word' id='word_1_532' title='bbox 1204 3551 1442 3616; x_wconf 90' lang='lat' dir='ltr'><strong>ibidem,</strong></span> <span class='ocrx_word' id='word_1_533' title='bbox 1475 3561 1532 3606; x_wconf 93' lang='lat' dir='ltr'><strong>ut</strong></span> <span class='ocrx_word' id='word_1_534' title='bbox 1569 3554 1681 3622; x_wconf 81' lang='lat' dir='ltr'><strong>ipsi</strong></span> 
     </span>
    </p>
   </div>
   <div class='ocr_carea' id='block_1_67' title="bbox 108 3641 1673 3710">
    <p class='ocr_par' dir='ltr' id='par_1_67' title="bbox 108 3641 1673 3710">
     <span class='ocr_line' id='line_1_67' title="bbox 108 3641 1673 3710; baseline 0.005 -20"><span class='ocrx_word' id='word_1_535' title='bbox 108 3650 359 3706; x_wconf 81' lang='lat' dir='ltr'><strong>perperam</strong></span> <span class='ocrx_word' id='word_1_536' title='bbox 386 3641 746 3706; x_wconf 82' lang='lat' dir='ltr'><strong>arbitrantur,</strong></span> <span class='ocrx_word' id='word_1_537' title='bbox 782 3642 1021 3710; x_wconf 88' lang='lat' dir='ltr'><strong>ipsorum</strong></span> <span class='ocrx_word' id='word_1_538' title='bbox 1052 3642 1376 3695; x_wconf 88' lang='lat' dir='ltr'><strong>sententiam</strong></span> <span class='ocrx_word' id='word_1_539' title='bbox 1407 3644 1673 3698; x_wconf 88' lang='lat' dir='ltr'><strong>docuerit.</strong></span> 
     </span>
    </p>
   </div>
   <div class='ocr_carea' id='block_1_68' title="bbox 108 3726 1673 3791">
    <p class='ocr_par' dir='ltr' id='par_1_68' title="bbox 108 3726 1673 3791">
     <span class='ocr_line' id='line_1_68' title="bbox 108 3726 1673 3791; baseline 0.008 -11"><span class='ocrx_word' id='word_1_540' title='bbox 108 3726 291 3785; x_wconf 78' lang='lat' dir='ltr'><strong>Etenim</strong></span> <span class='ocrx_word' id='word_1_541' title='bbox 320 3744 541 3788; x_wconf 88' lang='lat' dir='ltr'><strong>sanctus</strong></span> <span class='ocrx_word' id='word_1_542' title='bbox 573 3734 761 3788; x_wconf 89' lang='lat' dir='ltr'><strong>doctor</strong></span> <span class='ocrx_word' id='word_1_543' title='bbox 782 3748 848 3787; x_wconf 91' lang='lat' dir='ltr'><strong>eo</strong></span> <span class='ocrx_word' id='word_1_544' title='bbox 870 3734 974 3787; x_wconf 89' lang='lat' dir='ltr'><strong>loci</strong></span> <span class='ocrx_word' id='word_1_545' title='bbox 998 3743 1187 3787; x_wconf 89' lang='lat' dir='ltr'><strong>contra</strong></span> <span class='ocrx_word' id='word_1_546' title='bbox 1216 3734 1537 3790; x_wconf 61' lang='lat' dir='ltr'><strong>Manichaeos</strong></span> <span class='ocrx_word' id='word_1_547' title='bbox 1556 3738 1673 3791; x_wconf 82' lang='lat' dir='ltr'><strong>dis-</strong></span> 
     </span>
    </p>
   </div>
   <div class='ocr_carea' id='block_1_69' title="bbox 108 3824 1670 3896">
    <p class='ocr_par' dir='ltr' id='par_1_69' title="bbox 108 3824 1670 3896">
     <span class='ocr_line' id='line_1_69' title="bbox 108 3824 1670 3896; baseline 0.004 -21"><span class='ocrx_word' id='word_1_548' title='bbox 108 3824 334 3894; x_wconf 87' lang='lat' dir='ltr'><strong>putabat,</strong></span> <span class='ocrx_word' id='word_1_549' title='bbox 378 3827 468 3896; x_wconf 88' lang='lat' dir='ltr'><strong>qui</strong></span> <span class='ocrx_word' id='word_1_550' title='bbox 499 3825 758 3881; x_wconf 85' lang='lat' dir='ltr'><strong>dicebant</strong></span> <span class='ocrx_word' id='word_1_551' title='bbox 794 3825 1280 3895; x_wconf 87' lang='lat' dir='ltr'><strong>concupiscentiam</strong></span> <span class='ocrx_word' id='word_1_552' title='bbox 1309 3840 1431 3881; x_wconf 89' lang='lat' dir='ltr'><strong>esse</strong></span> <span class='ocrx_word' id='word_1_553' title='bbox 1453 3828 1670 3893; x_wconf 86' lang='lat' dir='ltr'><strong>malam,</strong></span> 
     </span>
    </p>
   </div>
   <div class='ocr_carea' id='block_1_70' title="bbox 111 3914 1675 3989">
    <p class='ocr_par' dir='ltr' id='par_1_70' title="bbox 111 3914 1675 3989">
     <span class='ocr_line' id='line_1_70' title="bbox 111 3914 1675 3989; baseline 0.008 -24"><span class='ocrx_word' id='word_1_554' title='bbox 111 3914 485 3984; x_wconf 80' lang='lat' dir='ltr'><strong>etimpossibile</strong></span> <span class='ocrx_word' id='word_1_555' title='bbox 548 3930 672 3972; x_wconf 84' lang='lat' dir='ltr'><strong>esse</strong></span> <span class='ocrx_word' id='word_1_556' title='bbox 715 3919 833 3972; x_wconf 84' lang='lat' dir='ltr'><strong>sine</strong></span> <span class='ocrx_word' id='word_1_557' title='bbox 880 3917 967 3971; x_wconf 90' lang='lat' dir='ltr'><strong>illa</strong></span> <span class='ocrx_word' id='word_1_558' title='bbox 1010 3918 1282 3972; x_wconf 89' lang='lat' dir='ltr'><strong>hominem</strong></span> <span class='ocrx_word' id='word_1_559' title='bbox 1331 3920 1585 3989; x_wconf 86' lang='lat' dir='ltr'><strong>produci;</strong></span> <span class='ocrx_word' id='word_1_560' title='bbox 1620 3932 1675 3977; x_wconf 90' lang='lat' dir='ltr'><strong>et</strong></span> 
     </span>
    </p>
   </div>
   <div class='ocr_carea' id='block_1_71' title="bbox 112 4007 1670 4083">
    <p class='ocr_par' dir='ltr' id='par_1_71' title="bbox 112 4007 1670 4083">
     <span class='ocr_line' id='line_1_71' title="bbox 112 4007 1670 4083; baseline 0.007 -27"><span class='ocrx_word' id='word_1_561' title='bbox 112 4017 209 4059; x_wconf 80' lang='lat' dir='ltr'><strong>tum</strong></span> <span class='ocrx_word' id='word_1_562' title='bbox 236 4021 264 4061; x_wconf 83' lang='lat' dir='ltr'><strong>a</strong></span> <span class='ocrx_word' id='word_1_563' title='bbox 301 4007 405 4064; x_wconf 92' lang='lat' dir='ltr'><strong>Deo</strong></span> <span class='ocrx_word' id='word_1_564' title='bbox 439 4010 592 4065; x_wconf 90' lang='lat' dir='ltr'><strong>bono</strong></span> <span class='ocrx_word' id='word_1_565' title='bbox 631 4011 804 4063; x_wconf 88' lang='lat' dir='ltr'><strong>creari</strong></span> <span class='ocrx_word' id='word_1_566' title='bbox 842 4021 1097 4080; x_wconf 86' lang='lat' dir='ltr'><strong>nequeat,</strong></span> <span class='ocrx_word' id='word_1_567' title='bbox 1148 4013 1340 4065; x_wconf 82' lang='lat' dir='ltr'><strong>malam</strong></span> <span class='ocrx_word' id='word_1_568' title='bbox 1384 4014 1670 4083; x_wconf 85' lang='lat' dir='ltr'><strong>quamdam</strong></span> 
     </span>
    </p>
   </div>
   <div class='ocr_carea' id='block_1_72' title="bbox 116 4103 1683 4171">
    <p class='ocr_par' dir='ltr' id='par_1_72' title="bbox 116 4103 1683 4171">
     <span class='ocr_line' id='line_1_72' title="bbox 116 4103 1683 4171; baseline 0.009 -25"><span class='ocrx_word' id='word_1_569' title='bbox 116 4105 331 4153; x_wconf 88' lang='lat' dir='ltr'><strong>naturam</strong></span> <span class='ocrx_word' id='word_1_570' title='bbox 361 4104 608 4157; x_wconf 86' lang='lat' dir='ltr'><strong>omnium</strong></span> <span class='ocrx_word' id='word_1_571' title='bbox 639 4103 900 4157; x_wconf 85' lang='lat' dir='ltr'><strong>malorum</strong></span> <span class='ocrx_word' id='word_1_572' title='bbox 932 4104 1321 4171; x_wconf 86' lang='lat' dir='ltr'><strong>productricem</strong></span> <span class='ocrx_word' id='word_1_573' title='bbox 1344 4117 1683 4160; x_wconf 76' lang='lat' dir='ltr'><strong>commenta-&#39;</strong></span> 
     </span>
    </p>
   </div>
   <div class='ocr_carea' id='block_1_73' title="bbox 114 4184 1670 4265">
    <p class='ocr_par' dir='ltr' id='par_1_73' title="bbox 114 4184 1670 4265">
     <span class='ocr_line' id='line_1_73' title="bbox 114 4184 1670 4265; baseline 0.009 -28"><span class='ocrx_word' id='word_1_574' title='bbox 114 4184 297 4244; x_wconf 87' lang='lat' dir='ltr'><strong>bantur.</strong></span> <span class='ocrx_word' id='word_1_575' title='bbox 328 4192 684 4262; x_wconf 86' lang='lat' dir='ltr'><strong>Augustinus,</strong></span> <span class='ocrx_word' id='word_1_576' title='bbox 719 4204 775 4247; x_wconf 88' lang='lat' dir='ltr'><strong>ut</strong></span> <span class='ocrx_word' id='word_1_577' title='bbox 822 4195 1036 4247; x_wconf 85' lang='lat' dir='ltr'><strong>eosdem</strong></span> <span class='ocrx_word' id='word_1_578' title='bbox 1066 4193 1361 4258; x_wconf 86' lang='lat' dir='ltr'><strong>refelleret,</strong></span> <span class='ocrx_word' id='word_1_579' title='bbox 1406 4196 1670 4265; x_wconf 81' lang='lat' dir='ltr'><strong>hypothe—</strong></span> 
     </span>
    </p>
   </div>
   <div class='ocr_carea' id='block_1_74' title="bbox 115 4276 1670 4358">
    <p class='ocr_par' dir='ltr' id='par_1_74' title="bbox 115 4276 1670 4358">
     <span class='ocr_line' id='line_1_74' title="bbox 115 4276 1670 4358; baseline 0.013 -33"><span class='ocrx_word' id='word_1_580' title='bbox 115 4276 194 4328; x_wconf 76' lang='lat' dir='ltr'><strong>sim</strong></span> <span class='ocrx_word' id='word_1_581' title='bbox 220 4290 486 4353; x_wconf 88' lang='lat' dir='ltr'><strong>utramque</strong></span> <span class='ocrx_word' id='word_1_582' title='bbox 542 4286 718 4355; x_wconf 81' lang='lat' dir='ltr'><strong>gratia</strong></span> <span class='ocrx_word' id='word_1_583' title='bbox 763 4284 1141 4353; x_wconf 88' lang='lat' dir='ltr'><strong>disputationis</strong></span> <span class='ocrx_word' id='word_1_584' title='bbox 1187 4286 1437 4351; x_wconf 80' lang='lat' dir='ltr'><strong>admisit,</strong></span> <span class='ocrx_word' id='word_1_585' title='bbox 1474 4303 1670 4358; x_wconf 86' lang='lat' dir='ltr'><strong>nempe</strong></span> 
     </span>
    </p>
   </div>
   <div class='ocr_carea' id='block_1_75' title="bbox 118 4368 1669 4444">
    <p class='ocr_par' dir='ltr' id='par_1_75' title="bbox 118 4368 1669 4444">
     <span class='ocr_line' id='line_1_75' title="bbox 118 4368 1669 4444; baseline 0.009 -26"><span class='ocrx_word' id='word_1_586' title='bbox 118 4368 355 4428; x_wconf 84' lang='lat' dir='ltr'><strong>hominem</strong></span> <span class='ocrx_word' id='word_1_587' title='bbox 380 4392 497 4431; x_wconf 90' lang='lat' dir='ltr'><strong>cum</strong></span> <span class='ocrx_word' id='word_1_588' title='bbox 554 4377 991 4444; x_wconf 88' lang='lat' dir='ltr'><strong>concupiscentia</strong></span> <span class='ocrx_word' id='word_1_589' title='bbox 1034 4386 1308 4441; x_wconf 82' lang='lat' dir='ltr'><strong>creatum,</strong></span> <span class='ocrx_word' id='word_1_590' title='bbox 1338 4388 1391 4431; x_wconf 89' lang='lat' dir='ltr'><strong>et</strong></span> <span class='ocrx_word' id='word_1_591' title='bbox 1422 4382 1542 4433; x_wconf 82' lang='lat' dir='ltr'><strong>sine</strong></span> <span class='ocrx_word' id='word_1_592' title='bbox 1571 4379 1669 4433; x_wconf 83' lang='lat' dir='ltr'><strong>ista</strong></span> 
     </span>
    </p>
   </div>
   <div class='ocr_carea' id='block_1_76' title="bbox 120 4468 1665 4538">
    <p class='ocr_par' dir='ltr' id='par_1_76' title="bbox 120 4468 1665 4538">
     <span class='ocr_line' id='line_1_76' title="bbox 120 4468 1665 4538; baseline 0.005 -23"><span class='ocrx_word' id='word_1_593' title='bbox 120 4475 415 4535; x_wconf 56' lang='lat' dir='ltr'><strong>nequaquam</strong></span> <span class='ocrx_word' id='word_1_594' title='bbox 443 4471 621 4525; x_wconf 88' lang='lat' dir='ltr'><strong>creari</strong></span> <span class='ocrx_word' id='word_1_595' title='bbox 659 4469 909 4538; x_wconf 90' lang='lat' dir='ltr'><strong>potuisse.</strong></span> <span class='ocrx_word' id='word_1_596' title='bbox 940 4468 1172 4536; x_wconf 79' lang='lat' dir='ltr'><strong>Urgebat</strong></span> <span class='ocrx_word' id='word_1_597' title='bbox 1207 4484 1335 4525; x_wconf 82' lang='lat' dir='ltr'><strong>vero</strong></span> <span class='ocrx_word' id='word_1_598' title='bbox 1365 4472 1665 4537; x_wconf 65' lang='lat' dir='ltr'><strong>hmrdiicos,</strong></span> 
     </span>
    </p>
   </div>
   <div class='ocr_carea' id='block_1_77' title="bbox 1782 3278 3359 3350">
    <p class='ocr_par' dir='ltr' id='par_1_77' title="bbox 1782 3278 3359 3350">
     <span class='ocr_line' id='line_1_77' title="bbox 1782 3278 3359 3350; baseline 0.003 -20"><span class='ocrx_word' id='word_1_599' title='bbox 1782 3278 2330 3346; x_wconf 53' lang='lat' dir='ltr'><strong>i&#39;uit‘anteopecczuum</strong></span> <span class='ocrx_word' id='word_1_600' title='bbox 2356 3294 2372 3343; x_wconf 88' lang='lat'><strong>;</strong></span> <span class='ocrx_word' id='word_1_601' title='bbox 2402 3278 2524 3332; x_wconf 88' lang='lat' dir='ltr'><strong>ideo</strong></span> <span class='ocrx_word' id='word_1_602' title='bbox 2547 3278 2691 3332; x_wconf 88' lang='lat' dir='ltr'><strong>enim</strong></span> <span class='ocrx_word' id='word_1_603' title='bbox 2722 3278 2891 3333; x_wconf 81' lang='lat' dir='ltr'><strong>Adam</strong></span> <span class='ocrx_word' id='word_1_604' title='bbox 2926 3282 3183 3349; x_wconf 80' lang='lat' dir='ltr'><strong>peccavit,</strong></span> <span class='ocrx_word' id='word_1_605' title='bbox 3218 3282 3359 3350; x_wconf 88' lang='lat' dir='ltr'><strong>quod</strong></span> 
     </span>
    </p>
   </div>
   <div class='ocr_carea' id='block_1_78' title="bbox 1777 3354 3363 3436">
    <p class='ocr_par' dir='ltr' id='par_1_78' title="bbox 1777 3354 3363 3436">
     <span class='ocr_line' id='line_1_78' title="bbox 1777 3354 3363 3436; baseline 0.006 -18"><span class='ocrx_word' id='word_1_606' title='bbox 1777 3368 2048 3435; x_wconf 89' lang='lat' dir='ltr'><strong>appetitus</strong></span> <span class='ocrx_word' id='word_1_607' title='bbox 2067 3354 2356 3422; x_wconf 79' lang='lat' dir='ltr'><strong>sensitivus</strong></span> <span class='ocrx_word' id='word_1_608' title='bbox 2384 3368 2625 3436; x_wconf 88' lang='lat' dir='ltr'><strong>ejusdem</strong></span> <span class='ocrx_word' id='word_1_609' title='bbox 2660 3370 2881 3423; x_wconf 82' lang='lat' dir='ltr'><strong>vetitum</strong></span> <span class='ocrx_word' id='word_1_610' title='bbox 2908 3371 3141 3426; x_wconf 87' lang='lat' dir='ltr'><strong>fructum</strong></span> <span class='ocrx_word' id='word_1_611' title='bbox 3165 3387 3363 3428; x_wconf 85' lang='lat' dir='ltr'><strong>concu-</strong></span> 
     </span>
    </p>
   </div>
   <div class='ocr_carea' id='block_1_79' title="bbox 1778 3458 3359 3531">
    <p class='ocr_par' dir='ltr' id='par_1_79' title="bbox 1778 3458 3359 3531">
     <span class='ocr_line' id='line_1_79' title="bbox 1778 3458 3359 3531; baseline 0.006 -23"><span class='ocrx_word' id='word_1_612' title='bbox 1778 3458 1930 3524; x_wconf 84' lang='lat' dir='ltr'><strong>pivit.</strong></span> <span class='ocrx_word' id='word_1_613' title='bbox 1963 3458 2230 3512; x_wconf 69' lang='lat' dir='ltr'><strong>Prazterea</strong></span> <span class='ocrx_word' id='word_1_614' title='bbox 2278 3459 2323 3511; x_wconf 87' lang='lat' dir='ltr'><strong>si</strong></span> <span class='ocrx_word' id='word_1_615' title='bbox 2356 3460 2788 3527; x_wconf 74' lang='lat' dir='ltr'><strong>concupiscentia</strong></span> <span class='ocrx_word' id='word_1_616' title='bbox 2816 3472 2898 3513; x_wconf 89' lang='lat' dir='ltr'><strong>est</strong></span> <span class='ocrx_word' id='word_1_617' title='bbox 2930 3478 3088 3529; x_wconf 77' lang='lat' dir='ltr'><strong>pmua</strong></span> <span class='ocrx_word' id='word_1_618' title='bbox 3118 3468 3317 3531; x_wconf 86' lang='lat' dir='ltr'><strong>peccati</strong></span> <span class='ocrx_word' id='word_1_619' title='bbox 3345 3507 3359 3529; x_wconf 92' lang='lat'><strong>,</strong></span> 
     </span>
    </p>
   </div>
   <div class='ocr_carea' id='block_1_80' title="bbox 1778 3548 3356 3621">
    <p class='ocr_par' dir='ltr' id='par_1_80' title="bbox 1778 3548 3356 3621">
     <span class='ocr_line' id='line_1_80' title="bbox 1778 3548 3356 3621; baseline 0.006 -22"><span class='ocrx_word' id='word_1_620' title='bbox 1778 3548 1936 3616; x_wconf 90' lang='lat' dir='ltr'><strong>igitur</strong></span> <span class='ocrx_word' id='word_1_621' title='bbox 1966 3548 2229 3601; x_wconf 86' lang='lat' dir='ltr'><strong>laudanda</strong></span> <span class='ocrx_word' id='word_1_622' title='bbox 2257 3560 2363 3611; x_wconf 88' lang='lat' dir='ltr'><strong>est,</strong></span> <span class='ocrx_word' id='word_1_623' title='bbox 2395 3549 2533 3601; x_wconf 87' lang='lat' dir='ltr'><strong>bona</strong></span> <span class='ocrx_word' id='word_1_624' title='bbox 2563 3560 2669 3613; x_wconf 87' lang='lat' dir='ltr'><strong>est,</strong></span> <span class='ocrx_word' id='word_1_625' title='bbox 2696 3551 2923 3605; x_wconf 81' lang='lat' dir='ltr'><strong>honesta</strong></span> <span class='ocrx_word' id='word_1_626' title='bbox 2950 3564 3033 3606; x_wconf 91' lang='lat' dir='ltr'><strong>est</strong></span> <span class='ocrx_word' id='word_1_627' title='bbox 3057 3572 3069 3605; x_wconf 86' lang='lat'><strong>:</strong></span> <span class='ocrx_word' id='word_1_628' title='bbox 3094 3555 3356 3621; x_wconf 82' lang='lat' dir='ltr'><strong>siquidem</strong></span> 
     </span>
    </p>
   </div>
   <div class='ocr_carea' id='block_1_81' title="bbox 1779 3639 3362 3709">
    <p class='ocr_par' dir='ltr' id='par_1_81' title="bbox 1779 3639 3362 3709">
     <span class='ocr_line' id='line_1_81' title="bbox 1779 3639 3362 3709; baseline 0.005 -18"><span class='ocrx_word' id='word_1_629' title='bbox 1779 3639 1973 3691; x_wconf 66' lang='lat' dir='ltr'><strong>bonum</strong></span> <span class='ocrx_word' id='word_1_630' title='bbox 2019 3651 2179 3707; x_wconf 89' lang='lat' dir='ltr'><strong>atqtte</strong></span> <span class='ocrx_word' id='word_1_631' title='bbox 2216 3642 2498 3691; x_wconf 58' lang='lat' dir='ltr'><strong>honestum</strong></span> <span class='ocrx_word' id='word_1_632' title='bbox 2532 3650 2630 3692; x_wconf 73' lang='lat' dir='ltr'><strong>~cst</strong></span> <span class='ocrx_word' id='word_1_633' title='bbox 2672 3652 3006 3707; x_wconf 79' lang='lat' dir='ltr'><strong>peetatnrem</strong></span> <span class='ocrx_word' id='word_1_634' title='bbox 3046 3645 3239 3709; x_wconf 85' lang='lat' dir='ltr'><strong>puniri.</strong></span> <span class='ocrx_word' id='word_1_635' title='bbox 3289 3647 3362 3699; x_wconf 85' lang='lat' dir='ltr'><strong>Ita</strong></span> 
     </span>
    </p>
   </div>
   <div class='ocr_carea' id='block_1_82' title="bbox 1776 3730 3361 3802">
    <p class='ocr_par' dir='ltr' id='par_1_82' title="bbox 1776 3730 3361 3802">
     <span class='ocr_line' id='line_1_82' title="bbox 1776 3730 3361 3802; baseline 0.003 -17"><span class='ocrx_word' id='word_1_636' title='bbox 1776 3730 1950 3799; x_wconf 83' lang='lat' dir='ltr'><strong>arguit</strong></span> <span class='ocrx_word' id='word_1_637' title='bbox 1974 3731 2123 3797; x_wconf 86' lang='lat' dir='ltr'><strong>apud</strong></span> <span class='ocrx_word' id='word_1_638' title='bbox 2142 3736 2347 3798; x_wconf 80' lang='lat' dir='ltr'><strong>August</strong></span> <span class='ocrx_word' id='word_1_639' title='bbox 2370 3744 2495 3782; x_wconf 92' lang='lat' dir='ltr'><strong>num</strong></span> <span class='ocrx_word' id='word_1_640' title='bbox 2520 3730 2615 3783; x_wconf 91' lang='lat' dir='ltr'><strong>lih.</strong></span> <span class='ocrx_word' id='word_1_641' title='bbox 2640 3746 2670 3781; x_wconf 88' lang='grc' dir='ltr'><strong>ν</strong></span> <span class='ocrx_word' id='word_1_642' title='bbox 2705 3732 2897 3799; x_wconf 86' lang='lat' dir='ltr'><strong>prioris</strong></span> <span class='ocrx_word' id='word_1_643' title='bbox 2919 3732 3127 3798; x_wconf 71' lang='lat' dir='ltr'><strong>Operis,</strong></span> <span class='ocrx_word' id='word_1_644' title='bbox 3159 3748 3279 3802; x_wconf 86' lang='lat' dir='ltr'><strong>cap.</strong></span> <span class='ocrx_word' id='word_1_645' title='bbox 3307 3736 3361 3789; x_wconf 77' lang='grc'><strong>4.</strong></span> 
     </span>
    </p>
   </div>
   <div class='ocr_carea' id='block_1_83' title="bbox 1777 3819 3360 3890">
    <p class='ocr_par' dir='ltr' id='par_1_83' title="bbox 1777 3819 3360 3890">
     <span class='ocr_line' id='line_1_83' title="bbox 1777 3819 3360 3890; baseline 0.004 -18"><span class='ocrx_word' id='word_1_646' title='bbox 1777 3820 2019 3888; x_wconf 86' lang='lat' dir='ltr'><strong>Denique</strong></span> <span class='ocrx_word' id='word_1_647' title='bbox 2037 3822 2295 3887; x_wconf 80' lang='lat' dir='ltr'><strong>exemplo</strong></span> <span class='ocrx_word' id='word_1_648' title='bbox 2319 3819 2561 3875; x_wconf 85' lang='lat' dir='ltr'><strong>ciborum</strong></span> <span class='ocrx_word' id='word_1_649' title='bbox 2585 3820 2775 3890; x_wconf 82' lang='lat' dir='ltr'><strong>probat</strong></span> <span class='ocrx_word' id='word_1_650' title='bbox 2806 3820 3046 3889; x_wconf 83' lang='lat' dir='ltr'><strong>ejusdem</strong></span> <span class='ocrx_word' id='word_1_651' title='bbox 3075 3837 3360 3879; x_wconf 79' lang='lat' dir='ltr'><strong>excessum</strong></span> 
     </span>
    </p>
   </div>
   <div class='ocr_carea' id='block_1_84' title="bbox 1776 3911 3359 3979">
    <p class='ocr_par' dir='ltr' id='par_1_84' title="bbox 1776 3911 3359 3979">
     <span class='ocr_line' id='line_1_84' title="bbox 1776 3911 3359 3979; baseline 0.003 -14"><span class='ocrx_word' id='word_1_652' title='bbox 1776 3926 1895 3965; x_wconf 88' lang='lat' dir='ltr'><strong>esse</strong></span> <span class='ocrx_word' id='word_1_653' title='bbox 1915 3911 2271 3979; x_wconf 88' lang='lat' dir='ltr'><strong>culpabilem;</strong></span> <span class='ocrx_word' id='word_1_654' title='bbox 2298 3924 2419 3964; x_wconf 88' lang='lat' dir='ltr'><strong>nam</strong></span> <span class='ocrx_word' id='word_1_655' title='bbox 2452 3924 2504 3965; x_wconf 92' lang='lat' dir='ltr'><strong>ut</strong></span> <span class='ocrx_word' id='word_1_656' title='bbox 2536 3912 2609 3964; x_wconf 89' lang='lat' dir='ltr'><strong>illi</strong></span> <span class='ocrx_word' id='word_1_657' title='bbox 2638 3911 2765 3965; x_wconf 88' lang='lat' dir='ltr'><strong>boni</strong></span> <span class='ocrx_word' id='word_1_658' title='bbox 2794 3920 2941 3977; x_wconf 86' lang='lat' dir='ltr'><strong>sunt,</strong></span> <span class='ocrx_word' id='word_1_659' title='bbox 2976 3913 3149 3968; x_wconf 88' lang='lat' dir='ltr'><strong>malus</strong></span> <span class='ocrx_word' id='word_1_660' title='bbox 3182 3923 3359 3969; x_wconf 88' lang='lat' dir='ltr'><strong>tamen</strong></span> 
     </span>
    </p>
   </div>
   <div class='ocr_carea' id='block_1_85' title="bbox 1778 4003 3358 4075">
    <p class='ocr_par' dir='ltr' id='par_1_85' title="bbox 1778 4003 3358 4075">
     <span class='ocr_line' id='line_1_85' title="bbox 1778 4003 3358 4075; baseline 0.003 -18"><span class='ocrx_word' id='word_1_661' title='bbox 1778 4013 1953 4071; x_wconf 84' lang='lat' dir='ltr'><strong>potest</strong></span> <span class='ocrx_word' id='word_1_662' title='bbox 1972 4018 2095 4058; x_wconf 86' lang='lat' dir='ltr'><strong>esse</strong></span> <span class='ocrx_word' id='word_1_663' title='bbox 2122 4003 2333 4057; x_wconf 88' lang='lat' dir='ltr'><strong>illorum</strong></span> <span class='ocrx_word' id='word_1_664' title='bbox 2358 4018 2505 4067; x_wconf 88' lang='lat' dir='ltr'><strong>usus,</strong></span> <span class='ocrx_word' id='word_1_665' title='bbox 2536 4005 2604 4057; x_wconf 85' lang='lat' dir='ltr'><strong>ita</strong></span> <span class='ocrx_word' id='word_1_666' title='bbox 2632 4005 2773 4058; x_wconf 90' lang='lat' dir='ltr'><strong>bona</strong></span> <span class='ocrx_word' id='word_1_667' title='bbox 2797 4012 2882 4058; x_wconf 88' lang='lat' dir='ltr'><strong>cst</strong></span> <span class='ocrx_word' id='word_1_668' title='bbox 2902 4006 3358 4075; x_wconf 89' lang='lat' dir='ltr'><strong>concupiscentia,</strong></span> 
     </span>
    </p>
   </div>
   <div class='ocr_carea' id='block_1_86' title="bbox 1776 4096 3375 4164">
    <p class='ocr_par' dir='ltr' id='par_1_86' title="bbox 1776 4096 3375 4164">
     <span class='ocr_line' id='line_1_86' title="bbox 1776 4096 3375 4164; baseline 0.003 -15"><span class='ocrx_word' id='word_1_669' title='bbox 1776 4097 1901 4153; x_wconf 87' lang='lat' dir='ltr'><strong>licet</strong></span> <span class='ocrx_word' id='word_1_670' title='bbox 1928 4096 2100 4149; x_wconf 90' lang='lat' dir='ltr'><strong>malus</strong></span> <span class='ocrx_word' id='word_1_671' title='bbox 2126 4096 2199 4149; x_wconf 86' lang='lat' dir='ltr'><strong>sit</strong></span> <span class='ocrx_word' id='word_1_672' title='bbox 2233 4097 2473 4163; x_wconf 78' lang='lat' dir='ltr'><strong>ejusdem</strong></span> <span class='ocrx_word' id='word_1_673' title='bbox 2514 4096 2734 4149; x_wconf 88' lang='lat' dir='ltr'><strong>abusus.</strong></span> <span class='ocrx_word' id='word_1_674' title='bbox 2776 4096 2931 4164; x_wconf 81' lang='lat' dir='ltr'><strong>Apud</strong></span> <span class='ocrx_word' id='word_1_675' title='bbox 2970 4111 3215 4153; x_wconf 88' lang='lat' dir='ltr'><strong>sanctum</strong></span> <span class='ocrx_word' id='word_1_676' title='bbox 3257 4100 3375 4163; x_wconf 45' lang='lat' dir='ltr'><strong>Pa»</strong></span> 
     </span>
    </p>
   </div>
   <div class='ocr_carea' id='block_1_87' title="bbox 1776 4185 3355 4258">
    <p class='ocr_par' dir='ltr' id='par_1_87' title="bbox 1776 4185 3355 4258">
     <span class='ocr_line' id='line_1_87' title="bbox 1776 4185 3355 4258; baseline 0.003 -20"><span class='ocrx_word' id='word_1_677' title='bbox 1776 4195 1910 4240; x_wconf 89' lang='lat' dir='ltr'><strong>trem</strong></span> <span class='ocrx_word' id='word_1_678' title='bbox 1944 4185 2036 4238; x_wconf 91' lang='lat' dir='ltr'><strong>lib.</strong></span> <span class='ocrx_word' id='word_1_679' title='bbox 2064 4186 2142 4252; x_wconf 84' lang='lat' dir='ltr'><strong>tit,</strong></span> <span class='ocrx_word' id='word_1_680' title='bbox 2174 4200 2292 4253; x_wconf 87' lang='lat' dir='ltr'><strong>cap.</strong></span> <span class='ocrx_word' id='word_1_681' title='bbox 2323 4186 2412 4247; x_wconf 77' lang='lat'><strong>‘20,</strong></span> <span class='ocrx_word' id='word_1_682' title='bbox 2440 4196 2494 4238; x_wconf 89' lang='lat' dir='ltr'><strong>et</strong></span> <span class='ocrx_word' id='word_1_683' title='bbox 2516 4185 2610 4239; x_wconf 70' lang='grc' dir='ltr'>ιιι».</span> <span class='ocrx_word' id='word_1_684' title='bbox 2639 4186 2746 4239; x_wconf 81' lang='lat' dir='ltr'><strong>ide</strong></span> <span class='ocrx_word' id='word_1_685' title='bbox 2774 4185 2987 4254; x_wconf 86' lang='lat' dir='ltr'><strong>Nuptiis</strong></span> <span class='ocrx_word' id='word_1_686' title='bbox 3007 4197 3063 4242; x_wconf 91' lang='lat' dir='ltr'><strong>et</strong></span> <span class='ocrx_word' id='word_1_687' title='bbox 3090 4186 3355 4258; x_wconf 84' lang='lat' dir='ltr'><strong>Cuttcup.,</strong></span> 
     </span>
    </p>
   </div>
   <div class='ocr_carea' id='block_1_88' title="bbox 1773 4274 3355 4345">
    <p class='ocr_par' dir='ltr' id='par_1_88' title="bbox 1773 4274 3355 4345">
     <span class='ocr_line' id='line_1_88' title="bbox 1773 4274 3355 4345; baseline 0.002 -16"><span class='ocrx_word' id='word_1_688' title='bbox 1773 4290 1893 4344; x_wconf 89' lang='lat' dir='ltr'><strong>cap.</strong></span> <span class='ocrx_word' id='word_1_689' title='bbox 1925 4277 2012 4330; x_wconf 84' lang='grc'><strong>19.</strong></span> <span class='ocrx_word' id='word_1_690' title='bbox 2036 4275 2340 4341; x_wconf 75' lang='lat' dir='ltr'><strong>Respondet</strong></span> <span class='ocrx_word' id='word_1_691' title='bbox 2368 4274 2696 4343; x_wconf 80' lang='lat' dir='ltr'><strong>Augustinus</strong></span> <span class='ocrx_word' id='word_1_692' title='bbox 2723 4274 2788 4328; x_wconf 91' lang='lat' dir='ltr'><strong>ad</strong></span> <span class='ocrx_word' id='word_1_693' title='bbox 2816 4279 3068 4343; x_wconf 84' lang='lat' dir='ltr'><strong>primum,</strong></span> <span class='ocrx_word' id='word_1_694' title='bbox 3101 4282 3355 4345; x_wconf 87' lang='lat' dir='ltr'><strong>concupi—</strong></span> 
     </span>
    </p>
   </div>
   <div class='ocr_carea' id='block_1_89' title="bbox 1772 4366 3359 4436">
    <p class='ocr_par' dir='ltr' id='par_1_89' title="bbox 1772 4366 3359 4436">
     <span class='ocr_line' id='line_1_89' title="bbox 1772 4366 3359 4436; baseline 0 -15"><span class='ocrx_word' id='word_1_695' title='bbox 1772 4368 2033 4421; x_wconf 89' lang='lat' dir='ltr'><strong>scentiam</strong></span> <span class='ocrx_word' id='word_1_696' title='bbox 2067 4366 2119 4419; x_wconf 91' lang='lat' dir='ltr'><strong>in</strong></span> <span class='ocrx_word' id='word_1_697' title='bbox 2148 4366 2355 4434; x_wconf 89' lang='lat' dir='ltr'><strong>pecude</strong></span> <span class='ocrx_word' id='word_1_698' title='bbox 2382 4380 2502 4420; x_wconf 87' lang='lat' dir='ltr'><strong>esse</strong></span> <span class='ocrx_word' id='word_1_699' title='bbox 2532 4368 2933 4434; x_wconf 80' lang='lat' dir='ltr'><strong>perfectionem,</strong></span> <span class='ocrx_word' id='word_1_700' title='bbox 2962 4370 3085 4436; x_wconf 90' lang='lat' dir='ltr'><strong>quia</strong></span> <span class='ocrx_word' id='word_1_701' title='bbox 3115 4378 3198 4422; x_wconf 91' lang='lat' dir='ltr'><strong>est</strong></span> <span class='ocrx_word' id='word_1_702' title='bbox 3225 4383 3359 4422; x_wconf 90' lang='lat' dir='ltr'><strong>con-</strong></span> 
     </span>
    </p>
   </div>
   <div class='ocr_carea' id='block_1_90' title="bbox 1776 4456 3357 4527">
    <p class='ocr_par' dir='ltr' id='par_1_90' title="bbox 1776 4456 3357 4527">
     <span class='ocr_line' id='line_1_90' title="bbox 1776 4456 3357 4527; baseline 0.001 -17"><span class='ocrx_word' id='word_1_703' title='bbox 1776 4457 1959 4512; x_wconf 89' lang='lat' dir='ltr'><strong>formis</strong></span> <span class='ocrx_word' id='word_1_704' title='bbox 1986 4456 2228 4526; x_wconf 86' lang='lat' dir='ltr'><strong>ejusdem</strong></span> <span class='ocrx_word' id='word_1_705' title='bbox 2255 4466 2479 4521; x_wconf 74' lang='lat' dir='ltr'><strong>naturtc,</strong></span> <span class='ocrx_word' id='word_1_706' title='bbox 2504 4473 2602 4511; x_wconf 84' lang='lat' dir='ltr'><strong>nec</strong></span> <span class='ocrx_word' id='word_1_707' title='bbox 2633 4468 2893 4527; x_wconf 76' lang='lat' dir='ltr'><strong>repugnat</strong></span> <span class='ocrx_word' id='word_1_708' title='bbox 2916 4460 3125 4526; x_wconf 89' lang='lat' dir='ltr'><strong>spiritui</strong></span> <span class='ocrx_word' id='word_1_709' title='bbox 3150 4460 3200 4511; x_wconf 90' lang='lat' dir='ltr'><strong>in</strong></span> <span class='ocrx_word' id='word_1_710' title='bbox 3230 4459 3357 4512; x_wconf 80' lang='lat' dir='ltr'><strong>bru-</strong></span> 
     </span>
    </p>
   </div>
   <div class='ocr_carea' id='block_1_91' title="bbox 122 4535 3358 4630">
    <p class='ocr_par' dir='ltr' id='par_1_91' title="bbox 122 4535 3358 4630">
     <span class='ocr_line' id='line_1_91' title="bbox 122 4535 3358 4630; baseline 0.001 -30"><span class='ocrx_word' id='word_1_711' title='bbox 122 4552 258 4606; x_wconf 74' lang='lat' dir='ltr'><strong>etiaut</strong></span> <span class='ocrx_word' id='word_1_712' title='bbox 286 4568 405 4613; x_wconf 72' lang='lat' dir='ltr'><strong>tunc</strong></span> <span class='ocrx_word' id='word_1_713' title='bbox 434 4561 607 4615; x_wconf 74' lang='grc' dir='ltr'><strong>ορυω</strong></span> <span class='ocrx_word' id='word_1_714' title='bbox 655 4535 767 4613; x_wconf 53' lang='lat' dir='ltr'><strong>fore</strong></span> <span class='ocrx_word' id='word_1_715' title='bbox 804 4535 1147 4625; x_wconf 56' lang='lat' dir='ltr'><strong>laudandum,</strong></span> <span class='ocrx_word' id='word_1_716' title='bbox 1177 4575 1297 4612; x_wconf 76' lang='lat' dir='ltr'><strong>nam</strong></span> <span class='ocrx_word' id='word_1_717' title='bbox 1339 4560 1481 4614; x_wconf 74' lang='lat' dir='ltr'><strong>nulla</strong></span> <span class='ocrx_word' id='word_1_718' title='bbox 1512 4535 1667 4630; x_wconf 41' lang='lat' dir='ltr'><strong>culpa</strong></span> <span class='ocrx_word' id='word_1_719' title='bbox 1702 4535 1747 4592; x_wconf 75' lang='grc' dir='ltr'><strong>θ</strong></span> <span class='ocrx_word' id='word_1_720' title='bbox 1780 4554 1866 4606; x_wconf 89' lang='lat' dir='ltr'><strong>tis.</strong></span> <span class='ocrx_word' id='word_1_721' title='bbox 1900 4552 1957 4605; x_wconf 91' lang='lat' dir='ltr'><strong>ln</strong></span> <span class='ocrx_word' id='word_1_722' title='bbox 1988 4551 2208 4605; x_wconf 80' lang='lat' dir='ltr'><strong>homine</strong></span> <span class='ocrx_word' id='word_1_723' title='bbox 2238 4558 2414 4605; x_wconf 78' lang='lat' dir='ltr'><strong>autem</strong></span> <span class='ocrx_word' id='word_1_724' title='bbox 2445 4552 2573 4605; x_wconf 89' lang='lat' dir='ltr'><strong>dicit</strong></span> <span class='ocrx_word' id='word_1_725' title='bbox 2600 4552 2891 4614; x_wconf 86' lang='lat' dir='ltr'><strong>deiectum,</strong></span> <span class='ocrx_word' id='word_1_726' title='bbox 2937 4551 3121 4604; x_wconf 85' lang='lat' dir='ltr'><strong>vitium</strong></span> <span class='ocrx_word' id='word_1_727' title='bbox 3151 4564 3213 4603; x_wconf 86' lang='lat' dir='ltr'><strong>ac</strong></span> <span class='ocrx_word' id='word_1_728' title='bbox 3240 4564 3358 4604; x_wconf 89' lang='lat' dir='ltr'><strong>cor-</strong></span> 
     </span>
    </p>
   </div>
   <div class='ocr_carea' id='block_1_92' title="bbox 125 4639 1669 4721">
    <p class='ocr_par' dir='ltr' id='par_1_92' title="bbox 125 4639 1669 4721">
     <span class='ocr_line' id='line_1_92' title="bbox 125 4639 1669 4721; baseline 0.012 -30"><span class='ocrx_word' id='word_1_729' title='bbox 125 4639 197 4694; x_wconf 81' lang='lat' dir='ltr'><strong>bei</strong></span> <span class='ocrx_word' id='word_1_730' title='bbox 221 4645 397 4703; x_wconf 86' lang='lat' dir='ltr'><strong>fuisset</strong></span> <span class='ocrx_word' id='word_1_731' title='bbox 421 4652 603 4708; x_wconf 86' lang='lat' dir='ltr'><strong>facere</strong></span> <span class='ocrx_word' id='word_1_732' title='bbox 626 4652 767 4721; x_wconf 91' lang='lat' dir='ltr'><strong>quod</strong></span> <span class='ocrx_word' id='word_1_733' title='bbox 795 4653 909 4706; x_wconf 86' lang='lat' dir='ltr'><strong>fieri</strong></span> <span class='ocrx_word' id='word_1_734' title='bbox 948 4667 1052 4705; x_wconf 90' lang='lat' dir='ltr'><strong>non</strong></span> <span class='ocrx_word' id='word_1_735' title='bbox 1085 4662 1313 4721; x_wconf 80' lang='lat' dir='ltr'><strong>poterat.</strong></span> <span class='ocrx_word' id='word_1_736' title='bbox 1348 4655 1669 4709; x_wconf 75' lang='lat' dir='ltr'><strong>Manichzcos</strong></span> 
     </span>
    </p>
   </div>
   <div class='ocr_carea' id='block_1_93' title="bbox 122 4739 1667 4811">
    <p class='ocr_par' dir='ltr' id='par_1_93' title="bbox 122 4739 1667 4811">
     <span class='ocr_line' id='line_1_93' title="bbox 122 4739 1667 4811; baseline 0.014 -31"><span class='ocrx_word' id='word_1_737' title='bbox 122 4739 272 4790; x_wconf 88' lang='lat' dir='ltr'><strong>autem</strong></span> <span class='ocrx_word' id='word_1_738' title='bbox 297 4755 503 4806; x_wconf 80' lang='lat' dir='ltr'><strong>putasse</strong></span> <span class='ocrx_word' id='word_1_739' title='bbox 537 4743 869 4811; x_wconf 87' lang='lat' dir='ltr'><strong>impossibile</strong></span> <span class='ocrx_word' id='word_1_740' title='bbox 893 4757 1017 4797; x_wconf 89' lang='lat' dir='ltr'><strong>esse</strong></span> <span class='ocrx_word' id='word_1_741' title='bbox 1052 4744 1210 4798; x_wconf 89' lang='lat' dir='ltr'><strong>condi</strong></span> <span class='ocrx_word' id='word_1_742' title='bbox 1240 4744 1512 4799; x_wconf 89' lang='lat' dir='ltr'><strong>hominem</strong></span> <span class='ocrx_word' id='word_1_743' title='bbox 1550 4749 1667 4801; x_wconf 90' lang='lat' dir='ltr'><strong>sine</strong></span> 
     </span>
    </p>
   </div>
   <div class='ocr_carea' id='block_1_94' title="bbox 126 4830 1668 4895">
    <p class='ocr_par' dir='ltr' id='par_1_94' title="bbox 126 4830 1668 4895">
     <span class='ocr_line' id='line_1_94' title="bbox 126 4830 1668 4895; baseline 0.014 -25"><span class='ocrx_word' id='word_1_744' title='bbox 126 4830 539 4895; x_wconf 71' lang='lat' dir='ltr'><strong>concupiscentia:</strong></span> <span class='ocrx_word' id='word_1_745' title='bbox 590 4834 732 4886; x_wconf 86' lang='lat' dir='ltr'><strong>malo</strong></span> <span class='ocrx_word' id='word_1_746' title='bbox 784 4842 1009 4887; x_wconf 86' lang='lat' dir='ltr'><strong>testatur</strong></span> <span class='ocrx_word' id='word_1_747' title='bbox 1046 4842 1268 4889; x_wconf 90' lang='lat' dir='ltr'><strong>sanctus</strong></span> <span class='ocrx_word' id='word_1_748' title='bbox 1304 4836 1491 4891; x_wconf 91' lang='lat' dir='ltr'><strong>doctor</strong></span> <span class='ocrx_word' id='word_1_749' title='bbox 1522 4838 1614 4892; x_wconf 84' lang='lat' dir='ltr'><strong>lib.</strong></span> <span class='ocrx_word' id='word_1_750' title='bbox 1652 4853 1668 4891; x_wconf 86' lang='grc' dir='ltr'><strong>ι</strong></span> 
     </span>
    </p>
   </div>
   <div class='ocr_carea' id='block_1_95' title="bbox 124 4922 1669 4996">
    <p class='ocr_par' dir='ltr' id='par_1_95' title="bbox 124 4922 1669 4996">
     <span class='ocr_line' id='line_1_95' title="bbox 124 4922 1669 4996; baseline 0.013 -34"><span class='ocrx_word' id='word_1_751' title='bbox 124 4924 279 4972; x_wconf 87' lang='lat' dir='ltr'><strong>contra</strong></span> <span class='ocrx_word' id='word_1_752' title='bbox 310 4922 594 4987; x_wconf 66' lang='lat' dir='ltr'><strong>lulianum,</strong></span> <span class='ocrx_word' id='word_1_753' title='bbox 618 4938 737 4993; x_wconf 87' lang='lat' dir='ltr'><strong>cap.</strong></span> <span class='ocrx_word' id='word_1_754' title='bbox 766 4924 820 4991; x_wconf 81' lang='grc'><strong>5,</strong></span> <span class='ocrx_word' id='word_1_755' title='bbox 844 4934 898 4978; x_wconf 91' lang='lat' dir='ltr'><strong>et</strong></span> <span class='ocrx_word' id='word_1_756' title='bbox 919 4926 1013 4979; x_wconf 91' lang='lat' dir='ltr'><strong>lib.</strong></span> <span class='ocrx_word' id='word_1_757' title='bbox 1046 4939 1125 4990; x_wconf 90' lang='grc' dir='ltr'>ιιι,</span> <span class='ocrx_word' id='word_1_758' title='bbox 1156 4939 1276 4992; x_wconf 73' lang='lat' dir='ltr'><strong>cap.</strong></span> <span class='ocrx_word' id='word_1_759' title='bbox 1310 4927 1396 4978; x_wconf 73' lang='lat'><strong>12.</strong></span> <span class='ocrx_word' id='word_1_760' title='bbox 1428 4928 1591 4996; x_wconf 87' lang='lat' dir='ltr'><strong>igitur</strong></span> <span class='ocrx_word' id='word_1_761' title='bbox 1618 4934 1669 4982; x_wconf 82' lang='lat' dir='ltr'><strong>in</strong></span> 
     </span>
    </p>
   </div>
   <div class='ocr_carea' id='block_1_96' title="bbox 129 5004 1671 5084">
    <p class='ocr_par' dir='ltr' id='par_1_96' title="bbox 129 5004 1671 5084">
     <span class='ocr_line' id='line_1_96' title="bbox 129 5004 1671 5084; baseline 0.005 -17"><span class='ocrx_word' id='word_1_762' title='bbox 129 5004 199 5059; x_wconf 63' lang='lat' dir='ltr'><strong>illa</strong></span> <span class='ocrx_word' id='word_1_763' title='bbox 228 5012 490 5081; x_wconf 69' lang='grc' dir='ltr'><strong>Ιιγνοιιιε›ἱ</strong></span> <span class='ocrx_word' id='word_1_764' title='bbox 518 5020 696 5074; x_wconf 91' lang='lat' dir='ltr'><strong>adhuc</strong></span> <span class='ocrx_word' id='word_1_765' title='bbox 724 5029 867 5075; x_wconf 85' lang='lat' dir='ltr'><strong>esset</strong></span> <span class='ocrx_word' id='word_1_766' title='bbox 890 5021 1187 5075; x_wconf 88' lang='lat' dir='ltr'><strong>laudandus</strong></span> <span class='ocrx_word' id='word_1_767' title='bbox 1211 5022 1372 5084; x_wconf 85' lang='lat' dir='ltr'><strong>Deus,</strong></span> <span class='ocrx_word' id='word_1_768' title='bbox 1402 5030 1460 5073; x_wconf 91' lang='lat' dir='ltr'><strong>ut</strong></span> <span class='ocrx_word' id='word_1_769' title='bbox 1491 5016 1580 5075; x_wconf 89' lang='lat' dir='ltr'><strong>lib.</strong></span> <span class='ocrx_word' id='word_1_770' title='bbox 1615 5036 1671 5074; x_wconf 80' lang='lat' dir='ltr'><strong>ut</strong></span> 
     </span>
    </p>
   </div>
   <div class='ocr_carea' id='block_1_97' title="bbox 128 5094 1667 5181">
    <p class='ocr_par' dir='ltr' id='par_1_97' title="bbox 128 5094 1667 5181">
     <span class='ocr_line' id='line_1_97' title="bbox 128 5094 1667 5181; baseline 0.011 -34"><span class='ocrx_word' id='word_1_771' title='bbox 128 5094 181 5149; x_wconf 90' lang='lat' dir='ltr'><strong>de</strong></span> <span class='ocrx_word' id='word_1_772' title='bbox 207 5100 380 5160; x_wconf 89' lang='lat' dir='ltr'><strong>Libero</strong></span> <span class='ocrx_word' id='word_1_773' title='bbox 407 5110 640 5165; x_wconf 81' lang='lat' dir='ltr'><strong>Arbitrio</strong></span> <span class='ocrx_word' id='word_1_774' title='bbox 661 5111 727 5165; x_wconf 91' lang='lat' dir='ltr'><strong>ab</strong></span> <span class='ocrx_word' id='word_1_775' title='bbox 749 5112 1047 5181; x_wconf 86' lang='lat' dir='ltr'><strong>Augustino</strong></span> <span class='ocrx_word' id='word_1_776' title='bbox 1072 5112 1341 5179; x_wconf 84' lang='lat' dir='ltr'><strong>probatur.</strong></span> <span class='ocrx_word' id='word_1_777' title='bbox 1371 5112 1505 5165; x_wconf 87' lang='lat' dir='ltr'><strong>llinc</strong></span> <span class='ocrx_word' id='word_1_778' title='bbox 1526 5110 1667 5166; x_wconf 89' lang='lat' dir='ltr'><strong>idem</strong></span> 
     </span>
    </p>
   </div>
   <div class='ocr_carea' id='block_1_98' title="bbox 131 5190 1672 5270">
    <p class='ocr_par' dir='ltr' id='par_1_98' title="bbox 131 5190 1672 5270">
     <span class='ocr_line' id='line_1_98' title="bbox 131 5190 1672 5270; baseline 0.01 -33"><span class='ocrx_word' id='word_1_779' title='bbox 131 5190 284 5246; x_wconf 80' lang='lat' dir='ltr'><strong>scribit</strong></span> <span class='ocrx_word' id='word_1_780' title='bbox 314 5197 400 5251; x_wconf 90' lang='lat' dir='ltr'><strong>lib.</strong></span> <span class='ocrx_word' id='word_1_781' title='bbox 432 5216 446 5253; x_wconf 86' lang='grc' dir='ltr'><strong>ι</strong></span> <span class='ocrx_word' id='word_1_782' title='bbox 478 5203 737 5267; x_wconf 73' lang='lat' dir='ltr'><strong>ltetract.,</strong></span> <span class='ocrx_word' id='word_1_783' title='bbox 768 5217 888 5270; x_wconf 87' lang='lat' dir='ltr'><strong>cap.</strong></span> <span class='ocrx_word' id='word_1_784' title='bbox 916 5202 949 5257; x_wconf 92' lang='lat'>9</span> <span class='ocrx_word' id='word_1_785' title='bbox 974 5219 987 5254; x_wconf 88' lang='lat'><strong>:</strong></span> <span class='ocrx_word' id='word_1_786' title='bbox 1021 5220 1041 5253; x_wconf 68' lang='grc' dir='ltr'><strong>ε</strong></span> <span class='ocrx_word' id='word_1_787' title='bbox 1071 5203 1203 5269; x_wconf 60' lang='lat' dir='ltr'><strong>Quas</strong></span> <span class='ocrx_word' id='word_1_788' title='bbox 1227 5202 1516 5269; x_wconf 82' lang='lat' dir='ltr'><strong>disputatio</strong></span> <span class='ocrx_word' id='word_1_789' title='bbox 1541 5215 1672 5256; x_wconf 84' lang='lat' dir='ltr'><strong>con-</strong></span> 
     </span>
    </p>
   </div>
   <div class='ocr_carea' id='block_1_99' title="bbox 132 5281 1666 5363">
    <p class='ocr_par' dir='ltr' id='par_1_99' title="bbox 132 5281 1666 5363">
     <span class='ocr_line' id='line_1_99' title="bbox 132 5281 1666 5363; baseline 0.008 -29"><span class='ocrx_word' id='word_1_790' title='bbox 132 5284 194 5329; x_wconf 60' lang='lat' dir='ltr'><strong>tra</strong></span> <span class='ocrx_word' id='word_1_791' title='bbox 228 5281 526 5347; x_wconf 75' lang='lat' dir='ltr'><strong>Manicltmos</strong></span> <span class='ocrx_word' id='word_1_792' title='bbox 557 5294 799 5348; x_wconf 88' lang='lat' dir='ltr'><strong>habenda</strong></span> <span class='ocrx_word' id='word_1_793' title='bbox 829 5306 931 5357; x_wconf 87' lang='lat' dir='ltr'><strong>est,</strong></span> <span class='ocrx_word' id='word_1_794' title='bbox 960 5294 1049 5363; x_wconf 92' lang='lat' dir='ltr'><strong>qui</strong></span> <span class='ocrx_word' id='word_1_795' title='bbox 1092 5309 1196 5348; x_wconf 90' lang='lat' dir='ltr'><strong>non</strong></span> <span class='ocrx_word' id='word_1_796' title='bbox 1224 5294 1490 5362; x_wconf 88' lang='lat' dir='ltr'><strong>accipiunt</strong></span> <span class='ocrx_word' id='word_1_797' title='bbox 1518 5294 1666 5348; x_wconf 90' lang='lat' dir='ltr'><strong>Scri-</strong></span> 
     </span>
    </p>
   </div>
   <div class='ocr_carea' id='block_1_100' title="bbox 133 5374 1670 5454">
    <p class='ocr_par' dir='ltr' id='par_1_100' title="bbox 133 5374 1670 5454">
     <span class='ocr_line' id='line_1_100' title="bbox 133 5374 1670 5454; baseline 0.007 -27"><span class='ocrx_word' id='word_1_798' title='bbox 133 5374 286 5427; x_wconf 82' lang='lat' dir='ltr'><strong>Pturas</strong></span> <span class='ocrx_word' id='word_1_799' title='bbox 311 5390 515 5435; x_wconf 83' lang='lat' dir='ltr'><strong>sanctas</strong></span> <span class='ocrx_word' id='word_1_800' title='bbox 546 5385 745 5439; x_wconf 82' lang='lat' dir='ltr'><strong>veteris</strong></span> <span class='ocrx_word' id='word_1_801' title='bbox 782 5384 1109 5439; x_wconf 85' lang='lat' dir='ltr'><strong>Testantenti</strong></span> <span class='ocrx_word' id='word_1_802' title='bbox 1129 5424 1143 5448; x_wconf 93' lang='lat'><strong>,</strong></span> <span class='ocrx_word' id='word_1_803' title='bbox 1177 5385 1232 5438; x_wconf 91' lang='lat' dir='ltr'><strong>in</strong></span> <span class='ocrx_word' id='word_1_804' title='bbox 1260 5384 1452 5454; x_wconf 87' lang='lat' dir='ltr'><strong>quibus</strong></span> <span class='ocrx_word' id='word_1_805' title='bbox 1478 5399 1670 5453; x_wconf 88' lang='lat' dir='ltr'><strong>pecca-</strong></span> 
     </span>
    </p>
   </div>
   <div class='ocr_carea' id='block_1_101' title="bbox 136 5462 1667 5537">
    <p class='ocr_par' dir='ltr' id='par_1_101' title="bbox 136 5462 1667 5537">
     <span class='ocr_line' id='line_1_101' title="bbox 136 5462 1667 5537; baseline 0.008 -21"><span class='ocrx_word' id='word_1_806' title='bbox 136 5462 224 5512; x_wconf 77' lang='lat' dir='ltr'><strong>lum</strong></span> <span class='ocrx_word' id='word_1_807' title='bbox 270 5468 513 5537; x_wconf 88' lang='lat' dir='ltr'><strong>originale</strong></span> <span class='ocrx_word' id='word_1_808' title='bbox 559 5486 823 5532; x_wconf 86' lang='lat' dir='ltr'><strong>narratur.</strong></span> <span class='ocrx_word' id='word_1_809' title='bbox 861 5495 883 5529; x_wconf 71' lang='grc' dir='ltr'><strong>ι</strong></span> <span class='ocrx_word' id='word_1_810' title='bbox 932 5475 1159 5530; x_wconf 82' lang='lat' dir='ltr'><strong>Postea:</strong></span> <span class='ocrx_word' id='word_1_811' title='bbox 1190 5494 1210 5527; x_wconf 72' lang='grc' dir='ltr'><strong>ι</strong></span> <span class='ocrx_word' id='word_1_812' title='bbox 1260 5478 1463 5532; x_wconf 82' lang='lat' dir='ltr'><strong>Contra</strong></span> <span class='ocrx_word' id='word_1_813' title='bbox 1509 5462 1667 5531; x_wconf 71' lang='lat' dir='ltr'><strong>Pela-</strong></span> 
     </span>
    </p>
   </div>
   <div class='ocr_carea' id='block_1_102' title="bbox 137 5552 1671 5641">
    <p class='ocr_par' dir='ltr' id='par_1_102' title="bbox 137 5552 1671 5641">
     <span class='ocr_line' id='line_1_102' title="bbox 137 5552 1671 5641; baseline 0.017 -42"><span class='ocrx_word' id='word_1_814' title='bbox 137 5552 293 5641; x_wconf 78' lang='lat' dir='ltr'><strong>gianos</strong></span> <span class='ocrx_word' id='word_1_815' title='bbox 313 5575 479 5621; x_wconf 87' lang='lat' dir='ltr'><strong>autem</strong></span> <span class='ocrx_word' id='word_1_816' title='bbox 527 5571 625 5625; x_wconf 76' lang='lat' dir='ltr'><strong>huc</strong></span> <span class='ocrx_word' id='word_1_817' title='bbox 672 5571 1068 5626; x_wconf 86' lang='lat' dir='ltr'><strong>defendendum</strong></span> <span class='ocrx_word' id='word_1_818' title='bbox 1095 5580 1208 5635; x_wconf 89' lang='lat' dir='ltr'><strong>est,</strong></span> <span class='ocrx_word' id='word_1_819' title='bbox 1260 5572 1402 5641; x_wconf 88' lang='lat' dir='ltr'><strong>quod</strong></span> <span class='ocrx_word' id='word_1_820' title='bbox 1449 5581 1671 5639; x_wconf 87' lang='lat' dir='ltr'><strong>utraque</strong></span> 
     </span>
    </p>
   </div>
   <div class='ocr_carea' id='block_1_103' title="bbox 138 5636 1663 5732">
    <p class='ocr_par' dir='ltr' id='par_1_103' title="bbox 138 5636 1663 5732">
     <span class='ocr_line' id='line_1_103' title="bbox 138 5636 1663 5732; baseline 0.007 -31"><span class='ocrx_word' id='word_1_821' title='bbox 138 5636 376 5732; x_wconf 53' lang='lat' dir='ltr'><strong>§Priptura</strong></span> <span class='ocrx_word' id='word_1_822' title='bbox 398 5662 749 5727; x_wconf 84' lang='lat' dir='ltr'><strong>commendat,</strong></span> <span class='ocrx_word' id='word_1_823' title='bbox 772 5678 932 5732; x_wconf 89' lang='lat' dir='ltr'><strong>quam</strong></span> <span class='ocrx_word' id='word_1_824' title='bbox 956 5677 1014 5716; x_wconf 83' lang='lat' dir='ltr'><strong>se</strong></span> <span class='ocrx_word' id='word_1_825' title='bbox 1029 5662 1271 5731; x_wconf 85' lang='lat' dir='ltr'><strong>accipere</strong></span> <span class='ocrx_word' id='word_1_826' title='bbox 1294 5664 1625 5732; x_wconf 86' lang='lat' dir='ltr'><strong>profitentur.</strong></span> <span class='ocrx_word' id='word_1_827' title='bbox 1643 5680 1663 5712; x_wconf 74' lang='grc' dir='ltr'><strong>ι</strong></span> 
     </span>
    </p>
   </div>
   <div class='ocr_carea' id='block_1_104' title="bbox 140 5725 1667 5825">
    <p class='ocr_par' dir='ltr' id='par_1_104' title="bbox 140 5725 1667 5825">
     <span class='ocr_line' id='line_1_104' title="bbox 140 5725 1667 5825; baseline 0.006 -25"><span class='ocrx_word' id='word_1_828' title='bbox 140 5725 310 5801; x_wconf 65' lang='lat' dir='ltr'><strong>Nempe</strong></span> <span class='ocrx_word' id='word_1_829' title='bbox 349 5750 536 5807; x_wconf 88' lang='lat' dir='ltr'><strong>malum</strong></span> <span class='ocrx_word' id='word_1_830' title='bbox 578 5754 1023 5825; x_wconf 85' lang='lat' dir='ltr'><strong>concupiscentiae</strong></span> <span class='ocrx_word' id='word_1_831' title='bbox 1075 5770 1181 5811; x_wconf 90' lang='lat' dir='ltr'><strong>non</strong></span> <span class='ocrx_word' id='word_1_832' title='bbox 1225 5770 1346 5811; x_wconf 80' lang='lat' dir='ltr'><strong>esse</strong></span> <span class='ocrx_word' id='word_1_833' title='bbox 1393 5770 1421 5811; x_wconf 86' lang='lat' dir='ltr'><strong>a</strong></span> <span class='ocrx_word' id='word_1_834' title='bbox 1468 5755 1577 5808; x_wconf 88' lang='lat' dir='ltr'><strong>Deo</strong></span> <span class='ocrx_word' id='word_1_835' title='bbox 1614 5754 1667 5809; x_wconf 87' lang='lat' dir='ltr'><strong>itt</strong></span> 
     </span>
    </p>
   </div>
   <div class='ocr_carea' id='block_1_105' title="bbox 1777 4642 3357 4714">
    <p class='ocr_par' dir='ltr' id='par_1_105' title="bbox 1777 4642 3357 4714">
     <span class='ocr_line' id='line_1_105' title="bbox 1777 4642 3357 4714; baseline -0.001 -16"><span class='ocrx_word' id='word_1_836' title='bbox 1777 4645 2076 4714; x_wconf 88' lang='lat' dir='ltr'><strong>ruptionem</strong></span> <span class='ocrx_word' id='word_1_837' title='bbox 2116 4654 2343 4709; x_wconf 65' lang='lat' dir='ltr'><strong>naturae,</strong></span> <span class='ocrx_word' id='word_1_838' title='bbox 2379 4644 2517 4699; x_wconf 91' lang='lat' dir='ltr'><strong>unde</strong></span> <span class='ocrx_word' id='word_1_839' title='bbox 2566 4644 2643 4698; x_wconf 92' lang='lat' dir='ltr'><strong>ait</strong></span> <span class='ocrx_word' id='word_1_840' title='bbox 2672 4644 2806 4697; x_wconf 89' lang='lat' dir='ltr'><strong>libro</strong></span> <span class='ocrx_word' id='word_1_841' title='bbox 2835 4642 2903 4696; x_wconf 87' lang='lat' dir='ltr'><strong>de</strong></span> <span class='ocrx_word' id='word_1_842' title='bbox 2944 4642 3169 4695; x_wconf 80' lang='lat' dir='ltr'><strong>Peccan</strong></span> <span class='ocrx_word' id='word_1_843' title='bbox 3195 4643 3357 4710; x_wconf 81' lang='lat' dir='ltr'><strong>origi-</strong></span> 
     </span>
    </p>
   </div>
   <div class='ocr_carea' id='block_1_106' title="bbox 1779 4732 3355 4806">
    <p class='ocr_par' dir='ltr' id='par_1_106' title="bbox 1779 4732 3355 4806">
     <span class='ocr_line' id='line_1_106' title="bbox 1779 4732 3355 4806; baseline -0.001 -17"><span class='ocrx_word' id='word_1_844' title='bbox 1779 4738 1917 4803; x_wconf 88' lang='lat' dir='ltr'><strong>nali,</strong></span> <span class='ocrx_word' id='word_1_845' title='bbox 1950 4752 2070 4806; x_wconf 89' lang='lat' dir='ltr'><strong>cap.</strong></span> <span class='ocrx_word' id='word_1_846' title='bbox 2106 4736 2175 4793; x_wconf 72' lang='grc'>40</span> <span class='ocrx_word' id='word_1_847' title='bbox 2201 4753 2213 4789; x_wconf 92' lang='lat'><strong>:</strong></span> <span class='ocrx_word' id='word_1_848' title='bbox 2244 4752 2264 4788; x_wconf 70' lang='grc' dir='ltr'><strong>ι</strong></span> <span class='ocrx_word' id='word_1_849' title='bbox 2314 4738 2499 4791; x_wconf 66' lang='lat' dir='ltr'><strong>Tantae</strong></span> <span class='ocrx_word' id='word_1_850' title='bbox 2532 4750 2763 4803; x_wconf 89' lang='lat' dir='ltr'><strong>namque</strong></span> <span class='ocrx_word' id='word_1_851' title='bbox 2816 4732 3146 4787; x_wconf 64' lang='lat' dir='ltr'><strong>excellentia:</strong></span> <span class='ocrx_word' id='word_1_852' title='bbox 3174 4742 3259 4786; x_wconf 88' lang='lat' dir='ltr'><strong>est</strong></span> <span class='ocrx_word' id='word_1_853' title='bbox 3303 4734 3355 4788; x_wconf 90' lang='lat' dir='ltr'><strong>in</strong></span> 
     </span>
    </p>
   </div>
   <div class='ocr_carea' id='block_1_107' title="bbox 1777 4824 3356 4899">
    <p class='ocr_par' dir='ltr' id='par_1_107' title="bbox 1777 4824 3356 4899">
     <span class='ocr_line' id='line_1_107' title="bbox 1777 4824 3356 4899; baseline -0.006 -15"><span class='ocrx_word' id='word_1_854' title='bbox 1777 4831 2178 4899; x_wconf 82' lang='lat' dir='ltr'><strong>comparatione</strong></span> <span class='ocrx_word' id='word_1_855' title='bbox 2230 4830 2439 4898; x_wconf 85' lang='lat' dir='ltr'><strong>pecoris</strong></span> <span class='ocrx_word' id='word_1_856' title='bbox 2471 4830 2649 4892; x_wconf 87' lang='lat' dir='ltr'><strong>homo,</strong></span> <span class='ocrx_word' id='word_1_857' title='bbox 2684 4834 2742 4879; x_wconf 93' lang='lat' dir='ltr'><strong>ut</strong></span> <span class='ocrx_word' id='word_1_858' title='bbox 2768 4825 2952 4877; x_wconf 85' lang='lat' dir='ltr'><strong>vitium</strong></span> <span class='ocrx_word' id='word_1_859' title='bbox 3002 4824 3230 4878; x_wconf 91' lang='lat' dir='ltr'><strong>hominis</strong></span> <span class='ocrx_word' id='word_1_860' title='bbox 3259 4842 3356 4879; x_wconf 77' lang='lat' dir='ltr'><strong>na.</strong></span> 
     </span>
    </p>
   </div>
   <div class='ocr_carea' id='block_1_108' title="bbox 1778 4916 3352 4989">
    <p class='ocr_par' dir='ltr' id='par_1_108' title="bbox 1778 4916 3352 4989">
     <span class='ocr_line' id='line_1_108' title="bbox 1778 4916 3352 4989; baseline -0.001 -17"><span class='ocrx_word' id='word_1_861' title='bbox 1778 4929 1896 4974; x_wconf 86' lang='lat' dir='ltr'><strong>tura</strong></span> <span class='ocrx_word' id='word_1_862' title='bbox 1927 4922 1997 4973; x_wconf 90' lang='lat' dir='ltr'><strong>sit</strong></span> <span class='ocrx_word' id='word_1_863' title='bbox 2030 4922 2257 4987; x_wconf 84' lang='lat' dir='ltr'><strong>pecoris.</strong></span> <span class='ocrx_word' id='word_1_864' title='bbox 2292 4937 2310 4969; x_wconf 76' lang='grc' dir='ltr'><strong>ι</strong></span> <span class='ocrx_word' id='word_1_865' title='bbox 2351 4921 2419 4972; x_wconf 85' lang='grc' dir='ltr'>Ει</span> <span class='ocrx_word' id='word_1_866' title='bbox 2449 4920 2542 4973; x_wconf 89' lang='lat' dir='ltr'><strong>lib.</strong></span> <span class='ocrx_word' id='word_1_867' title='bbox 2585 4934 2635 4970; x_wconf 89' lang='lat' dir='ltr'><strong>tv</strong></span> <span class='ocrx_word' id='word_1_868' title='bbox 2658 4916 2850 4983; x_wconf 87' lang='lat' dir='ltr'><strong>Operis</strong></span> <span class='ocrx_word' id='word_1_869' title='bbox 2880 4916 3206 4984; x_wconf 86' lang='lat' dir='ltr'><strong>imperfecti,</strong></span> <span class='ocrx_word' id='word_1_870' title='bbox 3233 4933 3352 4989; x_wconf 90' lang='lat' dir='ltr'><strong>cap.</strong></span> 
     </span>
    </p>
   </div>
   <div class='ocr_carea' id='block_1_109' title="bbox 1784 5012 3357 5085">
    <p class='ocr_par' dir='ltr' id='par_1_109' title="bbox 1784 5012 3357 5085">
     <span class='ocr_line' id='line_1_109' title="bbox 1784 5012 3357 5085; baseline 0 -14"><span class='ocrx_word' id='word_1_871' title='bbox 1784 5018 1851 5071; x_wconf 76' lang='lat'><strong>56</strong></span> <span class='ocrx_word' id='word_1_872' title='bbox 1883 5033 1898 5071; x_wconf 88' lang='lat'><strong>:</strong></span> <span class='ocrx_word' id='word_1_873' title='bbox 1934 5034 1952 5066; x_wconf 79' lang='grc' dir='ltr'><strong>ι</strong></span> <span class='ocrx_word' id='word_1_874' title='bbox 1989 5016 2080 5071; x_wconf 87' lang='lat' dir='ltr'><strong>Sic</strong></span> <span class='ocrx_word' id='word_1_875' title='bbox 2108 5031 2258 5084; x_wconf 91' lang='lat' dir='ltr'><strong>ergo,</strong></span> <span class='ocrx_word' id='word_1_876' title='bbox 2294 5015 2485 5083; x_wconf 90' lang='lat' dir='ltr'><strong>inquit,</strong></span> <span class='ocrx_word' id='word_1_877' title='bbox 2524 5014 2576 5066; x_wconf 90' lang='lat' dir='ltr'><strong>in</strong></span> <span class='ocrx_word' id='word_1_878' title='bbox 2605 5012 2822 5066; x_wconf 88' lang='lat' dir='ltr'><strong>libidine</strong></span> <span class='ocrx_word' id='word_1_879' title='bbox 2846 5028 3073 5082; x_wconf 83' lang='lat' dir='ltr'><strong>agnosce</strong></span> <span class='ocrx_word' id='word_1_880' title='bbox 3112 5023 3170 5069; x_wconf 91' lang='lat' dir='ltr'><strong>et</strong></span> <span class='ocrx_word' id='word_1_881' title='bbox 3198 5032 3357 5085; x_wconf 80' lang='lat' dir='ltr'><strong>peco-</strong></span> 
     </span>
    </p>
   </div>
   <div class='ocr_carea' id='block_1_110' title="bbox 1781 5104 3355 5172">
    <p class='ocr_par' dir='ltr' id='par_1_110' title="bbox 1781 5104 3355 5172">
     <span class='ocr_line' id='line_1_110' title="bbox 1781 5104 3355 5172; baseline -0.001 -11"><span class='ocrx_word' id='word_1_882' title='bbox 1781 5108 1855 5161; x_wconf 88' lang='lat' dir='ltr'><strong>ris</strong></span> <span class='ocrx_word' id='word_1_883' title='bbox 1886 5114 2153 5172; x_wconf 87' lang='lat' dir='ltr'><strong>natnram,</strong></span> <span class='ocrx_word' id='word_1_884' title='bbox 2181 5113 2235 5159; x_wconf 90' lang='lat' dir='ltr'><strong>et</strong></span> <span class='ocrx_word' id='word_1_885' title='bbox 2267 5104 2501 5157; x_wconf 90' lang='lat' dir='ltr'><strong>hominis</strong></span> <span class='ocrx_word' id='word_1_886' title='bbox 2529 5116 2764 5171; x_wconf 65' lang='lat' dir='ltr'><strong>poenam,</strong></span> <span class='ocrx_word' id='word_1_887' title='bbox 2791 5105 3091 5159; x_wconf 85' lang='lat' dir='ltr'><strong>sianimam</strong></span> <span class='ocrx_word' id='word_1_888' title='bbox 3122 5121 3229 5161; x_wconf 91' lang='lat' dir='ltr'><strong>non</strong></span> <span class='ocrx_word' id='word_1_889' title='bbox 3260 5108 3355 5159; x_wconf 87' lang='lat' dir='ltr'><strong>ha-</strong></span> 
     </span>
    </p>
   </div>
   <div class='ocr_carea' id='block_1_111' title="bbox 1777 5194 3355 5268">
    <p class='ocr_par' dir='ltr' id='par_1_111' title="bbox 1777 5194 3355 5268">
     <span class='ocr_line' id='line_1_111' title="bbox 1777 5194 3355 5268; baseline -0.002 -15"><span class='ocrx_word' id='word_1_890' title='bbox 1777 5199 1874 5253; x_wconf 90' lang='lat' dir='ltr'><strong>bes</strong></span> <span class='ocrx_word' id='word_1_891' title='bbox 1903 5197 2185 5252; x_wconf 90' lang='lat' dir='ltr'><strong>asininam.</strong></span> <span class='ocrx_word' id='word_1_892' title='bbox 2221 5214 2242 5248; x_wconf 77' lang='grc'><strong>»</strong></span> <span class='ocrx_word' id='word_1_893' title='bbox 2278 5194 2377 5250; x_wconf 90' lang='lat' dir='ltr'><strong>Ubi</strong></span> <span class='ocrx_word' id='word_1_894' title='bbox 2401 5196 2561 5249; x_wconf 87' lang='lat' dir='ltr'><strong>etiam</strong></span> <span class='ocrx_word' id='word_1_895' title='bbox 2589 5204 2738 5250; x_wconf 88' lang='lat' dir='ltr'><strong>notat</strong></span> <span class='ocrx_word' id='word_1_896' title='bbox 2771 5197 3265 5268; x_wconf 88' lang='lat' dir='ltr'><strong>concupiscentiam</strong></span> <span class='ocrx_word' id='word_1_897' title='bbox 3307 5217 3355 5250; x_wconf 84' lang='lat' dir='ltr'><strong>Ill</strong></span> 
     </span>
    </p>
   </div>
   <div class='ocr_carea' id='block_1_112' title="bbox 1778 5287 3357 5357">
    <p class='ocr_par' dir='ltr' id='par_1_112' title="bbox 1778 5287 3357 5357">
     <span class='ocr_line' id='line_1_112' title="bbox 1778 5287 3357 5357; baseline -0.002 -12"><span class='ocrx_word' id='word_1_898' title='bbox 1778 5291 1951 5345; x_wconf 89' lang='lat' dir='ltr'><strong>brutis</strong></span> <span class='ocrx_word' id='word_1_899' title='bbox 1977 5305 2083 5343; x_wconf 92' lang='lat' dir='ltr'><strong>non</strong></span> <span class='ocrx_word' id='word_1_900' title='bbox 2122 5287 2329 5342; x_wconf 90' lang='lat' dir='ltr'><strong>inhiare</strong></span> <span class='ocrx_word' id='word_1_901' title='bbox 2357 5288 2408 5341; x_wconf 90' lang='lat' dir='ltr'><strong>in</strong></span> <span class='ocrx_word' id='word_1_902' title='bbox 2441 5296 2777 5357; x_wconf 77' lang='lat' dir='ltr'><strong>prtegnantes</strong></span> <span class='ocrx_word' id='word_1_903' title='bbox 2801 5297 2855 5343; x_wconf 90' lang='lat' dir='ltr'><strong>et</strong></span> <span class='ocrx_word' id='word_1_904' title='bbox 2882 5291 2933 5344; x_wconf 91' lang='lat' dir='ltr'><strong>in</strong></span> <span class='ocrx_word' id='word_1_905' title='bbox 2980 5302 3126 5344; x_wconf 79' lang='lat' dir='ltr'><strong>actus</strong></span> <span class='ocrx_word' id='word_1_906' title='bbox 3170 5300 3357 5342; x_wconf 77' lang='lat' dir='ltr'><strong>eontra</strong></span> 
     </span>
    </p>
   </div>
   <div class='ocr_carea' id='block_1_113' title="bbox 1778 5379 3357 5450">
    <p class='ocr_par' dir='ltr' id='par_1_113' title="bbox 1778 5379 3357 5450">
     <span class='ocr_line' id='line_1_113' title="bbox 1778 5379 3357 5450; baseline -0.003 -13"><span class='ocrx_word' id='word_1_907' title='bbox 1778 5397 2042 5446; x_wconf 67' lang='lat' dir='ltr'><strong>na&#39;uram,</strong></span> <span class='ocrx_word' id='word_1_908' title='bbox 2075 5380 2151 5435; x_wconf 92' lang='lat' dir='ltr'><strong>uti</strong></span> <span class='ocrx_word' id='word_1_909' title='bbox 2181 5380 2308 5435; x_wconf 88' lang='lat' dir='ltr'><strong>facit</strong></span> <span class='ocrx_word' id='word_1_910' title='bbox 2348 5380 2403 5435; x_wconf 88' lang='lat' dir='ltr'><strong>in</strong></span> <span class='ocrx_word' id='word_1_911' title='bbox 2432 5379 2675 5445; x_wconf 89' lang='lat' dir='ltr'><strong>homine;</strong></span> <span class='ocrx_word' id='word_1_912' title='bbox 2709 5381 2853 5436; x_wconf 84' lang='lat' dir='ltr'><strong>unde</strong></span> <span class='ocrx_word' id='word_1_913' title='bbox 2890 5382 3041 5450; x_wconf 85' lang='lat' dir='ltr'><strong>pejor</strong></span> <span class='ocrx_word' id='word_1_914' title='bbox 3084 5382 3239 5449; x_wconf 88' lang='lat' dir='ltr'><strong>longe</strong></span> <span class='ocrx_word' id='word_1_915' title='bbox 3279 5392 3357 5432; x_wconf 80' lang='lat' dir='ltr'><strong>est</strong></span> 
     </span>
    </p>
   </div>
   <div class='ocr_carea' id='block_1_114' title="bbox 1777 5472 3355 5541">
    <p class='ocr_par' dir='ltr' id='par_1_114' title="bbox 1777 5472 3355 5541">
     <span class='ocr_line' id='line_1_114' title="bbox 1777 5472 3355 5541; baseline -0.003 -14"><span class='ocrx_word' id='word_1_916' title='bbox 1777 5474 1831 5527; x_wconf 93' lang='lat' dir='ltr'><strong>in</strong></span> <span class='ocrx_word' id='word_1_917' title='bbox 1863 5472 2082 5526; x_wconf 90' lang='lat' dir='ltr'><strong>homine</strong></span> <span class='ocrx_word' id='word_1_918' title='bbox 2109 5472 2272 5526; x_wconf 89' lang='lat' dir='ltr'><strong>libido</strong></span> <span class='ocrx_word' id='word_1_919' title='bbox 2310 5486 2466 5541; x_wconf 89' lang='lat' dir='ltr'><strong>quam</strong></span> <span class='ocrx_word' id='word_1_920' title='bbox 2510 5472 2561 5525; x_wconf 92' lang='lat' dir='ltr'><strong>in</strong></span> <span class='ocrx_word' id='word_1_921' title='bbox 2610 5474 2800 5526; x_wconf 88' lang='lat' dir='ltr'><strong>brutis.</strong></span> <span class='ocrx_word' id='word_1_922' title='bbox 2830 5474 2909 5526; x_wconf 86' lang='lat' dir='ltr'><strong>Ad</strong></span> <span class='ocrx_word' id='word_1_923' title='bbox 2945 5472 3234 5526; x_wconf 88' lang='lat' dir='ltr'><strong>secundum</strong></span> <span class='ocrx_word' id='word_1_924' title='bbox 3267 5487 3355 5523; x_wconf 83' lang='lat' dir='ltr'><strong>re-</strong></span> 
     </span>
    </p>
   </div>
   <div class='ocr_carea' id='block_1_115' title="bbox 1773 5561 3350 5633">
    <p class='ocr_par' dir='ltr' id='par_1_115' title="bbox 1773 5561 3350 5633">
     <span class='ocr_line' id='line_1_115' title="bbox 1773 5561 3350 5633; baseline -0.002 -15"><span class='ocrx_word' id='word_1_925' title='bbox 1773 5564 2003 5631; x_wconf 83' lang='lat' dir='ltr'><strong>spondet</strong></span> <span class='ocrx_word' id='word_1_926' title='bbox 2031 5562 2226 5617; x_wconf 88' lang='lat' dir='ltr'><strong>ibident</strong></span> <span class='ocrx_word' id='word_1_927' title='bbox 2254 5564 2497 5633; x_wconf 87' lang='lat' dir='ltr'><strong>negando</strong></span> <span class='ocrx_word' id='word_1_928' title='bbox 2532 5564 2585 5617; x_wconf 90' lang='lat' dir='ltr'><strong>in</strong></span> <span class='ocrx_word' id='word_1_929' title='bbox 2630 5563 2869 5617; x_wconf 79' lang='lat' dir='ltr'><strong>terrestri</strong></span> <span class='ocrx_word' id='word_1_930' title='bbox 2902 5561 3151 5631; x_wconf 75' lang='lat' dir='ltr'><strong>paradiso</strong></span> <span class='ocrx_word' id='word_1_931' title='bbox 3175 5572 3350 5615; x_wconf 81' lang='lat' dir='ltr'><strong>actura</strong></span> 
     </span>
    </p>
   </div>
   <div class='ocr_carea' id='block_1_116' title="bbox 1773 5653 3351 5725">
    <p class='ocr_par' dir='ltr' id='par_1_116' title="bbox 1773 5653 3351 5725">
     <span class='ocr_line' id='line_1_116' title="bbox 1773 5653 3351 5725; baseline -0.003 -14"><span class='ocrx_word' id='word_1_932' title='bbox 1773 5656 2223 5725; x_wconf 75' lang='lat' dir='ltr'><strong>concupiscentia:</strong></span> <span class='ocrx_word' id='word_1_933' title='bbox 2257 5658 2601 5725; x_wconf 72' lang='lat' dir='ltr'><strong>prmcessisse</strong></span> <span class='ocrx_word' id='word_1_934' title='bbox 2632 5664 2810 5710; x_wconf 90' lang='lat' dir='ltr'><strong>actum</strong></span> <span class='ocrx_word' id='word_1_935' title='bbox 2834 5653 3124 5708; x_wconf 86' lang='lat' dir='ltr'><strong>voluntatis</strong></span> <span class='ocrx_word' id='word_1_936' title='bbox 3167 5667 3351 5707; x_wconf 81' lang='lat' dir='ltr'><strong>cmuc-</strong></span> 
     </span>
    </p>
   </div>
   <div class='ocr_carea' id='block_1_117' title="bbox 1773 5742 3352 5818">
    <p class='ocr_par' dir='ltr' id='par_1_117' title="bbox 1773 5742 3352 5818">
     <span class='ocr_line' id='line_1_117' title="bbox 1773 5742 3352 5818; baseline -0.003 -16"><span class='ocrx_word' id='word_1_937' title='bbox 1773 5748 1935 5805; x_wconf 89' lang='lat' dir='ltr'><strong>dcndi</strong></span> <span class='ocrx_word' id='word_1_938' title='bbox 1954 5763 2170 5818; x_wconf 88' lang='lat' dir='ltr'><strong>pomum</strong></span> <span class='ocrx_word' id='word_1_939' title='bbox 2192 5749 2435 5807; x_wconf 87' lang='lat' dir='ltr'><strong>vetitum.</strong></span> <span class='ocrx_word' id='word_1_940' title='bbox 2464 5748 2538 5802; x_wconf 87' lang='lat' dir='ltr'><strong>Do</strong></span> <span class='ocrx_word' id='word_1_941' title='bbox 2562 5746 2806 5816; x_wconf 83' lang='lat' dir='ltr'><strong>ejusdem</strong></span> <span class='ocrx_word' id='word_1_942' title='bbox 2829 5743 2996 5799; x_wconf 85' lang='lat' dir='ltr'><strong>verba</strong></span> <span class='ocrx_word' id='word_1_943' title='bbox 3024 5761 3036 5797; x_wconf 89' lang='lat'>:</span> <span class='ocrx_word' id='word_1_944' title='bbox 3070 5762 3089 5795; x_wconf 77' lang='grc' dir='ltr'><strong>ι</strong></span> <span class='ocrx_word' id='word_1_945' title='bbox 3118 5742 3352 5798; x_wconf 65' lang='lat' dir='ltr'><strong>Praeces-</strong></span> 
     </span>
    </p>
   </div>
  </div>
