3892 6316
496 328 591 384 8H

1380 309 1938 374 SUPPLEHENTLM
1980 307 2069 361 AD
2111 303 2344 360 OPERA
2386 305 2443 360 S.
2490 301 2879 360 AUGUSTINI.

3674 298 3779 354 (ΗΞ

498 453 599 505 gn,
633 437 805 509 inquit
829 480 845 505 ,
901 437 1036 492 mala
1087 434 1338 490 voiuntas
1364 478 1381 503 ,
1428 448 1533 503 qua
1582 429 1818 498 serpenti
1867 426 2093 480 subdolo
2122 424 2166 479 A
2200 435 2228 470 a
2259 420 2551 489 superiori.
2586 434 2689 472 non
2720 433 2850 472 vero
2873 430 2953 483 su,
2975 416 3117 471 crius
3154 416 3222 469 ab
3269 414 3505 469 inferiori
3554 430 3773 471 movea-

507 531 845 592 crederctur,
876 536 931 581 et
960 534 1147 582 secuta
1193 536 1274 579 est
1319 524 1457 579 mala
1498 518 1957 589 concupiscentia,
1988 531 2089 585 qua

498 618 617 672 cibo
647 618 941 671 inhiaretur
962 615 1169 668 illicito.
1200 615 1275 666 Ac
1300 628 1393 680 per
1421 612 1525 665 hoc
1545 608 1918 679 quamvisjam
1945 616 2091 659 utra-

499 724 603 775 que
634 708 768 767 mala
791 714 958 764 esset.
988 713 1167 756 tamen
1200 702 1444 767 voluntas
1466 698 1836 771 cupiditatem,
1869 710 1973 748 non
1998 709 2088 748 vo-

508 796 771 848 luntatem
802 792 1067 861 cupiditas
1098 789 1279 854 duxit,
1310 788 1712 857 necpraecessit
1733 787 2091 856 voluntatem,

501 870 599 940 nec
633 884 827 938 restitit
855 880 1145 945 voluntati,
1178 898 1198 932 ι
1234 880 1315 935 Ad
1348 879 1564 933 tertium
1592 889 1750 948 negat
1776 878 2089 943 illationem;

510 978 707 1029 etenim
757 970 1215 1041 concupiscentia,
1262 978 1420 1039 prout
1463 979 1545 1025 est
1576 983 1753 1038 paena,
1800 968 2023 1023 honeste
2061 983 2093 1022 a

508 1066 618 1119 Deo
649 1064 958 1125 intenditur,
990 1073 1044 1115 at
1078 1062 1215 1115 mala
1238 1069 1319 1115 est
1349 1071 1592 1129 respectu
1622 1058 1856 1113 hominis
1883 1058 1968 1113 cui
2003 1058 2095 1110 in-

516 1156 741 1223 ﬂigitur;
775 1153 843 1207 ita
877 1169 1020 1207 mors
1070 1152 1207 1205 mala
1261 1160 1345 1206 est
1387 1150 1626 1214 homini,
1664 1151 1801 1206 bena
1846 1157 2096 1218 respectu

517 1245 611 1298 Dei
640 1246 787 1298 illam
811 1244 1147 1298 decernentis
1170 1243 1219 1296 in
1247 1224 1455 1311 ptenam
1483 1241 1705 1311 peccati.
1731 1239 1893 1294 Addit
1912 1254 2096 1305 exem-

510 1338 657 1404 plum
688 1338 755 1392 de
781 1337 1022 1391 erecitate
1048 1336 1251 1400 cordis,
1282 1351 1387 1405 qua
1428 1336 1569 1389 Deus
1596 1336 1671 1390 uti
1696 1334 1861 1402 judex
1896 1334 1947 1388 in
1981 1346 2095 1403 poe-

518 1444 639 1487 nam
692 1428 1083 1498 prasteritorum
1136 1429 1422 1483 criminum
1472 1429 1625 1497 punit
1678 1428 2092 1497 delinquentes,

519 1521 710 1588 quibus
737 1532 913 1574 tamen
947 1521 1036 1574 illa
1058 1529 1141 1574 est
1158 1520 1448 1574 maximum
1468 1519 1688 1583 malum,
1707 1527 1762 1573 et
1786 1517 2055 1572 concludit
2079 1534 2093 1570 :

522 1631 542 1665 ι
583 1610 813 1681 Proinde
844 1611 1024 1665 omnia
1049 1625 1171 1679 quat
1198 1626 1294 1678 pro
1340 1610 1441 1664 hac
1476 1620 1567 1664 tua
1597 1624 1740 1665 eatea
1769 1618 1821 1663 et
1861 1607 2096 1662 inconsi-

522 1705 706 1773 derata
735 1701 987 1769 opinione
1017 1699 1197 1763 dixisti
1225 1743 1240 1767 ,
1274 1715 1377 1769 qua
1403 1700 1581 1761 carnis
1607 1697 2093 1767 concupiscentiam

2194 522 2299 565 tur.
2334 512 2481 567 Unde
2504 513 2701 578 optima
2752 510 2983 563 hominis
3021 509 3334 570 constitutio
3376 507 3505 575 petit
3551 516 3607 561 ut
3652 526 3775 577 pars

2193 603 2435 670 ejusdem
2466 602 2713 671 superior
2747 602 2903 669 pleno
2951 600 3076 669 jure
3122 602 3173 653 in
3208 598 3516 654 inferiorem
3567 610 3771 670 utatur,

2195 710 2298 748 non
2329 710 2460 749 vero
2493 706 2547 748 ut
2594 696 2693 748 ista
2729 694 2876 748 illaut
2919 694 3021 747 sibi
3052 692 3298 762 subjoget
3337 706 3400 747 ac
3444 696 3777 764 supplantet.

2198 786 2439 841 Pertinet
2483 797 2658 840 autem
2690 786 2757 840 ad
2789 786 3020 841 hominis
3045 801 3258 856 poenam
3287 802 3367 862 ac
3396 789 3697 854 miseriam,
3731 801 3782 845 ut

2195 867 2342 933 more
2365 877 2623 947 pecudum
2647 876 2831 942 fortius
2859 892 2888 931 a
2912 877 3214 933 delectabili
3251 878 3495 932 trahatur
3518 895 3679 950 quam
3713 882 3779 936 ab

2197 968 2446 1033 honesto,
2479 977 2534 1023 et
2582 968 2683 1022 hoc
2711 969 2957 1039 provenit
2998 983 3063 1023 ex
3119 968 3440 1039 ignorantia,
3471 971 3613 1040 quod
3652 972 3784 1025 alte-

2198 1074 2312 1112 rum
2343 1074 2407 1113 ex
2440 1066 2661 1128 peccato
2682 1057 2936 1126 originali
2961 1057 3015 1111 in
3038 1057 3332 1112 humanum
3359 1073 3531 1129 genus
3563 1060 3782 1114 deriva-

2198 1154 2309 1201 tum
2339 1146 2523 1201 vitium
2550 1157 2672 1213 est;
2705 1161 2879 1215 neque
2927 1148 3070 1202 enim
3111 1149 3157 1202 si
3206 1148 3447 1218 perfecte
3494 1149 3779 1206 honestum

2199 1248 2676 1308 repraesentaretur
2698 1238 2955 1293 voluntati
2979 1281 2993 1305 ,
3026 1239 3095 1293 ab
3121 1240 3222 1294 ista
3251 1241 3612 1297 dimitteretur
3639 1244 3781 1300 dele-

2198 1331 2379 1386 ctabili
2410 1332 2605 1386 electo.
2640 1332 2828 1402 Itaque
2851 1333 2903 1387 in
2945 1334 3039 1388 illa
3068 1335 3538 1403 praeponderantia
3589 1346 3644 1392 et
3672 1352 3781 1391 ma-

2194 1424 2298 1494 jori
2328 1426 2378 1478 vi
2408 1425 2459 1478 in
2493 1424 2779 1491 trahendo,
2813 1441 2933 1495 quae
2962 1425 3106 1481 inest
3146 1426 3451 1483 delectabili
3501 1443 3662 1497 supra
3690 1430 3779 1485 ho-

2200 1524 2408 1570 nestum
2431 1517 2482 1570 in
2515 1524 2659 1569 statu
2686 1526 2892 1570 natura:
2922 1516 3106 1586 lapsae,
3136 1531 3261 1585 pars
3291 1516 3611 1572 rebellionis
3630 1532 3780 1587 appe-

2199 1607 2327 1659 titus
2355 1607 2593 1661 sensitivi
2625 1615 2813 1659 contra
2838 1608 3156 1661 rationalem
3178 1607 3443 1661 eonsisﬁt.
3476 1607 3647 1663 Porro
3670 1609 3779 1665 haec

2199 1696 2389 1753 scribit
2432 1694 2767 1766 Augustinus
2817 1696 2910 1749 lib.
2934 1713 2965 1749 v
2994 1707 3180 1752 contra
3226 1697 3524 1765 Julianum,
3556 1713 3679 1767 cap.
3709 1699 3779 1754 ὃς

517 1809 582 1848 eo
607 1796 720 1863 ipso
746 1792 888 1861 quod
917 1806 1036 1847 eam
1075 1806 1284 1859 ptenam
1316 1792 1547 1847 diximus
1575 1806 1697 1846 esse
1727 1791 1961 1859 peccati,
1993 1803 2096 1842 non
2128 1783 2175 1843 Β
2207 1806 2225 1840 t
2264 1788 2322 1844 Si
2347 1789 2641 1858 prudenter
2663 1788 2751 1843 hic
2771 1802 3015 1858 saperes,
3046 1790 3287 1859 profecto
3308 1803 3428 1845 esse
3452 1790 3779 1861 iniquitatem

519 1887 692 1940 solum
726 1900 832 1939 non
874 1884 1298 1953 vituperandam,
1340 1900 1524 1940 verum
1570 1885 1729 1939 etiam
1779 1884 2094 1937 laudandam

519 1980 745 2044 putasti,
775 1977 1068 2048 quamlibet
1093 1977 1296 2046 prolixa
1343 1977 1706 2045 disputatione
1751 1976 1802 2028 in
1834 1990 1899 2029 eo
1930 1962 2095 2030 fueris

517 2068 854 2133 immoratus,
874 2068 1155 2127 evanuisse
1172 2066 1660 2125 certissitutunest.
1695 2086 1714 2119 ι
1746 2068 1822 2119 Ad
1851 2079 2095 2137 quartum

520 2160 809 2226 respondet
837 2160 977 2214 idem
1007 2159 1335 2237 Augustinus
1363 2159 1453 2213 lib.
1486 2171 1751 2217 utcontra
1781 2158 2049 2213 Julianum
2076 2180 2115 2226 ,-

520 2267 640 2320 cap.
671 2253 740 2303 ‘20
767 2270 780 2303 :
812 2270 830 2302 ι
863 2251 936 2304 ita
959 2250 1102 2310 enim
1132 2291 1145 2313 ,
1188 2250 1390 2319 inquit,
1425 2265 1533 2304 nou
1578 2249 1825 2319 intelligis
1865 2249 1990 2314 quid
2018 2248 2098 2302 lo-

516 2346 719 2411 quaris,
757 2354 946 2397 utnon
995 2343 1143 2397 vides
1190 2351 1493 2398 creaturam
1535 2343 1688 2413 panis
1732 2351 1789 2398 et
1836 2341 1943 2396 vini
1990 2357 2095 2397 non

515 2436 899 2501 concupiscere
948 2433 1209 2488 adversus
1254 2433 1525 2502 spiritum,
1577 2432 1672 2487 sed
1708 2434 1878 2501 ipsam
1922 2434 2097 2501 potius

517 2529 798 2580 inhoneste
827 2542 855 2580 a
887 2528 1024 2579 male
1051 2526 1323 2579 utentibus
1351 2525 1655 2593 concupisci
1680 2564 1695 2588 ,
1743 2534 1795 2578 et
1839 2540 1902 2577 ea
1933 2524 2113 2581 forins

517 2634 676 2673 secus
708 2618 758 2671 in
790 2626 1029 2677 nostrum
1079 2630 1277 2685 corpus
1326 2616 1549 2670 intrare.
1589 2634 1607 2667 ι
1651 2615 1781 2670 llinc
1828 2615 2098 2670 neminem

514 2710 676 2777 pudet
703 2709 757 2764 in
790 2709 1067 2779 propatulo
1090 2708 1396 2774 comedere,
1429 2708 1509 2762 uti
1552 2706 1681 2763 olim
1730 2706 2096 2762 Romanorum

516 2817 635 2855 mos
669 2802 785 2865 fuit,
815 2809 871 2854 at
898 2800 1043 2854 licite
1068 2797 1502 2869 concupiscentia
1536 2800 1710 2865 palam
1739 2798 1811 2852 uti
1842 2800 2101 2865 conjuges

514 2894 856 2959 erubescunt,
886 2902 944 2945 ut
983 2899 1139 2960 plane
1176 2900 1430 2960 appareat
1472 2892 1662 2945 malam
1694 2905 1813 2944 esse
1843 2890 2099 2959 concupi-

515 2985 799 3047 scentiam,
826 2998 945 3035 cum
978 2984 1057 3035 vel
1087 2982 1260 3035 licitus
1288 2981 1531 3048 ejusdem
1559 2994 1685 3034 usus
1720 2980 1976 3048 pudorem
2021 2984 2102 3034 in-

514 3077 699 3128 (ιιιιίηι.
738 3073 991 3126 ‘v'itleatur
1017 3082 1235 3126 sanctus
1260 3071 1418 3126 Pater
1443 3070 1537 3125 lib.
1569 3085 1586 3125 ι
1632 3070 1698 3126 ad
1728 3069 2059 3126 Bonifacium
2080 3112 2095 3136 ,

512 3180 633 3231 cap.
668 3164 747 3215 16.

586 3264 853 3334 ijiciunt
876 3260 1204 3316 recentiores
1231 3270 1417 3316 contra
1445 3259 1689 3315 eamdem
1718 3260 1895 3314 sancti
1919 3259 2104 3315 docto-

514 3356 589 3409 ris
638 3355 981 3409 sententiam.
1032 3354 1208 3407 Motus
1232 3336 1686 3423 concupiscentiae
1760 3352 2099 3420 praeveniunt

515 3448 807 3511 rationem,
836 3448 958 3514 quia
999 3456 1141 3500 sunt
1178 3454 1303 3501 ante
1339 3460 1559 3500 omnem
1598 3443 1949 3511 electionem,
1974 3456 2103 3512 ergo

514 3538 954 3607 concupiscentia
988 3553 1096 3590 non
1128 3547 1211 3591 est
1250 3537 1559 3591 omnimodo
1585 3534 1823 3603 subjecta
1868 3534 2099 3601 rationi,

512 3644 634 3683 cum
665 3628 855 3693 habeat
884 3637 1062 3683 motus
1081 3640 1217 3689 ante,
1238 3642 1453 3682 omnem
1498 3636 1678 3682 actum
1709 3624 1871 3679 illius.
1898 3624 2102 3679 Rursus

514 3723 760 3792 inquiunt
789 3739 800 3773 :
830 3722 1001 3777 llomo
1028 3721 1268 3789 appetitu
1302 3719 1548 3773 rationali
1574 3724 1744 3773 fertur
1766 3718 1821 3775 in
1853 3718 2097 3780 honesta,

512 3818 754 3881 appetitu
783 3814 1038 3867 sensitive
1061 3853 1076 3876 ,
1133 3825 1227 3863 seu
1256 3810 1687 3878 concupiscentia
1719 3808 1891 3863 fertur
1943 3808 1994 3861 itt
2015 3806 2103 3861 dc-

520 3902 823 3965 lectabilia;
856 3920 984 3969 ergo
1013 3900 1402 3954 vehementiori
1451 3900 1649 3967 impetu
1695 3898 1794 3952 ista
1844 3899 2012 3953 inhiat
2047 3899 2099 3951 in

517 3991 875 4052 delectabilia,
906 4000 1065 4058 quam
1096 3989 1187 4041 ille
1210 3991 1261 4041 in
1292 3988 1537 4054 honesta,
1569 3989 1830 4058 siquidem
1862 4005 1982 4046 cum
2004 3990 2100 4045 ob-

511 4084 654 4153 jecta
679 4081 912 4133 honesta
958 4089 1414 4149 repraesententur
1459 4096 1553 4148 per
1597 4082 1808 4150 species
1850 4084 2054 4138 alienas
2081 4126 2096 4151 ,

516 4171 693 4225 minus
720 4179 937 4224 movent
978 4185 1138 4238 quam
1169 4169 1507 4225 delectabilia
1538 4212 1552 4236 ,
1584 4188 1703 4241 qua:
1747 4188 1843 4241 per
1886 4174 2092 4242 species

515 4265 758 4335 proprias
784 4264 852 4317 de
890 4267 1139 4333 prmsenti
1183 4281 1400 4321 sensum
1445 4268 1709 4322 alliciunt.
1752 4270 1988 4339 Denique
2019 4272 2099 4326 iu-

514 4364 657 4410 stam
682 4371 695 4409 :
719 4353 930 4409 Nullum
960 4354 1099 4424 quod
1123 4365 1208 4410 est
1234 4356 1472 4410 debitum
1506 4367 1708 4414 natura:
1738 4370 1820 4414 est
1843 4361 2097 4416 amissum

515 4460 612 4517 per
643 4456 940 4514 peccatum,
972 4445 1118 4514 atqui
1146 4455 1228 4500 est
1262 4446 1460 4501 amissa
1512 4438 1777 4517 subiectio
1820 4453 1985 4519 partis
2015 4453 2107 4506 in-‘

2198 1878 2426 1944 videres,
2452 1893 2558 1947 qua
2607 1893 2733 1948 pars
2783 1877 3008 1934 inferior
3053 1880 3287 1934 hominis
3330 1890 3597 1951 repugnat
3630 1897 3781 1951 supe-

2198 1972 2328 2027 riori
2355 1982 2513 2041 atque
2544 1972 2769 2025 meliori.
2812 1989 2831 2022 ι
2865 1970 3107 2025 Tertium
3151 1981 3529 2040 argumentum
3578 1974 3780 2027 nullum

2200 2070 2302 2129 est,
2332 2078 2452 2115 nam
2483 2062 2535 2116 in
2561 2062 2826 2117 sententia
2852 2062 3135 2131 Augustini
3171 2063 3360 2118 falsum
3392 2072 3477 2118 est
3525 2073 3649 2133 post
3680 2068 3782 2135 pri-

2206 2169 2350 2208 mum
2387 2161 2666 2221 peccatum
2715 2153 2977 2208 naturalia
3026 2154 3285 2209 mansisse
3331 2154 3578 2225 integra,
3632 2157 3782 2212 homo

2200 2246 2340 2300 enim
2376 2258 2471 2314 per
2501 2253 2776 2313 peccatum
2828 2244 2924 2299 fuit
2953 2244 3211 2314 spoliatus
3239 2245 3510 2315 gratuitis,
3540 2255 3599 2301 et
3630 2247 3780 2301 laesus

2203 2341 2420 2408 insuper
2452 2339 2503 2392 in
2537 2339 2887 2407 naturalibus,
2917 2340 3059 2411 quod
3093 2356 3156 2395 ex
3208 2341 3454 2410 parabola
3507 2341 3781 2414 Peregrini

2200 2437 2554 2494 Jerichoutini
2587 2437 2743 2492 Lucae
2778 2437 2843 2491 10
2864 2438 3122 2497 suadetur
3146 2438 3352 2506 integro
3375 2437 3486 2492 fere
3517 2440 3783 2495 volumine

2203 2545 2233 2583 a
2260 2528 2547 2587 Florentio
2576 2528 2774 2583 Conrio
2800 2528 3207 2598 archiepiscopo
3238 2528 3592 2585 Thuamensi.
3619 2531 3781 2587 Testi-

2203 2618 2384 2675 monia
2406 2632 2536 2674 vero
2557 2617 2843 2688 Augustini
2874 2617 2926 2672 in
2955 2619 3201 2673 eamdem
3225 2634 3339 2673 rem
3367 2618 3569 2673 indicat
3603 2620 3665 2674 P.
3693 2621 3783 2673 Ma.

2201 2708 2334 2763 cedo
2356 2707 2409 2761 in
2436 2707 2673 2773 Cortioa,
2704 2708 2841 2762 tltesi
2872 2706 2962 2775 54,
2993 2716 3047 2761 et
3076 2707 3168 2762 lib.
3202 2722 3256 2762 tv
3291 2706 3359 2762 de
3405 2706 3662 2762 Clavibus
3693 2709 3781 2766 Pe-

2204 2800 2302 2864 tri,
2337 2800 2390 2855 in
2420 2809 2594 2855 contr.
2645 2799 2715 2854 de
2747 2799 2976 2854 Peccato
3004 2798 3285 2869 originali,
3311 2813 3433 2869 cap.
3465 2799 3554 2867 12,
3581 2800 3676 2856 ubi
3701 2816 3782 2856 va-

2203 2893 2311 2949 lide
2344 2909 2439 2963 pro
2466 2894 2638 2948 sancti
2666 2892 2905 2947 doctoris
2934 2891 3199 2947 sententia
3228 2891 3494 2947 decertat.

2283 2986 2458 3041 Unum
2484 2985 2700 3041 obstare
2743 2976 2977 3053 videtur,
3010 2982 3150 3053 quod
3181 2984 3445 3039 acerrime
3482 2994 3683 3055 urgent
3708 3000 3783 3040 re-

2202 3079 2493 3134 centiores.
2527 3075 2733 3133 Etenim
2774 3076 3023 3130 damnata
3056 3084 3138 3131 est
3188 3075 3304 3131 htcc
3332 3076 3637 3146 propositio
3683 3076 3782 3131 Baii

2127 3152 2175 3218 C
2207 3168 2278 3225 55
2312 3185 2328 3223 :
2358 3168 2493 3223 Deus
2525 3184 2625 3222 non
2655 3168 2901 3238 potuisset
2928 3167 3083 3221 talem
3118 3167 3183 3221 ab
3221 3167 3368 3222 initio
3414 3183 3594 3222 creare
3637 3168 3784 3222 banti-

2206 3278 2341 3327 nem,
2374 3260 2540 3330 qualis
2564 3277 2699 3315 nunc
2726 3261 2976 3314 nascitur.
3001 3260 3179 3329 Quare
3207 3259 3378 3330 potuit
3400 3258 3544 3314 Deus
3564 3261 3785 3317 condere

2206 3354 2478 3408 hominem
2512 3354 2564 3407 in
2589 3362 2732 3407 statu
2761 3361 2985 3413 natura}
3012 3368 3160 3421 purae
3189 3352 3492 3422 subjectum
3535 3352 3784 3422 concupi-

2202 3447 2447 3512 scentiat,
2480 3445 2652 3517 qualis
2690 3445 2855 3500 modo
2900 3447 3157 3500 nascitur.
3191 3445 3266 3501 De
3297 3445 3380 3499 bis
3411 3445 3785 3512 pronositioni-

2203 3539 2304 3595 bus
2352 3539 2465 3594 Baii
2516 3539 2666 3593 varie
2713 3540 2955 3592 sentiunt
3004 3538 3262 3607 theologi.
3303 3536 3461 3591 Pater
3506 3537 3781 3607 Vasquex,

2204 3632 2381 3701 magni
2406 3632 2549 3686 inter
2575 3631 2906 3685 recentiores
2929 3629 3180 3697 nominis,
3209 3629 3325 3695 1-2,
3349 3627 3488 3697 disp.
3528 3628 3655 3697 190,
3674 3643 3780 3696 cap.

2204 3723 2295 3791 18,
2324 3724 2580 3792 propotiit
2604 3721 2762 3777 verba
2786 3721 2948 3777 bulla:
2969 3711 3373 3791 quat'ejnsmodi
3401 3728 3569 3777 sunt:
3602 3740 3621 3773 ι
3655 3722 3783 3789 Quas

2207 3817 2500 3869 sententias
2528 3813 2716 3867 stricto
2758 3828 2940 3868 coram
2973 3813 3125 3867 nobis
3154 3812 3402 3868 examine
3442 3812 3780 3879 ponderatas,

2206 3920 2510 3975 quanquam
2542 3903 2816 3959 nonnullae
2839 3905 3018 3975 aliquo
3049 3904 3208 3959 modo
3247 3903 3498 3959 su5tineri
3534 3910 3780 3971 possent.

2203 3997 2257 4051 in
2288 3998 2674 4070 rigoretamen
2699 4003 2753 4050 et
2781 3995 3000 4064 proprio
3029 3994 3315 4050 verborum
3337 4008 3502 4048 sensu
3532 3994 3603 4048 ab
3623 4007 3781 4048 asser-

2203 4088 2409 4144 toribus
2441 4088 2652 4142 intento
2705 4085 3016 4152 haereticas,
3046 4099 3302 4141 erroneas
3325 4124 3342 4152 ,
3371 4094 3685 4152 suspectas,
3711 4093 3780 4138 te-

2202 4182 2486 4247 merarias,
2519 4179 2884 4247 scandalosas,
2912 4188 2967 4233 et
3010 4178 3065 4233 in
3094 4182 3207 4248 pias
3234 4192 3395 4233 aures
3435 4177 3779 4233 offensionem

2206 4274 2555 4328 immittentcs
2584 4311 2599 4337 ,
2648 4272 2989 4339 respective,
3039 4279 3095 4325 et
3140 4284 3472 4340 quamcunque
3519 4284 3685 4339 super
3726 4268 3779 4320 iis

2203 4364 2368 4420 verbo
2387 4363 2695 4432 scriptoque
2714 4361 2909 4416 emissa
2928 4363 3271 4432 przesentium
3295 4359 3622 4415 auctoritate
3642 4359 3778 4413 dam-

2203 4469 2412 4511 namus.
2448 4472 2467 4505 ι
2505 4454 2580 4509 De
2600 4468 2704 4523 qua
2729 4468 2959 4508 censura
3007 4454 3081 4507 ita
3123 4452 3263 4507 idem
3288 4451 3532 4522 judicat:
3574 4472 3593 4504 ι
3630 4453 3778 4507 Mu'ta

514 4541 728 4597 ferioris
757 4552 1004 4612 respectu
1031 4544 1299 4610 appetitus
1327 4544 1642 4611 rationalis,
1676 4547 1836 4617 igitur
1875 4563 1938 4603 ea
1970 4550 2099 4604 sub-
2130 4524 2180 4585 Ῐ)
2206 4544 2293 4616 (ex
2328 4546 2431 4600 illis
2460 4544 2943 4627 propositionibus)
2971 4545 3309 4600 continentes
3336 4558 3463 4599 acre
3500 4543 3778 4612 judicium,

512 4634 678 4703 jcctio
718 4649 822 4687 non
860 4645 944 4689 est
989 4635 1245 4702 perfectio
1272 4635 1453 4690 debita
1496 4646 1720 4694 naturre.
1769 4640 1894 4695 [late
1922 4651 2097 4698 tamen

512 4726 641 4780 olim
670 4726 737 4780 ab
760 4725 1057 4797 Augustino
1077 4726 1240 4781 diluta
1263 4735 1408 4781 sunt.
1437 4727 1743 4792 Respondet
1771 4730 1835 4785 ad
1869 4733 2097 4799 primum

513 4818 651 4884 quod
683 4818 978 4886 inpteuam
1013 4826 1216 4873 tantum
1250 4819 1453 4888 peccati
1500 4828 1676 4873 motus
1715 4823 2102 4891 concupiscen-

515 4911 602 4960 tia:
635 4912 965 4975 praeveniunt
993 4910 1439 4967 deliberationem
1470 4911 1739 4981 appetitus
1772 4914 2053 4969 ratiunalis
2082 4935 2097 4984 ;

513 5000 654 5051 unde
684 5001 729 5051 si
759 5004 919 5054 homo
950 5018 1056 5057 non
1083 5008 1377 5070 peccasset,
1411 5015 1587 5059 motus
1628 5008 1899 5075 appetitus
1922 5011 2099 5063 sensi;

513 5093 603 5144 tivi
638 5093 1039 5157 pra-cessissent
1064 5096 1278 5161 quidem
1328 5098 1622 5152 voluntatis
1653 5108 1805 5153 actus
1829 5142 1844 5166 ,
1878 5116 1984 5154 non
2017 5101 2095 5156 itli

513 5181 728 5251 quidem
754 5180 862 5232 vim
901 5181 1178 5235 inferendo
1223 5198 1286 5238 ac
1316 5186 1580 5240 rationem
1626 5188 1859 5256 graviori
1891 5188 2095 5258 impetu

518 5270 963 5344 praeoccupando,
994 5270 1269 5342 illamque
1316 5276 1791 5342 absorbendo,‘uti
1843 5282 1913 5335 de
1955 5280 2096 5336 facto

511 5365 795 5434 contingit,
822 5362 916 5418 sed
946 5362 1181 5419 suaviter
1208 5365 1494 5423 alliciendo
1516 5410 1531 5435 ,
1566 5371 1711 5438 quod
1750 5382 1805 5427 et
1856 5372 1908 5427 in
1938 5388 2097 5442 para-

511 5458 629 5514 diso
669 5458 896 5526 accidit,
939 5457 1028 5513 ubi
1080 5475 1100 5509 σ
1164 5472 1273 5512 non
1321 5459 1649 5515 voluntatem
1689 5465 1953 5532 cupiditas
1994 5465 2097 5522 du-

512 5550 608 5615 xit,
634 5565 730 5603 nec
755 5550 1025 5617 praecessit
1044 5548 1398 5614 voluntatem,
1424 5565 1522 5606 nec
1542 5552 1742 5617 restitit
1761 5556 2041 5623 voluntati,
2069 5575 2087 5609 ι

512 5638 606 5690 lib.
638 5640 864 5706 tOperis
895 5640 1133 5711 imperf.,
1163 5655 1285 5709 cap.
1315 5640 1403 5694 70.
1436 5641 1519 5697 Ad
1544 5646 1841 5701 secundum
1866 5656 2091 5716 negatur

513 5731 935 5794 consequentia:
963 5733 1160 5789 etenim
1194 5741 1372 5789 rectus
1399 5734 1534 5792 ordo
1562 5736 1728 5806 exigit
1765 5746 1821 5793 ut
1868 5736 2087 5802 inferius

2205 4652 2312 4708 quo
2363 4638 2561 4691 doctor
2608 4636 2698 4691 ille
2748 4635 2975 4691 aliorum
3027 4635 3308 4705 opiniones
3359 4635 3776 4699 criminabatur,

2208 4727 2448 4782 damnari
2473 4734 2675 4780 tantum
2692 4766 2709 4794 ,
2739 4736 2799 4780 ut
2818 4725 3071 4781 seandalo
3097 4734 3152 4781 et
3177 4724 3498 4799 oﬂcndiculo
3527 4735 3776 4795 patentes,

2209 4831 2259 4876 et
2287 4819 2386 4875 hac
2411 4818 3127 4889 rationesolumprobiberi
3153 4836 3166 4886 ;
3197 4834 3318 4874 nam
3350 4829 3409 4875 et
3436 4820 3660 4874 audacia
3703 4817 3777 4872 ni-

2208 4913 2420 4981 miaque
2449 4913 2750 4981 arrogantia
2783 4912 2836 4966 in
2867 4912 3095 4967 aliorum
3117 4911 3402 4967 sententiis
3424 4913 3655 4981 maligne
3677 4909 3777 4966 vel-

2206 5004 2433 5059 licandis
2472 5019 2534 5058 ac
2580 5002 2901 5067 lacerandis,
2950 5017 3057 5057 non
3085 5018 3272 5072 parum
3318 5001 3559 5057 scandali
3589 5000 3775 5055 atTerre

2205 5097 2366 5161 solet,
2399 5110 2428 5148 a
2457 5110 2562 5165 quo
2593 5095 2734 5149 docti
2759 5103 2813 5148 et
2844 5093 3135 5162 prudentes
3163 5092 3395 5162 theologi
3424 5092 3476 5146 in
3508 5092 3622 5146 suis
3649 5092 3773 5145 seri-

2206 5186 2309 5254 ptis
2338 5186 2609 5239 abstinere
2635 5185 2916 5240 deberent.
2957 5204 2977 5238 ι
3013 5185 3140 5241 Haec
3170 5194 3347 5239 autem
3387 5184 3673 5240 conﬁrmat
3702 5183 3774 5235 lo-

2202 5278 2567 5349 cupletissimo
2597 5279 2903 5332 testimonio
2930 5278 3220 5333 cardinalis
3266 5276 3538 5332 Francisci
3572 5274 3771 5338 Toleti,

2202 5370 2292 5441 qui
2321 5371 2372 5423 in
2400 5382 2561 5423 causa
2591 5367 2703 5422 Baii
2731 5368 3026 5423 Lovanium
3054 5369 3123 5424 ab
3151 5368 3451 5438 apostolica
3475 5367 3605 5423 sede
3634 5364 3775 5420 dele-

2204 5473 2359 5534 gatus
2389 5462 2509 5517 fuit.
2531 5462 2709 5528 Quare
2730 5475 2851 5515 cum
2883 5461 3042 5515 Baius
3070 5461 3370 5530 Pelagiana:
3400 5460 3669 5516 haereseos
3701 5456 3773 5509 inc

2198 5564 2410 5610 cusaret
2440 5562 2746 5609 asserentes
2791 5552 3063 5608 hominem
3108 5552 3269 5607 talem
3312 5553 3549 5621 potuisse
3592 5565 3622 5604 a
3674 5547 3772 5601 Dea

2199 5644 2373 5700 creari
2402 5645 2578 5713 qualis
2608 5643 2766 5699 modo
2795 5644 3055 5708 nascitur,
3086 5642 3211 5698 hinc
3236 5643 3308 5697 ob
3334 5642 3567 5696 infamia:
3595 5646 3768 5694 notam

2198 5752 2357 5808 quam
2386 5738 2643 5808 Oppositte
2672 5735 2953 5793 sententia:
2998 5734 3310 5792 auctoribus
3336 5733 3604 5801 inurebat,
3630 5730 3767 5800 ejus-
