3892 6352
144 358 249 423 (illi

1333 354 1646 425 \‘INDICIAE
1686 362 2248 424 AUGUSTINIAME.
2307 356 2317 361 ’

3329 366 3433 423 ΘΜ

141 482 264 533 dem
318 479 625 548 propositio
673 492 916 535 censur:e
965 480 1204 549 subjecta
1251 491 1352 535 est.
1407 481 1518 535 lloc
1559 490 1735 535 autem
1767 486 1812 541 Α
1841 480 1927 534 illa
1958 479 2068 532 Baii
2102 492 2204 530 non
2232 476 2405 529 solum
2430 475 2500 531 ob
2521 489 2804 531 censuram
2830 478 3081 533 damnata
3118 490 3219 547 est,
3244 478 3441 536 verum

142 579 290 639 patet
319 585 385 623 ex
422 571 669 624 censuris
700 570 962 640 ejusdem,
991 588 1108 640 quae
1135 571 1186 624 in
1236 571 1421 625 eadem
1468 571 1609 625 bulla
1652 586 1742 625 re—

139 661 427 723 feruntur;
454 677 503 715 v.
528 676 607 730 g.,
639 676 857 730 propos.
887 662 952 714 57
983 662 1094 716 ait:
1129 680 1146 712 ι
1185 661 1314 715 Cum
1348 662 1560 730 Pelagio
1581 648 1743 730 sapit,

143 752 233 819 qui
268 753 397 807 boni
443 754 643 823 aliquid
690 755 967 821 naturalis,
1004 756 1104 808 hoc
1128 764 1230 822 est,
1260 754 1397 821 quod
1426 770 1491 809 ex
1534 764 1743 808 natura:

140 844 269 895 solis
300 843 511 897 viribus
536 855 713 897 ortum
742 845 911 910 ducit,
953 848 1217 915 agnoscit.
1256 864 1275 898 ι
1310 846 1478 913 Quam
1521 856 1743 902 senten-

141 934 264 986 tiam
297 934 545 989 defendit
574 935 840 1005 Vasquez,
868 936 985 1003 1-2,
1014 937 1157 1004 disp.
1212 937 1332 1003 190,
1365 952 1482 1006 cap.
1534 937 1620 1003 18,
1652 935 1741 991 ubi

141 1033 383 1077 testatur.
412 1040 695 1080 censuram
729 1026 841 1082 Baii
865 1069 880 1092 ,
915 1044 1020 1082 non
1056 1043 1182 1082 vero
1211 1037 1475 1083 assertum
1505 1043 1625 1084 esse
1667 1030 1737 1084 ab

138 1119 446 1183 apostolica
474 1116 601 1172 sede
639 1118 981 1187 damnatum,
1020 1134 1142 1173 cum
1182 1119 1235 1173 in
1279 1121 1611 1175 Arausicano
1653 1133 1746 1175 ca-'

141 1221 280 1260 none
307 1207 383 1259 2‘2
413 1208 624 1262 dicatur
649 1224 662 1261 :
692 1207 857 1262 Nemo
880 1209 1028 1262 habet
1059 1210 1123 1262 de
1149 1227 1240 1263 suo
1267 1211 1366 1262 nisi
1396 1208 1747 1278 uréndaCimn,’

143 1306 187 1346 et
220 1306 516 1358 peccatum.
550 1298 813 1353 Praeterea
866 1299 1162 1368 pr0positio
1210 1299 1277 1352 15
1323 1302 1391 1354 ita
1444 1302 1734 1355 scribitur:

143 1403 160 1435 ι
203 1386 411 1457 Pelagii
442 1380 1031 1459 Sententiaestzojius
1086 1393 1284 1445 bonum
1334 1394 1466 1446 citra
1511 1395 1737 1462 gratiam

133 1478 456 1547 adoptionis
487 1480 708 1547 factum,
749 1497 857 1535 non
903 1494 986 1537 eet
1033 1485 1180 1552 regni
1224 1484 1462 1538 ctelestis
1508 1487 1734 1539 merito-

134 1571 301 1625 rium.
347 1591 366 1624 ι
400 1574 584 1639 Quare
634 1589 757 1627 cum
790 1574 1141 1628 Lovaniensis
1168 1575 1398 1644 scriptor
1429 1566 1730 1645 oppositam

129 1663 473 1717 sententiam
513 1663 581 1717 de
604 1666 877 1718 creatione
905 1664 1140 1717 hominis
1171 1679 1293 1718 cum
1342 1667 1732 1735 concupiscen-

132 1752 202 1806 tia
250 1754 325 1807 ab
368 1764 594 1808 auctore
644 1765 848 1807 natura:
893 1756 1094 1809 inserta
1140 1754 1523 1825 'Pelagianismi
1566 1760 1731 1813 dubio

1848 568 2009 623 etiam
2040 568 2180 637 quod
2221 567 2597 622 litereticorum
2623 570 2915 624 recentium
2946 572 3116 625 errori
3143 587 3174 624 a
3198 574 3429 627 Triden-

1848 660 1974 713 tinis
2002 659 2252 713 Patribus
2280 658 2536 713 damnato
2558 654 2909 727 concineret;
2937 662 3007 716 illi
3036 663 3178 718 enim
3225 668 3431 720 mordi-

1846 764 1940 803 cus
1988 750 2254 803 sustinent
2300 751 2790 819 concupiscentiam
2838 768 2960 808 esse
3007 744 3331 827 peccatum,
3373 766 3432 811 ut

1848 850 1994 911 patet
2024 842 2164 910 apud
2192 843 2600 913 Bellarmiuum,
2628 848 2718 901 lib.
2746 863 2778 900 v
2798 848 2866 902 de
2896 848 3200 903 Amissione
3221 849 3428 917 gratiae,

1843 949 1963 999 cap.
1990 935 2046 1004 5,
2076 930 2134 989 in
2160 952 2267 1004 quo
2302 929 2488 992 errore
2522 929 2815 1007 propositio
2844 932 2911 991 55
2942 941 3049 993 llaii
3072 982 3088 1007 ,
3126 942 3266 1008 quod
3294 956 3428 996 con-

1844 1024 2227 1092 cupiscentiam
2254 1027 2460 1087 attinet,
2491 1027 2760 1095 fundatur,
2789 1045 2816 1082 a
2840 1032 2994 1101 cujus
3049 1042 3227 1086 tamen
3273 1032 3430 1085 dam-

1846 1123 1971 1168 nato
1999 1128 2161 1168 sensu
2195 1114 2353 1184 lengo
2384 1111 2667 1173 intervallo
2693 1118 2987 1185 distamus;
3043 1136 3149 1174 non
3177 1121 3318 1175 enim
3345 1120 3429 1174 di-

1842 1204 2014 1259 cimus
2061 1206 2225 1259 Deum
2280 1222 2382 1261 non
2431 1208 2668 1274 potuisse
2708 1210 2966 1265 condere“
2989 1213 3258 1266 hominem
3303 1228 3426 1267 cum

1840 1298 2275 1365 concupiscentia
2310 1299 2525 1366 rebelli,
2558 1300 2700 1368 quod
2732 1301 2817 1354 illa
2848 1303 2919 1354 sit
2972 1302 3272 1358 formaliter
3302 1319 3425 1373 pec-

1839 1398 2042 1452 catum,
2071 1389 2164 1443 sed
2187 1391 2313 1458 quia
2354 1390 2480 1445 licet
2511 1393 2624 1460 ipsa
2670 1403 2945 1461 peccatum
2982 1411 3086 1449 non
3112 1395 3203 1460 sit,
3228 1405 3311 1450 est
3340 1406 3424 1451 ta-

1836 1493 1960 1533 men
1990 1478 2056 1532 ad
2103 1489 2380 1547 peccatum
2437 1478 2741 1550 inclinans,
2780 1496 2831 1539 et
2875 1486 3091 1555 quidem
3132 1488 3426 1543 vehemem

1838 1569 1942 1623 tius
1973 1586 2134 1640 quam
2166 1572 2391 1641 quilibet
2419 1575 2557 1629 alius
2593 1578 3066 1632 habituswitiosus
3102 1580 3178 1631 ab
3210 1581 3426 1637 hemine

1833 1673 2160 1715 contractus.
2192 1662 2438 1719 Profecto
2470 1666 2637 1720 thesis
2667 1668 2752 1721 illa
2802 1669 2943 1734 Bnii,
2995 1651 3266 1725 hominem
3317 1689 3422 1728 non

1834 1753 2077 1821 potuisse
2107 1768 2136 1806 a
2165 1754 2276 1808 Deo
2306 1755 2526 1822 produci
2558 1757 2730 1825 qualis
2775 1758 2933 1811 modo
2965 1759 3223 1825 nascitur,
3269 1761 3420 1829 juxta

135 1844 323 1910 procul
352 1845 426 1897 de
454 1859 605 1898 more
634 1846 926 1912 incusaret,
958 1847 1152 1901 merito
1180 1847 1248 1901 ob
1278 1861 1560 1903 censuram
1591 1848 1734 1918 ejus-
1765 1845 1810 1903 Β
1837 1847 2069 1913 amplam
2102 1848 2344 1917 ejusdem
2390 1851 2793 1918 expressionem
2835 1866 2959 1905 vera
2989 1862 3070 1906 est
3096 1868 3109 1905 :
3133 1854 3249 1922 quis
3278 1856 3421 1909 enim

135 1934 254 1988 dem
289 1934 598 2001 propositio
623 1936 694 1987 uti
725 1936 1041 1991 scandalosa
1075 1938 1370 2007 proscripta
1399 1949 1501 1993 est.
1529 1940 1731 1995 Rursus

136 2027 185 2079 in
216 2026 359 2080 bulla
393 2027 512 2081 Baii
555 2028 953 2098 propositiones
988 2030 1258 2083 ‘dicuntur
1286 2031 1528 2085 damnari
1559 2048 1731 2100 respe-

137 2118 276 2181 ctive,
308 2132 530 2187 nempe,
560 2120 613 2172 in
640 2120 851 2188 proprio
878 2120 1147 2173 verborum
1174 2135 1327 2173 sensu
1356 2120 1421 2173 ab
1452 2123 1730 2174 assertori—

138 2208 225 2262 bus
253 2210 472 2262 intento.
508 2210 807 2279 l’r0positlo
834 2210 926 2265 illa
957 2210 1026 2263 55
1052 2210 1338 2264 damnatur
1359 2214 1634 2281 respective
1661 2214 1728 2268 ad

138 2300 558 2371 pr-positioneiu
583 2302 676 2368 ‘27,
699 2318 819 2372 quae
838 2300 925 2358 est
949 2319 964 2357 :
996 2321 1016 2354 ι
1050 2304 1329 2373 Integritas
1364 2306 1551 2372 prima:
1575 2320 1730 2361 crea-

141 2396 290 2451 tionis
318 2409 426 2449 non
462 2396 563 2449 fuit
614 2391 865 2451 indebita
897 2390 1144 2451 humanae
1198 2406 1401 2450 naturae
1429 2397 1685 2453 exaltatio
1706 2438 1722 2466 ,

139 2486 224 2539 sed
256 2486 525 2540 naturalis
554 2489 675 2555 ejus
699 2487 961 2541 conditio.
1000 2506 1019 2538 ι
1047 2487 1208 2554 Quasi
1237 2488 1501 2556 subjectio
1530 2503 1727 2543 concu-

145 2576 419 2644 piscentia}
455 2592 563 2629 non
600 2576 757 2630 fuerit
780 2593 845 2632 ex
876 2577 1020 2631 dono
1048 2576 1346 2645 Creatoris,
1389 2578 1481 2633 sed
1513 2593 1577 2633 ex
1608 2581 1724 2632 exi-

141 2667 307 2737 gentia
335 2669 573 2730 naturali
602 2668 848 2723 humana:
869 2670 1211 2732 substantiae,
1236 2679 1486 2737 tauquam
1515 2671 1728 2739 propria

142 2761 309 2828 passio
359 2759 638 2828 ejusdem,
689 2760 831 2829 quod
878 2760 1069 2815 falsum
1126 2771 1229 2817 est.
1276 2762 1409 2815 Nam
1455 2762 1570 2816 lucc
1615 2762 1724 2816 duo

143 2850 515 2921 distinguenda
546 2858 671 2904 sunt
696 2867 709 2903 :
734 2851 1182 2920 concupiscentia:
1218 2851 1605 2921 subjectionem
1631 2853 1728 2907 da-

146 2950 240 2994 tam
270 2943 451 3009 primo
502 2940 710 2997 homini
758 2958 821 2997 ex
866 2944 1134 3013 exigentia
1176 2945 1254 2999 rei
1281 2952 1501 3010 creatae,
1549 2945 1630 2999 vel
1662 2961 1725 3000 ex

146 3046 262 3097 pura
295 3040 418 3100 puta
448 3031 715 3085 decentia.
769 3028 1009 3084 Primum
1040 3032 1187 3086 enim
1217 3042 1468 3101 negatur,
1498 3033 1726 3087 alterum

148 3137 170 3177 ιι
196 3125 344 3180 nobis
372 3118 642 3179 asSeritur
667 3140 680 3189 ;
716 3134 769 3178 et
802 3124 903 3178 hoc
926 3133 1069 3191 patet
1099 3138 1170 3179 ex
1200 3125 1498 3193 Augustino
1520 3162 1536 3187 ,
1587 3125 1723 3178 scri-

1832 1936 2030 1989 dixerit
2063 1937 2227 1992 Deum
2260 1946 2416 2007 posse
2450 1940 2687 1995 condere
2729 1941 3002 1996 hominem
3040 1958 3160 1997 cum
3198 1953 3423 2012 peccato

1834 2028 2112 2095 originali,
2142 2043 2263 2083 cum
2301 2045 2410 2099 quo
2460 2032 2620 2085 modo
2668 2034 2942 2087 nasCitur?
2972 2033 3084 2089 Hoc
3130 2037 3273 2089 enim
3304 2044 3424 2089 erat

1834 2114 1965 2169 illud
1998 2117 2289 2173 absurdum
2317 2161 2333 2187 ,
2363 2121 2506 2190 quod
2560 2121 2829 2190 Pelagiani
2877 2107 3071 2176 contra
3094 2110 3422 2180 orthoduxos

1834 2209 2114 2278 urgebant,
2151 2210 2315 2265 Deum
2346 2226 2468 2267 esse
2517 2222 2795 2267 auctorem
2845 2212 3082 2282 peccati,
3114 2216 3157 2267 si
3188 2228 3252 2269 eo
3285 2216 3417 2269 infe-

1830 2312 1946 2357 ctus
1976 2301 2137 2357 homo
2159 2304 2496 2358 nascebatur.
2528 2305 2593 2358 Et
2612 2305 2827 2375 quidem
2854 2307 3108 2360 Martinus
3135 2307 3201 2361 de
3227 2307 3422 2377 Espar—

1829 2407 1914 2458 za,
1949 2392 2175 2461 insignis
2205 2403 2403 2448 nostrae
2444 2394 2619 2449 astatis
2683 2395 2984 2466 theologus,
3033 2406 3221 2464 qtuest.
3262 2398 3324 2449 l0
3353 2398 3422 2453 de

1827 2484 2031 2550 Gratia,
2059 2482 2426 2542 hicc‘scr'ibit':
2462 2494 2479 2539 ι
2517 2487 2958 2558 Concupisceutia
2993 2500 3113 2560 post
3144 2499 3419 2560 peccatum

1828 2577 1900 2631 ita
1929 2586 2012 2631 est
2039 2578 2211 2632 soluta
2242 2589 2297 2633 ιιι
2329 2590 2517 2649 regnet
2543 2581 2594 2634 in
2623 2595 2786 2636 carne
2815 2583 3053 2650 peccati,
3086 2566 3185 2637 hoc
3211 2585 3292 2636 c'st
3319 2584 3420 2637 ob-

1831 2668 1993 2719 liueat
2027 2668 2443 2735 pratdominium
2478 2671 2748 2725 adversus
2778 2674 3071 2734 rationem,
3104 2674 3421 2740 prmponde-

1829 2768 1984 2812 rante
2005 2761 2120 2824 ejus
2154 2759 2497 2814 inclinatiOne
2522 2763 2573 2814 in
2596 2762 2814 2827 malum,
2845 2770 3004 2829 atque
3032 2764 3084 2816 in
3110 2766 3397 2831 perniciem

1831 2860 1884 2905 et
1914 2850 2314 2904 damnationem
2350 2837 2585 2905 hominis
2619 2850 2958 2906 inclinationi-
2993 2855 3217 2909 rationis
3252 2870 3414 2924 supe-

1829 2941 1991 2995 rioris
2020 2941 2072 2994 in
2103 2940 2301 2995 bonum
2348 2940 2634 2995 honestum
2662 2951 2821 3012 atque
2842 2943 2893 2997 in
2923 2944 3173 3008 salutem,
3217 2954 3270 2998 et
3299 2946 3421 2999 ulti-

1829 3048 1970 3086 tnatn
2006 3032 2318 3088 felicitate‘n
2351 3032 2593 3101 ejusdem
2626 3033 2876 3087 hominis.
2924 3036 3018 3098 Qu:
3040 3034 3074 3088 d
3106 3045 3311 3088 tantum
3357 3036 3441 3090 ac‘

1831 3134 1937 3178 tam
1967 3124 2170 3193 grande
2199 3124 2396 3177 malum
2426 3125 2786 3191 occupationis
2810 3126 2956 3194 regni
2991 3140 3083 3194 per
3105 3136 3223 3194 part
3243 3140 3308 3177 ·ιιι
3339 3126 3421 3178 in-

144 3216 287 3270 heute
316 3217 412 3271 lib.
445 3231 513 3269 ιιι
542 3228 725 3270 contra
751 3214 1042 3281 Julianum,
1089 3229 1210 3286 cap.
1250 3216 1307 3268 ll
1342 3233 1354 3268 :
1390 3233 1409 3267 ι
1450 3216 1503 3269 ln
1534 3224 1720 3270 natura
1753 3202 1799 3263 Ο
1831 3216 2089 3272 feriorem
2133 3216 2394 3271 adversus
2444 3229 2650 3286 partem
2702 3222 3033 3286 sujeriorem
3086 3233 3419 3284 nequaquam

145 3306 363 3364 hominis
401 3318 539 3364 ante
574 3317 862 3378 peccatum
914 3322 1100 3378 pacem
1147 3308 1375 3364 decebat
1421 3322 1541 3364 esse
1564 3351 1580 3376 ,
1614 3325 1720 3364 non

149 3398 354 3454 bellum.
394 3418 412 3451 ι
457 3399 592 3455 Scio
621 3400 893 3464 eumdem,
941 3400 1030 3453 lib.
1064 3415 1100 3453 ιι
1126 3399 1195 3454 de
1234 3408 1580 3469 peccatorum
1610 3400 1750 3455 Mc-~

154 3490 262 3544 ritis
285 3499 339 3545 et
367 3491 709 3556 remissione,
739 3505 859 3561 cap.
899 3490 993 3559 22,
1026 3490 1144 3546 hanc
1170 3491 1411 3546 scribere
1435 3490 1503 3545 de
1540 3492 1747 3560 primis

157 3585 493 3650 parentibus:
527 3602 551 3637 ι
605 3585 866 3651 Quamvis
912 3598 1110 3653 corpus
1150 3584 1381 3638 animale
1418 3592 1723 3651 gestarent,

161 3675 282 3729 nihil
309 3678 376 3730 ini
400 3677 633 3731 bediens
665 3678 717 3731 in
749 3675 838 3729 illo
864 3675 1149 3729 adversum
1178 3689 1237 3729 se
1280 3674 1485 3728 moveri
1526 3674 1729 3727 sentie-

154 3764 288 3819 bant.
318 3759 576 3823 Faciebat
626 3767 821 3837 quippe
865 3770 967 3821 hoc
1007 3781 1146 3821 οιιυο
1190 3781 1445 3821 wsnru:
1472 3805 1487 3831 ,
1521 3776 1579 3819 ut
1604 3764 1729 3834 quia

156 3868 327 3910 eorum
358 3860 537 3912 anima
574 3856 831 3911 famulum
856 3870 1053 3925 corpus
1082 3872 1112 3910 a
1147 3856 1373 3911 Domino
1404 3862 1726 3926 acceperat,

156 3943 278 4001 sicut
325 3950 438 4018 ipsa
469 3949 654 4005 eidem
708 3948 934 4003 Domino
975 3962 1095 4015 suo,
1142 3949 1211 4002 ita
1256 3946 1331 4002 illi
1378 3962 1575 4017 corpus
1613 3945 1731 4015 ejus

158 4033 386 4093 obediret
428 4049 598 4110 atque
619 4037 897 4093 exhiberet
920 4040 1047 4093 vitae
1072 4038 1144 4093 illi
1167 4053 1461 4108 congruum
1485 4037 1601 4093 sine
1625 4038 1732 4093 ulla

161 4134 451 4190 resistentia
485 4133 834 4191 famulatum.
868 4151 888 4184 ι
940 4133 1041 4188 Ubi
1089 4132 1310 4187 nomine
1353 4131 1576 4200 justitite
1626 4146 1731 4185 non

162 4222 444 4291 rigorosum
519 4225 766 4280 debitum
816 4226 869 4279 in
930 4216 1119 4278 natura
1177 4223 1407 4277 humana
1458 4221 1731 4276 fundatum

163 4310 424 4385 intellexit,
476 4316 579 4374 sed
630 4332 695 4371 ex
729 4315 976 4370 decentia
1019 4315 1190 4369 solius
1218 4302 1488 4369 Creatoris
1517 4314 1743 4368 derivo;

164 4413 281 4458 tum.
304 4407 512 4465 Rursus
532 4408 813 4463 sciendum
838 4416 919 4461 est
936 4405 1145 4475 aliquas
1168 4405 1564 4474 propositiones
1576 4405 1738 4473 aequi-

166 4508 308 4554 vocas
337 4504 491 4558 modo
521 4500 592 4556 ab
625 4498 861 4555 Ecclesia
887 4499 1069 4568 rejici,
1106 4498 1266 4552 modo
1286 4496 1596 4566 approbari.
1620 4497 1734 4552 Hoc

1826 3307 2086 3363 adfuisset
2119 3307 2173 3362 in
2213 3297 2389 3362 'statu'
2418 3303 2567 3377 pura:
2606 3296 2841 3364 naturas.
2868 3306 2900 3362 ἰ
2932 3297 3109 3376 Quare
3141 3324 3206 3363 ex
3258 3310 3417 3377 hujus

1827 3402 2105 3470 scriptoris“
2136 3402 2411 3456 sententia
2437 3418 2540 3456 non
2575 3403 2745 3471 potuit
2786 3403 2943 3457 condi
2979 3403 3144 3456 homo
3166 3418 3194 3454 a
3228 3403 3336 3456 Deo
3364 3403 3419 3456 in

1827 3498 1970 3543 statu
1998 3500 2201 3544 natura:
2244 3507 2392 3559 pura:
2421 3505 2543 3545 cum
2589 3492 3023 3557 concupiscentia
3056 3492 3249 3544 rationi
3282 3507 3418 3559 prte-

1829 3581 2139 3634 dominante
2170 3590 2332 3649 atque
2364 3582 2416 3633 in
2463 3580 2708 3633 eamdem
2740 3580 2849 3632 vim
2878 3581 3228 3649 legislativatn
3263 3595 3422 3633 exer-

1829 3680 2021 3737 cente,
2066 3683 2125 3724 ut
2173 3670 2368 3724 ibidem
2408 3671 2475 3723 ad
2520 3676 2730 3723 sextum
2776 3671 3035 3738 loquitur,
3068 3683 3189 3722 cum
3233 3679 3411 3723 tamen

1833 3760 1995 3815 homo
2023 3760 2092 3814 de
2119 3759 2263 3813 facto
2291 3759 2379 3813 tati
2427 3759 2879 3828 concupiscentiae
2922 3758 3196 3826 subjectus
3226 3774 3421 3813 nasca-

1832 3863 1939 3910 tur.
1974 3846 2240 3907 llactenus
2266 3850 2334 3906 de
2363 3865 2522 3906 sensu
2553 3849 2697 3905 illius
2742 3848 2813 3902 55
2837 3850 3215 3919 propositionis
3245 3849 3378 3903 Baii.

1902 3945 2079 4012 Qumri
2114 3952 2286 4013 potest
2308 3957 2374 3996 an
2399 3949 2617 3996 sanctus
2640 3941 2831 3995 doctor
2860 3940 3137 3994 adm'serit
3165 3950 3219 3994 ut
3247 3942 3420 4010 possi-

1833 4036 1995 4092 bilem
2024 4034 2509 4103 concupiscentiam
2542 4033 2737 4088 rationi
2766 4032 3058 4101 subjectum
3078 4073 3093 4097 ,
3122 4034 3191 4086 ita
3220 4042 3277 4087 ut
3308 4048 3417 4087 non

1834 4126 2126 4183 secundum
2151 4141 2241 4191 se,
2275 4126 2369 4179 sed
2386 4122 2679 4180 secundum
2705 4123 3115 4192 praedominium
3144 4139 3302 4192 supra
3334 4138 3421 4177 ra-

1836 4219 2034 4272 tionem
2078 4215 2324 4272 eamdem
2373 4213 2713 4268 Soluntmodo
2764 4213 2937 4283 primo
2991 4214 3189 4267 homini
3237 4216 3287 4267 in
3332 4213 3418 4268 sui

1835 4302 2142 4365 conditione
2196 4306 2358 4361 inseri
2431 4306 2667 4374 potuisse
2733 4304 3026 4374 negaverit.
3096 4303 3419 4371 RespOadeo

1835 4400 2191 4470 Augustinum
2231 4396 2468 4452 sensisse
2496 4388 2982 4464 concupiscentiam
3012 4391 3310 4446 secundum
3352 4406 3414 4444 se

1836 4509 1956 4548 esse
1986 4492 2168 4547 vitium
2190 4533 2205 4557 ,
2234 4498 2289 4545 et
2333 4502 2461 4543 non'
2486 4488 2661 4543 solum
2691 4502 2812 4543 esse
2852 4487 3118 4540 vitiatam.
3157 4483 3230 4537 lta
3271 4482 3418 4537 illam

168 4591 475 4647 Ostendimus
504 4591 603 4646 lib.
635 4605 669 4643 ιι
702 4590 838 4643 llist.
875 4562 1080 4658 Pelag,
1108 4601 1225 4656 cap.
1256 4562 1446 4653 20','de
1474 4587 1563 4641 illa
1609 4602 1731 4655 πιο-
1759 4565 1812 4624 Ῑ)
1840 4583 2204 4655 pronuntiavit
2230 4570 2440 4646 vitium,
2481 4580 2616 4649 quod
2646 4595 2749 4633 non
2778 4587 2853 4632 est
2903 4562 3149 4639 ex'Deo',
3176 4573 3269 4627 lib.
3301 4588 3318 4625 ι
3355 4572 3424 4627 de

171 4680 447 4742 positione:
495 4700 516 4734 ι
561 4680 709 4737 Unus
754 4695 785 4734 e
828 4680 1089 4733 Trinitate
1139 4692 1325 4747 passus
1353 4685 1457 4746 est,
1507 4694 1528 4729 ι
1568 4690 1728 4747 quam

172 4768 459 4829 llormisdas
486 4774 701 4843 rejecit,
731 4781 787 4827 at
817 4772 1052 4827 Joannes
1079 4769 1142 4836 ll,
1177 4769 1401 4840 Vigilius
1459 4783 1523 4823 ac
1568 4784 1733 4839 syno-

174 4861 260 4916 dus
283 4881 331 4931 v,
361 4870 432 4921 uti
460 4866 799 4929 Catholicam
830 4863 1209 4918 deiiuiverunt.
1248 4861 1452 4915 Etenim
1486 4861 1539 4914 in
1569 4876 1733 4915 sensu

178 4954 607 5026 Eutychiauorunt
643 4960 894 5012 damnata
924 4956 1042 5020 fuit,
1085 4954 1235 5022 quasi
1263 4952 1494 5007 Verbum
1543 4954 1593 5006 iu
1639 4968 1735 5006 na-

179 5050 281 5099 tura
304 5050 473 5104 divina
502 5064 718 5121 passum
748 5048 1017 5102 diceretur
1045 5063 1059 5111 ;
1093 5053 1148 5100 et
1192 5044 1315 5097 licet
1354 5044 1441 5096 alii
1471 5044 1733 5098 adderent

182 5152 361 5192 nassum
398 5158 568 5209 carne,
602 5150 833 5196 attamen
859 5154 978 5192 cum
1025 5138 1095 5191 ob
1123 5136 1436 5190 afﬁnitatem
1468 5151 1587 5189 cum
1616 5140 1752 5190 ἤιε-⁵

184 5229 273 5278 resi
304 5228 601 5300 Eutychetis
626 5240 870 5298 suspecta
903 5238 1066 5292 esset,
1092 5225 1215 5295 jure
1237 5234 1454 5279 sanctus
1484 5225 1734 5280 llormis«

183 5313 266 5369 das
316 5322 552 5378 eamdem
600 5312 896 5392 approbare
964 5318 1246 5374 recusavit.
1285 5318 1442 5371 Baius
1488 5317 1733 5387 proposi-

189 5406 316 5462 tione
341 5410 405 5464 74
432 5413 544 5470 haec
569 5413 854 5469 tradidisse
883 5401 1077 5465 dicitur
1101 5420 1129 5465 :'
1155 5428 1174 5461 ι
1211 5410 1655 5478 Concupiscentia
1682 5412 1732 5461 in

188 5504 368 5558 renatis
395 5508 613 5578 relapsis
640 5509 692 5561 in
726 5513 1003 5575 peccatum
1039 5505 1283 5567 mortale,
1316 5504 1368 5557 in
1406 5501 1600 5570 quibus
1623 5501 1734 5570 jam

189 5588 485 5667 dominatur,
514 5610 793 5671 peccatum
842 5607 942 5653 est.
978 5616 996 5648 ι
1023 5597 1173 5663 Quod
1222 5595 1566 5650 falsissimum
1612 5602 1734 5660 est,

184 5692 427 5751 nunquam
449 5693 595 5747 enim
619 5692 849 5761 ipsatnet
869 5687 1306 5756 concupiscentia
1328 5694 1410 5739 est
1438 5692 1735 5753 peccatum,

186 5777 238 5822 ut
260 5790 323 5828 ex
348 5776 656 5842 Tridentina
686 5782 895 5854 synodo
944 5789 1176 5838 constat.
1223 5778 1400 5846 Quare
1442 5776 1737 5845 propositio

1840 4675 2047 4747 Nuptiis
2068 4683 2122 4729 et
2141 4687 2396 4743 concup.,
2429 4686 2548 4742 cap.
2579 4670 2672 4725 9.5.
2702 4669 2849 4724 Idem
2880 4666 3045 4720 habet
3066 4664 3160 4718 lib.
3195 4679 3269 4727 ιι,
3299 4677 3421 4733 cap.

1840 4766 1931 4835 53,
1963 4778 2017 4823 et
2057 4768 2255 4837 passim
2295 4775 2477 4821 contra
2510 4748 2845 4830 Pelagianos.
2895 4758 3145 4811 Attamen
3175 4754 3279 4810 hoc
3318 4754 3420 4810 sibi

1841 4862 2089 4916 sut‘ticere
2133 4859 2384 4923 dicebat,
2441 4857 2485 4911 si
2534 4851 2770 4909 haeretici
2818 4847 3011 4902 saltem
3059 4845 3423 4901 concederent

1843 4953 2085 5007 eamdem
2118 4965 2239 5005 esse
2263 4949 2501 5001 vitiatam
2528 4985 2544 5011 ,
2586 4942 2712 4995 inde
2738 4939 2881 4994 enim
2913 4938 3120 5007 peceati
3146 4939 3426 5008 originalis

1842 5044 2033 5097 vulnus
2061 5042 2240 5094 statim
2267 5036 2579 5105 apparebat.
2609 5031 2809 5088 Scribit
2836 5037 3054 5085 sanctus
3080 5030 3269 5088 doctor
3291 5045 3424 5085 con-

1842 5143 1920 5188 tra
1950 5132 2219 5187 Julianum
2254 5127 2349 5182 lib.
2382 5142 2440 5187 ιι,
2468 5125 2709 5193 proxime
2734 5114 2949 5177 laudato
2974 5137 3093 5192 cap.
3124 5124 3222 5178 ult.
3260 5140 3272 5175 :
3309 5139 3331 5173 ι
3358 5123 3423 5175 Ει

1839 5228 1883 5282 si
1916 5240 2020 5279 non
2066 5222 2182 5276 vult
2223 5221 2519 5274 concedere
2562 5218 2749 5271 vitium
2788 5230 2910 5271 esse
2938 5215 3252 5278 libidinem,
3284 5214 3433 5265 dicat

1840 5292 2032 5374 saltem
2078 5329 2174 5385 per
2217 5314 2431 5367 illorum
2479 5311 2752 5365 hominum
2793 5306 3215 5364 inobedientiam
3261 5303 3424 5356 etiam

1841 5412 2012 5481 ipsum
2042 5409 2226 5463 vitium
2274 5418 2395 5461 esse
2442 5403 2621 5458 carnis
2658 5392 3185 5471 concupiscentiam,
3231 5402 3287 5446 ut
3335 5392 3425 5447 illa

1840 5516 1960 5571 qua:
1990 5498 2301 5554 obedientcr
2326 5504 2380 5551 et
2406 5482 2652 5551 ordinate
2675 5483 3009 5554 moveretur,
3040 5502 3182 5541 nunc
3230 5482 3420 5538 inobe-

1841 5595 2048 5648 dienter
2070 5590 2476 5659 inordinateque
2496 5573 2796 5652 moveatur,
2828 5604 2846 5636 ι
2874 5592 2977 5637 etc.
3007 5582 3073 5634 Et
3101 5579 3193 5634 lib.
3218 5594 3272 5645 v,
3297 5590 3425 5632 con-

1845 5694 1924 5737 tra
1953 5683 2223 5743 lulianum
2242 5710 2263 5750 ,ι
2286 5694 2405 5748 cap.
2437 5692 2471 5731 v
2490 5719 2505 5745 ,
2533 5676 2605 5731 ait
2635 5694 2649 5729 :
2689 5694 2706 5727 ι
2736 5673 2841 5730 Sed
2871 5671 3014 5738 quod
3065 5667 3201 5724 dicis
3220 5710 3234 5735 ,
3264 5668 3424 5723 etiam

1842 5772 2094 5846 genitalia
2124 5773 2329 5830 servire
2348 5768 2512 5827 animi
2542 5766 2790 5838 imperio,
2822 5777 3020 5822 novam
3044 5760 3329 5834 quamdam
3362 5760 3422 5814 li~
