3892 6366
419 383 520 435 ὓΙὸ

1314 364 1873 426 SUPPLEMENTUM
1918 366 2006 421 AD
2047 361 2275 419 OPEllA
2316 360 2371 417 S.
2422 356 2807 414 AUCUSTINI.

3605 347 3723 403 6l6

420 492 657 548 ltidinem
690 491 857 553 dicis,
891 496 985 541 aut
1033 486 1169 539 forte
1199 485 1357 537 nimis
1404 482 1675 549 antiquam
1699 522 1712 543 ,
1749 481 1919 549 qualis
1957 487 2010 534 ct
2041 484 2089 540 Α
2120 477 2200 529 vel
2253 476 2427 545 potius
2468 475 2547 527 vis
2600 472 2772 541 putari
2799 498 2831 536 ,-
2865 470 2953 524 ubi
2996 469 3098 524 hoc
3139 469 3374 524 Joannes
3422 467 3723 536 apostolus

420 586 474 635 in
510 584 759 653 paradiso
802 598 921 638 esse
952 584 1246 651 potuisset,
1277 581 1321 633 si
1354 593 1513 633 nemo
1545 587 1839 645 peccasset.
1876 595 1896 627 ι
1945 576 2013 631 Et

422 675 513 730 lib.
546 690 581 728 ιι
619 674 808 741 Operis
841 671 1079 739 imperl'.,
1108 686 1228 739 cap.
1266 670 1390 733 12-2,
1424 668 1610 721 scribit
1637 668 1704 722 de
1724 665 2008 732 concupis-

421 766 636 819 t'etllitl:
671 784 687 815 ‹
716 765 819 817 Aut
861 777 989 831 ergo
1040 762 1181 814 nulla
1226 759 1300 813 ibi
1348 768 1494 825 erat,
1542 768 1632 814 aut
1680 758 2009 812 voluntatem

422 859 617 912 mentis
667 871 764 910 nec
799 854 1177 924 praecedebat,
1211 867 1309 908 nec
1335 853 1649 907 excedebat.
1682 870 1699 903 ι
1738 851 1878 905 Idem
1922 866 2012 903 re-

426 950 557 1013 petit
588 948 924 1015 lib.,tv,,cap.
953 944 1020 997 £36
1042 984 1057 1007 ,
1089 951 1144 998 et
1176 943 1269 999 lib.
1299 959 1349 997 tv
1381 943 1572 1012 prioris
1595 943 1793 1011 operis,
1826 955 1942 1008 cap.
1977 941 2011 995 5

425 1048 478 1091 ct
510 1037 593 1090 14.
628 1037 896 1091 Czetert‘tm
951 1044 1139 1089 sancto
1183 1036 1386 1089 doctori
1438 1044 1692 1089 constans
1743 1033 2012 1088 sententia

425 1134 605 1192 stetit,
638 1129 836 1181 nullam
870 1127 1032 1180 fuisse
1077 1127 1569 1195 concupiscentiam
1612 1125 1664 1179 in
1710 1126 1882 1193 primo
1912 1125 2009 1176 ho-

426 1222 571 1272 mine
601 1228 728 1272 ante
771 1226 1045 1286 peccatum
1078 1234 1180 1271 non
1210 1219 1369 1272 modo
1399 1218 1691 1272 secundum
1728 1218 1871 1271 illam
1904 1217 2010 1270 vim

428 1309 763 1377 tyrannicam
805 1322 969 1374 supra
1019 1310 1311 1373 rationem,
1348 1309 1441 1363 sed
1475 1324 1571 1363 nec
1601 1309 1761 1362 ullam
1790 1309 2013 1360 omnino

431 1400 557 1453 licet
602 1396 798 1452 rationi
842 1399 943 1466 ipsi
968 1399 1287 1467 subjectam.
1322 1399 1585 1453 Probatur
1616 1399 1718 1452 hoc
1744 1414 1808 1452 es
1843 1399 1933 1453 lib.
1961 1414 2013 1450 tv

424 1499 609 1542 contra
638 1488 933 1548 Julianum.
962 1502 1081 1555 cap.
1116 1490 1175 1541 ll
1202 1528 1215 1550 ,
1255 1487 1345 1541 ubi
1372 1488 1447 1540 ait
1477 1504 1490 1541 :
1528 1506 1545 1538 ι
1586 1488 1717 1553 Quis
1748 1488 1893 1541 cnim
1918 1501 2015 1540 ne-

425 1592 512 1648 gat
541 1580 771 1634 futurum
829 1580 996 1635 fuisse
1043 1579 1425 1643 concubitum,
1479 1579 1687 1633 etiamsi
1740 1586 2012 1644 pt‘tCztlttm

427 1686 534 1725 non
586 1672 999 1740 prmcessisset?
1050 1672 1146 1725 sed
1196 1672 1405 1725 futurus
1452 1669 1653 1735 fuerat,
1708 1668 1845 1723 sicut
1896 1668 2015 1722 aliis

426 1763 702 1827 membris,
732 1763 802 1816 ita
828 1763 987 1817 etiam
1022 1764 1345 1831 genitalibus
1384 1765 1654 1818 voluntate
1685 1764 1875 1825 motis,
1907 1777 2011 1816 non

2115 569 2277 631 dixit,
2326 566 2818 634 concupiscentiam
2852 562 3027 618 carnis
3058 562 3283 630 positam
3325 574 3424 629 pro
3468 559 3720 613 luxuria.

2115 658 2344 712 Prorsus
2367 658 2411 711 si
2435 671 2539 710 non
2567 666 2648 710 est
2673 670 2704 707 a
2736 656 2893 709 Patre
2922 654 3129 708 luxuria
3151 693 3166 720 ,
3192 666 3290 706 nec
3313 652 3403 706 illa
3428 660 3515 707 est
3542 666 3571 706 a
3606 651 3721 705 Pa-

2115 762 2194 807 tre
2218 794 2233 819 ,
2256 754 2340 809 cui
2368 754 2411 806 si
2442 756 2839 816 consentiatur,
2863 752 3100 819 concipit
3130 751 3372 821 paritque
3412 751 3716 806 luxuriam.

2115 845 2244 900 Nam
2266 848 2497 901 motibus
2520 846 2633 899 suis
2660 844 2991 913 quibuslibet
3037 845 3284 900 obtinere
3307 845 3434 915 quid
3453 854 3718 905 conatur.

2114 953 2294 1008 qutcso
2318 981 2333 1004 ,
2376 938 2474 992 nisi
2508 938 2575 992 ad
2607 938 2871 992 luxuriam
2899 938 3219 1007 pervenire?
3249 938 3529 1004 Quomodo
3574 953 3722 1005 ergo

2115 1040 2199 1086 est
2222 1032 2443 1092 bonum,
2469 1046 2588 1100 qua:
2620 1030 2897 1099 pervenire
2924 1040 3151 1085 conatur
3175 1030 3245 1084 ad
3289 1030 3525 1084 malum?
3551 1030 3720 1097 Quo-

2118 1122 2277 1175 modo
2299 1130 2382 1175 est
2411 1130 2654 1175 nostrum
2698 1122 2893 1174 bonum
2913 1161 2929 1187 ,
2962 1134 3080 1189 qua:
3107 1134 3205 1175 nos
3233 1120 3302 1173 ad
3328 1120 3526 1174 malum
3553 1135 3718 1175 com-

2118 1215 2299 1282 pellit?
2328 1232 2347 1266 ι
2386 1214 2525 1284 Lege
2556 1213 2776 1267 ibidem.

2120 1348 2146 1417 ξ
2184 1347 2269 1401 Ill.
2316 1346 2500 1400 Utrum
2523 1358 2728 1399 sanctus
2765 1345 3079 1414 Augustinus
3115 1346 3382 1399 excesserit
3406 1385 3420 1409 ,
3451 1347 3714 1399 deducens

2189 1422 2376 1485 peccati
2448 1417 2713 1485 originalis
2769 1427 2965 1469 reatum
3025 1432 3085 1469 ea:
3135 1417 3422 1470 innumeris
3472 1419 3716 1470 nutriat-ur:
3796 1439 3803 1447 ο

2187 1494 2301 1542 vita:
2343 1489 2580 1569 miseriis.
2612 1485 2823 1567 Insigne
2862 1486 2931 1540 D.
2962 1485 3173 1540 Thomas
3205 1503 3298 1555 pro
3323 1490 3713 1558 Augustiniana

2190 1568 2438 1612 sententia
2469 1568 2838 1615 testimonium.

2184 1671 2358 1740 Pergo
2384 1670 2449 1726 ad
2475 1669 2704 1725 alterum
2736 1670 2907 1724 sancti
2929 1668 3212 1738 Augustini
3252 1682 3561 1725 excessum.
3610 1670 3713 1724 Et-

2117 1763 2399 1829 enimille,
2428 1777 2533 1832 quo
2562 1762 2873 1830 Pelagianos
2914 1762 3238 1825 coiifutaret,
3292 1774 3404 1813 non
3451 1761 3625 1814 solum
3676 1776 3711 1814 e

427 1855 649 1909 libidine
684 1854 1004 1919 concitatis;
1038 1864 1128 1908 aut
1155 1865 1306 1910 certe
1337 1856 1497 1911 etiam
1530 1855 1641 1924 ipsa
1674 1852 1926 1917 libidine,
1960 1862 2017 1906 ut
2055 1870 2098 1928 Β
2123 1856 2289 1912 sacris
2313 1854 2526 1909 arcanis
2562 1855 2874 1908 testimonia
2923 1852 3134 1921 petivit,
3164 1852 3257 1906 sed
3284 1860 3342 1904 ut
3380 1858 3499 1905 erat
3527 1851 3713 1905 subtili

428 1961 532 2001 non
573 1961 671 1999 nos
714 1946 781 2000 de
824 1946 914 1999 illa
954 1946 1179 1999 nimium
1227 1947 1613 2000 contristemus
1638 1986 1653 2007 ,
1685 1960 1789 1999 non
1840 1944 2012 2013 qualis

436 2053 579 2092 nunc
610 2047 721 2101 est,
753 2039 846 2090 sed
876 2038 939 2090 ad
976 2048 1160 2091 nutum
1194 2038 1486 2092 voluntatis
1507 2037 1797 2092 serviente.
1825 2054 1844 2087 ι
1874 2035 2014 2105 Lege

429 2144 549 2193 cap.
588 2128 671 2181 li.
704 2129 767 2181 Et
799 2128 888 2182 lib.
920 2143 970 2192 v,
1006 2142 1123 2193 cap.
1157 2129 1217 2192 7,
1254 2129 1336 2181 his
1368 2127 1711 2182 adversarios
1760 2126 2009 2181 vellicat:

432 2236 449 2267 ι
485 2218 588 2273 Sed
619 2232 745 2272 ecce
776 2234 878 2270 non
911 2218 1185 2272 vobiscum
1236 2223 1300 2272 de
1334 2217 1571 2271 libidinis
1600 2216 1839 2271 absentia
1875 2231 2013 2283 prte-

429 2312 668 2363 sentiave
685 2308 1084 2373 contendimua,
1117 2323 1217 2362 nec
1240 2309 1610 2373 dilectionem,
1633 2322 1791 2375 quam
1818 2306 2013 2361 debere

429 2414 526 2454 vos
555 2402 602 2453 ei
633 2400 873 2454 videmus
894 2440 908 2465 ,
940 2400 1264 2454 offendimus
1290 2438 1305 2461 ,
1353 2399 1542 2454 saltem
1593 2399 1760 2465 ipsam
1802 2398 2013 2451 subdite

429 2490 716 2543 voluntatis
761 2489 984 2557 imperio
1032 2489 1083 2541 in
1130 2488 1226 2542 illo
1281 2488 1548 2542 felicitatis
1580 2488 1718 2541 loco.
1761 2507 1779 2537 ι
1814 2488 1884 2541 De
1917 2488 2014 2541 hac

430 2580 547 2647 ipsa
591 2598 648 2636 re
695 2582 805 2650 agit
852 2592 1071 2636 sanctus
1122 2582 1312 2647 doctor
1344 2581 1441 2635 lib.
1471 2596 1487 2634 ι
1515 2581 1580 2634 ad
1639 2580 1965 2633 Bonil'acium
1993 2624 2008 2645 ,

431 2689 549 2741 cap.
618 2675 677 2727 l7
720 2674 809 2726 ubi
854 2683 1085 2743 quatuor
1132 2673 1321 2728 modos
1367 2672 1601 2741 assignat
1640 2671 1835 2740 quibus
1885 2687 2041 2739 nupr

435 2763 632 2818 tiarum
693 2764 995 2819 fecunditas
1050 2764 1230 2835 perfici
1289 2765 1593 2833 potuisset,
1645 2780 1873 2833 quorum
1913 2764 2017 2819 duo

431 2856 692 2923 postremi
746 2864 871 2911 sunt
917 2872 930 2908 :
993 2875 1010 2906 ι
1060 2858 1168 2911 Aut
1227 2866 1352 2911 tunc
1416 2854 1486 2909 ad
1540 2864 1725 2909 nutum
1776 2856 2017 2909 volunta-

432 2948 500 3003 tis
558 2948 720 3003 libido
781 2960 1171 3017 consurgeret,
1231 2949 1445 3018 quando
1501 2963 1621 3003 esse
1673 2948 2014 3002 concubitum

433 3039 796 3093 necessarium
825 3051 971 3093 casm
1005 3040 1253 3105 pudentia
1293 3039 1661 3106 praesensisset
1690 3054 1703 3101 ;
1750 3047 1843 3091 aut
1873 3038 2019 3090 nulla

435 3132 654 3183 omnino
672 3128 1033 3183 existenteibi
1058 3129 1297 3191 libidine,
1321 3139 1377 3181 ut
1401 3142 1595 3182 cmtera
1624 3127 1865 3181 membra
1887 3143 2020 3195 quac-

2125 1962 2187 2003 ac
2208 1956 2455 2016 prompto
2478 1944 2711 2014 ingenio,
2737 1944 3034 1999 rationibus
3058 1944 3226 1997 etiam
3250 1942 3479 1995 naturali
3502 1941 3711 1996 lumine

2118 2039 2417 2093 manifestis
2446 2051 2575 2091 usus
2604 2045 2708 2091 est.
2740 2040 2885 2089 lnter
2914 2045 3107 2089 cmtera
3130 2042 3448 2103 argumenta
3477 2032 3711 2087 celeber-

2118 2130 2312 2184 rimum
2338 2129 2540 2182 invenit
2563 2142 2788 2196 magnus
2814 2126 3025 2189 doctor,
3052 2140 3159 2194 quo
3182 2134 3463 2192 peccatum
3488 2124 3713 2193 originis

2118 2218 2497 2287 persuaderet,
2534 2216 2806 2272 deducens
2855 2210 3047 2282 nempe
3092 2213 3224 2267 illud
3257 2213 3325 2269 ab
3354 2214 3579 2269 infinitis
3610 2214 3711 2268 lm-

2118 2324 2291 2365 manae
2319 2310 2440 2364 vitae
2465 2309 2716 2364 miseriis.
2754 2308 2827 2361 lta
2858 2305 3136 2376 appellans
3167 2304 3313 2360 illam
3345 2304 3709 2359 Ecclesiastici

2116 2404 2439 2461 sententiam
2470 2418 2591 2472 cap.
2623 2419 2693 2458 ιι.
2715 2443 2731 2469 ,
2755 2401 2907 2457 initio
2941 2419 2954 2455 :
2986 2399 3182 2472 Iugum
3210 2415 3361 2470 grave
3388 2415 3546 2467 super
3574 2400 3711 2468 ﬁlios

2118 2498 2286 2549 Adam
2312 2514 2342 2551 a
2372 2497 2456 2549 die
2477 2498 2642 2550 exitus
2670 2495 2733 2549 de
2762 2503 2935 2549 ventre
2974 2494 3159 2548 matris
3200 2509 3376 2548 eorum
3395 2532 3411 2558 ,
3456 2493 3712 2562 arguebat

2116 2590 2179 2641 ad
2214 2588 2530 2643 salvaudant
2574 2589 2669 2642 Dei
2699 2588 2957 2657 justitiam
3000 2586 3218 2656 aliquod
3265 2588 3319 2640 in
3369 2585 3712 2642 nascentibus

2119 2679 2321 2731 crimen
2352 2679 2702 2732 asserendum
2739 2691 2891 2740 esse,
2923 2690 2992 2730 ne
3044 2684 3123 2730 tot
3159 2673 3394 2730 miseriis
3424 2675 3605 2743 puniri
3636 2676 3712 2728 in-

2124 2769 2267 2822 noxii
2310 2768 2682 2823 crederentur.
2721 2768 2834 2823 lloc
2886 2776 3254 2837 argumentum
3289 2765 3486 2833 ubique
3526 2767 3579 2821 in
3609 2766 3715 2822 Au-

2120 2860 2316 2929 gustini
2349 2875 2456 2913 non
2485 2860 2660 2917 dicam
2682 2859 2855 2925 libris,
2882 2860 2981 2915 sed
3004 2859 3260 2913 librorum
3291 2858 3502 2928 paginis
3528 2874 3714 2914 occur-

2123 2951 2214 3002 rit.
2262 2949 2380 3003 |.ib.
2410 2964 2458 3002 vr
2499 2948 2691 3018 ()peris
2730 2947 2969 3016 impcrf.,
3000 2962 3122 3015 cap.
3152 2945 3255 3013 36,
3290 2946 3388 3001 has
3420 2950 3715 3004 sententias

2123 3042 2518 3108 eonglomerat:
2543 3058 2558 3089 ι
2587 3038 2775 3095 Omnis
2798 3047 2975 3092 autem
2998 3053 3156 3106 paena
3180 3039 3433 3103 hominis,
3457 3039 3588 3109 quid
3612 3048 3712 3103 est,

2123 3132 2227 3185 nisi
2260 3145 2417 3199 plena
2442 3131 2535 3184 Dei
2567 3130 2839 3198 imaginis,
2863 3144 2983 3198 quae
3010 3130 3069 3182 si.
3087 3128 3317 3183 infertur
3350 3128 3569 3198 injuste,
3592 3145 3715 3198 pro-

435 3235 541 3289 que
570 3222 637 3275 ad
681 3235 842 3288 opera
872 3235 1004 3284 sua,
1055 3221 1133 3274 sic
1159 3222 1222 3273 ad
1255 3235 1391 3289 opus
1426 3222 1704 3289 proprium
1735 3223 1896 3275 etiam
1926 3237 2019 3291 ge-
2050 3235 2093 3295 ε
2127 3224 2268 3277 lecto
2299 3237 2326 3274 a
2357 3238 2463 3291 quo
2502 3222 2733 3277 infertur
2762 3221 2989 3290 iniustus
3020 3228 3125 3275 est.
3158 3220 3289 3285 Quis
3318 3220 3480 3289 porro
3509 3222 3713 3276 dubitet

436 3315 617 3375 nitalia
646 3314 807 3383 jussis
836 3313 1131 3367 volentium
1160 3313 1279 3368 sine
1318 3314 1426 3367 ulla
1468 3313 1783 3369 difficultate
1813 3316 2016 3371 servis~

433 3415 573 3459 sent.
608 3423 627 3455 ι
660 3405 850 3458 Postea
881 3403 947 3458 de
977 3404 1061 3457 his
1083 3403 1292 3458 duobus
1314 3405 1427 3460 ait:
1459 3423 1477 3455 ε
1512 3406 1741 3459 Duarum
1770 3421 1899 3460 vero
1929 3423 2017 3462 re-

439 3495 703 3565 liquarum
732 3493 1025 3562 quamlibet
1048 3495 1355 3564 elegeritis,
1388 3511 1494 3550 non
1526 3504 1611 3550 est
1639 3496 1898 3551 adversus
1929 3513 2023 3554 vos

435 3586 545 3640 ulla
592 3586 938 3640 contentione
984 3585 1359 3641 laberandum.
1414 3586 1526 3643 Etsi
1579 3587 1721 3641 enim
1776 3594 2023 3653 quantam

435 3679 717 3733 nolueritis
745 3679 976 3748 eligere,
1020 3679 1107 3732 ubi
1145 3689 1226 3734 est
1254 3678 1493 3734 omnium
1522 3678 1825 3744 obedientia
1858 3695 2023 3733 mem-

436 3772 673 3835 brorum,
705 3773 822 3826 sine
856 3772 963 3826 ulla
993 3773 1215 3826 libidine
1244 3787 1453 3827 summa
1478 3772 1860 3840 tranquillitas,
1890 3790 2027 3842 quo-

436 3865 579 3927 niam
606 3864 716 3931 jam
749 3879 845 3917 vos
882 3865 932 3917 ei
971 3864 1096 3917 fecit
1133 3874 1433 3918 vestrarum
1478 3864 1897 3930 disputationum
1930 3867 2026 3921 im-

440 3964 595 4021 pctus
618 3953 904 4014 inimicos,
961 3953 1089 4006 illud
1118 3954 1269 4007 vobis
1312 3956 1503 4007 saltem
1554 3955 1828 4021 placebit,
1881 3956 2024 4025 quod

442 4045 601 4097 tertio
628 4042 748 4095 loco
779 4044 1073 4109 posuimus.
1115 4060 1135 4093 ι
1171 4042 1476 4110 Lugendum
1512 4055 1596 4096 est
1639 4043 1903 4114 integrum
1932 4062 2025 4100 ca-

449 4142 573 4198 put;
602 4129 727 4182 inde
772 4131 912 4183 enim
943 4130 1223 4185 evidenter
1275 4132 1541 4200 colligitur
1567 4143 1810 4187 sanctum
1843 4135 2029 4189 docto-

439 4236 553 4275 rem
598 4221 875 4275 censuisse
921 4220 1119 4275 nullam
1173 4222 1337 4279 fuisse
1386 4223 1439 4277 in
1488 4228 1729 4280 terrestri
1779 4228 2027 4296 paradiso

438 4308 956 4377 concupiscentiam,
978 4324 1205 4379 eamque
1228 4315 1523 4382 subjectam
1558 4317 1818 4371 voluntati
1847 4318 2025 4387 dispu-

439 4401 659 4454 tationis
690 4409 892 4454 tantum
941 4403 1110 4469 gratia
1140 4404 1458 4471 admisisse,
1499 4422 1568 4461 ne
1598 4408 1939 4464 adversarios
1967 4411 2032 4465 de

439 4494 534 4548 illa
558 4495 772 4549 nimium
809 4495 1131 4549 contristaret
1156 4534 1171 4558 ,
1202 4508 1260 4551 ut
1295 4513 1358 4552 ex
1404 4500 1591 4555 eodem
1626 4504 1867 4569 proxime
1896 4503 2031 4557 reci-

441 4588 693 4652 tavitnus.
728 4584 853 4639 Haec
879 4586 1211 4654 Augustinus
1232 4588 1299 4641 de
1328 4592 1762 4658 concupiscentia
1787 4595 2024 4663 scripsit,
2058 4624 2108 4682 υ

442 4682 676 4750 probans
706 4681 903 4741 exilio
941 4681 1127 4746 primae
1154 4679 1376 4734 Joannis
1408 4682 1662 4748 Ερίειοιω
1702 4698 1821 4750 cap.
1873 4698 1940 4750 ιι,
1974 4700 2024 4737 v.

445 4775 511 4829 16
542 4792 558 4830 :
593 4774 1016 4844 Concupiscentia
1056 4776 1227 4826 carnis
1272 4789 1373 4825 non
1423 4784 1498 4825 est
1540 4789 1604 4827 ex
1648 4773 1826 4827 Patre.
1857 4776 2027 4838 Quem

444 4874 648 4920 textum
676 4865 743 4920 de
786 4865 995 4921 actibus
1036 4862 1217 4916 vetitis
1256 4861 1707 4929 concupiscentia:
1759 4863 2026 4931 Pelagiani

444 4956 954 5021 interpretabantur.
987 4954 1156 5021 Quam
1205 4969 1335 5008 vero
1382 4953 1671 5007 absurdam
1712 4955 2024 5010 earumdem

444 5044 749 5111 opinionem
795 5057 1013 5101 sanctus
1059 5049 1219 5103 Pater
1258 5048 1629 5112 arbitraretur,
1675 5062 1742 5101 ex
1795 5049 1859 5101 iis
1908 5064 2027 5117 qua:

444 5135 632 5191 scribit
668 5135 770 5195 lib.
801 5152 874 5189 tv.
908 5139 1098 5205 Operis
1138 5140 1387 5208 impcrf.,
1422 5156 1540 5210 cap.
1572 5142 1675 5201 69,
1704 5141 1974 5211 colligitur
2009 5160 2021 5195 :

449 5245 468 5280 t
492 5226 602 5281 Non
632 5224 813 5295 igitur,
848 5226 1040 5295 inquit,
1072 5241 1329 5285 caventur
1351 5246 1512 5300 opera
1538 5232 1698 5295 mala,
1725 5233 1827 5287 nisi
1860 5233 2029 5288 frene-

447 5329 532 5374 tur
570 5316 1003 5386 concupiscentia
1044 5320 1218 5385 mala,
1268 5336 1389 5389 qua:
1418 5337 1447 5374 a
1481 5334 1530 5376 te
1561 5338 1840 5377 nonnenon
1879 5340 2030 5379 turu-

444 5428 660 5478 DENTIA,
691 5411 776 5468 vel
802 5412 978 5481 potius
1007 5426 1237 5466 AIESTIA
1267 5413 1465 5468 dicitur
1488 5413 1645 5468 bona.
1677 5416 1787 5469 Nec
1808 5416 2031 5470 erubes-

444 5506 554 5573 cis,
585 5520 683 5560 nec
709 5504 1001 5571 horrescis,
1031 5515 1083 5559 te
1105 5504 1171 5559 ad
1198 5520 1409 5561 TANTUII
1438 5522 1674 5561 ososcus
1699 5509 2026 5574 pervenisse,

443 5604 503 5647 nt
543 5612 701 5651 nemo
727 5596 984 5653 liberetur
1009 5596 1039 5651 it
1072 5606 1162 5651 tuo
1208 5597 1380 5665 malo,
1427 5597 1529 5652 nisi
1582 5613 1685 5653 non
1727 5603 2028 5656 consentiat

445 5692 538 5739 tuo
565 5685 724 5739 bono.
756 5688 1198 5757 Concupisccntia
1243 5690 1402 5759 igitur
1424 5688 1635 5754 carnis,
1667 5703 1771 5758 qua
1801 5690 2026 5757 cupiun-

447 5780 535 5824 tur
554 5784 671 5836 quae
692 5775 1071 5847 prohibentur,
1102 5796 1206 5835 non
1234 5788 1319 5834 est
1346 5795 1374 5833 a
1403 5779 1577 5835 Patre.
1603 5779 1822 5836 Frustra
1848 5791 2021 5847 putas,

2125 3313 2265 3381 quod
2295 3314 2492 3383 injuste
2523 3314 2785 3369 inferatur
2828 3328 2983 3383 paena
3015 3312 3234 3383 imagini
3287 3313 3415 3378 Dei,
3460 3314 3564 3368 nisi
3615 3315 3711 3368 hoc

2123 3406 2278 3475 culpa
2330 3404 2632 3459 meruerit?
2667 3422 2687 3455 ι
2716 3405 2783 3460 Et
2830 3420 2952 3473 cap.
2981 3405 3049 3458 Ἦ
3083 3423 3094 3457 :
3130 3423 3150 3458 ‹
3178 3404 3364 3460 Justus
3402 3414 3487 3459 est
3530 3405 3665 3459 Deus
3693 3445 3709 3471 ,

2127 3497 2266 3566 quod
2294 3496 2507 3552 assidue
2532 3505 2717 3551 contra
2749 3506 2801 3552 te
2842 3497 2981 3569 dicis
3008 3538 3023 3560 ,
3051 3505 3105 3552 et
3131 3498 3339 3565 nescis,
3368 3495 3548 3565 justus
3598 3506 3711 3559 cst,

2128 3586 2570 3657 iuqttam,Dcus,
2619 3598 2673 3641 et
2722 3588 2843 3641 ideo
2893 3597 3180 3641 nascentes
3210 3601 3308 3642 nec
3355 3585 3592 3651 faceret,
3620 3599 3714 3640 nec

2131 3678 2243 3733 fieri
2264 3679 2468 3733 sineret
2493 3678 2743 3742 miseros,
2775 3678 2877 3732 nisi
2903 3686 3086 3733 nosset
3118 3692 3263 3732 reos.
3288 3697 3307 3729 ι
3334 3677 3466 3733 Item
3500 3695 3516 3731 :
3554 3696 3573 3730 ι
3616 3678 3714 3746 Ipsi

2130 3767 2353 3832 nullum,
2402 3766 2539 3821 sicut
2568 3770 2785 3836 putatis,
2820 3769 3095 3822 trahentes
3125 3777 3426 3836 peccatum,
3475 3768 3714 3823 immeri—

2131 3867 2235 3923 tas,
2259 3858 2306 3911 si
2331 3858 2432 3912 hoc
2452 3860 2519 3913 ita
2541 3868 2645 3924 est,
2680 3856 2866 3926 procul
2891 3858 3056 3913 dubio
3082 3858 3352 3913 sustinent
3377 3873 3592 3926 penas.
3618 3859 3713 3914 Utti

2130 3962 2211 4007 Bal
2224 3952 2431 4022 justitia
2456 3954 2569 4019 Dei,
2588 3968 2744 4023 quam
2769 3955 2812 4015 si
2835 3956 3120 4023 cogitares,
3146 3969 3414 4024 nunquam
3438 3956 3711 4018 crederes,

2130 4044 2248 4100 sine
2277 4045 2385 4100 ullo
2415 4046 2607 4102 merito
2649 4047 2863 4116 peccati
2899 4046 3178 4116 originalis
3208 4054 3315 4102 tam
3342 4046 3578 4103 miseros
3599 4060 3714 4102 esse

2132 4143 2433 4189 nascentes.
2474 4153 2495 4187 ι
2868 4146 2888 4165 λ

2206 4224 2512 4294 Respondet
2539 4226 2822 4293 Moraines,
2851 4226 2991 4294 disp.
3022 4227 3112 4292 l5,
3133 4242 3280 4280 num.
3314 4225 3442 4293 106,
3470 4227 3714 4295 Augusti-

2132 4330 2256 4372 num
2278 4331 2308 4369 a
2334 4317 2565 4371 miseriis
2594 4319 2713 4372 vitm
2739 4318 2987 4372 humana:
3014 4330 3285 4387 peccatum
3310 4318 3578 4386 originale
3600 4335 3715 4388 pro-

2133 4410 2370 4475 bantem,
2411 4427 2430 4461 ι
2459 4412 2769 4465 excessisse
2798 4410 3050 4466 videlicet
3098 4409 3308 4465 fervore
3339 4410 3715 4479 disputationis

2132 4501 2410 4569 alneptum
2433 4544 2447 4568 ,
2477 4512 2533 4557 et
2562 4502 2685 4557 odio
2714 4502 2937 4557 haeresis
2965 4502 3263 4572 Pelagianae
3290 4503 3354 4555 ad
3384 4502 3710 4557 contra.iunt

2134 4600 2433 4645 extremum
2459 4591 2782 4658 declinasse,
2812 4606 2986 4660 neque
3015 4592 3113 4644 hac
3160 4593 3210 4643 in
3241 4601 3392 4658 parte
3416 4591 3710 4644 doctrinam

2133 4682 2248 4748 ejus
2289 4682 2615 4751 approbasse
2668 4683 2984 4736 Ecclesium.
3010 4699 3028 4731 ι
3058 4682 3238 4735 Placet
3266 4680 3408 4749 quod
3441 4695 3549 4735 non
3588 4682 3712 4732 dixit

2131 4774 2388 4825 interdum
2417 4772 2717 4826 declinasse
2762 4773 2829 4826 ad
2858 4782 3154 4826 extremum
3181 4811 3194 4833 ,
3230 4771 3427 4838 ubique
3456 4771 3599 4824 enim
3628 4772 3711 4822 de-

2132 4864 2360 4915 clinasse
2393 4862 2650 4916 dicendus
2671 4870 2843 4927 esset,
2872 4876 2994 4914 nam
3028 4861 3157 4914 illud
3187 4870 3562 4929 argumentum
3613 4870 3711 4911 tam

2132 4970 2267 5019 swpe
2291 4954 2343 5004 di
2378 4964 2509 5018 tum,
2536 4955 2822 5024 smpiusque
2842 4954 3113 5006 dicendum
3142 4962 3295 5007 vocat
3316 4968 3435 5021 cap.
3461 4953 3643 5006 251D).
3667 4967 3712 5003 v1

2136 5046 2354 5100 laudati.
2384 5046 2560 5112 Quare
2599 5046 2921 5115 Augustinus
2942 5044 3118 5099 sciens
3137 5087 3151 5111 ,
3191 5045 3452 5114 prudens,
3484 5045 3671 5097 volens
3693 5081 3706 5105 ,

2133 5154 2196 5193 ea
2223 5142 2428 5195 ratione
2450 5156 2582 5195 usus
2609 5152 2710 5205 est,
2745 5157 2847 5194 non
2875 5140 3253 5208 disputationis
3287 5149 3417 5194 testu
3442 5155 3505 5193 ac
3536 5140 3712 5192 furore

2135 5232 2388 5299 percitus.
2417 5241 2473 5286 ut
2492 5232 2788 5286 adversarii
2809 5242 3111 5300 opponunt.
3138 5232 3250 5287 lmo
3281 5233 3553 5302 Pelagiani
3580 5233 3708 5287 ’Πρω

2136 5335 2506 5393 argumentum
2522 5325 2754 5379 evadere
2778 5325 2906 5379 totis
2928 5324 3129 5379 viribus
3152 5324 3328 5379 conati
3356 5334 3503 5392 sunt,
3536 5338 3590 5378 Lt
3621 5340 3707 5392 pa-

2138 5427 2215 5472 tet
2244 5433 2308 5470 ex
2331 5416 2545 5470 Juliano
2584 5416 2718 5471 libro
2740 5417 2953 5481 eodem,
2983 5432 3103 5485 cap.
3127 5416 3219 5480 25,
3252 5417 3346 5470 ubi
3375 5416 3707 5486 Augustiniav

2142 5522 2262 5560 nam
2294 5504 2756 5560 ratiocinationem
2798 5506 3027 5559 irridens
3061 5522 3075 5559 :
3109 5523 3127 5557 ι
3178 5505 3372 5559 Verum
3403 5506 3530 5575 quid
3580 5522 3703 5570 nos,

2137 5598 2331 5668 inquit,
2360 5604 2467 5648 tam
2499 5599 2725 5666 obstipa:
2750 5597 2990 5651 veritatis
3012 5598 3180 5651 solius
3206 5597 3467 5650 rationem
3492 5612 3706 5667 sequen-

2136 5691 2257 5743 dam
2305 5696 2583 5756 putamus,
2616 5690 2737 5743 citm
2786 5690 3123 5743 inimicorum
3154 5698 3458 5743 nostrorum
3486 5688 3703 5759 phalanx

2136 5780 2263 5843 ipsis
2309 5778 2569 5835 innitatur
2604 5796 2779 5835 rerum
2815 5779 3063 5844 periculis
3093 5822 3105 5839 .
3132 5790 3187 5835 ct
3227 5780 3470 5849 insurgat
3521 5781 3570 5835 in
3616 5792 3700 5831 nos
