3892 6302
107 337 197 390 617
1262 331 1575 386 ιίΝῡιοιίΕ
1617 330 2175 389 ΛυϐυὸτιΝΙΑΝιΕ.

3244 335 3349 391 618

105 463 443 506 aerumnarum
489 446 697 500 inimica
730 445 1034 514 suffragiis;
1077 445 1190 498 vult
1229 444 1423 513 quippe
1461 442 1664 504 pudore
1693 446 1740 503 Α
1771 453 2078 510 peceatum,
2125 455 2153 493 a
2193 453 2297 508 quo
2329 455 2423 508 per
2465 440 2952 494 denominaiinnem
2988 445 3346 499 extrinsecam

104 541 350 596 coeuntis.
381 539 570 593 dolore
599 539 861 606 parientis
882 582 896 604 ,
931 539 1128 592 sudore
1158 535 1449 588 laborantis
1491 544 1664 587 trans-

103 633 395 686 missionem
418 631 690 698 culparum
716 640 768 683 et
791 645 1067 698 pinnarum
1098 632 1148 682 in
1177 627 1385 681 semina
1417 638 1667 693 compro-

103 722 241 784 bare,
287 729 344 773 ut
377 719 457 774 his
512 718 760 772 videlicet
799 720 966 790 signis
1022 717 1318 772 difficilium
1371 723 1619 784 partuum
1647 756 1662 780 ,

101 810 436 880 agricolarum
466 808 806 874 sudantium,
837 821 892 863 et
913 809 1207 862 divisorum
1258 807 1528 861 novalium
1560 805 1665 858 cri-

102 914 210 953 men
238 897 477 953 naturale
504 899 772 963 credatur,
798 898 950 967 cujus
980 898 1172 952 merito
1218 912 1314 966 per
1354 903 1429 949 tot
1457 896 1664 948 incom-

101 989 241 1043 moda
271 1004 438 1059 genus
479 1001 792 1044 exerceatur
836 991 1188 1043 humanum.»
1238 989 1400 1056 Igitur
1445 989 1512 1041 de
1563 986 1665 1040 hoc

101 1088 400 1147 argumento
424 1078 733 1148 Pelagianos
765 1079 902 1134 inter
942 1094 1004 1132 ac
1053 1077 1407 1147 Augustinum
1448 1091 1512 1131 ex
1543 1091 1666 1143 pro-

102 1183 130 1235 p
152 1171 263 1221 -sitn
304 1171 670 1222 controversia
703 1169 827 1234 fuit,
857 1184 976 1223 cum
1010 1169 1308 1235 precsertim
1341 1168 1667 1237 Augustinus

99 1257 262 1310 omnia
293 1259 516 1312 solverit
559 1275 679 1329 qua:
727 1259 794 1312 ad
837 1259 964 1313 illud
1006 1258 1402 1327 infringendum
1432 1259 1669 1313 Julianus

97 1347 355 1414 opposuit,
382 1356 438 1400 ut
467 1348 641 1416 palam
674 1348 732 1401 ﬁt
753 1364 820 1402 ex
854 1349 947 1403 lib.
979 1363 1030 1402 vr
1059 1348 1250 1417 Operis
1274 1349 1492 1403 laudati.
1517 1350 1666 1415 Quod

95 1448 214 1489 vero
242 1436 485 1490 scribunt
532 1437 828 1492 Ecclesiam
870 1440 968 1491 hae
1015 1437 1065 1491 in
1101 1453 1160 1492 re
1189 1453 1294 1492 non
1340 1439 1666 1506 approbasse

91 1528 364 1595 AnguSIini
387 1529 708 1592 doctrinam,
735 1530 967 1598 ipsorum
985 1530 1333 1583 eruditionem
1353 1532 1554 1598 pandit,
1577 1532 1664 1599 qui

89 1616 326 1670 eamdem
357 1627 412 1672 et
441 1617 664 1672 Romani
691 1620 953 1688 pontificis
977 1629 1030 1674 et
1076 1619 1399 1689 synodorum
1429 1620 1664 1676 decretis

87 1719 450 1763 consecratam
482 1710 644 1764 fuisse
673 1727 778 1763 non
809 1712 1261 1765 animadvertunt.
1294 1713 1523 1767 Sanctus
1556 1712 1662 1767 Ge-

1771 534 1965 588 dicitur
1991 533 2235 602 poenalis.
2264 533 2332 585 At
2363 533 2546 586 Patres
2562 547 2628 587 ex
2654 534 2763 601 ipsa
2786 535 3043 600 gravitate
3070 535 3258 588 mortis
3287 551 3350 589 ac

1769 635 2083 680 exterarum
2134 623 2281 677 illam
2314 625 2733 693 prtecedentinm
2779 624 3114 677 miseriarum
3148 626 3345 680 malutn

1768 729 1888 769 esse
1932 715 2074 768 illam
2108 715 2483 783 gravissimum
2525 717 2778 784 urgebant
2803 756 2816 778 ,
2853 725 2908 768 ut
2939 715 3197 769 inferrent
3241 730 3346 769 non

1770 805 1872 860 nisi
1898 807 1950 859 in
1984 819 2193 874 poenam
2225 806 2462 873 potuisse
2486 806 2627 874 juste
2654 807 2814 876 inlligi
2839 824 2851 872 ;
2878 807 3011 860 alias
3035 809 3351 874 supposuis-

1769 905 1890 952 sent
1919 897 1973 950 in
2007 896 2356 951 antecedente
2377 939 2390 963 ,
2413 899 2566 967 'quod
2592 908 2708 952 erat
2734 914 2760 951 a
2789 898 3086 966 Pelagianis
3105 897 3350 952 absolute

1770 999 2040 1057 negatum.

1839 1080 2190 1136 Subscribnnt
2218 1083 2391 1138 eidem
2421 1091 2735 1151 argumento
2757 1083 2844 1136 alii
2876 1083 3080 1136 Patres.
3113 1081 3344 1136 Sanctus

1769 1170 2001 1241 Prosper
2055 1183 2240 1228 contra
2295 1173 2513 1238 Collat.,
2563 1189 2682 1242 cap.
2729 1175 2797 1227 20
2850 1190 2862 1225 :
2913 1192 2931 1223 ‹
2989 1174 3159 1226 Nimis
3202 1175 3344 1226 enim

1771 1260 1988 1329 impium
2015 1273 2099 1316 est
2124 1264 2224 1317 hoc
2246 1264 2314 1318 de
2342 1264 2433 1318 Dei
2459 1266 2659 1318 sentire
2682 1263 2906 1331 justitia,
2927 1263 3067 1330 quod
3097 1279 3123 1315 a
3148 1277 3343 1331 prteva-

1771 1352 2032 1405 ricatione
2061 1352 2259 1407 liberos
2289 1368 2409 1407 cum
2461 1355 2568 1408 reis
2598 1353 2831 1408 voluerit
2875 1367 2996 1406 esse
3047 1353 3346 1409 damnatos.

1770 1439 1919 1494 Patet
1966 1457 2094 1510 ergo
2138 1443 2294 1511 culpa
2337 1443 2425 1496 ubi
2477 1458 2580 1496 non
2627 1442 2758 1497 latet
2805 1456 2982 1509 poena,
3022 1448 3079 1494 et
3119 1444 3350 1496 societas

1770 1531 1969 1597 peccati
1993 1532 2328 1585 convincitur
2345 1532 2410 1586 de
2433 1532 2812 1586 communione
2833 1533 3101 1602 supplicii,
3128 1545 3182 1586 ut
3206 1534 3346 1603 quod

1767 1629 1847 1674 est
1885 1622 2129 1674 humana:
2160 1623 2407 1687 miserim,
2443 1639 2547 1676 non
2576 1623 2643 1677 de
2675 1623 3011 1677 institutione
3041 1623 3311 1678 Creatoris
3331 1665 3346 1688 ,

1767 1709 1859 1762 sed
1909 1709 1976 1763 de
2005 1710 2354 1764 retributione
2384 1710 2450 1764 sit
2486 1711 2704 1779 judicis.
2744 1730 2761 1762 ι
2799 1713 2858 1764 ι).
2889 1713 3204 1778 Anselmus,
3254 1714 3346 1767 lib.

91 1798 243 1850 Iasius
271 1814 430 1865 papa,
456 1799 506 1852 in
543 1799 764 1867 epistola
800 1802 830 1852 7
860 1801 923 1853 ad
950 1802 1228 1869 episcopos
1260 1818 1354 1872 per
1385 1804 1660 1869 Picenum,
1697 1799 1742 1858 Β
1769 1798 1835 1854 de
1885 1800 2159 1866 Conceptu
2222 1801 2450 1871 Virginis
2490 1812 2544 1855 et
2587 1812 2808 1869 peccato
2851 1803 3011 1870 orig.,
3057 1815 3176 1870 cap.
3221 1801 3286 1853 15
3333 1819 3346 1854 :

93 1900 268 1941 contra
296 1890 554 1942 Senecam
574 1889 856 1958 quemdam
885 1891 1223 1958 Pelagianum
1246 1894 1436 1946 eodem
1462 1898 1665 1963 Augus-

95 1979 177 2032 tini
206 1989 520 2048 argumento
551 1982 715 2034 utitur
740 1983 801 2036 ad
828 1984 1159 2051 probandum
1185 1986 1446 2054 originale
1475 2001 1664 2053 pecca-

97 2083 194 2125 tnm
237 2090 248 2124 :
297 2092 315 2123 ι
350 2073 502 2135 Iden,
559 2075 768 2141 inquit,
823 2075 890 2129 de
944 2075 1215 2130 felicitatis
1261 2092 1375 2131 sua:
1424 2077 1666 2131 claritate

96 2165 350 2230 seclusus,
401 2175 560 2232 atque
604 2167 670 2218 ad
717 2167 899 2235 spinas
945 2175 1001 2220 et
1048 2166 1270 2220 tribulos
1318 2168 1665 2237 miseriasqne

98 2256 400 2322 multiplices
447 2256 652 2310 caelesti
685 2270 816 2311 voce
855 2257 1139 2310 damnatus
1181 2267 1282 2321 est,
1316 2272 1436 2327 qua:
1481 2259 1665 2327 utiqne

101 2360 240 2414 pinna
264 2347 389 2414 justi
415 2347 602 2417 judicii
648 2356 754 2400 tam
781 2347 959 2416 gravis
993 2355 1048 2402 et
1081 2362 1270 2417 aspera
1302 2349 1352 2402 in
1376 2349 1516 2403 bono
1546 2365 1665 2417 per-

97 2441 344 2492 severanti
380 2439 684 2492 nullatenus
725 2448 868 2492 esset
902 2440 1136 2507 inflicta,
1166 2450 1219 2494 et
1255 2455 1356 2493 NISI
1393 2457 1533 2495 ιιΑιο
1563 2456 1663 2494 NON

98 2546 480 2586 CUSVESIENTEB
541 2547 730 2585 lLLATA
780 2531 1116 2600 probaretur.
1161 2552 1179 2583 ι
1236 2534 1315 2586 En
1381 2536 1664 2602 Augustini

100 2639 238 2678 voca-3
285 2624 429 2677 fideli
465 2626 600 2678 echo
647 2623 886 2677 redditas
927 2624 994 2677 ab
1044 2625 1339 2692 apostolica
1381 2627 1531 2679 sede.
1561 2627 1667 2680 Sed

100 2715 184 2768 hnc
213 2717 388 2783 ipsum
433 2713 668 2781 synodus
699 2712 916 2767 Patrum
948 2715 1318 2767 Africanorum
1349 2714 1400 2767 in
1423 2715 1667 2769 Sardinia

101 2807 350 2869 exsulum,
379 2806 432 2858 in
477 2805 611 2858 libro
641 2804 708 2858 de
733 2803 1106 2859 lncarnatione
1134 2813 1188 2858 et
1212 2806 1403 2875 gratia,
1428 2821 1546 2875 cap.
1580 2807 1667 2872 Μ,

102 2899 239 2952 docet
270 2915 285 2952 ε
324 2917 342 2949 ι
380 2898 436 2952 Si
470 2898 558 2967 qui
588 2911 748 2965 ergo,
795 2896 1075 2965 inquiunt,
1109 2883 1335 2952 mortem
1371 2898 1541 2952 solam
1566 2937 1580 2961 ,
1613 2907 1671 2951 ut

101 3005 188 3042 non
217 2992 374 3044 etiam
421 2995 699 3056 peceatum
748 3000 813 3039 ex
843 2985 1060 3040 homine
1104 2987 1276 3054 primo
1303 2987 1582 3042 transiisse
1613 2989 1666 3042 in

101 3096 247 3148 genus
269 3083 565 3135 humanum
592 3079 833 3132 nituntur
865 3091 1135 3145 asserere,
1169 3079 1358 3132 mirum
1388 3080 1432 3132 si
1460 3095 1562 3134 non
1595 3080 1669 3134 in-

1775 1907 1793 1939 ‹
1833 1891 1908 1943 Ea
1935 1892 2048 1957 ipsa
2073 1894 2300 1956 ratione,
2328 1893 2516 1961 inquit,
2547 1908 2650 1961 qua
2683 1907 2786 1946 non
2815 1892 2996 1946 debuit
3019 1892 3159 1946 Deus
3181 1893 3346 1945 Adam

1768 1979 1946 2035 facere
1975 1983 2072 2035 nisi
2093 1982 2318 2051 justum,
2345 1997 2441 2036 nec
2464 1984 2644 2052 aliquo
2665 1983 2844 2037 debito
2867 1983 2980 2037 sive
3009 1982 3349 2037 incommodo

1768 2081 2040 2141 gravatum
2069 2113 2083 2138 ,
2141 2083 2326 2143 aperte
2375 2089 2527 2128 mens
2581 2074 2856 2128 rationalis
2905 2074 3149 2143 agnoscit
3189 2088 3346 2136 eum,

1768 2180 1926 2232 quem
1952 2165 2199 2220 similiter
2225 2167 2435 2234 prepria
2461 2166 2732 2219 voluntate
2753 2173 2807 2219 et
2828 2167 3025 2219 virtute
3049 2166 3350 2234 procreavit

1768 2256 1926 2310 alicui
1981 2257 2122 2312 malo
2171 2258 2438 2312 subditum
2491 2258 2602 2311 fieri
2653 2272 2757 2311 non
2803 2257 3038 2322 debere,
3095 2257 3345 2326 quoniam

1768 2349 1929 2402 nimis
1976 2348 2360 2404 inconveniens
2387 2360 2467 2403 est
2496 2349 2850 2418 omnipotenti
2881 2364 2942 2403 ac
2983 2350 3212 2417 sapienti
3256 2349 3346 2401 Dei

1767 2437 1990 2494 bonitati
2060 2442 2218 2494 talem
2277 2441 2452 2495 facere
2507 2440 2819 2494 rationalem
2876 2450 3178 2495 creaturam
3235 2440 3347 2494 sola

1769 2532 1982 2602 propria
2006 2535 2276 2588 voluntate
2305 2535 2373 2588 de
2400 2535 2642 2597 materia,
2667 2536 2718 2588 in
2751 2550 2853 2603 qua
2875 2536 3076 2590 nullum
3107 2545 3190 2588 est
3221 2549 3350 2602 pec-

1769 2633 1968 2676 catum.
2020 2641 2038 2675 ι
2074 2624 2204 2676 Item
2247 2623 2342 2675 lib.
2386 2639 2419 2675 ιι
2449 2625 2552 2676 Cur
2582 2624 2731 2676 homo
2759 2623 2920 2684 Deus,
2961 2639 3082 2692 cap.
3113 2623 3182 2686 2,
3226 2624 3302 2674 ait
3335 2641 3348 2676 :

1779 2729 1798 2763 ι
1822 2709 2111 2780 Sapientia:
2140 2719 2195 2765 et
2219 2711 2444 2780 justith
2475 2720 2736 2780 repugnat
2774 2721 2831 2764 ut
2857 2719 3075 2779 cogeret
3123 2721 3349 2766 mortem

1772 2801 1878 2870 pati
1909 2801 2028 2855 sine
2068 2802 2223 2869 culpa
2249 2840 2264 2866 ,
2296 2815 2455 2869 quem
2482 2801 2683 2868 justum
2725 2799 2925 2854 fecerat
2970 2800 3037 2854 ad
3093 2809 3348 2855 aeternam

1771 2892 2176 2946 beatitudinem.
2229 2910 2248 2943 ι
2284 2891 2551 2946 Praeterea
2599 2890 3002 2961 antiquissimus
3029 2901 3214 2947 auctor
3240 2892 3352 2963 Hy-

1773 2982 2118 3052 pognosticon
2139 3024 2154 3048 ,
2197 2982 2288 3036 lib.
2321 2997 2376 3048 ιι,
2419 2982 2592 3047 initio,
2622 2983 2811 3036 eodem
2856 2982 3016 3036 modo
3045 2981 3302 3038 discurrit
3337 3001 3348 3036 :

1776 3087 1796 3121 ε
1828 3070 1938 3125 Hae
1955 3085 2053 3125 nos
2082 3084 2256 3139 paena:
2278 3071 2542 3125 sententia
2567 3070 2844 3140 colligatos
2870 3070 2979 3139 ipsa
3006 3070 3105 3124 sibi
3125 3071 3353 3126 humana

104 3173 320 3240 tellignnt
348 3171 546 3238 quibus
585 3169 868 3223 sententiae
916 3183 1027 3222 suae
1071 3169 1280 3236 laqueis
1331 3169 1659 3240 obligentur.

1776 3169 1960 3214 natura
2005 3168 2175 3214 totum
2222 3174 2319 3230 per
2349 3163 2536 3214 orbem
2583 3168 2844 3214 terrarum
2881 3161 3068 3214 dilfusa
3102 3162 3356 3216 testimo-

107 3265 262 3317 Piimo
289 3267 409 3333 quia
442 3263 609 3316 Deum
643 3261 826 3315 dicunt
871 3260 1128 3328 injustutn
1174 3262 1224 3314 in
1255 3276 1319 3315 en
1349 3263 1488 3334 quod
1527 3263 1665 3316 mori

105 3357 235 3410 faciat
266 3355 536 3426 parvulos,
569 3369 701 3423 quos
730 3354 874 3406 nulla
905 3354 1090 3406 volunt
1119 3353 1205 3407 isti
1233 3353 1510 3422 originalis
1542 3369 1664 3422 pee-

105 3448 188 3500 cati
216 3448 530 3515 contagione
561 3446 810 3514 pollutos.
852 3461 871 3493 ι
906 3444 1035 3497 Item
1067 3460 1081 3495 :
1123 3462 1139 3494 ι
1179 3443 1290 3509 Qua
1323 3444 1482 3512 igitur
1504 3445 1665 3513 illati-

105 3538 162 3588 tia
187 3537 314 3591 Deus
342 3537 523 3606 justus
567 3532 858 3586 infantibus
903 3533 1020 3586 sine
1065 3542 1283 3600 peccato
1324 3536 1666 3588 nascentibus

106 3628 272 3698 ingerit
314 3645 527 3699 pinnam
558 3668 573 3694 ,
621 3627 671 3680 in
709 3626 900 3694 quibus
933 3639 1104 3693 poene
1144 3639 1250 3678 non
1292 3625 1496 3677 invenit
1536 3641 1666 3678 can-

106 3721 235 3772 sain?
259 3740 274 3771 ι
297 3732 396 3775 etc.
423 3721 698 3774 Praeterea
721 3715 956 3788 synodus
987 3732 1022 3768 ιι
1055 3717 1379 3770 Arausicana
1408 3732 1613 3770 canone
1636 3717 1670 3768 9.

107 3809 242 3865 aitzt
279 3811 334 3866 Si
363 3812 485 3881 quis
531 3809 635 3864 soli
683 3808 814 3863 Δάαι
871 3807 1362 3875 praevaricationem
1408 3823 1583 3874 suam,
1616 3817 1670 3861 et

111 3912 196 3953 non
223 3901 332 3969 ejus
361 3897 647 3970 propagini
674 3896 867 3951 asserit
909 3896 1189 3959 nocuisse,
1222 3905 1316 3950 aut
1355 3909 1501 3952 certe
1530 3912 1672 3951 mor-

111 3998 196 4042 tem
225 4001 420 4046 tantum
464 3988 733 4058 corporis,
784 4001 902 4055 qua:
951 4000 1108 4055 paena
1150 3988 1354 4054 peccati
1399 3997 1517 4052 est,
1565 4003 1669 4041 non

112 4088 264 4133 autem
284 4090 337 4136 et
367 4090 676 4150 peccatum,
698 4076 838 4146 quod
866 4090 1014 4129 mors
1037 4084 1120 4129 est
1142 4076 1357 4142 animae,
1389 4092 1484 4146 per
1509 4092 1672 4131 unum

115 4168 354 4228 hominem
373 4175 422 4227 in
445 4186 613 4228 omne
636 4185 806 4240 genus
828 4169 1118 4222 humanum
1145 4167 1402 4221 transisse
1425 4176 1670 4232 testatur,

115 4264 393 4332 injuStitiam
427 4266 542 4319 Deo
571 4261 738 4316 dabit.
778 4281 797 4312 ι
835 4261 999 4330 Igitur
1045 4260 1135 4326 qui
1177 4259 1460 4313 maximam
1513 4260 1673 4314 mise-

117 4360 308 4425 riarum,
334 4377 527 4432 nempe
555 4369 783 4414 mortem
807 4358 922 4410 sine
950 4364 1170 4424 peccato
1202 4353 1403 4408 homini
1431 4353 1676 4408 accidere

119 4451 244 4518 dicit,
275 4455 524 4524 injustum
554 4452 681 4506 facit
711 4451 876 4504 Deum
906 4490 920 4513 ,
966 4446 1107 4516 quod
1146 4456 1226 4500 est
1267 4445 1434 4498 sancti
1468 4445 1676 4512 Augus-

1773 3251 1916 3305 nium
1950 3251 2197 3320 perhibet
2219 3291 2233 3316 ,
2266 3251 2391 3306 dum
2433 3265 2492 3305 se
2525 3253 2761 3320 paternis
2789 3252 3114 3307 cruciatibus
3153 3263 3356 3308 sanetae

1771 3341 1906 3412 legis
1935 3343 2240 3397 testimonio
2263 3342 2505 3410 pervidet
2529 3343 2791 3397 laborare.
2817 3343 2968 3407 Quod
2996 3358 3097 3412 qua
3123 3344 3350 3411 justitia,

1771 3436 1815 3488 si
1846 3436 2090 3489 hatredes
2115 3444 2393 3503 parentum
2427 3437 2631 3501 peccati
2663 3450 2768 3487 non
2799 3449 3006 3502 sumus,
3042 3437 3298 3503 patimur?
3332 3455 3350 3486 ι

1775 3523 1912 3591 Lege
1968 3524 2038 3577 ibi
2097 3525 2272 3589 plura.
2326 3522 2531 3574 Rursus
2575 3521 2668 3576 lib.
2715 3538 2767 3584 ν,
2815 3523 2956 3574 inter
2983 3531 3177 3574 ea-lera
3221 3523 3297 3576 ait
3341 3541 3355 3576 :

1780 3631 1798 3661 σ
1836 3614 2140 3665 Secundum
2171 3625 2412 3662 errorem
2442 3619 2680 3662 vestrum
2710 3610 2869 3668 Deus,
2899 3612 2988 3678 qui
3025 3611 3182 3664 talem
3232 3613 3357 3666 fecit

1776 3713 2019 3755 naturam
2042 3709 2098 3753 ut
2123 3698 2423 3768 ptenalibus
2447 3699 2624 3752 anima
2644 3697 2982 3767 passionibus
3003 3709 3354 3765 convexetur,

1774 3787 2007 3845 crudelis
2028 3798 2133 3855 est,
2164 3796 2257 3842 aut
2281 3795 2430 3841 certe
2451 3787 2704 3855 injustus,
2731 3796 2788 3840 ut
2814 3786 3178 3841 innocentiam
3206 3803 3358 3844 sanc-

1778 3897 1884 3937 tam
1929 3893 1985 3938 et
2013 3883 2208 3936 nullius
2250 3880 2463 3949 penitus
2490 3879 2692 3934 erroris
2721 3879 3006 3934 obnoxiam
3036 3880 3198 3934 tantis
3231 3896 3356 3949 per-

1776 3975 1953 4029 mittat
1979 3973 2161 4044 urgeri
2190 3970 2473 4040 periculis,
2511 3979 2566 4024 et
2593 3969 2647 4024 in
2677 3969 2808 4039 ipsis
2837 3985 3220 4039 nonnunquam
3254 3972 3358 4026 vita

1777 4067 1995 4136 privari.
2035 4085 2054 4117 ι
2093 4067 2160 4120 Et
2185 4065 2400 4135 quidem
2431 4063 2760 4132 Augustinus
2782 4062 2878 4118 lib.
2903 4078 2955 4117 iv
2975 4074 3162 4119 eontra
3190 4065 3360 4120 Julia-

1776 4175 1902 4215 num
1926 4172 2046 4228 cap.
2091 4155 2186 4220 12,
2240 4152 2480 4210 referens
2510 4156 2809 4210 sententias
2853 4169 3037 4210 eorum
3087 4160 3177 4225 qui
3237 4173 3359 4214 nes-

1777 4251 1980 4305 cientes
2023 4246 2282 4315 eriginale
2338 4255 2616 4313 peccatum
2672 4261 2740 4299 ex
2798 4245 3028 4300 miseriis
3081 4246 3356 4301 hominum

1777 4352 1985 4404 ortum,
2043 4338 2136 4391 Dei
2184 4336 2488 4405 aquitatem
2538 4345 2888 4402 accusarunt,
2946 4336 3021 4389 ait
3078 4336 3199 4390 illos
3242 4353 3355 4391 rem

1781 4431 2014 4498 vidisse,
2043 4442 2263 4483 causam
2306 4428 2632 4494 nescivisse,
2673 4444 2794 4482 cum
2825 4429 2914 4483 alii
2946 4429 3000 4482 in
3040 4428 3146 4483 vita
3195 4443 3357 4495 supe-

123 4545 200 4598 .ini
227 4521 615 4617 argumentum.
661 4543 814 4598 llune
863 4552 1065 4596 textum
1105 4539 1492 4595 Arausicanum
1545 4551 1674 4589 non-
1703 4529 1753 4589 D
1782 4523 1923 4578 τίοτθ
1975 4535 2223 4617 βςοοεξεεθ
2271 4523 2480 4575 animas
2523 4521 2798 4617 ἀίεεξΐεηι,
2840 4521 2982 4576 unde
3012 4522 3077 4617 {Id
3118 4521 3360 4577 miserias

122 4634 228 4688 nulli
256 4637 453 4702 videre,
503 4648 676 4703 quare
717 4630 1042 4695 respondent
1071 4639 1295 4683 mortem
1327 4627 1424 4680 sub
1469 4627 1676 4680 ratione

125 4738 269 4789 pinna:
297 4744 397 4782 non
441 4726 685 4796 potuisse
730 4722 898 4792 infligi
945 4719 1148 4774 homini
1184 4721 1302 4775 sine
1345 4719 1494 4787 culpa
1540 4717 1674 4771 citra

129 4813 202 4869 Dei
225 4818 528 4887 injustitiam
555 4860 571 4883 ,
611 4825 666 4870 at
695 4816 936 4886 potuisse
981 4813 1145 4868 Deum
1187 4813 1320 4865 citra
1363 4809 1674 4879 injustitiam

129 4906 333 4962 condere
363 4925 534 4979 genus
558 4908 850 4961 humanum
878 4904 930 4958 in
959 4911 1100 4955 statu
1129 4911 1331 4954 natura:
1361 4915 1525 4967 porte,
1561 4900 1677 4953 sine

131 4997 512 5055 immortalitatis
542 4999 708 5066 dono,
740 4995 897 5050 morti
937 4994 1166 5048 naturali
1212 4991 1532 5060 subjectum.
1569 4990 1675 5045 Sed

134 5086 227 5142 hac
262 5092 532 5160 responsio
583 5090 724 5143 nulla
775 5095 857 5141 est
894 5103 904 5136 :
948 5099 1070 5138 nam
1122 5082 1389 5150 Pelagiani
1431 5081 1675 5134 dicebant

132 5191 329 5234 mortem
358 5197 478 5236 esse
508 5179 800 5234 naturalem
828 5173 1029 5227 homini
1059 5187 1124 5224 ex
1147 5171 1388 5241 ejusdem
1420 5186 1677 5238 corporea

135 5273 511 5338 compositione,
538 5288 637 5326 nec
659 5272 730 5325 illi
756 5281 1001 5336 tanquam
1031 5281 1240 5333 pinnam
1271 5263 1430 5331 infligi
1453 5282 1465 5328 ;
1492 5276 1678 5318 contra

135 5372 248 5424 quos
275 5378 341 5417 ex
375 5364 672 5434 Augustino
716 5360 918 5428 colligit
947 5359 1274 5412 Aransicana
1306 5357 1541 5424 synodus
1565 5397 1579 5420 ,
1633 5357 1675 5408 si

138 5463 259 5506 mors
284 5457 516 5524 corporis
535 5457 647 5509 sine
671 5461 888 5523 peccato
913 5448 1119 5504 transiit
1142 5447 1193 5500 in
1221 5459 1484 5516 posteros,
1508 5446 1674 5498 Deum

141 5539 235 5596 fieri
269 5560 294 5598 a
334 5545 626 5614 Pelagianis
673 5545 952 5612 injustum.
995 5538 1150 5605 Quod
1191 5540 1333 5592 enim
1363 5551 1507 5589 mors
1535 5547 1677 5590 esset

141 5631 311 5685 malum
339 5636 434 5689 sub
467 5636 669 5688 ratione
700 5649 872 5703 pinna:
896 5673 909 5696 ,
957 5639 1073 5684 erat
1121 5628 1501 5697 consequentia
1536 5627 1676 5680 illata

143 5728 301 5774 contra
323 5723 618 5792 haareticos,
645 5742 742 5795 qua
776 5725 894 5777 talis
917 5723 1064 5777 enim
1093 5719 1346 5790 supponit
1372 5719 1678 5772 necessario

409 5845 681 5904 Parant.
723 5844 970 5903 XLVII.

1781 4613 2088 4668 subeundas
2120 4614 2172 4667 in
2227 4627 2442 4682 poenam
2491 4613 2638 4666 nasci
2667 4615 2857 4667 iterum
2885 4613 3240 4680 cogebantur,
3289 4629 3360 4666 te

1780 4707 1970 4776 quibus
2002 4707 2052 4760 in
2085 4707 2192 4761 fine
2245 4708 2483 4773 ejusdem
2535 4707 2654 4760 libri
2705 4707 2912 4760 erudite
2959 4706 3230 4761 discurrit.
3278 4709 3360 4763 Ex

1779 4799 1973 4866 quibus
2007 4807 2149 4866 patet
2190 4797 2541 4866 philosophos
2581 4797 2866 4863 plerosque
2898 4796 3101 4848 lumine
3130 4801 3360 4852 naturali

1778 4891 2095 4958 Cognovisse
2125 4889 2396 4943 hominem
2417 4889 2754 4940 innocentem
2775 4885 2974 4953 injuste
3005 4887 3164 4941 tantis
3193 4890 3360 4944 mise-

1781 4981 1874 5034 riis
1887 4978 2070 5045 affligi.
2093 4980 2268 5042 Quare
2281 4985 2653 5044 argumentum
2674 4974 2801 5028 illud
2818 4975 3100 5044 Augustini
3113 4979 3176 5030 ad
3194 4981 3364 5033 stahi-

1783 5071 2018 5125 liendnm
2049 5077 2322 5138 peccatum
2351 5067 2570 5136 originis
2609 5082 2713 5121 non
2749 5069 2921 5123 solum
2955 5072 3236 5138 probatum
3263 5072 3364 5126 fut

1786 5164 2064 5226 Ecclesiae,
2109 5175 2293 5213 verum
2323 5160 2484 5212 etiam
2516 5159 2645 5226 ipsis
2671 5161 2995 5228 gentilibus,
3032 5164 3207 5231 quoad
3240 5179 3362 5216 rea-

1785 5268 1892 5311 tum
1949 5254 2136 5308 saltem
2173 5250 2373 5319 peeeati
2407 5266 2421 5302 :
2454 5251 2589 5304 adeo
2617 5253 2701 5305 vel
2742 5254 2860 5307 solo
2901 5254 3102 5308 lumine
3135 5254 3363 5307 naturali

1785 5358 1867 5402 est
1895 5345 2234 5400 manifestum
2287 5352 2447 5409 atque
2485 5342 2902 5409 apertissimum.
2951 5343 3102 5398 Unde
3142 5357 3362 5407 magnus

1786 5439 1878 5492 ille
1905 5435 2297 5499 Bellarminus,
2331 5447 2453 5486 cum
2487 5447 2584 5500 pro
2613 5437 2858 5501 opposita
2903 5433 3169 5504 sententia
3214 5430 3363 5497 plura

1784 5527 2098 5584 adduxisset
2147 5527 2240 5579 lib.
2272 5541 2322 5577 vi
2358 5525 2425 5578 de
2455 5524 2761 5578 Amissione
2789 5524 3005 5591 gratiae,
3038 5537 3155 5589 cap.
3189 5520 3276 5584 15,
3309 5523 3362 5574 in

1787 5622 1891 5675 fine
1921 5620 2034 5672 haec
2065 5617 2372 5672 doctissime
2397 5617 2544 5682 juxta
2577 5628 2639 5667 ac
2660 5615 2872 5669 sincere
2896 5611 3148 5681 scripsit:
3187 5628 3206 5662 ς
3239 5611 3364 5664 0m—

1789 5715 1916 5766 nino
1939 5710 2082 5764 enim
2114 5707 2400 5762 verisimile
2429 5713 2513 5760 est
2549 5721 2652 5760 non
2685 5705 2847 5759 fuisse
2881 5705 3046 5759 Deum
3076 5704 3360 5773 optimum,

2767 5821 2844 5880 20
