3892 6340
509 306 611 360 619

1396 306 1954 365 SUPPLEMENTUM
1998 304 2086 360 AD
2126 302 2358 359 OPERA
2402 301 2458 357 S.
2503 302 2888 359 AL'GUSTINI.
3674 296 3765 351 6‘30

504 433 557 474 et
596 420 760 474 nostri
795 420 1006 489 generis
1058 420 1517 486 amantissimum,
1544 423 1881 476 conditurum
1921 422 2088 476 homi-
2124 422 2166 479 Α
2201 417 2451 472 fectibilia
2495 420 2789 486 coaptavit,
2822 416 2961 495 quod
2994 414 3130 468 Deus
3158 413 3487 482 superiorem
3523 424 3767 466 naturam

504 526 625 565 nem
658 520 763 565 tum
791 511 1045 565 miserum
1075 527 1234 581 quam
1262 527 1403 565 nunc
1428 522 1530 575 est,
1556 512 1657 566 nisi
1686 514 1893 581 peccati
1917 512 2086 567 nostri

505 605 816 674 magnitudo
846 604 950 660 tale
981 605 1299 673 supplicium
1334 606 1636 659 meruisset.
1676 624 1695 657 ι
1728 605 1859 671 Qua:
1887 603 2088 659 confir-

500 707 609 751 mat
637 698 889 765 Opinione
917 697 1255 753 ethnicorum
1274 712 1338 751 ev
1366 699 1662 765 Augustino
1686 698 1873 755 citato.
1905 697 2087 766 Itaque

503 790 641 856 quod
672 804 735 843 ex
774 803 961 843 amore
988 802 1113 857 erga
1139 787 1408 852 homines,
1440 799 1496 842 et
1524 802 1620 842 sua
1643 789 1809 858 ipsius
1848 790 2086 845 bonitate

502 897 771 949 nunquam
801 881 965 934 Deum
994 879 1256 934 facturum
1291 879 1456 935 fuisse
1483 881 1839 936 Bellarminus
1867 880 2083 945 docuit,

500 972 551 1024 id
584 971 910 1038 Augustinus
952 984 1075 1024 cum
1106 979 1183 1023 tot
1222 970 1466 1024 Patribus
1506 986 1569 1025 ex
1600 971 1691 1025 Dei
1718 972 1928 1040 justitia
1960 972 2079 1026 ﬁeri

501 1080 604 1116 non
631 1078 788 1129 posse
814 1060 1119 1114 afl‘trmavit.
1153 1059 1305 1125 Quod
1332 1062 1376 1116 si
1403 1062 1731 1117 ret'entiores
1761 1072 1813 1117 et
1841 1062 2043 1117 Gelasii
2067 1103 2081 1125 ,

498 1162 553 1206 et
600 1152 827 1204 aliorum
880 1151 1078 1205 veteris
1132 1150 1388 1204 Ecclesia:
1445 1161 1720 1206 auctorum
1778 1153 2084 1207 testimonia

497 1243 672 1311 aliqua
720 1242 1159 1311 interpretatione
1200 1241 1439 1295 adhibita
1494 1255 1763 1311 utcunque
1814 1243 2087 1312 explicare

498 1334 868 1399 conabuntur,
922 1333 1061 1388 idem
1112 1348 1397 1402 precamur
1446 1348 1569 1404 erga
1614 1334 1968 1403 Augustinum
2012 1336 2087 1388 fa-

498 1427 679 1491 ciant,
735 1427 887 1493 cujus
933 1426 1089 1480 unius
1140 1425 1361 1479 vocibus
1412 1425 1485 1479 illi
1532 1422 1889 1480 locuti‘sunt.
1931 1427 2001 1479 At
2040 1427 2086 1479 si

500 1526 727 1570 ezeleros
774 1516 934 1569 etiam
966 1523 1099 1567 testu
1147 1514 1526 1582 disputationis
1554 1517 1807 1584 abreptos
1847 1516 2086 1571 veritatis

497 1619 692 1662 metam
715 1608 1022 1662 excessisse
1049 1607 1504 1677 pronuntiabunt,
1532 1622 1719 1663 eorum
1745 1624 1906 1663 voces
1924 1609 2083 1663 surda

499 1714 627 1754 aure
659 1696 1073 1766 prtnter’ibimus,
1097 1698 1395 1768 Augustino
1421 1700 1736 1755 tottestibus
1759 1700 2085 1755 doctissimis

2192 506 2432 563 inferiori
2464 508 2528 562 ad
2562 509 2662 562 hoc
2693 507 2993 575 conjunxit.
3036 513 3092 558 ut
3121 505 3169 558 ei
3199 503 3593 568 dominaretur,
3623 512 3687 557 et
3736 503 3767 556 si

2190 600 2329 670 quod
2356 600 2512 670 hujus
2538 600 2759 655 dominii
2780 590 3219 667 impedimentum
3243 613 3306 650 ex
3330 596 3543 651 defectu
3568 606 3769 650 natura

2189 694 2562 763 contingeret,
2601 692 2720 761 ejus
2759 690 2980 760 speciali
3012 699 3065 744 et
3093 688 3482 756 supernaturali
3509 688 3769 744 beneﬁcio

2191 785 2488 848 tolleretur,
2522 793 2578 837 ut
2610 784 2815 838 scilicet
2866 797 2985 836 eum
3013 782 3189 835 anima
3219 781 3493 835 rationalis
3519 781 3589 835 sit
3618 783 3769 835 altio-

2190 875 2264 929 ris
2300 884 2507 929 natura:
2557 889 2716 943 quam
2755 890 2991 943 corpus,
3048 874 3138 927 tali
3169 875 3475 927 conditione
3514 873 3767 927 credatur

2189 968 2397 1036 corpori
2419 982 2539 1021 esse
2560 966 2866 1035 conjuncta,
2898 965 3039 1034 quod
3074 966 3125 1017 in
3156 978 3390 1032 corpore
3418 964 3613 1033 aliquid
3648 979 3769 1017 esse

2187 1075 2293 1113 non
2342 1059 2510 1127 possit
2560 1058 2889 1112 contrarium
2943 1056 3177 1123 animae,
3230 1068 3511 1123 perquam
3569 1067 3765 1119 corpus

2190 1148 2337 1201 vtvit.
2380 1168 2397 1197 ι
2450 1147 2504 1200 In
2554 1145 2711 1214 quam
2757 1161 2868 1200 rem
2917 1160 3037 1200 cum
3072 1144 3323 1198 nonnulla
3354 1144 3456 1197 alia
3501 1142 3765 1206 dixisset,

2187 1238 2460 1294 concludit
2492 1254 2506 1289 :
2544 1257 2561 1289 ι
2610 1239 2700 1295 Sic
2730 1240 2889 1308 igitur
2922 1238 3227 1309 hujusmodi
3260 1237 3497 1292 defectus
3527 1236 3768 1306 quamvis

2193 1330 2465 1383 naturales
2500 1328 2703 1383 homini
2746 1328 3054 1395 videantur,
3103 1328 3348 1384 absolute
3380 1325 3768 1381 considerando

2191 1421 2479 1475 lmmanam
2528 1430 2774 1475 naturam
2819 1435 2886 1475 ex
2935 1429 3085 1489 parte
3124 1420 3241 1488 ejus
3295 1419 3434 1485 quod
3483 1430 3566 1472 est
3617 1419 3671 1470 in
3709 1432 3766 1472 ea

2193 1512 2435 1577 inferius,
2465 1519 2645 1565 tamen
2686 1510 3078 1565 considerando
3107 1509 3348 1579 divinam
3383 1507 3767 1575 providentiam

2188 1614 2241 1657 et
2289 1603 2600 1673 dignitatem
2664 1602 2958 1673 superioris
3007 1602 3172 1670 partis
3221 1599 3468 1653 humanae
3526 1608 3767 1662 naturas,

2187 1711 2332 1750 snts
2353 1711 2739 1750 PROBABILITER
2761 1695 2969 1763 probari
2998 1704 3171 1762 potest
3201 1693 3507 1761 bujusmodi
3529 1693 3667 1747 deiet
3688 1706 3769 1747 tu;

497 1804 559 1843 ac
591 1788 948 1844 sanctissimis
976 1787 1414 1856 astipulantibus.
1453 1789 1638 1859 Neque
1664 1791 1887 1858 instent,
1936 1793 2085 1847 dam-
2116 1799 2161 1857 Β
2187 1809 2307 1848 esse
2338 1793 2607 1862 pmnales,
2640 1802 2695 1846 et
2724 1792 2801 1846 sic
2831 1791 3010 1860 colligi
3056 1798 3231 1859 potest
3260 1789 3557 1842 humanum
3604 1804 3769 1857 genus

498 1888 677 1934 natam
732 1893 854 1935 esse
887 1878 1026 1933 hanc
1079 1878 1194 1934 Baii
1236 1881 1653 1950 propositionem
1706 1899 1719 1935 :

497 1973 665 2026 tuisse
722 1972 891 2026 Deum
941 1970 1180 2028 condere
1235 1972 1303 2028 ab
1357 1973 1515 2029 initio
1562 1975 1874 2042 hominem,
1914 1977 2085 2045 qualis

499 2062 659 2116 modo
709 2064 966 2115 nascitur.
1028 2080 1047 2113 ι
1098 2061 1229 2114 Nam
1288 2065 1567 2131 reponitur
1636 2078 1756 2117 cum
1825 2064 2085 2133 Gregor:o

498 2152 845 2217 Ariminensi,
882 2151 931 2215 1,
967 2151 1092 2205 dist.
1126 2150 1213 2215 42,
1243 2166 1296 2221 q.
1333 2152 1381 2215 1,
1414 2160 1517 2205 art.
1549 2152 1617 2217 2,
1642 2152 1707 2205 ad
1732 2168 1847 2222 arg.
1877 2163 2024 2208 eunt.
2050 2153 2083 2205 2

498 2242 671 2296 concl.
705 2258 719 2295 :
750 2259 769 2291 ι
810 2242 948 2295 Deus
975 2255 1079 2295 non
1117 2250 1289 2308 potest
1319 2240 1385 2294 de
1408 2240 1635 2308 justitia,
1668 2257 1789 2309 quae
1815 2250 1992 2309 potest
2017 2243 2085 2296 de

499 2332 760 2398 potentia.
824 2349 841 2380 ι
896 2330 969 2383 lta
1001 2330 1148 2383 nulla
1196 2338 1280 2383 est
1333 2329 1740 2397 impossibilitas
1784 2331 1973 2385 Judam
2031 2334 2083 2385 in

498 2420 693 2474 coelum
727 2419 897 2484 trahi,
926 2419 1021 2473 sed
1054 2419 1102 2471 id
1132 2428 1318 2472 contra
1347 2418 1442 2473 Dei
1480 2418 1741 2487 justitiam
1773 2429 1876 2474 est.
1909 2420 2085 2486 Quare

498 2515 626 2568 licet
652 2513 723 2567 sit
749 2512 1003 2582 possibile
1026 2513 1300 2582 potentiae,
1327 2528 1431 2566 non
1454 2522 1538 2566 est
1557 2514 1814 2583 possibile
1835 2514 2082 2584 justitias,

501 2607 657 2661 talem
690 2606 846 2661 condi
880 2606 1150 2660 hominem
1177 2606 1351 2675 qualis
1376 2605 1535 2659 modo
1563 2608 1818 2672 nascitur;
1844 2608 1897 2662 in
1922 2608 2085 2675 priori

500 2712 627 2751 vero
682 2706 885 2750 tantum
941 2710 1102 2751 sensu
1148 2697 1237 2763 qui
1284 2704 1485 2766 negat,
1518 2712 1639 2751 cum
1687 2697 1937 2752 damnata
1975 2699 2086 2752 llaii
2116 2689 2128 2702 ’

505 2792 868 2859 propositione
892 2790 1074 2844 sentit.
1099 2788 1162 2842 Et
1186 2797 1355 2856 certe,
1382 2790 1454 2843 uti
1482 2789 1729 2858 superius
1750 2789 2086 2854 dicebamus,

502 2884 646 2937 Deus
688 2883 756 2936 ab
808 2881 957 2935 initio
989 2895 1095 2935 non
1147 2880 1321 2949 potuit
1368 2879 1601 2933 condere
1642 2880 1919 2935 hominem
1964 2895 2085 2934 cum

503 2981 721 3041 peccato
744 2970 1011 3039 originali,
1036 2986 1160 3024 cum
1188 2984 1294 3037 quo
1318 2969 1477 3023 modo
1500 2969 1759 3022 nascitur.
1788 2971 1936 3024 Alius
1959 2985 2087 3039 ergo

503 3064 665 3118 debet
705 3077 824 3117 esse
854 3062 996 3115 illius
1022 3058 1407 3129 propositionis
1437 3060 1702 3113 damnata:
1728 3075 1951 3125 sensus,
1982 3076 2086 3130 qua

1771 1901 1790 1934 ι
1835 1882 1952 1938 Non
1992 1900 2113 1952 βοοκ

2190 1892 2408 1954 peccato
2427 1883 2602 1952 aliquo
2620 1899 2741 1938 esse
2762 1883 3042 1937 infecmm.
3075 1901 3096 1934 ι
3123 1882 3248 1955 llaec
3270 1892 3490 1935 sanctus
3512 1880 3765 1947 Thomas,

2189 1991 2348 2045 quem
2381 1990 2501 2029 cum
2538 1985 2614 2030 tot
2654 1976 3035 2042 sapientissimi
3068 1988 3129 2027 ac
3158 1970 3491 2027 subtilissimi
3524 1972 3768 2025 doctores

2194 2077 2510 2137 sequantur,
2536 2069 2643 2136 jam
2669 2067 2858 2122 videtis
2885 2082 3017 2136 quos
3038 2076 3329 2135 quantosve
3350 2066 3587 2119 asseclas
3612 2065 3769 2118 habet

2207 2159 2291 2211 illa
2325 2158 2605 2226 Augusdni
2633 2172 2697 2212 ex
2730 2157 2960 2211 miseriis
2993 2157 3236 2211 humana:
3264 2156 3386 2208 vita:
3428 2156 3629 2222 peccati
3664 2155 3770 2207 ori-

2185 2246 2380 2314 ginalis
2423 2247 2547 2300 satis
2578 2246 2908 2315 probabiliter
2939 2246 3111 2314 posita
3160 2244 3346 2298 illatio.
3394 2242 3501 2297 Sed
3533 2252 3633 2297 nec
3678 2243 3769 2294 de-

2189 2338 2336 2392 luere
2390 2339 2683 2407 scriptores
2736 2351 2767 2392 e
2809 2338 3098 2399 societate,
3130 2335 3221 2404 qui
3270 2333 3567 2402 Augustino
3609 2346 3671 2387 ea
3719 2334 3765 2385 in

2186 2431 2451 2485 sententia
2509 2444 2700 2483 manus
2748 2428 2983 2492 darent;
3041 2441 3177 2481 unus
3233 2426 3478 2479 audiatur
3526 2424 3765 2478 Joannes

2188 2517 2481 2586 Bagocius;
2523 2517 2617 2571 lib.
2650 2532 2679 2569 v
2728 2516 3006 2569 Dcmonst.
3054 2514 3237 2583 dogm.
3273 2512 3496 2578 Cbrist.,
3528 2514 3665 2580 disp.
3699 2514 3764 2572 8,

2188 2622 2305 2675 cap.
2340 2608 2396 2673 5,
2428 2614 2561 2661 sect.
2595 2606 2666 2671 9,
2708 2606 2760 2659 in
2803 2606 2958 2660 titulo
2990 2606 3180 2674 quaerit
3226 2622 3237 2656 :
3272 2606 3349 2657 An
3380 2609 3511 2675 [oret
3549 2604 3765 2673 injustas

2192 2697 2332 2752 Deus
2362 2738 2377 2764 ,
2421 2700 2464 2751 si
2515 2706 2713 2769 cogeret
2760 2698 3015 2750 hominem
3054 2698 3164 2749 sine
3211 2704 3354 2749 reatu
3402 2696 3567 2765 culpc
3622 2695 3761 2747 tueri.

2198 2789 2511 2857 Respondet
2540 2804 2555 2840 :
2595 2808 2611 2839 ε
2650 2789 2878 2843 Sanctus
2912 2786 3240 2856 Augustinus
3278 2795 3331 2840 et
3350 2785 3442 2839 alii
3467 2785 3583 2855 ejus
3614 2783 3767 2838 disci-

2192 2883 2339 2951 puli,
2394 2884 2603 2952 ipsique
2653 2882 2839 2937 Patres
2885 2896 3147 2935 canonum
3191 2879 3534 2933 Arausicante
3584 2877 3767 2947 synodi

2192 2974 2339 3028 aiunt
2370 2974 2537 3028 Deum
2568 2989 2673 3028 non
2703 2974 2946 3043 potuisse
2974 2971 3244 3024 hominem
3284 2970 3384 3024 nisi
3422 2970 3594 3038 culpa:
3624 2983 3766 3023 reum

2192 3064 2503 3119 necessitati
2535 3062 2796 3117 moriendi
2825 3062 3097 3124 addicere,
3128 3060 3441 3129 volantque,
3473 3059 3517 3113 si
3548 3058 3602 3112 id
3633 3057 3761 3112 Deus

503 3155 570 3208 de
602 3168 660 3208 re
690 3152 840 3221 plura
869 3149 1188 3220 §superiori
1216 3148 1357 3231 dicta
1387 3157 1530 3215 sunt,
1555 3163 1672 3217 qua:
1702 3149 1895 3203 iterum
1928 3164 2083 3219 repe-
2112 3173 2158 3234 ρ
2192 3152 2416 3218 faceret,
2451 3153 2563 3209 fore
2591 3153 2871 3223 injustam,
2903 3154 3025 3222 quia
3051 3167 3262 3222 pcenam
3294 3166 3400 3205 non
3434 3152 3661 3207 merenti
3686 3150 3759 3203 in-

504 3255 613 3295 tere
641 3255 746 3294 non
771 3251 941 3294 vacat.

578 3332 689 3387 lloc
733 3332 892 3402 igitur
916 3332 1086 3387 sancti
1123 3331 1401 3401 Augustini
1424 3340 1740 3401 argumento
1767 3342 1820 3388 et
1852 3334 2087 3403 Aposto-

505 3425 604 3477 lica
635 3423 815 3490 sedes,
843 3432 897 3478 et
925 3431 1002 3478 tot
1023 3422 1208 3477 Patres
1237 3422 1317 3477 nsi
1345 3430 1491 3487 sunt,
1524 3437 1587 3478 ac
1611 3427 1909 3491 prazsertim
1940 3436 2087 3480 utra-

503 3531 609 3585 que
636 3516 877 3587 synodus
907 3525 961 3571 et
996 3515 1360 3572 Sardiniensis
1399 3526 1453 3571 et
1478 3517 1805 3571 Arausicana
1836 3557 1850 3582 ,
1892 3525 1949 3572 ut
1978 3517 2085 3586 jam

505 3608 636 3661 satis
666 3616 843 3676 pateat
871 3604 1110 3661 Morainii
1142 3606 1442 3675 ignorantia
1499 3614 1593 3660 aut
1641 3608 1915 3661 temeritas
1939 3646 1954 3674 ,
1995 3607 2099 3676 qui

503 3698 587 3750 vel
612 3696 664 3750 id
691 3696 977 3767 ignoravit,
1000 3696 1083 3749 Vel
1111 3710 1214 3749 una
1235 3711 1355 3750 cum
1385 3696 1679 3765 Augustino
1704 3705 1778 3750 tot
1807 3706 2088 3765 tantosque

505 3787 695 3840 Patres
722 3799 985 3839 excessus
1012 3785 1238 3838 crimine
1259 3784 1506 3837 imolvit.
1534 3784 1639 3839 Sed
1669 3799 1798 3853 age,
1831 3800 1951 3840 cum
1986 3788 2084 3840 ho-

503 3880 646 3933 mine
693 3877 1021 3931 scholastico
1068 3875 1306 3929 omnium
1349 3875 1791 3930 scholasticorum
1834 3868 2086 3947 principis

505 3968 814 4025 testimonio
832 3983 1143 4038 pugnemus.
1164 3967 1210 4021 ls
1226 3976 1306 4021 est
1322 3982 1545 4035 magnus
1560 3971 1835 4037 Augustini
1853 3972 1982 4027 disci
1989 3987 2084 4042 pu-

504 4065 687 4126 lus,ae
705 4059 1054 4114 nobilissimae
1077 4058 1275 4113 scholae
1299 4059 1571 4114 maximus
1602 4060 1854 4129 magister
1868 4072 2085 4118 sanctus

500 4152 732 4205 Thomas
752 4193 767 4218 ,
799 4152 889 4223 qui
924 4151 1110 4207 scribit
1134 4151 1492 4222 Augustinum
1524 4165 1668 4206 SATIS
1699 4168 2085 4209 pnonsnmrnn

500 4261 561 4301 ex
602 4245 833 4300 miseriis
876 4246 996 4299 vita!
1042 4245 1287 4299 humanre
1344 4255 1621 4314 peccatum
1673 4247 1935 4317 originale
1985 4247 2083 4301 de-

514 4336 753 4391 duxisse.
780 4337 940 4404 igitur
960 4337 1244 4403 Angelicus
1267 4346 1587 4404 prmceptor,
1607 4334 1837 4391 4contra
1861 4337 2081 4403 Gentes,

499 4441 617 4495 cap.
651 4425 741 4491 52,
774 4425 959 4489 initio,
983 4425 1140 4479 docet
1167 4424 1414 4480 miserias
1442 4426 1690 4482 humana:
1719 4438 1923 4482 naturae
1965 4444 2084 4484 esse

499 4516 744 4587 quaedam
778 4516 1072 4585 probabilia
1104 4514 1251 4584 signa
1283 4516 1490 4584 peccati
1522 4517 1802 4586 originalis
1822 4556 1837 4582 ,
1880 4527 1932 4572 et
1956 4518 2084 4572 sub-

499 4614 577 4665 d.t
609 4630 620 4663 :
662 4629 680 4662 ι
722 4611 908 4664 Ροεέει
940 4620 1116 4662 tamen
1141 4608 1335 4676 aliquis
1365 4607 1547 4663 dicere
1576 4609 1880 4676 huiusmodi
1904 4609 2082 4663 defee-

499 4715 583 4759 tus
611 4713 717 4758 tam
748 4702 1055 4773 corporales
1092 4717 1249 4771 quam
1282 4700 1593 4769 spirituales
1624 4716 1728 4754 non
1752 4715 1873 4756 esse
1902 4717 2085 4770 paena-

498 4796 613 4857 lcs,
665 4795 756 4849 sed
789 4796 1061 4849 naturales
1103 4790 1345 4848 defectus
1385 4806 1452 4845 ex
1482 4792 1803 4846 necessitate
1845 4793 2082 4847 materizn

496 4898 908 4957 consequentes.
956 4887 1190 4945 Necesse
1231 4894 1316 4942 est
1360 4884 1504 4940 enim
1532 4898 1728 4953 corpus
1759 4885 2079 4949 humanum,

497 4995 619 5034 cum
658 4981 725 5034 sit
753 4995 815 5033 ex
841 4981 1127 5034 contrariis
1153 4977 1534 5047 compositum,
1568 4975 1918 5042 corruptibile
1939 4990 2080 5038 €838,

495 5079 550 5124 et
580 5067 887 5123 sensibilem
917 5069 1213 5135 appetitum
1245 5068 1300 5122 in
1342 5081 1403 5122 ea
1424 5107 1440 5130 ,
1474 5080 1592 5134 qua:
1621 5073 1749 5118 sunt
1783 5065 2076 5118 secundum

495 5176 713 5221 sensum
763 5157 1134 5225 delectabilia,
1191 5158 1417 5223 moveri,
1470 5171 1592 5225 qua:
1640 5154 1910 5211 interdum
1952 5161 2080 5207 sunt

494 5252 761 5314 contraria
793 5250 1016 5317 rationi,
1056 5268 1074 5301 ι
1105 5259 1212 5303 etc.
1248 5249 1376 5316 Quae
1405 5247 1672 5317 ipsissima
1696 5256 1778 5301 est
1801 5245 2077 5314 responsio

494 5365 652 5419 quam
690 5344 1019 5402 recentiores
1067 5349 1385 5407 argumento
1431 5340 1601 5392 sancti
1645 5337 1928 5406 Augustini
1983 5351 2075 5401 ap-

493 5440 714 5509 plicant.
748 5435 941 5491 Verum
971 5433 1152 5485 statim
1190 5430 1335 5483 illam
1388 5428 1628 5497 infringit
1658 5427 1944 5496 Angelicus
1993 5424 2076 5479 his

495 5530 672 5584 verbis
702 5546 714 5580 :
745 5547 763 5579 ‹
801 5526 908 5583 Sed
946 5537 1123 5581 tamen
1152 5524 1196 5577 si
1227 5522 1347 5592 quis
1378 5529 1525 5575 recte
1549 5520 1890 5585 consideret,
1933 5533 2079 5574 SATIS

496 5633 875 5672 rnoasnturen
910 5621 1105 5687 poterit
1151 5614 1460 5681 aestimare,
1509 5611 1687 5666 divina
1745 5610 2078 5681 providentia

495 5709 798 5771 Supposita,
832 5723 950 5774 quin
987 5705 1216 5775 singulis
1245 5702 1664 5773 perfectionibus
1687 5716 1921 5771 congrua
1954 5717 2077 5771 per-

2190 3244 2417 3312 ﬂigeret.
2475 3265 2490 3294 ι
2531 3244 2597 3297 Ει
2624 3259 2741 3313 cap.
2776 3244 2830 3309 7,
2855 3252 2989 3298 sect.
3026 3242 3080 3309 5,
3116 3243 3234 3296 ait:
3272 3260 3290 3293 ‹
3332 3242 3525 3297 Fateor
3564 3256 3759 3311 quoque

2193 3334 2359 3389 Deum
2393 3335 2459 3389 de
2493 3335 2726 3403 potentia
2759 3349 2852 3403 per
2876 3333 3167 3388 bonitatem
3197 3341 3250 3386 et
3276 3332 3594 3400 sapientiam
3622 3330 3758 3385 ordi-

2190 3436 2312 3482 nata
2340 3426 2491 3481 nullo
2544 3437 2761 3495 peccato
2802 3425 3085 3493 permisso,
3132 3438 3235 3478 non
3262 3423 3497 3491 potuisse
3522 3422 3655 3476 velle
3676 3420 3758 3473 ho-

2191 3516 2390 3570 minem
2421 3515 2579 3568 morti
2610 3512 2927 3576 obnuximu,
2962 3520 3016 3565 et
3046 3527 3165 3567 cum
3200 3511 3462 3579 pravitate
3492 3508 3756 3577 concupiso

2190 3608 2381 3663 centia:
2411 3608 2643 3662 carnalis
2672 3620 2877 3661 creare.
2913 3624 2932 3657 ι
2970 3604 3094 3659 lhtec
3117 3604 3205 3659 ille
3235 3619 3339 3657 non
3386 3602 3594 3671 exigua:
3636 3602 3756 3655 inter

2190 3698 2749 3765 recentioresfamte,
2796 3699 2883 3768 qui
2928 3709 3114 3766 postea
3163 3696 3459 3766 insignibus
3515 3695 3748 3753 Thomas,

2188 3792 2467 3861 Augustini
2521 3790 2826 3844 nominibus
2884 3788 3174 3858 assumptis
3219 3798 3405 3843 contra
3460 3786 3752 3842 Janseuium

2187 3885 2424 3953 scripsit.

2260 3995 2399 4067 §IV.
2428 3996 2509 4049 An
2541 4005 2746 4050 sanctus
2772 3996 3088 4067 Augustinus
3118 3993 3387 4067 disputans
3418 3991 3483 4044 de
3505 3989 3756 4044 virtutibus

2668 4063 2953 4133 inﬁdelium
2989 4063 3279 4117 excesserit.

2262 4158 2410 4212 Idem
2467 4154 2808 4219 Morainins,
2870 4152 3182 4223 rigidiorem
3230 4150 3546 4207 existimans
3604 4145 3756 4202 sancti

2188 4250 2424 4307 doctoris
2468 4251 2789 4304 sententiam
2835 4248 2901 4301 de
2933 4246 3218 4299 virtutibus
3270 4242 3606 4309 inﬁdelium,
3656 4242 3757 4292 hate

2188 4341 2374 4397 scribit
2394 4340 2533 4409 disp.
2571 4341 2659 4404 19,
2692 4356 2839 4393 num.
2875 4338 2943 4392 '53
2971 4354 2984 4389 :
3023 4356 3042 4387 ι
3074 4332 3757 4404 Dicitdisputando’contra

2187 4432 2525 4503 Pelagianos,
2550 4431 2638 4500 qui
2666 4446 2783 4484 cum
2815 4429 2971 4483 nimis
2998 4426 3476 4481 estollerentvires
3503 4421 3759 4478 naturales

2190 4524 2340 4579 liberi
2381 4522 2624 4585 arbitrii,
2658 4520 3103 4587 afﬁrmarentque
3143 4515 3393 4572 sufficere
3442 4516 3557 4569 sine
3601 4514 3758 4583 grat‘a

2190 4631 2294 4669 non
2324 4614 2485 4669 modo
2529 4614 2595 4667 ad
2648 4614 2875 4668 virtutes
2921 4612 3193 4665 naturales
3239 4606 3620 4679 quascunque,
3673 4604 3760 4659 sed

2187 4705 2344 4758 etiam
2375 4704 2441 4758 ad
2465 4704 2692 4758 salutem
2719 4742 2734 4769 ,
2771 4702 3099 4772 Augustinus
3132 4710 3187 4754 ut
3220 4700 3343 4754 illos
3374 4700 3441 4753 ab
3474 4713 3535 4752 eo
3579 4708 3765 4750 errore

2188 4794 2444 4860 abducat,
2472 4794 2525 4847 in
2566 4794 2895 4847 contrarium
2919 4800 3216 4846 extremum
3242 4799 3373 4843 mStu
3394 4783 3764 4856 disputationis

2187 4885 2359 4954 abripi
2387 4885 2655 4941 interdum
2686 4884 2920 4938 videtur.
2962 4901 2981 4933 ι
3017 4882 3123 4936 Sed
3152 4880 3400 4935 eumdem
3429 4876 3658 4945 lapidem
3684 4872 3762 4925 hic

2187 4992 2379 5032 censor
2417 4976 2639 5032 olfendit
2684 4993 2697 5027 :
2732 4990 2851 5028 nam
2885 4976 2952 5027 de
2996 4973 3277 5026 virtutibus
3318 4968 3616 5023 infidelium
3665 4977 3758 5016 non

2189 5079 2320 5123 arstu
2343 5067 2720 5137 disputationis
2744 5064 3004 5129 impulsus
3037 5074 3253 5117 sanctus
3284 5062 3470 5114 doctor
3493 5055 3755 5112 disseruit.

2188 5159 2281 5213 sed
2310 5158 2377 5212 ab
2426 5156 2754 5211 adversariis
2796 5154 2847 5208 in
2890 5168 3006 5206 eam
3053 5168 3125 5206 ar.
3149 5166 3266 5205 nam
3313 5155 3671 5215 provocatus,
3706 5142 3761 5193 li-

2186 5247 2376 5302 benter
2404 5256 2460 5301 et
2502 5248 2744 5299 animose
2775 5243 3078 5298 descendit.
3121 5241 3331 5295 Etenim
3378 5235 3678 5308 Pelagiani,
3711 5238 3758 5283 ut

2189 5339 2474 5407 probarent
2499 5350 2653 5405 posse
2686 5336 2955 5391 hominem
2990 5333 3106 5387 sine
3128 5330 3297 5399 gratia
3343 5331 3478 5385 bene
3521 5324 3753 5395 cperari.

2187 5426 2435 5492 exempla
2492 5425 2782 5479 infidelium
2834 5424 3235 5493 producebant,
3267 5412 3423 5490 quos
3455 5417 3759 5473 asserebant

2184 5517 2302 5570 sine
2333 5516 2423 5570 Dei
2453 5518 2623 5586 gratia
2650 5517 2887 5584 pluribus
2908 5514 3195 5569 virtutibus
3215 5511 3483 5566 floruisse.
3508 5506 3758 5561 Audiatur

2187 5617 2403 5662 sanctus
2436 5608 2594 5663 Pater
2621 5608 2717 5662 lib.
2751 5624 2800 5661 tv
2823 5618 3003 5661 contra
3028 5605 3317 5667 lulianum,
3348 5615 3469 5669 cap.
3506 5601 3577 5654 ὃς
3616 5614 3634 5646 ι
3665 5594 3758 5648 S't'

2185 5699 2301 5756 lctis
2332 5699 2500 5770 enim,
2528 5708 2783 5770 negantes
2824 5699 2915 5754 Dei
2946 5698 3088 5753 dona
3114 5709 3231 5751 esse
3259 5694 3518 5759 virtutes,
3572 5684 3757 5756 quibus
