3892 6306
155 312 252 369 621

1325 315 1649 375 VINDICUE
1690 314 2250 373 AUGUSTINIANAS.

3327 322 3431 379 021

154 444 298 491 recte
328 437 555 501 vivitur,
596 444 761 492 eteas
808 444 1009 492 naturae
1053 436 1422 507 voluntatique
1470 439 1735 503 humanae,
1768 442 1813 496 A
1845 451 2009 505 opere
2038 452 2145 491 non
2188 435 2243 489 in
2295 434 2520 489 Domino
2547 432 2811 503 gloriari,
2854 436 3003 491 solus
3034 435 3231 506 impius
3272 450 3425 509 negat

153 541 257 581 non
288 527 477 597 gratia:
504 526 599 581 Dei
634 526 951 592 tribuentes,
983 527 1084 582 hoe
1108 528 1183 582 uti
1207 537 1548 597 argumento,
1592 527 1735 594 quod

150 632 240 670 eas
271 632 657 687 nonnunquam
704 616 940 673 habeant
972 617 1244 683 inﬁdeles,
1287 635 1306 669 ι
1356 626 1463 673 etc.
1511 617 1579 670 At
1626 618 1735 670 Au-

146 707 392 776 gusﬁnus
418 706 619 761 ibidem
654 722 750 776 per
770 709 1141 777 septingentos
1176 715 1232 761 et
1276 706 1508 775 amplius
1547 719 1736 760 versus

148 797 336 865 probat
356 797 579 851 virtutes
604 796 901 852 inﬁdelium
928 796 1180 851 habuisse
1202 796 1495 852 bonitatem
1528 805 1733 850 tantum

146 886 474 959 civilem,‘ac
505 888 666 942 fuisse
701 888 880 956 specie
911 898 1068 941 tenus
1098 887 1239 956 apud
1272 886 1518 941 homines
1542 886 1732 941 lauda-

146 978 311 1044 biles,
373 978 467 1034 illo
519 979 820 1047 praesertim
868 979 935 1033 ad
968 979 1238 1039 Romanos
1288 994 1377 1032 xrv
1430 979 1736 1033 testimonio

146 1083 271 1122 usus
296 1085 310 1122 :
341 1068 523 1137 Omne,
549 1071 685 1139 quod
709 1087 809 1123 non
837 1080 910 1124 est
936 1085 1000 1123 ea:
1028 1070 1152 1138 ﬁde,
1177 1078 1437 1139 peccatum
1458 1079 1552 1123 est.
1583 1068 1733 1123 Unde

153 1175 271 1213 cum
299 1159 370 1215 de
410 1161 660 1229 operibus
701 1159 998 1216 inﬁdelium
1034 1167 1186 1214 tanto
1220 1159 1406 1215 labore
1447 1174 1511 1213 ac
1556 1158 1735 1212 studio

147 1254 479 1322 Augustinus
522 1268 641 1307 cum
689 1252 990 1322 Pelagianis
1018 1250 1402 1320 disputaverit,
1446 1265 1509 1305 ac
1538 1250 1732 1304 ibidem

154 1359 372 1397 onmem
402 1341 724 1396 adversariis
770 1343 969 1396 aditum
1001 1340 1362 1396 subtilissimis
1411 1340 1734 1410 argumentis

155 1435 518 1504 praeluserit,
553 1449 659 1487 non
690 1442 823 1487 mstu
847 1433 1225 1501 disputationis
1255 1432 1308 1486 id
1362 1433 1608 1502 protulit,
1638 1430 1731 1486 sed

147 1538 272 1597 post
302 1528 516 1597 longam
540 1526 619 1582 rei
645 1526 975 1581 difﬁcillima:
1003 1525 1422 1589 meditationem,
1456 1540 1519 1579 ac
1538 1524 1729 1578 seriam

150 1619 479 1687 quaestionis
510 1619 673 1672 totius
695 1617 1201 1672 considerationem.
1228 1617 1340 1669 Duo
1366 1628 1544 1669 autem
1576 1629 1731 1670 sanes

142 1719 233 1764 tus
255 1696 449 1766 doctor
478 1712 707 1765 asseruit
737 1727 749 1761 :
785 1709 1019 1764 Primum
1044 1708 1217 1763 nullas
1251 1710 1302 1763 in
1327 1708 1631 1763 infidelibus
1659 1724 1724 1763 ex

1841 540 1963 581 esse
1988 536 2292 596 peccatum.
2336 544 2354 577 ι
2403 525 2456 579 In
2486 540 2642 595 quam
2668 539 2783 580 rem
2808 526 2959 597 plura
2986 526 3055 583 ibi
3087 528 3354 584 subtiliter
3372 541 3427 586 et

1837 628 1995 671 acute
2026 616 2291 686 congerit.

1911 709 2035 762 llaec
2061 708 2274 777 quidem
2320 719 2466 764 certa
2499 718 2643 776 sunt,
2671 724 2793 763 nam
2841 725 2870 763 a
2901 711 3049 765 nullo
3095 709 3211 764 viro
3237 709 3425 764 catbo-'

1836 796 1938 851 lico
1968 797 2021 850 in
2049 796 2272 851 dubium
2293 799 2472 853 vocari
2503 808 2678 868 potest
2728 810 2882 856 actus
2914 802 3145 857 morales
3178 802 3427 855 humana:

1838 886 2024 956 gloria:
2054 887 2431 953 inservientes,
2462 888 2589 943 licet
2627 890 2757 945 alias
2784 906 2850 946 ex
2879 892 3092 962 obiecto
3128 893 3252 946 boni
3292 892 3425 958 sint,

1836 993 1902 1032 ex
1936 992 2095 1046 prava
2149 987 2328 1033 tamen
2388 979 2683 1035 intentione
2733 981 2933 1049 vitiari,
2967 984 3123 1039 sicuti
3172 992 3322 1039 actus
3369 985 3425 1037 in

1836 1067 2069 1135 speciem
2120 1068 2248 1122 boui
2298 1065 2678 1136 Epicureorum
2733 1086 2761 1123 a
2800 1072 3088 1127 virtutibus
3133 1072 3427 1141 degenera-

1838 1159 1983 1222 bant,
2018 1160 2139 1230 quia
2170 1170 2330 1216 sectae
2362 1161 2619 1231 magister
2641 1163 2857 1218 easdem
2882 1165 3125 1231 virtutes,
3148 1173 3205 1220 ut
3224 1165 3423 1220 ibidem

1836 1252 1910 1305 ait
1934 1252 2286 1321 Augustinus,
2328 1277 2345 1304 ι
2384 1253 2590 1307 inducit
2614 1255 2900 1323 voluptatis
2923 1257 3166 1310 ancillas.
3199 1275 3217 1307 ι
3254 1258 3428 1325 Oppo-

1838 1351 1971 1395 nunt
2002 1350 2177 1397 tamen
2207 1344 2493 1397 contraria:
2518 1346 2799 1398 sententia:
2825 1357 3072 1399 auctores
3123 1360 3279 1414 posse
3329 1346 3427 1401 ho-

1836 1433 2035 1486 minem
2088 1432 2360 1488 inﬁdelem
2416 1434 2612 1489 elicere
2657 1443 2806 1490 actus
2856 1436 3067 1489 virtutis
3119 1436 3188 1491 ob
3250 1436 3424 1491 solam

1834 1522 2121 1591 ipsiusmet
2164 1526 2343 1592 operis
2383 1524 2742 1593 honestatem,
2774 1527 2975 1580 nullam
3025 1526 3149 1581 inde
3193 1526 3261 1581 ab
3303 1526 3425 1581 aliis

1835 1616 2046 1670 laudem
2100 1627 2317 1686 captare
2346 1617 2692 1683 desiderans;
2741 1618 3003 1688 siquidem
3054 1634 3173 1673 cum
3224 1621 3423 1675 bonum

1837 1710 2119 1763 honestum
2151 1709 2223 1762 sit
2250 1709 2388 1763 intra
2420 1709 2689 1779 objectum
2713 1711 3020 1773 voluntatis,
3054 1712 3181 1766 illud
3206 1723 3427 1782 pr0pter

139 1801 310 1855 solius
340 1800 497 1855 liberi
534 1800 751 1854 'arbitrii
786 1800 990 1854 viribus
1022 1799 1246 1853 virtutes
1284 1800 1544 1868 reperiri;
1596 1800 1725 1853 alte-
1758 1784 1806 1842 Β
1832 1813 1893 1854 se
1923 1799 2151 1867 praecise
2179 1814 2209 1853 a
2239 1800 2512 1854 voluntate
2543 1802 2721 1869 appeti
2754 1809 2951 1870 potest.
2988 1802 3184 1855 Verum
3214 1805 3423 1872 Augus—

138 1905 255 1943 rum
279 1932 294 1956 ,
323 1891 372 1945 si
401 1904 522 1959 quae
554 1890 606 1943 in
636 1889 838 1944 eisdem
872 1892 1099 1945 virtutes
1129 1889 1360 1955 fuerint,
1387 1890 1602 1944 easdem
1637 1904 1730 1943 ne-

140 1995 403 2050 quaquam
436 1981 674 2050 ipsorum
703 1980 1008 2045 voluntati,
1063 1981 1154 2034 sed
1188 1980 1385 2034 divinae
1429 1981 1616 2050 gratia:
1645 1996 1729 2034 as-

146 2072 431 2125 cribendas
467 2084 608 2126 esse.
658 2070 781 2126 Scio
824 2070 1109 2140 plerosque
1149 2069 1541 2135 scholasticos,
1586 2070 1729 2140 quod

145 2164 374 2232 primum
403 2163 536 2217 illud
558 2165 784 2227 attinet,
816 2162 885 2216 ab
927 2162 1209 2231 Augustini
1256 2162 1521 2216 sententia
1552 2176 1729 2217 reces-

144 2256 293 2309 sisse.
329 2255 412 2309 Illi
443 2266 618 2310 autem
641 2255 793 2324 juxta
843 2254 1151 2310 Aristotelis
1185 2254 1428 2310 Ethicam
1468 2255 1537 2310 de
1566 2256 1729 2311 virtu-

147 2347 281 2403 tibus
310 2348 691 2417 disputarunt,
735 2364 858 2403 cum
890 2358 1068 2403 tamen
1093 2349 1446 2419 philosophos
1478 2350 1727 2405 humana:

146 2450 345 2494 natura:
375 2440 630 2496 debilitas
659 2455 724 2494 ex
751 2442 999 2510 originali
1036 2441 1156 2497 labe
1186 2443 1427 2497 derivata
1476 2445 1723 2510 latuerit,

144 2543 203 2585 ac
228 2531 509 2588 insuuuni
541 2531 663 2585 boui
684 2531 995 2599 cognitione
1023 2531 1234 2602 longius
1256 2548 1285 2587 a
1318 2528 1543 2589 veritate
1572 2550 1729 2589 exor-

143 2623 446 2678 bitaverint.
492 2626 557 2677 At
586 2624 917 2692 Augustinus
938 2639 1003 2675 ex
1039 2623 1208 2678 sacris
1233 2624 1426 2679 litteris
1451 2665 1465 2690 ,
1498 2640 1597 2680 nec
1623 2640 1727 2680 non

145 2715 432 2769 excelsiori
460 2728 523 2767 ac
543 2712 817 2774 subtilioii
846 2714 1113 2784 theologia
1138 2729 1288 2768 suam
1315 2716 1489 2786 ipsius
1511 2725 1730 2771 senten-

150 2805 275 2857 tiam
334 2803 581 2858 deduxit.
639 2805 694 2857 In
724 2819 790 2858 eo
839 2818 970 2858 vero
1001 2804 1406 2873 Augustiniana:
1438 2809 1732 2885 sententia:

144 2896 297 2949 cardo
324 2905 592 2962 versatur,
618 2896 759 2965 quod
787 2896 1010 2950 virtutes
1037 2910 1064 2949 a
1095 2896 1240 2951 vitiis
1266 2912 1373 2952 non
1402 2898 1604 2965 ofﬁcio,
1636 2899 1729 2954 sed

156 2984 253 3039 ﬁne
285 2984 687 3039 disternuntur.
720 2983 983 3038 Audiatur
1012 2986 1344 3055 Augustinus
1370 2987 1464 3042 lib.
1508 3004 1562 3042 tv
1615 2988 1731 3044 lau-

148 3076 260 3133 dato
305 3084 493 3131 contra
525 3074 792 3130 Julianum
834 3092 850 3128 :
907 3093 925 3126 ‹
964 3074 1191 3130 Nox-eris
1231 3076 1449 3146 itaque,
1515 3078 1721 3147 inquit,

145 3185 239 3225 non
269 3173 467 3229 ofﬁciis
494 3215 509 3239 ,
568 3174 663 3229 sed
693 3174 887 3229 ﬁnibus
916 3187 947 3227 a
997 3172 1138 3228 vitiis
1165 3174 1551 3229 discernendas
1595 3188 1718 3229 esse

146 3264 376 3319 virtutes.
398 3263 661 3321 Ofﬁcium
683 3278 761 3321 eSt
789 3277 965 3321 autem
983 3266 1124 3335 quod
1149 3264 1451 3322 faciendum
1476 3274 1585 3321 est:
1605 3264 1728 3320 ﬁnis

152 3370 265 3410 vero
303 3368 529 3427 propter
572 3358 709 3429 quod
737 3356 1039 3411 faciendum
1076 3365 1180 3412 est.
1218 3356 1350 3411 Cum
1392 3357 1573 3427 itaque
1600 3354 1729 3410 facit

150 3444 299 3502 homo
328 3449 553 3520 aliquid,
587 3449 674 3504 ubi
693 3463 915 3519 peccare
933 3464 1038 3502 non
1052 3448 1286 3514 videtur,
1312 3448 1358 3502 si
1386 3462 1491 3502 non
1509 3455 1728 3516 propter

154 3536 246 3592 boc
264 3538 405 3609 facit,
433 3549 657 3611 propter
677 3540 819 3609 quod
843 3540 1017 3595 facere
1031 3539 1208 3605 debet,
1224 3553 1446 3609 peccare
1459 3538 1727 3593 convinci-

154 3637 247 3681 tur.
276 3649 292 3681 ι
324 3631 433 3687 lloc
454 3632 651 3701 probat
669 3632 863 3686 ibidem
878 3631 1439 3699 exemploavarorum,
1456 3631 1545 3698 qui
1562 3630 1729 3707 virtu-

154 3717 284 3773 tibus
306 3723 603 3777 moralibus
622 3721 840 3777 studere.
864 3736 923 3775 se
946 3721 1303 3790 ﬁngunt,qua:
1323 3728 1501 3775 tamen
1525 3720 1577 3773 in
1602 3719 1727 3774 vitia

156 3808 390 3865 desinunt
414 3853 428 3877 ,
458 3811 609 3882 quod
658 3812 900 3866 avaritia:
939 3810 1281 3865 aucillantur.
1317 3810 1466 3864 Unde
1507 3822 1615 3864 non
1646 3816 1731 3863 est

159 3904 461 3961 attendenda
485 3906 607 3961 sola
631 3886 926 3961 substantia
950 3904 1128 3974 operis
1158 3903 1210 3957 in
1240 3903 1475 3971 Speciem
1503 3902 1630 3957 boni
1659 3916 1727 3956 ex

160 3991 377 4064 obiecto,
402 3998 498 4053 sed
527 3997 650 4052 ﬁnis
676 4011 887 4067 quoque
917 3994 1339 4051 considerandus
1362 3995 1529 4059 venit,
1566 4007 1726 4063 prop-

160 4091 231 4136 ter
256 4101 407 4156 quem
424 4091 574 4145 idem
592 4103 729 4158 opus
758 4089 989 4144 elicitur.
1016 4088 1111 4142 His
1136 4096 1313 4141 autem
1335 4085 1505 4141 fusius
1530 4084 1726 4140 ibidem

160 4172 220 4225 ab
238 4175 535 4249 Augustino
561 4178 819 4249 probatis,
846 4178 986 4232 idem
1018 4185 1243 4231 conatur
1272 4176 1536 4240 evincere,
1567 4176 1618 4229 in
1644 4176 1726 4229 in-

166 4262 396 4324 ﬁdelibus
424 4288 537 4328 non
565 4270 729 4325 fuisse
756 4285 912 4325 veras
939 4270 1163 4323 virtutes
1184 4310 1198 4336 ,
1233 4269 1354 4337 quia
1377 4266 1591 4322 easdem
1625 4266 1727 4320 hu-

165 4368 321 4413 mana:
369 4363 514 4419 laudi
561 4377 623 4418 ac
660 4360 848 4431 gloria:
887 4359 1276 4429 subjiciebant,
1306 4372 1410 4427 qua
1438 4356 1644 4411 ratione
1675 4358 1726 4411 in

160 4438 275 4500 vitia
318 4457 688 4520 vertebantur,
724 4461 907 4523 utpote
931 4467 1049 4522 qua:
1077 4450 1344 4520 superbia:
1378 4449 1721 4505 inservirent.

160 4532 269 4592 Haec
295 4544 473 4599 scribit
508 4546 605 4600 lib.
650 4559 700 4598 tv
735 4554 920 4598 contra
971 4542 1264 4608 lulianum,
1297 4556 1417 4610 cap.
1444 4539 1477 4592 5
1507 4558 1521 4595 :
1580 4557 1599 4590 ι
1639 4543 1719 4593 An
1753 4512 1799 4571 D

162 4624 300 4697 ῖοῐῑθ,
326 4633 511 4705 inquit,
542 4646 597 4691 et
627 4636 766 4702 istis,
788 4635 879 4705 qui
901 4634 1257 4691 exhibuerunt
1286 4642 1514 4689 terrena:
1538 4632 1720 4701 patria:

164 4714 517 4791 Babylonicam
545 4728 885 4783 dilectionem
906 4770 921 4795 ,
953 4736 1008 4781 et
1037 4726 1232 4780 virtute
1260 4724 1401 4779 civili
1432 4738 1538 4778 non
1570 4737 1715 4787 vera,

164 4809 243 4861 sed
272 4817 546 4874 verisimili
594 4818 961 4884 daemonibus,
992 4817 1078 4871 vel
1118 4817 1363 4870 humana:
1394 4815 1577 4885 gloria:
1607 4829 1717 4869 ser—

165 4896 373 4972 Vieruut,
400 4926 418 4958 )
445 4920 555 4965 etc.
578 4909 643 4963 Et
666 4918 819 4963 antea
842 4907 1088 4963 dixerat:
1119 4925 1137 4959 ι
1161 4908 1364 4961 Bonum
1393 4916 1475 4960 est
1498 4907 1717 4960 enimut

166 4987 488 5053 subveniatur
512 5000 717 5056 bomiui
739 4999 1081 5067 periclitanti,
1103 4997 1400 5066 prazsertim
1424 4997 1713 5051 innocenti.

167 5071 258 5130 Sed
272 5079 356 5138 ille
371 5089 459 5155 qui
485 5091 585 5145 hoc
596 5089 741 5156 facit,
758 5090 800 5142 si
820 5089 1049 5143 amando
1062 5088 1285 5157 gloriam
1306 5085 1580 5139 hominum
1609 5101 1721 5139 ma-

169 5166 234 5230 Βίε
253 5185 400 5238 quam
418 5180 507 5237 Dei
530 5180 676 5247 facit,
694 5195 797 5235 non
816 5180 954 5234 bene
968 5179 1163 5232 bonum
1188 5175 1337 5243 facit,
1356 5175 1476 5245 quia
1500 5189 1606 5228 non
1626 5175 1720 5228 bo-

171 5268 255 5312 nus
280 5264 398 5321 facit
420 5274 558 5340 quod
581 5288 687 5327 non
716 5273 854 5326 bona
880 5271 1154 5325 voluntate
1184 5269 1331 5323 facit.
1363 5286 1381 5318 ι
1414 5267 1571 5331 llinc,
1598 5280 1717 5319 cum

171 5344 387 5412 Julianus
404 5360 596 5419 ibidem
613 5361 923 5432 obiecisset:
946 5360 1028 5415 «Si
1047 5360 1259 5431 gentilis
1278 5358 1475 5413 nudum
1492 5371 1713 5426 Operue-

173 5438 249 5504 τῖε.
271 5455 493 5520 nunquid
514 5458 635 5527 quia
654 5471 760 5511 non
785 5464 866 5510 est
891 5469 958 5509 ex
982 5454 1103 5519 ﬁde,
1130 5460 1404 5523 peccatum
1423 5451 1529 5505 est?
1556 5470 1574 5501 ι
1604 5464 1722 5502 res-

176 5535 348 5625 pondet
375 5543 693 5625 Augustinus
715 5568 728 5603 :
748 5564 767 5597 ς
795 5546 1041 5610 Prorsus,
1068 5546 1401 5614 inquantum
1426 5558 1531 5596 non
1554 5549 1634 5595 est
1657 5554 1721 5593 ex

177 5614 298 5691 “de.
346 5616 611 5696 peccatum
662 5646 780 5706 est,
814 5652 922 5693 non
954 5638 1076 5706 quia
1110 5651 1204 5707 per
1234 5638 1469 5705 seipsum
1497 5634 1718 5693 factum,

182 5714 302 5773 ψιοά
326 5731 401 5776 εει
429 5730 625 5787 nudum
656 5730 887 5799 operire,
938 5736 1217 5799 peccatum
1247 5736 1359 5793 est,
1393 5725 1490 5782 sed
1538 5723 1604 5779 de
1630 5723 1720 5777 tali

1834 1890 1976 1944 tinus
2001 1891 2138 1945 miro
2183 1891 2381 1960 ingenii
2414 1892 2661 1945 acumine
2706 1890 2843 1945 hanc
2895 1892 3299 1960 responsionem
3342 1893 3426 1947 in-

1832 1981 1991 2051 fregit
2021 1982 2114 2036 lib.
2144 1998 2196 2035 rv
2224 1992 2411 2036 contra
2440 1982 2866 2052 Julianum,cap.
2889 1986 2942 2050 5,
2969 1983 3082 2038 hmo
3136 1984 3379 2040 scribens
3405 2001 3421 2038 :

1838 2091 1856 2123 ε
1894 2072 2036 2127 Nihil
2058 2082 2141 2129 est
2172 2075 2225 2127 in
2252 2070 2535 2138 creaturis,
2562 2073 2702 2142 quod
2746 2074 2935 2128 attinet
2958 2074 3024 2127 ad
3059 2075 3421 2130 institutarum

1831 2164 2085 2219 divinitus
2114 2164 2304 2219 merita
2334 2172 2667 2228 naturarum,
2700 2164 2948 2218 rationali
2970 2176 3148 2219 mente
3173 2172 3423 2233 praestan-

1833 2257 1955 2310 tius.
1978 2254 2133 2312 Unde
2161 2255 2219 2309 ﬁt
2241 2269 2580 2324 consequens
2633 2263 2691 2308 ut
2744 2270 2897 2311 mens
2929 2256 3064 2310 bona
3109 2257 3276 2325 magis
3316 2256 3418 2311 sibi

1831 2348 2057 2415 placeat,
2110 2346 2385 2413 magisque
2428 2347 2604 2415 seipsa
2653 2346 2907 2415 delectet,
2966 2360 3124 2415 quam
3165 2347 3420 2415 quazlihet

1830 2437 1928 2489 alia
1957 2446 2224 2491 creatura.
2254 2436 2424 2503 Quam
2478 2451 2609 2491 vero
2642 2439 2959 2506 periculose,
2981 2438 3089 2492 imo
3121 2438 3421 2507 perniciose

1829 2527 1929 2581 sibi
1955 2529 2187 2597 placeat,
2211 2542 2333 2581 cum
2366 2543 2463 2598 per
2491 2527 2593 2582 hoc
2647 2529 2896 2583 tumescit
2922 2528 3108 2598 typho,
3126 2538 3180 2583 et
3234 2528 3422 2581 morbo

1832 2621 2128 2674 inﬂationis
2150 2621 2444 2686 extollitur,
2467 2621 2703 2689 quandiu
2735 2635 2842 2674 non
2862 2621 3031 2686 videt,
3056 2620 3195 2672 sicut
3222 2618 3423 2673 videbit

1832 2710 1884 2763 in
1916 2709 2047 2773 fine,
2080 2723 2352 2763 summum
2375 2709 2506 2762 illud
2536 2719 2587 2762 et
2620 2709 2955 2761 immutabile
2990 2709 3210 2770 bonum,
3239 2707 3291 2760 in
3322 2722 3420 2761 cu-

1827 2800 1916 2869 jus
1941 2800 2344 2870 comparatione
2393 2813 2453 2853 se
2483 2808 2735 2867 spernat,
2760 2798 2968 2865 sibique
2999 2796 3140 2851 illius
3159 2796 3423 2851 charitate

1831 2892 2075 2957 vilescat,
2110 2910 2128 2942 »
2165 2899 2269 2946 etc.
2301 2889 2605 2945 Conformia
2637 2891 2719 2944 his
2762 2890 2923 2944 tradit
2970 2890 3063 2944 lib.
3099 2905 3183 2943 nx
3213 2890 3282 2945 de
3319 2889 3411 2945 Ci-

1830 2984 1925 3037 vit.
1945 2983 2061 3047 Dei,
2080 2996 2198 3051 cap.
2222 2982 2321 3036 25:
2349 3000 2365 3033 ι
2388 2981 2640 3048 Proinde,
2667 2981 2860 3050 inquit,
2883 2981 3108 3035 virtutes
3136 2995 3267 3050 quas
3292 2981 3419 3052 (hu-

1832 3091 1989 3130 mana
2020 3074 2194 3143 mens)
2222 3074 2325 3129 sibi
2377 3073 2576 3128 habere
2603 3073 2836 3138 videtur,
2888 3088 2983 3142 per
3029 3088 3160 3142 quas
3192 3074 3422 3141 imperat

1752 3145 1797 3208 Ο
1829 3166 2067 3234 corpori,
2101 3176 2153 3220 et
2183 3163 2327 3219 vitiis
2353 3163 2419 3217 ad
2440 3162 2720 3232 quodlibet
2766 3160 3191 3231 adipiscendum,
3227 3161 3310 3215 vel
3343 3169 3421 3215 te-

1832 3256 2089 3321 nendum,
2122 3255 2222 3310 nisi
2250 3255 2316 3309 ad
2355 3255 2521 3309 Deum
2567 3253 2848 3315 retulerit,
2907 3253 3069 3308 etiam
3124 3253 3254 3322 ipsa:
3297 3251 3422 3306 vitia

1832 3352 1958 3404 sbnt
1984 3350 2165 3418 potius
2206 3363 2363 3418 quam
2396 3346 2646 3401 virtutes.
2675 3345 2810 3400 Nam
2859 3346 2986 3399 licet
3016 3360 3045 3398 a
3099 3345 3417 3414 quibusdam

1833 3448 1960 3493 tunc
1985 3454 2128 3494 vera:
2156 3445 2211 3491 et
2246 3437 2489 3491 honesta:
2533 3445 2792 3504 putentur
2846 3449 2967 3490 esse
3019 3435 3267 3497 virtutes,
3298 3449 3421 3488 cum

1834 3546 1901 3583 AD
1927 3543 2134 3582 SEIPSAS
2164 3542 2541 3589 REFEBUNTUR,
2575 3540 2677 3579 nec
2732 3533 2951 3592 propter
2989 3524 3130 3576 aliud
3162 3533 3422 3590 expetun-

1832 3626 1940 3682 tur,
1969 3617 2135 3685 etiam
2180 3625 2305 3669 tunc
2352 3615 2570 3678 inﬁatze,
2600 3627 2664 3666 ac
2719 3612 2963 3679 superba:
3012 3620 3164 3675 sunt;
3206 3620 3260 3666 et
3302 3612 3421 3666 ideo

1832 3726 1938 3765 non
1968 3710 2213 3774 virtutes,
2254 3709 2349 3763 sed
2382 3707 2506 3762 vitia
2527 3705 2810 3775 iudicanda
2839 3713 2984 3759 sunt.
3017 3723 3036 3757 ι
3083 3704 3266 3774 Itaque
3298 3722 3419 3761 cum

1831 3801 2001 3854 virtus
2050 3799 2208 3855 etiam
2240 3798 2311 3853 ob
2340 3798 2421 3852 sui
2468 3805 2675 3851 tantum
2733 3796 3071 3851 honestatem
3128 3797 3425 3865 appetitur,

1830 3892 1956 3948 facit
1974 3900 2032 3948 ut
2058 3892 2204 3947 illam
2232 3905 2566 3962 prosequens
2592 3901 2751 3960 atque
2789 3904 3084 3959 assequens
3112 3888 3213 3944 sibi
3267 3904 3419 3945 com-

1832 3987 2041 4056 placeat
2088 3986 2142 4039 in
2200 3998 2298 4039 suo
2356 3998 2553 4053 opere,
2583 3996 2647 4036 ac
2690 3981 2966 4051 philautiae
3007 3981 3142 4035 vitio
3186 3981 3415 4037 laboret.

1831 4079 2026 4146 Quare,
2060 4077 2215 4133 sicuti
2244 4077 2470 4131 honeste
2513 4089 2745 4143 cperans
2796 4083 2856 4127 ut
2907 4073 3031 4129 aliis
3090 4074 3301 4144 placeat
3352 4089 3414 4131 ac

1832 4169 2081 4224 laudetur
2124 4169 2191 4224 ab
2213 4167 2337 4222 aliis
2360 4175 2546 4236 peccat
2598 4174 2821 4236 peccato
2869 4165 3047 4219 inanis
3099 4166 3307 4232 gloriae,
3342 4166 3413 4218 ita

1830 4262 2032 4331 pariter
2063 4260 2153 4328 qui
2183 4260 2406 4313 honeste
2427 4265 2683 4326 operatur
2711 4256 3054 4324 complacens
3103 4256 3226 4319 sibi,
3259 4270 3323 4310 ac
3360 4256 3415 4310 in

1830 4354 2008 4421 seipso
2033 4346 2311 4420 gloriatus,
2341 4364 2466 4403 reus
2487 4358 2567 4404 est
2597 4348 2890 4417 philautiae.
2916 4348 3052 4401 llinc
3085 4345 3219 4399 dixit
3246 4348 3420 4412 Apos-

1835 4445 1995 4507 tolus,
2056 4441 2280 4497 Scientia
2324 4442 2475 4510 inﬂat
2507 4438 2559 4509 (1
2608 4439 2727 4493 Cor.
2783 4440 2923 4507 viti).
2952 4438 3029 4492 Eo
3078 4437 3220 4489 enim
3270 4435 3412 4504 ipso,

1831 4535 1970 4604 quod
1995 4536 2154 4589 homo
2176 4535 2450 4603 cognoscit
2479 4548 2536 4587 se
2565 4533 2761 4587 virtute
2788 4530 3101 4601 praeditum,
3119 4536 3291 4582 semet
3319 4528 3417 4581 de-

1831 4627 2076 4691 lectatur,
2107 4625 2317 4680 caeteris
2369 4639 2430 4680 se
2459 4626 2743 4694 praeponit,
2766 4638 2831 4678 ac
2861 4623 2913 4675 in
2971 4619 3172 4687 seipso,
3206 4632 3311 4671 non
3358 4618 3413 4673 in

1830 4719 2057 4773 Domino
2100 4718 2380 4788 gloriatur.
2414 4717 2510 4771 Est
2562 4725 2738 4769 autem
2774 4713 2976 4781 primus
3011 4709 3078 4762 ad
3108 4708 3415 4779 superbiam

1829 4810 2025 4878 gradus
2054 4825 2113 4863 se
2143 4809 2318 4878 pluris
2339 4806 2666 4875 quam'alios
2697 4804 2895 4867 facere,
2918 4815 2981 4855 ac
3012 4801 3264 4854 virtutem
3289 4801 3411 4868 sibi,

1826 4916 1932 4955 non
1968 4901 2075 4953 Deo
2104 4908 2377 4969 acceptam
2410 4897 2564 4951 ferre.
2604 4891 2733 4946 Illud
2762 4898 2940 4945 autem
2971 4890 3248 4961 Augustini
3294 4907 3416 4959 pro-

1830 4995 2147 5051 nuntiatum,
2181 5004 2373 5050 nempe
2424 4988 2701 5049 virtutem,
2741 4998 2862 5038 cum
2915 4983 2987 5037 ob
3042 4984 3122 5038 sui
3158 4982 3413 5037 honesta-

1828 5092 1934 5138 tem
1965 5081 2249 5151 appetitur,
2277 5091 2396 5131 esse
2445 5073 2751 5142 superbam,
2781 5087 2844 5128 ac
2897 5062 3171 5142 philautia'
3202 5072 3406 5135 vitiari,
3475 5058 3479 5073 ⁵

1830 5173 2080 5242 probatur
2103 5169 2217 5223 fuse
2244 5170 2311 5222 ab
2348 5165 2539 5221 eodem
2567 5173 2752 5218 sancto
2806 5164 3026 5218 doctore
3056 5178 3221 5217 serm.
3254 5162 3317 5213 15
3343 5159 3411 5214 de

1833 5264 1995 5319 Verb.
2025 5266 2235 5331 Apost.,
2266 5260 2514 5327 exemplo
2558 5258 2885 5321 Stoicorum,
2919 5258 3007 5325 qui
3066 5252 3407 5308 sectabantur
3476 5262 3479 5264 ’

1831 5355 2085 5408 virtutem
2110 5361 2331 5422 propter
2352 5347 2607 5416 seipsam,
2632 5347 2946 5402 earumdem
2976 5354 3152 5398 tamen
3184 5340 3413 5392 virtutes

1828 5446 2094 5515 superbiae
2142 5443 2550 5498 aucillabantur.
2586 5439 2659 5494 lbi
2703 5448 2883 5493 autem
2940 5431 3232 5489 introducit
3276 5430 3414 5484 Pau—
3474 5454 3478 5460 ι

1830 5538 1937 5592 lum
1983 5536 2209 5591 Athenis
2236 5550 2355 5603 cum
2387 5533 2581 5590 Stoicis
2629 5542 2683 5586 et
2713 5528 2988 5599 Epicureis
3018 5525 3409 5592 colloquentem

1830 5629 2047 5699 (dicitur
2094 5627 2235 5682 enim
2263 5627 2381 5680 Act.
2418 5639 2544 5677 svnt:
2574 5621 2796 5686 Quidam
2844 5626 3014 5670 autem
3066 5613 3332 5685 Epicurei,
3365 5623 3414 5665 ct

1830 5720 1989 5775 Stoici
2013 5719 2301 5792 philosOpni
2322 5715 2635 5772 disserebant
2657 5730 2771 5770 cum
2786 5711 2890 5783 eo),
2915 5719 2970 5765 et
3000 5710 3140 5765 inter
3162 5707 3261 5763 alia
3288 5706 3413 5762 scri-
