  <div class='ocr_page' id='page_1' title='image "/cluster/home/n/w/nwhite01/storage/ocr_20150623/47/uva.x000827107/319.png"; bbox 0 0 3892 6358; ppageno 0'>
   <div class='ocr_carea' id='block_1_1' title="bbox 413 300 516 355">
    <p class='ocr_par' dir='ltr' id='par_1_1' title="bbox 413 300 516 355">
     <span class='ocr_line' id='line_1_1' title="bbox 413 300 516 355; baseline -0.019 0"><span class='ocrx_word' id='word_1_1' title='bbox 413 300 516 355; x_wconf 72' lang='grc'><strong>625</strong></span> 
     </span>
    </p>
   </div>
   <div class='ocr_carea' id='block_1_2' title="bbox 1327 299 2812 359">
    <p class='ocr_par' dir='ltr' id='par_1_2' title="bbox 1327 299 2812 359">
     <span class='ocr_line' id='line_1_2' title="bbox 1327 299 2812 359; baseline -0.001 -3"><span class='ocrx_word' id='word_1_2' title='bbox 1327 300 1877 357; x_wconf 79' lang='lat' dir='ltr'><strong>SUPPLEMENTUM</strong></span> <span class='ocrx_word' id='word_1_3' title='bbox 1923 300 2011 352; x_wconf 80' lang='lat' dir='ltr'><strong>AD</strong></span> <span class='ocrx_word' id='word_1_4' title='bbox 2052 299 2276 355; x_wconf 74' lang='lat' dir='ltr'><strong>OPERA</strong></span> <span class='ocrx_word' id='word_1_5' title='bbox 2320 301 2376 357; x_wconf 90' lang='lat' dir='ltr'><strong>S.</strong></span> <span class='ocrx_word' id='word_1_6' title='bbox 2424 300 2812 359; x_wconf 78' lang='lat' dir='ltr'><strong>AUGUSTINI.</strong></span> 
     </span>
    </p>
   </div>
   <div class='ocr_carea' id='block_1_3' title="bbox 3564 299 3675 359">
    <p class='ocr_par' dir='ltr' id='par_1_3' title="bbox 3564 299 3675 359">
     <span class='ocr_line' id='line_1_3' title="bbox 3564 299 3675 359; baseline -0.054 0"><span class='ocrx_word' id='word_1_7' title='bbox 3564 299 3675 359; x_wconf 63' lang='lat'><strong>62$</strong></span> 
     </span>
    </p>
   </div>
   <div class='ocr_carea' id='block_1_4' title="bbox 412 411 3683 486">
    <p class='ocr_par' dir='ltr' id='par_1_4' title="bbox 412 411 3683 486">
     <span class='ocr_line' id='line_1_4' title="bbox 412 411 3683 486; baseline -0.001 -18"><span class='ocrx_word' id='word_1_8' title='bbox 412 416 485 468; x_wconf 90' lang='lat' dir='ltr'><strong>bit</strong></span> <span class='ocrx_word' id='word_1_9' title='bbox 513 432 525 467; x_wconf 89' lang='lat'><strong>:</strong></span> <span class='ocrx_word' id='word_1_10' title='bbox 557 431 574 465; x_wconf 80' lang='grc' dir='ltr'><strong>ι</strong></span> <span class='ocrx_word' id='word_1_11' title='bbox 618 412 1154 483; x_wconf 86' lang='lat' dir='ltr'><strong>DicebatEpicureus</strong></span> <span class='ocrx_word' id='word_1_12' title='bbox 1184 430 1195 465; x_wconf 88' lang='lat'><strong>:</strong></span> <span class='ocrx_word' id='word_1_13' title='bbox 1232 411 1427 468; x_wconf 85' lang='lat' dir='ltr'><strong>Beatus</strong></span> <span class='ocrx_word' id='word_1_14' title='bbox 1450 414 1600 481; x_wconf 86' lang='lat' dir='ltr'><strong>cujus</strong></span> <span class='ocrx_word' id='word_1_15' title='bbox 1625 421 1705 467; x_wconf 87' lang='lat' dir='ltr'><strong>est</strong></span> <span class='ocrx_word' id='word_1_16' title='bbox 1734 412 1785 464; x_wconf 91' lang='lat' dir='ltr'><strong>in</strong></span> <span class='ocrx_word' id='word_1_17' title='bbox 1813 412 1981 465; x_wconf 78' lang='lat' dir='ltr'><strong>fructu</strong></span> <span class='ocrx_word' id='word_1_18' title='bbox 2016 418 2065 476; x_wconf 71' lang='grc' dir='ltr'><strong>Α</strong></span> <span class='ocrx_word' id='word_1_19' title='bbox 2093 421 2308 480; x_wconf 77' lang='lat' dir='ltr'><strong>propter</strong></span> <span class='ocrx_word' id='word_1_20' title='bbox 2334 428 2393 467; x_wconf 89' lang='lat' dir='ltr'><strong>se</strong></span> <span class='ocrx_word' id='word_1_21' title='bbox 2442 415 2609 482; x_wconf 84' lang='lat' dir='ltr'><strong>ipsam</strong></span> <span class='ocrx_word' id='word_1_22' title='bbox 2668 417 2925 470; x_wconf 74' lang='lat' dir='ltr'><strong>intentam</strong></span> <span class='ocrx_word' id='word_1_23' title='bbox 2976 412 3182 480; x_wconf 89' lang='lat' dir='ltr'><strong>inﬂare,</strong></span> <span class='ocrx_word' id='word_1_24' title='bbox 3208 414 3359 486; x_wconf 85' lang='lat' dir='ltr'><strong>cujus</strong></span> <span class='ocrx_word' id='word_1_25' title='bbox 3406 413 3544 469; x_wconf 87' lang='lat' dir='ltr'><strong>ratio</strong></span> <span class='ocrx_word' id='word_1_26' title='bbox 3593 425 3683 467; x_wconf 84' lang='lat' dir='ltr'><strong>est</strong></span> 
     </span>
    </p>
   </div>
   <div class='ocr_carea' id='block_1_5' title="bbox 408 502 1989 573">
    <p class='ocr_par' dir='ltr' id='par_1_5' title="bbox 408 502 1989 573">
     <span class='ocr_line' id='line_1_5' title="bbox 408 502 1989 573; baseline -0.003 -16"><span class='ocrx_word' id='word_1_27' title='bbox 408 504 651 573; x_wconf 78' lang='lat' dir='ltr'><strong>voluptas</strong></span> <span class='ocrx_word' id='word_1_28' title='bbox 677 504 853 557; x_wconf 89' lang='lat' dir='ltr'><strong>carnis</strong></span> <span class='ocrx_word' id='word_1_29' title='bbox 873 503 1009 571; x_wconf 85' lang='lat' dir='ltr'><strong>ejus.</strong></span> <span class='ocrx_word' id='word_1_30' title='bbox 1034 502 1257 557; x_wconf 82' lang='lat' dir='ltr'><strong>Dicebat</strong></span> <span class='ocrx_word' id='word_1_31' title='bbox 1286 502 1500 557; x_wconf 84' lang='lat' dir='ltr'><strong>Stoicus</strong></span> <span class='ocrx_word' id='word_1_32' title='bbox 1526 520 1537 553; x_wconf 91' lang='lat'><strong>:</strong></span> <span class='ocrx_word' id='word_1_33' title='bbox 1561 503 1670 555; x_wconf 91' lang='lat' dir='ltr'><strong>lmo</strong></span> <span class='ocrx_word' id='word_1_34' title='bbox 1687 502 1875 556; x_wconf 90' lang='lat' dir='ltr'><strong>beatus</strong></span> <span class='ocrx_word' id='word_1_35' title='bbox 1898 516 1989 553; x_wconf 86' lang='lat' dir='ltr'><strong>cu-</strong></span> 
     </span>
    </p>
   </div>
   <div class='ocr_carea' id='block_1_6' title="bbox 405 593 1981 663">
    <p class='ocr_par' dir='ltr' id='par_1_6' title="bbox 405 593 1981 663">
     <span class='ocr_line' id='line_1_6' title="bbox 405 593 1981 663; baseline -0.004 -13"><span class='ocrx_word' id='word_1_36' title='bbox 405 597 493 663; x_wconf 89' lang='lat' dir='ltr'><strong>jus</strong></span> <span class='ocrx_word' id='word_1_37' title='bbox 521 605 603 650; x_wconf 91' lang='lat' dir='ltr'><strong>est</strong></span> <span class='ocrx_word' id='word_1_38' title='bbox 626 594 679 649; x_wconf 92' lang='lat' dir='ltr'><strong>in</strong></span> <span class='ocrx_word' id='word_1_39' title='bbox 695 594 870 648; x_wconf 82' lang='lat' dir='ltr'><strong>fructu</strong></span> <span class='ocrx_word' id='word_1_40' title='bbox 890 596 1056 647; x_wconf 91' lang='lat' dir='ltr'><strong>virtus</strong></span> <span class='ocrx_word' id='word_1_41' title='bbox 1080 594 1245 647; x_wconf 92' lang='lat' dir='ltr'><strong>animi</strong></span> <span class='ocrx_word' id='word_1_42' title='bbox 1273 594 1412 662; x_wconf 84' lang='lat' dir='ltr'><strong>ejus;</strong></span> <span class='ocrx_word' id='word_1_43' title='bbox 1432 594 1643 647; x_wconf 89' lang='lat' dir='ltr'><strong>dicebat</strong></span> <span class='ocrx_word' id='word_1_44' title='bbox 1663 593 1981 661; x_wconf 79' lang='lat' dir='ltr'><strong>Apostolus:</strong></span> 
     </span>
    </p>
   </div>
   <div class='ocr_carea' id='block_1_7' title="bbox 411 683 1988 755">
    <p class='ocr_par' dir='ltr' id='par_1_7' title="bbox 411 683 1988 755">
     <span class='ocr_line' id='line_1_7' title="bbox 411 683 1988 755; baseline -0.001 -16"><span class='ocrx_word' id='word_1_45' title='bbox 411 686 597 741; x_wconf 80' lang='lat' dir='ltr'><strong>Beatus</strong></span> <span class='ocrx_word' id='word_1_46' title='bbox 624 688 774 755; x_wconf 79' lang='lat' dir='ltr'><strong>cujus</strong></span> <span class='ocrx_word' id='word_1_47' title='bbox 804 694 875 739; x_wconf 81' lang='lat' dir='ltr'><strong>est</strong></span> <span class='ocrx_word' id='word_1_48' title='bbox 906 700 1088 737; x_wconf 78' lang='lat' dir='ltr'><strong>nomen</strong></span> <span class='ocrx_word' id='word_1_49' title='bbox 1111 683 1320 737; x_wconf 84' lang='lat' dir='ltr'><strong>Domini</strong></span> <span class='ocrx_word' id='word_1_50' title='bbox 1351 701 1465 753; x_wconf 80' lang='lat' dir='ltr'><strong>spes</strong></span> <span class='ocrx_word' id='word_1_51' title='bbox 1494 688 1625 755; x_wconf 76' lang='lat' dir='ltr'><strong>eius.</strong></span> <span class='ocrx_word' id='word_1_52' title='bbox 1658 684 1818 738; x_wconf 80' lang='lat' dir='ltr'><strong>Errat</strong></span> <span class='ocrx_word' id='word_1_53' title='bbox 1861 683 1988 750; x_wconf 82' lang='lat' dir='ltr'><strong>Epi-</strong></span> 
     </span>
    </p>
   </div>
   <div class='ocr_carea' id='block_1_8' title="bbox 406 778 1984 843">
    <p class='ocr_par' dir='ltr' id='par_1_8' title="bbox 406 778 1984 843">
     <span class='ocr_line' id='line_1_8' title="bbox 406 778 1984 843; baseline -0.001 -9"><span class='ocrx_word' id='word_1_54' title='bbox 406 794 600 835; x_wconf 89' lang='lat' dir='ltr'><strong>cureus</strong></span> <span class='ocrx_word' id='word_1_55' title='bbox 627 796 642 843; x_wconf 88' lang='lat'><strong>;</strong></span> <span class='ocrx_word' id='word_1_56' title='bbox 677 778 866 833; x_wconf 77' lang='lat' dir='ltr'><strong>falsum</strong></span> <span class='ocrx_word' id='word_1_57' title='bbox 896 787 977 833; x_wconf 90' lang='lat' dir='ltr'><strong>est</strong></span> <span class='ocrx_word' id='word_1_58' title='bbox 1005 780 1148 832; x_wconf 89' lang='lat' dir='ltr'><strong>enim</strong></span> <span class='ocrx_word' id='word_1_59' title='bbox 1178 792 1299 831; x_wconf 90' lang='lat' dir='ltr'><strong>esse</strong></span> <span class='ocrx_word' id='word_1_60' title='bbox 1325 779 1592 834; x_wconf 84' lang='lat' dir='ltr'><strong>hominem</strong></span> <span class='ocrx_word' id='word_1_61' title='bbox 1626 780 1860 843; x_wconf 90' lang='lat' dir='ltr'><strong>beatum,</strong></span> <span class='ocrx_word' id='word_1_62' title='bbox 1889 793 1984 833; x_wconf 86' lang='lat' dir='ltr'><strong>cu-</strong></span> 
     </span>
    </p>
   </div>
   <div class='ocr_carea' id='block_1_9' title="bbox 405 868 1988 938">
    <p class='ocr_par' dir='ltr' id='par_1_9' title="bbox 405 868 1988 938">
     <span class='ocr_line' id='line_1_9' title="bbox 405 868 1988 938; baseline -0.001 -15"><span class='ocrx_word' id='word_1_63' title='bbox 405 869 493 938; x_wconf 87' lang='lat' dir='ltr'><strong>jus</strong></span> <span class='ocrx_word' id='word_1_64' title='bbox 536 878 620 923; x_wconf 88' lang='lat' dir='ltr'><strong>est</strong></span> <span class='ocrx_word' id='word_1_65' title='bbox 648 869 701 923; x_wconf 90' lang='lat' dir='ltr'><strong>in</strong></span> <span class='ocrx_word' id='word_1_66' title='bbox 752 868 932 923; x_wconf 81' lang='lat' dir='ltr'><strong>fructu</strong></span> <span class='ocrx_word' id='word_1_67' title='bbox 982 868 1228 934; x_wconf 81' lang='lat' dir='ltr'><strong>voluptas</strong></span> <span class='ocrx_word' id='word_1_68' title='bbox 1275 869 1451 923; x_wconf 86' lang='lat' dir='ltr'><strong>carnis</strong></span> <span class='ocrx_word' id='word_1_69' title='bbox 1497 869 1631 937; x_wconf 89' lang='lat' dir='ltr'><strong>ejus.</strong></span> <span class='ocrx_word' id='word_1_70' title='bbox 1663 869 1880 923; x_wconf 84' lang='lat' dir='ltr'><strong>Fallitur</strong></span> <span class='ocrx_word' id='word_1_71' title='bbox 1933 879 1988 923; x_wconf 92' lang='lat' dir='ltr'><strong>et</strong></span> 
     </span>
    </p>
   </div>
   <div class='ocr_carea' id='block_1_10' title="bbox 409 958 1983 1025">
    <p class='ocr_par' dir='ltr' id='par_1_10' title="bbox 409 958 1983 1025">
     <span class='ocr_line' id='line_1_10' title="bbox 409 958 1983 1025; baseline -0.001 -10"><span class='ocrx_word' id='word_1_72' title='bbox 409 960 657 1025; x_wconf 87' lang='lat' dir='ltr'><strong>Stoicus;</strong></span> <span class='ocrx_word' id='word_1_73' title='bbox 710 959 902 1013; x_wconf 79' lang='lat' dir='ltr'><strong>falsum</strong></span> <span class='ocrx_word' id='word_1_74' title='bbox 949 958 1092 1013; x_wconf 92' lang='lat' dir='ltr'><strong>enim</strong></span> <span class='ocrx_word' id='word_1_75' title='bbox 1123 967 1236 1023; x_wconf 90' lang='lat' dir='ltr'><strong>est,</strong></span> <span class='ocrx_word' id='word_1_76' title='bbox 1268 968 1322 1012; x_wconf 92' lang='lat' dir='ltr'><strong>et</strong></span> <span class='ocrx_word' id='word_1_77' title='bbox 1362 960 1580 1013; x_wconf 90' lang='lat' dir='ltr'><strong>omnino</strong></span> <span class='ocrx_word' id='word_1_78' title='bbox 1635 959 1983 1015; x_wconf 89' lang='lat' dir='ltr'><strong>mendosissi-</strong></span> 
     </span>
    </p>
   </div>
   <div class='ocr_carea' id='block_1_11' title="bbox 405 1048 1984 1119">
    <p class='ocr_par' dir='ltr' id='par_1_11' title="bbox 405 1048 1984 1119">
     <span class='ocr_line' id='line_1_11' title="bbox 405 1048 1984 1119; baseline -0.001 -14"><span class='ocrx_word' id='word_1_79' title='bbox 405 1066 572 1119; x_wconf 88' lang='lat' dir='ltr'><strong>mum,</strong></span> <span class='ocrx_word' id='word_1_80' title='bbox 589 1051 802 1105; x_wconf 91' lang='lat' dir='ltr'><strong>beatum</strong></span> <span class='ocrx_word' id='word_1_81' title='bbox 828 1062 947 1103; x_wconf 86' lang='lat' dir='ltr'><strong>esse</strong></span> <span class='ocrx_word' id='word_1_82' title='bbox 977 1048 1266 1114; x_wconf 80' lang='lat' dir='ltr'><strong>hominem,</strong></span> <span class='ocrx_word' id='word_1_83' title='bbox 1283 1048 1433 1117; x_wconf 85' lang='lat' dir='ltr'><strong>cujus</strong></span> <span class='ocrx_word' id='word_1_84' title='bbox 1460 1050 1604 1103; x_wconf 88' lang='lat' dir='ltr'><strong>estin</strong></span> <span class='ocrx_word' id='word_1_85' title='bbox 1626 1049 1795 1103; x_wconf 78' lang='lat' dir='ltr'><strong>fructu</strong></span> <span class='ocrx_word' id='word_1_86' title='bbox 1814 1051 1984 1104; x_wconf 86' lang='lat' dir='ltr'><strong>virtus</strong></span> 
     </span>
    </p>
   </div>
   <div class='ocr_carea' id='block_1_12' title="bbox 405 1138 1983 1210">
    <p class='ocr_par' dir='ltr' id='par_1_12' title="bbox 405 1138 1983 1210">
     <span class='ocr_line' id='line_1_12' title="bbox 405 1138 1983 1210; baseline -0.001 -15"><span class='ocrx_word' id='word_1_87' title='bbox 405 1143 572 1196; x_wconf 90' lang='lat' dir='ltr'><strong>anitni</strong></span> <span class='ocrx_word' id='word_1_88' title='bbox 631 1140 771 1210; x_wconf 87' lang='lat' dir='ltr'><strong>ejus.</strong></span> <span class='ocrx_word' id='word_1_89' title='bbox 808 1158 826 1192; x_wconf 75' lang='grc' dir='ltr'><strong>ι</strong></span> <span class='ocrx_word' id='word_1_90' title='bbox 862 1138 1105 1195; x_wconf 80' lang='lat' dir='ltr'><strong>Profecto</strong></span> <span class='ocrx_word' id='word_1_91' title='bbox 1132 1154 1198 1192; x_wconf 89' lang='lat' dir='ltr'><strong>an</strong></span> <span class='ocrx_word' id='word_1_92' title='bbox 1226 1140 1396 1193; x_wconf 88' lang='lat' dir='ltr'><strong>virtus</strong></span> <span class='ocrx_word' id='word_1_93' title='bbox 1425 1150 1643 1209; x_wconf 85' lang='lat' dir='ltr'><strong>propter</strong></span> <span class='ocrx_word' id='word_1_94' title='bbox 1664 1142 1747 1194; x_wconf 90' lang='lat' dir='ltr'><strong>sui</strong></span> <span class='ocrx_word' id='word_1_95' title='bbox 1778 1149 1983 1196; x_wconf 85' lang='lat' dir='ltr'><strong>tantum</strong></span> 
     </span>
    </p>
   </div>
   <div class='ocr_carea' id='block_1_13' title="bbox 407 1228 1983 1302">
    <p class='ocr_par' dir='ltr' id='par_1_13' title="bbox 407 1228 1983 1302">
     <span class='ocr_line' id='line_1_13' title="bbox 407 1228 1983 1302; baseline 0.001 -16"><span class='ocrx_word' id='word_1_96' title='bbox 407 1234 743 1287; x_wconf 81' lang='lat' dir='ltr'><strong>honestatem</strong></span> <span class='ocrx_word' id='word_1_97' title='bbox 796 1231 1001 1285; x_wconf 87' lang='lat' dir='ltr'><strong>intenta</strong></span> <span class='ocrx_word' id='word_1_98' title='bbox 1066 1231 1211 1284; x_wconf 89' lang='lat' dir='ltr'><strong>inﬂet</strong></span> <span class='ocrx_word' id='word_1_99' title='bbox 1242 1228 1547 1297; x_wconf 85' lang='lat' dir='ltr'><strong>habentem,</strong></span> <span class='ocrx_word' id='word_1_100' title='bbox 1579 1246 1641 1286; x_wconf 91' lang='lat' dir='ltr'><strong>ac</strong></span> <span class='ocrx_word' id='word_1_101' title='bbox 1670 1232 1983 1302; x_wconf 86' lang='lat' dir='ltr'><strong>pbilautiam</strong></span> 
     </span>
    </p>
   </div>
   <div class='ocr_carea' id='block_1_14' title="bbox 404 1321 1985 1391">
    <p class='ocr_par' dir='ltr' id='par_1_14' title="bbox 404 1321 1985 1391">
     <span class='ocr_line' id='line_1_14' title="bbox 404 1321 1985 1391; baseline 0 -13"><span class='ocrx_word' id='word_1_102' title='bbox 404 1332 610 1389; x_wconf 82' lang='lat' dir='ltr'><strong>causet,</strong></span> <span class='ocrx_word' id='word_1_103' title='bbox 644 1334 751 1375; x_wconf 91' lang='lat' dir='ltr'><strong>tam</strong></span> <span class='ocrx_word' id='word_1_104' title='bbox 797 1321 947 1377; x_wconf 91' lang='lat' dir='ltr'><strong>claro</strong></span> <span class='ocrx_word' id='word_1_105' title='bbox 1001 1321 1250 1389; x_wconf 90' lang='lat' dir='ltr'><strong>exemplo</strong></span> <span class='ocrx_word' id='word_1_106' title='bbox 1290 1322 1573 1377; x_wconf 82' lang='lat' dir='ltr'><strong>manifeste</strong></span> <span class='ocrx_word' id='word_1_107' title='bbox 1627 1332 1793 1391; x_wconf 86' lang='lat' dir='ltr'><strong>patet.</strong></span> <span class='ocrx_word' id='word_1_108' title='bbox 1838 1323 1985 1378; x_wconf 82' lang='lat' dir='ltr'><strong>Unde</strong></span> 
     </span>
    </p>
   </div>
   <div class='ocr_carea' id='block_1_15' title="bbox 404 1413 1981 1487">
    <p class='ocr_par' dir='ltr' id='par_1_15' title="bbox 404 1413 1981 1487">
     <span class='ocr_line' id='line_1_15' title="bbox 404 1413 1981 1487; baseline -0.001 -17"><span class='ocrx_word' id='word_1_109' title='bbox 404 1414 661 1487; x_wconf 86' lang='lat' dir='ltr'><strong>quidquid</strong></span> <span class='ocrx_word' id='word_1_110' title='bbox 689 1414 759 1469; x_wconf 91' lang='lat' dir='ltr'><strong>sit</strong></span> <span class='ocrx_word' id='word_1_111' title='bbox 781 1415 849 1469; x_wconf 90' lang='lat' dir='ltr'><strong>de</strong></span> <span class='ocrx_word' id='word_1_112' title='bbox 879 1429 937 1468; x_wconf 91' lang='lat' dir='ltr'><strong>re</strong></span> <span class='ocrx_word' id='word_1_113' title='bbox 962 1413 1292 1484; x_wconf 86' lang='lat' dir='ltr'><strong>speculative</strong></span> <span class='ocrx_word' id='word_1_114' title='bbox 1339 1414 1695 1479; x_wconf 88' lang='lat' dir='ltr'><strong>considerata,</strong></span> <span class='ocrx_word' id='word_1_115' title='bbox 1725 1416 1778 1469; x_wconf 88' lang='lat' dir='ltr'><strong>in</strong></span> <span class='ocrx_word' id='word_1_116' title='bbox 1834 1418 1981 1482; x_wconf 85' lang='lat' dir='ltr'><strong>praxi</strong></span> 
     </span>
    </p>
   </div>
   <div class='ocr_carea' id='block_1_16' title="bbox 406 1504 1981 1577">
    <p class='ocr_par' dir='ltr' id='par_1_16' title="bbox 406 1504 1981 1577">
     <span class='ocr_line' id='line_1_16' title="bbox 406 1504 1981 1577; baseline -0.001 -16"><span class='ocrx_word' id='word_1_117' title='bbox 406 1505 689 1577; x_wconf 79' lang='lat' dir='ltr'><strong>Augustini</strong></span> <span class='ocrx_word' id='word_1_118' title='bbox 716 1505 983 1561; x_wconf 85' lang='lat' dir='ltr'><strong>sententia</strong></span> <span class='ocrx_word' id='word_1_119' title='bbox 1029 1519 1158 1559; x_wconf 85' lang='lat' dir='ltr'><strong>vera</strong></span> <span class='ocrx_word' id='word_1_120' title='bbox 1189 1514 1291 1560; x_wconf 88' lang='lat' dir='ltr'><strong>est.</strong></span> <span class='ocrx_word' id='word_1_121' title='bbox 1322 1504 1491 1560; x_wconf 86' lang='lat' dir='ltr'><strong>Porro</strong></span> <span class='ocrx_word' id='word_1_122' title='bbox 1521 1516 1663 1559; x_wconf 89' lang='lat' dir='ltr'><strong>tanta</strong></span> <span class='ocrx_word' id='word_1_123' title='bbox 1693 1516 1811 1561; x_wconf 89' lang='lat' dir='ltr'><strong>erat</strong></span> <span class='ocrx_word' id='word_1_124' title='bbox 1837 1506 1981 1561; x_wconf 89' lang='lat' dir='ltr'><strong>Stoi-</strong></span> 
     </span>
    </p>
   </div>
   <div class='ocr_carea' id='block_1_17' title="bbox 401 1595 1982 1667">
    <p class='ocr_par' dir='ltr' id='par_1_17' title="bbox 401 1595 1982 1667">
     <span class='ocr_line' id='line_1_17' title="bbox 401 1595 1982 1667; baseline -0.001 -14"><span class='ocrx_word' id='word_1_125' title='bbox 401 1611 586 1653; x_wconf 92' lang='lat' dir='ltr'><strong>corum</strong></span> <span class='ocrx_word' id='word_1_126' title='bbox 608 1596 958 1667; x_wconf 81' lang='lat' dir='ltr'><strong>superbia,ut</strong></span> <span class='ocrx_word' id='word_1_127' title='bbox 981 1595 1047 1650; x_wconf 90' lang='lat' dir='ltr'><strong>ad</strong></span> <span class='ocrx_word' id='word_1_128' title='bbox 1089 1595 1337 1651; x_wconf 73' lang='lat' dir='ltr'><strong>virtutem</strong></span> <span class='ocrx_word' id='word_1_129' title='bbox 1377 1595 1759 1665; x_wconf 86' lang='lat' dir='ltr'><strong>capessendam</strong></span> <span class='ocrx_word' id='word_1_130' title='bbox 1804 1596 1982 1651; x_wconf 90' lang='lat' dir='ltr'><strong>divino</strong></span> 
     </span>
    </p>
   </div>
   <div class='ocr_carea' id='block_1_18' title="bbox 402 1687 1979 1759">
    <p class='ocr_par' dir='ltr' id='par_1_18' title="bbox 402 1687 1979 1759">
     <span class='ocr_line' id='line_1_18' title="bbox 402 1687 1979 1759; baseline -0.003 -15"><span class='ocrx_word' id='word_1_131' title='bbox 402 1705 502 1745; x_wconf 92' lang='lat' dir='ltr'><strong>nos</strong></span> <span class='ocrx_word' id='word_1_132' title='bbox 527 1690 726 1745; x_wconf 88' lang='lat' dir='ltr'><strong>auxilio</strong></span> <span class='ocrx_word' id='word_1_133' title='bbox 759 1689 999 1759; x_wconf 75' lang='lat' dir='ltr'><strong>indigere</strong></span> <span class='ocrx_word' id='word_1_134' title='bbox 1024 1687 1341 1743; x_wconf 87' lang='lat' dir='ltr'><strong>stultissime</strong></span> <span class='ocrx_word' id='word_1_135' title='bbox 1377 1696 1750 1758; x_wconf 83' lang='lat' dir='ltr'><strong>pernegarent.</strong></span> <span class='ocrx_word' id='word_1_136' title='bbox 1784 1688 1979 1742; x_wconf 85' lang='lat' dir='ltr'><strong>Eorum</strong></span> 
     </span>
    </p>
   </div>
   <div class='ocr_carea' id='block_1_19' title="bbox 2091 504 3680 575">
    <p class='ocr_par' dir='ltr' id='par_1_19' title="bbox 2091 504 3680 575">
     <span class='ocr_line' id='line_1_19' title="bbox 2091 504 3680 575; baseline 0.001 -19"><span class='ocrx_word' id='word_1_137' title='bbox 2091 505 2211 572; x_wconf 83' lang='lat' dir='ltr'><strong>quia</strong></span> <span class='ocrx_word' id='word_1_138' title='bbox 2242 504 2467 573; x_wconf 86' lang='lat' dir='ltr'><strong>quilibet</strong></span> <span class='ocrx_word' id='word_1_139' title='bbox 2500 520 2685 561; x_wconf 91' lang='lat' dir='ltr'><strong>amore</strong></span> <span class='ocrx_word' id='word_1_140' title='bbox 2719 506 2947 560; x_wconf 88' lang='lat' dir='ltr'><strong>naturali</strong></span> <span class='ocrx_word' id='word_1_141' title='bbox 2980 506 3149 575; x_wconf 80' lang='lat' dir='ltr'><strong>diligit</strong></span> <span class='ocrx_word' id='word_1_142' title='bbox 3193 520 3271 571; x_wconf 90' lang='lat' dir='ltr'><strong>se,</strong></span> <span class='ocrx_word' id='word_1_143' title='bbox 3297 516 3352 561; x_wconf 86' lang='lat' dir='ltr'><strong>et</strong></span> <span class='ocrx_word' id='word_1_144' title='bbox 3392 521 3499 575; x_wconf 87' lang='lat' dir='ltr'><strong>quo</strong></span> <span class='ocrx_word' id='word_1_145' title='bbox 3549 506 3680 574; x_wconf 84' lang='lat' dir='ltr'><strong>plu-</strong></span> 
     </span>
    </p>
   </div>
   <div class='ocr_carea' id='block_1_20' title="bbox 2090 590 3685 667">
    <p class='ocr_par' dir='ltr' id='par_1_20' title="bbox 2090 590 3685 667">
     <span class='ocr_line' id='line_1_20' title="bbox 2090 590 3685 667; baseline -0.002 -18"><span class='ocrx_word' id='word_1_146' title='bbox 2090 610 2147 649; x_wconf 87' lang='lat' dir='ltr'><strong>ra</strong></span> <span class='ocrx_word' id='word_1_147' title='bbox 2174 596 2226 649; x_wconf 91' lang='lat' dir='ltr'><strong>in</strong></span> <span class='ocrx_word' id='word_1_148' title='bbox 2256 611 2313 650; x_wconf 89' lang='lat' dir='ltr'><strong>se</strong></span> <span class='ocrx_word' id='word_1_149' title='bbox 2345 598 2478 652; x_wconf 89' lang='lat' dir='ltr'><strong>bona</strong></span> <span class='ocrx_word' id='word_1_150' title='bbox 2526 598 2814 667; x_wconf 88' lang='lat' dir='ltr'><strong>conspicit,</strong></span> <span class='ocrx_word' id='word_1_151' title='bbox 2851 590 2980 665; x_wconf 89' lang='lat' dir='ltr'><strong>plus</strong></span> <span class='ocrx_word' id='word_1_152' title='bbox 3014 599 3115 652; x_wconf 89' lang='lat' dir='ltr'><strong>sibi</strong></span> <span class='ocrx_word' id='word_1_153' title='bbox 3164 597 3496 666; x_wconf 82' lang='lat' dir='ltr'><strong>complacet;</strong></span> <span class='ocrx_word' id='word_1_154' title='bbox 3527 594 3685 648; x_wconf 84' lang='lat' dir='ltr'><strong>unde</strong></span> 
     </span>
    </p>
   </div>
   <div class='ocr_carea' id='block_1_21' title="bbox 2090 686 3681 755">
    <p class='ocr_par' dir='ltr' id='par_1_21' title="bbox 2090 686 3681 755">
     <span class='ocr_line' id='line_1_21' title="bbox 2090 686 3681 755; baseline 0 -17"><span class='ocrx_word' id='word_1_155' title='bbox 2090 700 2199 751; x_wconf 67' lang='lat' dir='ltr'><strong>pra:</strong></span> <span class='ocrx_word' id='word_1_156' title='bbox 2226 686 2342 739; x_wconf 88' lang='lat' dir='ltr'><strong>aliis</strong></span> <span class='ocrx_word' id='word_1_157' title='bbox 2370 700 2429 741; x_wconf 89' lang='lat' dir='ltr'><strong>se</strong></span> <span class='ocrx_word' id='word_1_158' title='bbox 2456 687 2708 754; x_wconf 64' lang='lat' dir='ltr'><strong>aestimat,</strong></span> <span class='ocrx_word' id='word_1_159' title='bbox 2740 698 2794 740; x_wconf 91' lang='lat' dir='ltr'><strong>et</strong></span> <span class='ocrx_word' id='word_1_160' title='bbox 2845 687 3098 755; x_wconf 87' lang='lat' dir='ltr'><strong>philantia</strong></span> <span class='ocrx_word' id='word_1_161' title='bbox 3127 687 3455 751; x_wconf 80' lang='lat' dir='ltr'><strong>intumescit,</strong></span> <span class='ocrx_word' id='word_1_162' title='bbox 3484 702 3545 739; x_wconf 88' lang='lat' dir='ltr'><strong>ac</strong></span> <span class='ocrx_word' id='word_1_163' title='bbox 3574 701 3681 738; x_wconf 77' lang='lat' dir='ltr'><strong>ve—</strong></span> 
     </span>
    </p>
   </div>
   <div class='ocr_carea' id='block_1_22' title="bbox 2086 776 3669 847">
    <p class='ocr_par' dir='ltr' id='par_1_22' title="bbox 2086 776 3669 847">
     <span class='ocr_line' id='line_1_22' title="bbox 2086 776 3669 847; baseline 0 -18"><span class='ocrx_word' id='word_1_164' title='bbox 2086 776 2184 829; x_wconf 90' lang='lat' dir='ltr'><strong>luti</strong></span> <span class='ocrx_word' id='word_1_165' title='bbox 2213 776 2491 832; x_wconf 81' lang='lat' dir='ltr'><strong>Narcissus</strong></span> <span class='ocrx_word' id='word_1_166' title='bbox 2517 788 2725 833; x_wconf 88' lang='lat' dir='ltr'><strong>suamet</strong></span> <span class='ocrx_word' id='word_1_167' title='bbox 2769 778 3160 845; x_wconf 83' lang='lat' dir='ltr'><strong>pulchritudine</strong></span> <span class='ocrx_word' id='word_1_168' title='bbox 3202 780 3424 847; x_wconf 87' lang='lat' dir='ltr'><strong>rapitur.</strong></span> <span class='ocrx_word' id='word_1_169' title='bbox 3479 776 3669 832; x_wconf 80' lang='lat' dir='ltr'><strong>Unum</strong></span> 
     </span>
    </p>
   </div>
   <div class='ocr_carea' id='block_1_23' title="bbox 2088 868 3680 938">
    <p class='ocr_par' dir='ltr' id='par_1_23' title="bbox 2088 868 3680 938">
     <span class='ocr_line' id='line_1_23' title="bbox 2088 868 3680 938; baseline 0.001 -19"><span class='ocrx_word' id='word_1_170' title='bbox 2088 876 2264 923; x_wconf 88' lang='lat' dir='ltr'><strong>autem</strong></span> <span class='ocrx_word' id='word_1_171' title='bbox 2314 868 2598 923; x_wconf 72' lang='lat' dir='ltr'><strong>contraria:</strong></span> <span class='ocrx_word' id='word_1_172' title='bbox 2625 869 2901 923; x_wconf 81' lang='lat' dir='ltr'><strong>sententiae</strong></span> <span class='ocrx_word' id='word_1_173' title='bbox 2948 878 3199 924; x_wconf 89' lang='lat' dir='ltr'><strong>auctores</strong></span> <span class='ocrx_word' id='word_1_174' title='bbox 3237 882 3503 938; x_wconf 88' lang='lat' dir='ltr'><strong>opponere</strong></span> <span class='ocrx_word' id='word_1_175' title='bbox 3530 884 3680 937; x_wconf 79' lang='lat' dir='ltr'><strong>pos-</strong></span> 
     </span>
    </p>
   </div>
   <div class='ocr_carea' id='block_1_24' title="bbox 2088 956 3680 1026">
    <p class='ocr_par' dir='ltr' id='par_1_24' title="bbox 2088 956 3680 1026">
     <span class='ocr_line' id='line_1_24' title="bbox 2088 956 3680 1026; baseline 0.002 -18"><span class='ocrx_word' id='word_1_176' title='bbox 2088 965 2227 1021; x_wconf 90' lang='lat' dir='ltr'><strong>sent,</strong></span> <span class='ocrx_word' id='word_1_177' title='bbox 2260 959 2464 1025; x_wconf 90' lang='lat' dir='ltr'><strong>optime</strong></span> <span class='ocrx_word' id='word_1_178' title='bbox 2520 958 2800 1026; x_wconf 90' lang='lat' dir='ltr'><strong>hucusque</strong></span> <span class='ocrx_word' id='word_1_179' title='bbox 2827 957 2968 1010; x_wconf 89' lang='lat' dir='ltr'><strong>dicta</strong></span> <span class='ocrx_word' id='word_1_180' title='bbox 2994 956 3344 1020; x_wconf 80' lang='lat' dir='ltr'><strong>concludere,</strong></span> <span class='ocrx_word' id='word_1_181' title='bbox 3372 958 3413 1011; x_wconf 90' lang='lat' dir='ltr'><strong>si</strong></span> <span class='ocrx_word' id='word_1_182' title='bbox 3442 957 3680 1011; x_wconf 80' lang='lat' dir='ltr'><strong>eiiciens</strong></span> 
     </span>
    </p>
   </div>
   <div class='ocr_carea' id='block_1_25' title="bbox 2087 1046 3682 1116">
    <p class='ocr_par' dir='ltr' id='par_1_25' title="bbox 2087 1046 3682 1116">
     <span class='ocr_line' id='line_1_25' title="bbox 2087 1046 3682 1116; baseline 0.003 -20"><span class='ocrx_word' id='word_1_183' title='bbox 2087 1054 2238 1101; x_wconf 89' lang='lat' dir='ltr'><strong>actus</strong></span> <span class='ocrx_word' id='word_1_184' title='bbox 2270 1047 2548 1115; x_wconf 86' lang='lat' dir='ltr'><strong>honestos,</strong></span> <span class='ocrx_word' id='word_1_185' title='bbox 2578 1047 2699 1102; x_wconf 90' lang='lat' dir='ltr'><strong>inde</strong></span> <span class='ocrx_word' id='word_1_186' title='bbox 2745 1046 2884 1116; x_wconf 90' lang='lat' dir='ltr'><strong>apud</strong></span> <span class='ocrx_word' id='word_1_187' title='bbox 2932 1047 3277 1115; x_wconf 85' lang='lat' dir='ltr'><strong>semetipsum</strong></span> <span class='ocrx_word' id='word_1_188' title='bbox 3326 1047 3465 1100; x_wconf 90' lang='lat' dir='ltr'><strong>inani</strong></span> <span class='ocrx_word' id='word_1_189' title='bbox 3513 1062 3682 1101; x_wconf 79' lang='lat' dir='ltr'><strong>com-</strong></span> 
     </span>
    </p>
   </div>
   <div class='ocr_carea' id='block_1_26' title="bbox 2089 1135 3682 1207">
    <p class='ocr_par' dir='ltr' id='par_1_26' title="bbox 2089 1135 3682 1207">
     <span class='ocr_line' id='line_1_26' title="bbox 2089 1135 3682 1207; baseline 0.003 -18"><span class='ocrx_word' id='word_1_190' title='bbox 2089 1135 2354 1204; x_wconf 90' lang='lat' dir='ltr'><strong>placentia</strong></span> <span class='ocrx_word' id='word_1_191' title='bbox 2386 1146 2686 1206; x_wconf 80' lang='lat' dir='ltr'><strong>turgescat;</strong></span> <span class='ocrx_word' id='word_1_192' title='bbox 2731 1147 2787 1191; x_wconf 90' lang='lat' dir='ltr'><strong>at</strong></span> <span class='ocrx_word' id='word_1_193' title='bbox 2818 1136 2927 1192; x_wconf 87' lang='lat' dir='ltr'><strong>ﬂeri</strong></span> <span class='ocrx_word' id='word_1_194' title='bbox 2974 1151 3129 1206; x_wconf 89' lang='lat' dir='ltr'><strong>posse</strong></span> <span class='ocrx_word' id='word_1_195' title='bbox 3168 1147 3226 1192; x_wconf 92' lang='lat' dir='ltr'><strong>ut</strong></span> <span class='ocrx_word' id='word_1_196' title='bbox 3274 1138 3393 1207; x_wconf 91' lang='lat' dir='ltr'><strong>quis</strong></span> <span class='ocrx_word' id='word_1_197' title='bbox 3439 1139 3682 1193; x_wconf 81' lang='lat' dir='ltr'><strong>honeste</strong></span> 
     </span>
    </p>
   </div>
   <div class='ocr_carea' id='block_1_27' title="bbox 2088 1227 3674 1298">
    <p class='ocr_par' dir='ltr' id='par_1_27' title="bbox 2088 1227 3674 1298">
     <span class='ocr_line' id='line_1_27' title="bbox 2088 1227 3674 1298; baseline 0.004 -20"><span class='ocrx_word' id='word_1_198' title='bbox 2088 1236 2432 1293; x_wconf 88' lang='lat' dir='ltr'><strong>operetur,v.</strong></span> <span class='ocrx_word' id='word_1_199' title='bbox 2465 1241 2544 1296; x_wconf 90' lang='lat' dir='ltr'><strong>g.,</strong></span> <span class='ocrx_word' id='word_1_200' title='bbox 2573 1227 2665 1282; x_wconf 90' lang='lat' dir='ltr'><strong>det</strong></span> <span class='ocrx_word' id='word_1_201' title='bbox 2693 1227 3095 1298; x_wconf 85' lang='lat' dir='ltr'><strong>eleemosynam</strong></span> <span class='ocrx_word' id='word_1_202' title='bbox 3127 1228 3367 1296; x_wconf 87' lang='lat' dir='ltr'><strong>pauperi,</strong></span> <span class='ocrx_word' id='word_1_203' title='bbox 3395 1243 3457 1282; x_wconf 90' lang='lat' dir='ltr'><strong>ac</strong></span> <span class='ocrx_word' id='word_1_204' title='bbox 3482 1230 3674 1284; x_wconf 78' lang='lat' dir='ltr'><strong>statim</strong></span> 
     </span>
    </p>
   </div>
   <div class='ocr_carea' id='block_1_28' title="bbox 2088 1315 3679 1387">
    <p class='ocr_par' dir='ltr' id='par_1_28' title="bbox 2088 1315 3679 1387">
     <span class='ocr_line' id='line_1_28' title="bbox 2088 1315 3679 1387; baseline 0.001 -18"><span class='ocrx_word' id='word_1_205' title='bbox 2088 1315 2330 1384; x_wconf 89' lang='lat' dir='ltr'><strong>ejusdem</strong></span> <span class='ocrx_word' id='word_1_206' title='bbox 2361 1330 2513 1371; x_wconf 89' lang='lat' dir='ltr'><strong>mens</strong></span> <span class='ocrx_word' id='word_1_207' title='bbox 2543 1318 2649 1372; x_wconf 87' lang='lat' dir='ltr'><strong>alio</strong></span> <span class='ocrx_word' id='word_1_208' title='bbox 2673 1327 2947 1383; x_wconf 75' lang='lat' dir='ltr'><strong>avocetur,</strong></span> <span class='ocrx_word' id='word_1_209' title='bbox 2977 1318 3027 1371; x_wconf 92' lang='lat' dir='ltr'><strong>in</strong></span> <span class='ocrx_word' id='word_1_210' title='bbox 3056 1331 3163 1387; x_wconf 90' lang='lat' dir='ltr'><strong>quo</strong></span> <span class='ocrx_word' id='word_1_211' title='bbox 3190 1332 3316 1371; x_wconf 88' lang='lat' dir='ltr'><strong>casu</strong></span> <span class='ocrx_word' id='word_1_212' title='bbox 3338 1333 3503 1386; x_wconf 87' lang='lat' dir='ltr'><strong>neque</strong></span> <span class='ocrx_word' id='word_1_213' title='bbox 3519 1320 3679 1387; x_wconf 78' lang='lat' dir='ltr'><strong>apud</strong></span> 
     </span>
    </p>
   </div>
   <div class='ocr_carea' id='block_1_29' title="bbox 2086 1406 3679 1476">
    <p class='ocr_par' dir='ltr' id='par_1_29' title="bbox 2086 1406 3679 1476">
     <span class='ocr_line' id='line_1_29' title="bbox 2086 1406 3679 1476; baseline 0.001 -18"><span class='ocrx_word' id='word_1_214' title='bbox 2086 1408 2430 1474; x_wconf 89' lang='lat' dir='ltr'><strong>semetipsum</strong></span> <span class='ocrx_word' id='word_1_215' title='bbox 2485 1406 2553 1461; x_wconf 90' lang='lat' dir='ltr'><strong>de</strong></span> <span class='ocrx_word' id='word_1_216' title='bbox 2581 1408 2719 1461; x_wconf 89' lang='lat' dir='ltr'><strong>bono</strong></span> <span class='ocrx_word' id='word_1_217' title='bbox 2746 1422 2910 1475; x_wconf 90' lang='lat' dir='ltr'><strong>opere</strong></span> <span class='ocrx_word' id='word_1_218' title='bbox 2942 1422 3036 1475; x_wconf 91' lang='lat' dir='ltr'><strong>per</strong></span> <span class='ocrx_word' id='word_1_219' title='bbox 3065 1415 3241 1460; x_wconf 90' lang='lat' dir='ltr'><strong>actum</strong></span> <span class='ocrx_word' id='word_1_220' title='bbox 3272 1406 3521 1461; x_wconf 85' lang='lat' dir='ltr'><strong>reﬂexum</strong></span> <span class='ocrx_word' id='word_1_221' title='bbox 3544 1408 3679 1476; x_wconf 83' lang='lat' dir='ltr'><strong>glo-</strong></span> 
     </span>
    </p>
   </div>
   <div class='ocr_carea' id='block_1_30' title="bbox 2087 1495 3680 1565">
    <p class='ocr_par' dir='ltr' id='par_1_30' title="bbox 2087 1495 3680 1565">
     <span class='ocr_line' id='line_1_30' title="bbox 2087 1495 3680 1565; baseline 0.002 -17"><span class='ocrx_word' id='word_1_222' title='bbox 2087 1495 2328 1549; x_wconf 87' lang='lat' dir='ltr'><strong>riabitur.</strong></span> <span class='ocrx_word' id='word_1_223' title='bbox 2358 1496 2551 1551; x_wconf 84' lang='lat' dir='ltr'><strong>Fateor</strong></span> <span class='ocrx_word' id='word_1_224' title='bbox 2574 1496 2813 1565; x_wconf 89' lang='lat' dir='ltr'><strong>quidem,</strong></span> <span class='ocrx_word' id='word_1_225' title='bbox 2846 1496 2890 1550; x_wconf 89' lang='lat' dir='ltr'><strong>si</strong></span> <span class='ocrx_word' id='word_1_226' title='bbox 2923 1496 3101 1550; x_wconf 81' lang='lat' dir='ltr'><strong>statim</strong></span> <span class='ocrx_word' id='word_1_227' title='bbox 3134 1511 3284 1551; x_wconf 87' lang='lat' dir='ltr'><strong>mens</strong></span> <span class='ocrx_word' id='word_1_228' title='bbox 3306 1496 3409 1549; x_wconf 90' lang='lat' dir='ltr'><strong>alio</strong></span> <span class='ocrx_word' id='word_1_229' title='bbox 3446 1511 3474 1549; x_wconf 89' lang='lat' dir='ltr'><strong>a</strong></span> <span class='ocrx_word' id='word_1_230' title='bbox 3520 1512 3680 1551; x_wconf 84' lang='lat' dir='ltr'><strong>novo</strong></span> 
     </span>
    </p>
   </div>
   <div class='ocr_carea' id='block_1_31' title="bbox 2086 1587 3679 1658">
    <p class='ocr_par' dir='ltr' id='par_1_31' title="bbox 2086 1587 3679 1658">
     <span class='ocr_line' id='line_1_31' title="bbox 2086 1587 3679 1658; baseline 0 -17"><span class='ocrx_word' id='word_1_231' title='bbox 2086 1587 2301 1656; x_wconf 76' lang='lat' dir='ltr'><strong>objerto</strong></span> <span class='ocrx_word' id='word_1_232' title='bbox 2333 1588 2590 1653; x_wconf 88' lang='lat' dir='ltr'><strong>trahatur,</strong></span> <span class='ocrx_word' id='word_1_233' title='bbox 2621 1588 2733 1642; x_wconf 80' lang='lat' dir='ltr'><strong>fieri</strong></span> <span class='ocrx_word' id='word_1_234' title='bbox 2770 1603 2925 1655; x_wconf 87' lang='lat' dir='ltr'><strong>posse</strong></span> <span class='ocrx_word' id='word_1_235' title='bbox 2953 1596 3013 1642; x_wconf 88' lang='lat' dir='ltr'><strong>ut</strong></span> <span class='ocrx_word' id='word_1_236' title='bbox 3060 1588 3207 1642; x_wconf 88' lang='lat' dir='ltr'><strong>nulla</strong></span> <span class='ocrx_word' id='word_1_237' title='bbox 3257 1588 3394 1657; x_wconf 91' lang='lat' dir='ltr'><strong>apud</strong></span> <span class='ocrx_word' id='word_1_238' title='bbox 3424 1590 3679 1658; x_wconf 83' lang='lat' dir='ltr'><strong>seipsnm</strong></span> 
     </span>
    </p>
   </div>
   <div class='ocr_carea' id='block_1_32' title="bbox 2086 1678 3684 1749">
    <p class='ocr_par' dir='ltr' id='par_1_32' title="bbox 2086 1678 3684 1749">
     <span class='ocr_line' id='line_1_32' title="bbox 2086 1678 3684 1749; baseline -0.001 -16"><span class='ocrx_word' id='word_1_239' title='bbox 2086 1679 2252 1749; x_wconf 85' lang='lat' dir='ltr'><strong>gloria</strong></span> <span class='ocrx_word' id='word_1_240' title='bbox 2277 1679 2355 1733; x_wconf 85' lang='lat' dir='ltr'><strong>vel</strong></span> <span class='ocrx_word' id='word_1_241' title='bbox 2384 1679 2638 1747; x_wconf 88' lang='lat' dir='ltr'><strong>jactantia</strong></span> <span class='ocrx_word' id='word_1_242' title='bbox 2663 1679 2940 1743; x_wconf 87' lang='lat' dir='ltr'><strong>titilletur;</strong></span> <span class='ocrx_word' id='word_1_243' title='bbox 2973 1688 3024 1732; x_wconf 89' lang='lat' dir='ltr'><strong>at</strong></span> <span class='ocrx_word' id='word_1_244' title='bbox 3050 1678 3101 1734; x_wconf 91' lang='lat' dir='ltr'><strong>id</strong></span> <span class='ocrx_word' id='word_1_245' title='bbox 3126 1694 3220 1748; x_wconf 88' lang='lat' dir='ltr'><strong>per</strong></span> <span class='ocrx_word' id='word_1_246' title='bbox 3244 1678 3488 1733; x_wconf 89' lang='lat' dir='ltr'><strong>accidens</strong></span> <span class='ocrx_word' id='word_1_247' title='bbox 3532 1694 3684 1733; x_wconf 82' lang='lat' dir='ltr'><strong>con-</strong></span> 
     </span>
    </p>
   </div>
   <div class='ocr_carea' id='block_1_33' title="bbox 399 1772 3683 1854">
    <p class='ocr_par' dir='ltr' id='par_1_33' title="bbox 399 1772 3683 1854">
     <span class='ocr_line' id='line_1_33' title="bbox 399 1772 3683 1854; baseline -0.003 -16"><span class='ocrx_word' id='word_1_248' title='bbox 399 1784 560 1837; x_wconf 82' lang='lat' dir='ltr'><strong>verba</strong></span> <span class='ocrx_word' id='word_1_249' title='bbox 620 1780 960 1837; x_wconf 85' lang='lat' dir='ltr'><strong>recitavimus</strong></span> <span class='ocrx_word' id='word_1_250' title='bbox 1010 1779 1103 1834; x_wconf 88' lang='lat' dir='ltr'><strong>lib.</strong></span> <span class='ocrx_word' id='word_1_251' title='bbox 1138 1794 1155 1833; x_wconf 90' lang='grc' dir='ltr'><strong>ι</strong></span> <span class='ocrx_word' id='word_1_252' title='bbox 1204 1779 1341 1833; x_wconf 82' lang='lat' dir='ltr'><strong>Hist.</strong></span> <span class='ocrx_word' id='word_1_253' title='bbox 1390 1779 1593 1848; x_wconf 69' lang='lat' dir='ltr'><strong>Pelag,</strong></span> <span class='ocrx_word' id='word_1_254' title='bbox 1640 1794 1759 1847; x_wconf 86' lang='lat' dir='ltr'><strong>cap.</strong></span> <span class='ocrx_word' id='word_1_255' title='bbox 1806 1781 1859 1843; x_wconf 72' lang='lat' dir='ltr'><strong>t,</strong></span> <span class='ocrx_word' id='word_1_256' title='bbox 1888 1778 1974 1832; x_wconf 88' lang='lat' dir='ltr'><strong>ubi</strong></span> <span class='ocrx_word' id='word_1_257' title='bbox 2011 1796 2056 1854; x_wconf 73' lang='grc' dir='ltr'><strong>Β</strong></span> <span class='ocrx_word' id='word_1_258' title='bbox 2092 1772 2263 1840; x_wconf 89' lang='lat' dir='ltr'><strong>tingit.</strong></span> <span class='ocrx_word' id='word_1_259' title='bbox 2290 1772 2419 1826; x_wconf 83' lang='lat' dir='ltr'><strong>Nam</strong></span> <span class='ocrx_word' id='word_1_260' title='bbox 2440 1787 2604 1841; x_wconf 89' lang='lat' dir='ltr'><strong>agens</strong></span> <span class='ocrx_word' id='word_1_261' title='bbox 2626 1774 2829 1826; x_wconf 87' lang='lat' dir='ltr'><strong>morale</strong></span> <span class='ocrx_word' id='word_1_262' title='bbox 2856 1772 3018 1826; x_wconf 85' lang='lat' dir='ltr'><strong>debet</strong></span> <span class='ocrx_word' id='word_1_263' title='bbox 3038 1773 3384 1829; x_wconf 86' lang='lat' dir='ltr'><strong>considerare</strong></span> <span class='ocrx_word' id='word_1_264' title='bbox 3418 1787 3483 1825; x_wconf 89' lang='lat' dir='ltr'><strong>an</strong></span> <span class='ocrx_word' id='word_1_265' title='bbox 3517 1783 3683 1827; x_wconf 84' lang='lat' dir='ltr'><strong>recte</strong></span> 
     </span>
    </p>
   </div>
   <div class='ocr_carea' id='block_1_34' title="bbox 400 1867 1978 1943">
    <p class='ocr_par' dir='ltr' id='par_1_34' title="bbox 400 1867 1978 1943">
     <span class='ocr_line' id='line_1_34' title="bbox 400 1867 1978 1943; baseline -0.006 -13"><span class='ocrx_word' id='word_1_266' title='bbox 400 1876 561 1930; x_wconf 81' lang='lat' dir='ltr'><strong>etiam</strong></span> <span class='ocrx_word' id='word_1_267' title='bbox 593 1875 936 1943; x_wconf 85' lang='lat' dir='ltr'><strong>probavimus</strong></span> <span class='ocrx_word' id='word_1_268' title='bbox 966 1872 1273 1940; x_wconf 86' lang='lat' dir='ltr'><strong>superbiam</strong></span> <span class='ocrx_word' id='word_1_269' title='bbox 1318 1871 1749 1939; x_wconf 49' lang='lat' dir='ltr'><strong>Pelagianorum,</strong></span> <span class='ocrx_word' id='word_1_270' title='bbox 1777 1884 1881 1937; x_wconf 90' lang='lat' dir='ltr'><strong>qua</strong></span> <span class='ocrx_word' id='word_1_271' title='bbox 1906 1867 1978 1922; x_wconf 86' lang='lat' dir='ltr'><strong>di-</strong></span> 
     </span>
    </p>
   </div>
   <div class='ocr_carea' id='block_1_35' title="bbox 399 1961 1979 2037">
    <p class='ocr_par' dir='ltr' id='par_1_35' title="bbox 399 1961 1979 2037">
     <span class='ocr_line' id='line_1_35' title="bbox 399 1961 1979 2037; baseline -0.006 -15"><span class='ocrx_word' id='word_1_272' title='bbox 399 1968 535 2022; x_wconf 81' lang='lat' dir='ltr'><strong>vin;e</strong></span> <span class='ocrx_word' id='word_1_273' title='bbox 563 1968 747 2037; x_wconf 73' lang='lat' dir='ltr'><strong>gratim</strong></span> <span class='ocrx_word' id='word_1_274' title='bbox 775 1968 1147 2021; x_wconf 82' lang='lat' dir='ltr'><strong>necessitatem</strong></span> <span class='ocrx_word' id='word_1_275' title='bbox 1170 1963 1563 2027; x_wconf 74' lang='lat' dir='ltr'><strong>inliciebantur,</strong></span> <span class='ocrx_word' id='word_1_276' title='bbox 1589 1978 1654 2017; x_wconf 92' lang='lat' dir='ltr'><strong>ex</strong></span> <span class='ocrx_word' id='word_1_277' title='bbox 1680 1961 1979 2018; x_wconf 85' lang='lat' dir='ltr'><strong>Stoicorum</strong></span> 
     </span>
    </p>
   </div>
   <div class='ocr_carea' id='block_1_36' title="bbox 398 2054 1980 2129">
    <p class='ocr_par' dir='ltr' id='par_1_36' title="bbox 398 2054 1980 2129">
     <span class='ocr_line' id='line_1_36' title="bbox 398 2054 1980 2129; baseline -0.005 -16"><span class='ocrx_word' id='word_1_278' title='bbox 398 2058 647 2129; x_wconf 87' lang='lat' dir='ltr'><strong>degmate</strong></span> <span class='ocrx_word' id='word_1_279' title='bbox 677 2059 969 2112; x_wconf 80' lang='lat' dir='ltr'><strong>derivnsse.</strong></span> <span class='ocrx_word' id='word_1_280' title='bbox 1017 2056 1240 2125; x_wconf 80' lang='lat' dir='ltr'><strong>Egregie</strong></span> <span class='ocrx_word' id='word_1_281' title='bbox 1288 2064 1504 2109; x_wconf 77' lang='lat' dir='ltr'><strong>Sanctus</strong></span> <span class='ocrx_word' id='word_1_282' title='bbox 1553 2054 1741 2109; x_wconf 91' lang='lat' dir='ltr'><strong>doctor</strong></span> <span class='ocrx_word' id='word_1_283' title='bbox 1796 2063 1980 2107; x_wconf 88' lang='lat' dir='ltr'><strong>contra</strong></span> 
     </span>
    </p>
   </div>
   <div class='ocr_carea' id='block_1_37' title="bbox 398 2144 1981 2219">
    <p class='ocr_par' dir='ltr' id='par_1_37' title="bbox 398 2144 1981 2219">
     <span class='ocr_line' id='line_1_37' title="bbox 398 2144 1981 2219; baseline -0.004 -15"><span class='ocrx_word' id='word_1_284' title='bbox 398 2151 714 2219; x_wconf 82' lang='lat' dir='ltr'><strong>Pelagianos</strong></span> <span class='ocrx_word' id='word_1_285' title='bbox 754 2162 1003 2203; x_wconf 88' lang='lat' dir='ltr'><strong>sermone</strong></span> <span class='ocrx_word' id='word_1_286' title='bbox 1053 2146 1242 2201; x_wconf 91' lang='lat' dir='ltr'><strong>eodem</strong></span> <span class='ocrx_word' id='word_1_287' title='bbox 1288 2144 1354 2198; x_wconf 78' lang='lat' dir='ltr'><strong>I5</strong></span> <span class='ocrx_word' id='word_1_288' title='bbox 1398 2144 1573 2199; x_wconf 79' lang='lat' dir='ltr'><strong>dixit:</strong></span> <span class='ocrx_word' id='word_1_289' title='bbox 1612 2163 1630 2196; x_wconf 83' lang='grc' dir='ltr'><strong>ι</strong></span> <span class='ocrx_word' id='word_1_290' title='bbox 1668 2144 1746 2198; x_wconf 87' lang='lat' dir='ltr'><strong>Tu</strong></span> <span class='ocrx_word' id='word_1_291' title='bbox 1803 2152 1855 2198; x_wconf 90' lang='lat' dir='ltr'><strong>te</strong></span> <span class='ocrx_word' id='word_1_292' title='bbox 1903 2144 1981 2198; x_wconf 90' lang='lat' dir='ltr'><strong>vis</strong></span> 
     </span>
    </p>
   </div>
   <div class='ocr_carea' id='block_1_38' title="bbox 398 2235 1985 2309">
    <p class='ocr_par' dir='ltr' id='par_1_38' title="bbox 398 2235 1985 2309">
     <span class='ocr_line' id='line_1_38' title="bbox 398 2235 1985 2309; baseline -0.003 -16"><span class='ocrx_word' id='word_1_293' title='bbox 398 2256 579 2309; x_wconf 87' lang='lat' dir='ltr'><strong>agerc,</strong></span> <span class='ocrx_word' id='word_1_294' title='bbox 604 2255 632 2291; x_wconf 90' lang='lat' dir='ltr'><strong>a</strong></span> <span class='ocrx_word' id='word_1_295' title='bbox 669 2248 719 2292; x_wconf 91' lang='lat' dir='ltr'><strong>te</strong></span> <span class='ocrx_word' id='word_1_296' title='bbox 748 2241 863 2308; x_wconf 93' lang='lat' dir='ltr'><strong>ipso</strong></span> <span class='ocrx_word' id='word_1_297' title='bbox 888 2239 967 2291; x_wconf 89' lang='lat' dir='ltr'><strong>vis</strong></span> <span class='ocrx_word' id='word_1_298' title='bbox 994 2237 1077 2307; x_wconf 88' lang='lat' dir='ltr'><strong>agi</strong></span> <span class='ocrx_word' id='word_1_299' title='bbox 1108 2235 1174 2289; x_wconf 91' lang='lat' dir='ltr'><strong>ad</strong></span> <span class='ocrx_word' id='word_1_300' title='bbox 1195 2235 1433 2289; x_wconf 86' lang='lat' dir='ltr'><strong>actiones</strong></span> <span class='ocrx_word' id='word_1_301' title='bbox 1462 2237 1639 2288; x_wconf 89' lang='lat' dir='ltr'><strong>carnis</strong></span> <span class='ocrx_word' id='word_1_302' title='bbox 1659 2236 1985 2289; x_wconf 88' lang='lat' dir='ltr'><strong>mortilican-</strong></span> 
     </span>
    </p>
   </div>
   <div class='ocr_carea' id='block_1_39' title="bbox 397 2325 1978 2396">
    <p class='ocr_par' dir='ltr' id='par_1_39' title="bbox 397 2325 1978 2396">
     <span class='ocr_line' id='line_1_39' title="bbox 397 2325 1978 2396; baseline -0.003 -14"><span class='ocrx_word' id='word_1_303' title='bbox 397 2330 525 2382; x_wconf 88' lang='lat' dir='ltr'><strong>das?</strong></span> <span class='ocrx_word' id='word_1_304' title='bbox 548 2328 684 2394; x_wconf 86' lang='lat' dir='ltr'><strong>Quid</strong></span> <span class='ocrx_word' id='word_1_305' title='bbox 709 2330 800 2383; x_wconf 89' lang='lat' dir='ltr'><strong>tibi</strong></span> <span class='ocrx_word' id='word_1_306' title='bbox 845 2328 1083 2396; x_wconf 82' lang='lat' dir='ltr'><strong>prodest,</strong></span> <span class='ocrx_word' id='word_1_307' title='bbox 1113 2328 1236 2395; x_wconf 85' lang='lat' dir='ltr'><strong>quia</strong></span> <span class='ocrx_word' id='word_1_308' title='bbox 1268 2340 1372 2378; x_wconf 86' lang='lat' dir='ltr'><strong>non</strong></span> <span class='ocrx_word' id='word_1_309' title='bbox 1402 2325 1510 2379; x_wconf 92' lang='lat' dir='ltr'><strong>eris</strong></span> <span class='ocrx_word' id='word_1_310' title='bbox 1568 2325 1886 2391; x_wconf 85' lang='lat' dir='ltr'><strong>Epicureus,</strong></span> <span class='ocrx_word' id='word_1_311' title='bbox 1922 2334 1978 2378; x_wconf 87' lang='lat' dir='ltr'><strong>et</strong></span> 
     </span>
    </p>
   </div>
   <div class='ocr_carea' id='block_1_40' title="bbox 398 2414 1982 2487">
    <p class='ocr_par' dir='ltr' id='par_1_40' title="bbox 398 2414 1982 2487">
     <span class='ocr_line' id='line_1_40' title="bbox 398 2414 1982 2487; baseline -0.004 -13"><span class='ocrx_word' id='word_1_312' title='bbox 398 2420 509 2474; x_wconf 89' lang='lat' dir='ltr'><strong>eris</strong></span> <span class='ocrx_word' id='word_1_313' title='bbox 536 2420 785 2474; x_wconf 81' lang='lat' dir='ltr'><strong>Stoicus?</strong></span> <span class='ocrx_word' id='word_1_314' title='bbox 822 2439 841 2471; x_wconf 78' lang='grc' dir='ltr'><strong>ι</strong></span> <span class='ocrx_word' id='word_1_315' title='bbox 878 2419 1024 2473; x_wconf 91' lang='lat' dir='ltr'><strong>Idem</strong></span> <span class='ocrx_word' id='word_1_316' title='bbox 1052 2430 1276 2487; x_wconf 86' lang='lat' dir='ltr'><strong>magnus</strong></span> <span class='ocrx_word' id='word_1_317' title='bbox 1335 2415 1587 2484; x_wconf 85' lang='lat' dir='ltr'><strong>magister</strong></span> <span class='ocrx_word' id='word_1_318' title='bbox 1616 2415 1707 2469; x_wconf 91' lang='lat' dir='ltr'><strong>lib.</strong></span> <span class='ocrx_word' id='word_1_319' title='bbox 1744 2430 1775 2467; x_wconf 90' lang='lat' dir='ltr'><strong>v</strong></span> <span class='ocrx_word' id='word_1_320' title='bbox 1803 2414 1871 2469; x_wconf 90' lang='lat' dir='ltr'><strong>de</strong></span> <span class='ocrx_word' id='word_1_321' title='bbox 1894 2415 1982 2468; x_wconf 84' lang='lat' dir='ltr'><strong>Ci-</strong></span> 
     </span>
    </p>
   </div>
   <div class='ocr_carea' id='block_1_41' title="bbox 395 2506 1976 2580">
    <p class='ocr_par' dir='ltr' id='par_1_41' title="bbox 395 2506 1976 2580">
     <span class='ocr_line' id='line_1_41' title="bbox 395 2506 1976 2580; baseline -0.002 -17"><span class='ocrx_word' id='word_1_322' title='bbox 395 2513 495 2566; x_wconf 93' lang='lat' dir='ltr'><strong>vit.</strong></span> <span class='ocrx_word' id='word_1_323' title='bbox 520 2510 632 2576; x_wconf 87' lang='lat' dir='ltr'><strong>Dei,</strong></span> <span class='ocrx_word' id='word_1_324' title='bbox 659 2525 779 2580; x_wconf 87' lang='lat' dir='ltr'><strong>cap.</strong></span> <span class='ocrx_word' id='word_1_325' title='bbox 805 2510 899 2575; x_wconf 72' lang='lat' dir='ltr'><strong>2t),</strong></span> <span class='ocrx_word' id='word_1_326' title='bbox 927 2524 1048 2563; x_wconf 89' lang='lat' dir='ltr'><strong>cum</strong></span> <span class='ocrx_word' id='word_1_327' title='bbox 1081 2509 1585 2575; x_wconf 84' lang='lat' dir='ltr'><strong>dixissetquosdam</strong></span> <span class='ocrx_word' id='word_1_328' title='bbox 1609 2506 1976 2575; x_wconf 86' lang='lat' dir='ltr'><strong>philosophos,</strong></span> 
     </span>
    </p>
   </div>
   <div class='ocr_carea' id='block_1_42' title="bbox 396 2597 1980 2672">
    <p class='ocr_par' dir='ltr' id='par_1_42' title="bbox 396 2597 1980 2672">
     <span class='ocr_line' id='line_1_42' title="bbox 396 2597 1980 2672; baseline -0.004 -16"><span class='ocrx_word' id='word_1_329' title='bbox 396 2604 462 2656; x_wconf 89' lang='lat' dir='ltr'><strong>ad</strong></span> <span class='ocrx_word' id='word_1_330' title='bbox 496 2601 714 2672; x_wconf 88' lang='lat' dir='ltr'><strong>Epicuri</strong></span> <span class='ocrx_word' id='word_1_331' title='bbox 746 2598 1134 2670; x_wconf 89' lang='lat' dir='ltr'><strong>turpitudinem</strong></span> <span class='ocrx_word' id='word_1_332' title='bbox 1164 2597 1661 2661; x_wconf 86' lang='lat' dir='ltr'><strong>demonstrandam,</strong></span> <span class='ocrx_word' id='word_1_333' title='bbox 1694 2597 1896 2651; x_wconf 73' lang='lat' dir='ltr'><strong>aﬂ‘abre</strong></span> <span class='ocrx_word' id='word_1_334' title='bbox 1926 2597 1980 2650; x_wconf 88' lang='lat' dir='ltr'><strong>in</strong></span> 
     </span>
    </p>
   </div>
   <div class='ocr_carea' id='block_1_43' title="bbox 396 2692 1980 2765">
    <p class='ocr_par' dir='ltr' id='par_1_43' title="bbox 396 2692 1980 2765">
     <span class='ocr_line' id='line_1_43' title="bbox 396 2692 1980 2765; baseline -0.005 -14"><span class='ocrx_word' id='word_1_335' title='bbox 396 2697 574 2753; x_wconf 85' lang='lat' dir='ltr'><strong>tabula</strong></span> <span class='ocrx_word' id='word_1_336' title='bbox 608 2695 850 2765; x_wconf 76' lang='lat' dir='ltr'><strong>pinxisse</strong></span> <span class='ocrx_word' id='word_1_337' title='bbox 880 2695 1208 2765; x_wconf 85' lang='lat' dir='ltr'><strong>voluptatem</strong></span> <span class='ocrx_word' id='word_1_338' title='bbox 1243 2698 1295 2747; x_wconf 88' lang='lat' dir='ltr'><strong>in</strong></span> <span class='ocrx_word' id='word_1_339' title='bbox 1325 2692 1495 2763; x_wconf 89' lang='lat' dir='ltr'><strong>regali</strong></span> <span class='ocrx_word' id='word_1_340' title='bbox 1544 2692 1677 2747; x_wconf 89' lang='lat' dir='ltr'><strong>sella</strong></span> <span class='ocrx_word' id='word_1_341' title='bbox 1727 2700 1980 2760; x_wconf 84' lang='lat' dir='ltr'><strong>tanquam</strong></span> 
     </span>
    </p>
   </div>
   <div class='ocr_carea' id='block_1_44' title="bbox 394 2782 1982 2857">
    <p class='ocr_par' dir='ltr' id='par_1_44' title="bbox 394 2782 1982 2857">
     <span class='ocr_line' id='line_1_44' title="bbox 394 2782 1982 2857; baseline -0.003 -15"><span class='ocrx_word' id='word_1_342' title='bbox 394 2786 629 2857; x_wconf 83' lang='lat' dir='ltr'><strong>reginam</strong></span> <span class='ocrx_word' id='word_1_343' title='bbox 656 2786 1049 2853; x_wconf 90' lang='lat' dir='ltr'><strong>considentem,</strong></span> <span class='ocrx_word' id='word_1_344' title='bbox 1075 2785 1301 2841; x_wconf 89' lang='lat' dir='ltr'><strong>virtutes</strong></span> <span class='ocrx_word' id='word_1_345' title='bbox 1327 2799 1462 2841; x_wconf 90' lang='lat' dir='ltr'><strong>vero</strong></span> <span class='ocrx_word' id='word_1_346' title='bbox 1489 2783 1664 2840; x_wconf 89' lang='lat' dir='ltr'><strong>eidem</strong></span> <span class='ocrx_word' id='word_1_347' title='bbox 1694 2798 1790 2852; x_wconf 88' lang='lat' dir='ltr'><strong>pro</strong></span> <span class='ocrx_word' id='word_1_348' title='bbox 1818 2782 1982 2837; x_wconf 83' lang='lat' dir='ltr'><strong>obse-</strong></span> 
     </span>
    </p>
   </div>
   <div class='ocr_carea' id='block_1_45' title="bbox 398 2875 1982 2950">
    <p class='ocr_par' dir='ltr' id='par_1_45' title="bbox 398 2875 1982 2950">
     <span class='ocr_line' id='line_1_45' title="bbox 398 2875 1982 2950; baseline -0.004 -16"><span class='ocrx_word' id='word_1_349' title='bbox 398 2882 525 2950; x_wconf 85' lang='lat' dir='ltr'><strong>quio</strong></span> <span class='ocrx_word' id='word_1_350' title='bbox 538 2889 798 2947; x_wconf 65' lang='lat' dir='ltr'><strong>amantes,</strong></span> <span class='ocrx_word' id='word_1_351' title='bbox 814 2879 1037 2948; x_wconf 88' lang='lat' dir='ltr'><strong>ejusque</strong></span> <span class='ocrx_word' id='word_1_352' title='bbox 1050 2888 1237 2933; x_wconf 92' lang='lat' dir='ltr'><strong>nutum</strong></span> <span class='ocrx_word' id='word_1_353' title='bbox 1256 2878 1626 2943; x_wconf 90' lang='lat' dir='ltr'><strong>observantes,</strong></span> <span class='ocrx_word' id='word_1_354' title='bbox 1650 2887 1705 2931; x_wconf 91' lang='lat' dir='ltr'><strong>ut</strong></span> <span class='ocrx_word' id='word_1_355' title='bbox 1734 2875 1873 2945; x_wconf 89' lang='lat' dir='ltr'><strong>quod</strong></span> <span class='ocrx_word' id='word_1_356' title='bbox 1895 2875 1982 2929; x_wconf 89' lang='lat' dir='ltr'><strong>illa</strong></span> 
     </span>
    </p>
   </div>
   <div class='ocr_carea' id='block_1_46' title="bbox 397 2964 1979 3039">
    <p class='ocr_par' dir='ltr' id='par_1_46' title="bbox 397 2964 1979 3039">
     <span class='ocr_line' id='line_1_46' title="bbox 397 2964 1979 3039; baseline -0.004 -16"><span class='ocrx_word' id='word_1_357' title='bbox 397 2970 710 3038; x_wconf 87' lang='lat' dir='ltr'><strong>imperaret,</strong></span> <span class='ocrx_word' id='word_1_358' title='bbox 742 2968 1142 3039; x_wconf 87' lang='lat' dir='ltr'><strong>promptissime</strong></span> <span class='ocrx_word' id='word_1_359' title='bbox 1172 2975 1617 3036; x_wconf 81' lang='lat' dir='ltr'><strong>exsequerentur,</strong></span> <span class='ocrx_word' id='word_1_360' title='bbox 1644 2968 1758 3019; x_wconf 77' lang='lat' dir='ltr'><strong>ha-c</strong></span> <span class='ocrx_word' id='word_1_361' title='bbox 1785 2964 1932 3018; x_wconf 89' lang='lat' dir='ltr'><strong>addit</strong></span> <span class='ocrx_word' id='word_1_362' title='bbox 1966 2982 1979 3016; x_wconf 91' lang='lat'><strong>:</strong></span> 
     </span>
    </p>
   </div>
   <div class='ocr_carea' id='block_1_47' title="bbox 403 3054 1981 3127">
    <p class='ocr_par' dir='ltr' id='par_1_47' title="bbox 403 3054 1981 3127">
     <span class='ocr_line' id='line_1_47' title="bbox 403 3054 1981 3127; baseline -0.002 -16"><span class='ocrx_word' id='word_1_363' title='bbox 403 3079 422 3111; x_wconf 82' lang='grc' dir='ltr'><strong>ι</strong></span> <span class='ocrx_word' id='word_1_364' title='bbox 452 3060 593 3113; x_wconf 77' lang='lat' dir='ltr'><strong>Nihil</strong></span> <span class='ocrx_word' id='word_1_365' title='bbox 635 3059 735 3114; x_wconf 90' lang='lat' dir='ltr'><strong>hac</strong></span> <span class='ocrx_word' id='word_1_366' title='bbox 774 3059 984 3127; x_wconf 90' lang='lat' dir='ltr'><strong>pictura</strong></span> <span class='ocrx_word' id='word_1_367' title='bbox 1006 3057 1193 3111; x_wconf 91' lang='lat' dir='ltr'><strong>dicunt</strong></span> <span class='ocrx_word' id='word_1_368' title='bbox 1221 3071 1341 3110; x_wconf 89' lang='lat' dir='ltr'><strong>esse</strong></span> <span class='ocrx_word' id='word_1_369' title='bbox 1372 3054 1777 3125; x_wconf 85' lang='lat' dir='ltr'><strong>ignominiosius</strong></span> <span class='ocrx_word' id='word_1_370' title='bbox 1806 3065 1862 3108; x_wconf 84' lang='lat' dir='ltr'><strong>et</strong></span> <span class='ocrx_word' id='word_1_371' title='bbox 1884 3055 1981 3109; x_wconf 91' lang='lat' dir='ltr'><strong>de-</strong></span> 
     </span>
    </p>
   </div>
   <div class='ocr_carea' id='block_1_48' title="bbox 2081 1864 3683 1935">
    <p class='ocr_par' dir='ltr' id='par_1_48' title="bbox 2081 1864 3683 1935">
     <span class='ocr_line' id='line_1_48' title="bbox 2081 1864 3683 1935; baseline 0.001 -19"><span class='ocrx_word' id='word_1_372' title='bbox 2081 1874 2329 1931; x_wconf 91' lang='lat' dir='ltr'><strong>operatus</strong></span> <span class='ocrx_word' id='word_1_373' title='bbox 2354 1864 2443 1930; x_wconf 88' lang='lat' dir='ltr'><strong>sit,</strong></span> <span class='ocrx_word' id='word_1_374' title='bbox 2472 1880 2536 1919; x_wconf 90' lang='lat' dir='ltr'><strong>an</strong></span> <span class='ocrx_word' id='word_1_375' title='bbox 2568 1866 2767 1933; x_wconf 89' lang='lat' dir='ltr'><strong>optime</strong></span> <span class='ocrx_word' id='word_1_376' title='bbox 2792 1880 2850 1919; x_wconf 89' lang='lat' dir='ltr'><strong>se</strong></span> <span class='ocrx_word' id='word_1_377' title='bbox 2905 1866 3096 1919; x_wconf 87' lang='lat' dir='ltr'><strong>habeat</strong></span> <span class='ocrx_word' id='word_1_378' title='bbox 3142 1879 3268 1935; x_wconf 85' lang='lat' dir='ltr'><strong>erga</strong></span> <span class='ocrx_word' id='word_1_379' title='bbox 3297 1879 3449 1919; x_wconf 90' lang='lat' dir='ltr'><strong>suum</strong></span> <span class='ocrx_word' id='word_1_380' title='bbox 3503 1868 3683 1919; x_wconf 84' lang='lat' dir='ltr'><strong>linem</strong></span> 
     </span>
    </p>
   </div>
   <div class='ocr_carea' id='block_1_49' title="bbox 2081 1951 3673 2023">
    <p class='ocr_par' dir='ltr' id='par_1_49' title="bbox 2081 1951 3673 2023">
     <span class='ocr_line' id='line_1_49' title="bbox 2081 1951 3673 2023; baseline 0.001 -19"><span class='ocrx_word' id='word_1_381' title='bbox 2081 1966 2146 2005; x_wconf 82' lang='lat' dir='ltr'><strong>ex</strong></span> <span class='ocrx_word' id='word_1_382' title='bbox 2181 1951 2272 2005; x_wconf 89' lang='lat' dir='ltr'><strong>illa</strong></span> <span class='ocrx_word' id='word_1_383' title='bbox 2302 1952 2539 2017; x_wconf 67' lang='lat' dir='ltr'><strong>actione;</strong></span> <span class='ocrx_word' id='word_1_384' title='bbox 2569 1967 2685 2022; x_wconf 73' lang='lat' dir='ltr'><strong>quae</strong></span> <span class='ocrx_word' id='word_1_385' title='bbox 2712 1953 2926 2023; x_wconf 85' lang='lat' dir='ltr'><strong>quidem</strong></span> <span class='ocrx_word' id='word_1_386' title='bbox 2958 1953 3304 2009; x_wconf 89' lang='lat' dir='ltr'><strong>considerans</strong></span> <span class='ocrx_word' id='word_1_387' title='bbox 3330 1963 3471 2007; x_wconf 91' lang='lat' dir='ltr'><strong>amat</strong></span> <span class='ocrx_word' id='word_1_388' title='bbox 3499 1970 3673 2007; x_wconf 86' lang='lat' dir='ltr'><strong>suum</strong></span> 
     </span>
    </p>
   </div>
   <div class='ocr_carea' id='block_1_50' title="bbox 2081 2043 3681 2114">
    <p class='ocr_par' dir='ltr' id='par_1_50' title="bbox 2081 2043 3681 2114">
     <span class='ocr_line' id='line_1_50' title="bbox 2081 2043 3681 2114; baseline 0.003 -19"><span class='ocrx_word' id='word_1_389' title='bbox 2081 2056 2216 2110; x_wconf 81' lang='lat' dir='ltr'><strong>Opus</strong></span> <span class='ocrx_word' id='word_1_390' title='bbox 2240 2059 2301 2097; x_wconf 91' lang='lat' dir='ltr'><strong>ac</strong></span> <span class='ocrx_word' id='word_1_391' title='bbox 2330 2043 2382 2096; x_wconf 91' lang='lat' dir='ltr'><strong>in</strong></span> <span class='ocrx_word' id='word_1_392' title='bbox 2414 2044 2592 2113; x_wconf 91' lang='lat' dir='ltr'><strong>seipso</strong></span> <span class='ocrx_word' id='word_1_393' title='bbox 2613 2044 2893 2114; x_wconf 82' lang='lat' dir='ltr'><strong>gloriatur.</strong></span> <span class='ocrx_word' id='word_1_394' title='bbox 2917 2045 3125 2099; x_wconf 88' lang='lat' dir='ltr'><strong>Censeo</strong></span> <span class='ocrx_word' id='word_1_395' title='bbox 3157 2053 3334 2098; x_wconf 86' lang='lat' dir='ltr'><strong>tamen</strong></span> <span class='ocrx_word' id='word_1_396' title='bbox 3360 2044 3473 2100; x_wconf 63' lang='lat' dir='ltr'><strong>hare</strong></span> <span class='ocrx_word' id='word_1_397' title='bbox 3497 2061 3681 2114; x_wconf 81' lang='lat' dir='ltr'><strong>opera</strong></span> 
     </span>
    </p>
   </div>
   <div class='ocr_carea' id='block_1_51' title="bbox 2080 2136 3680 2211">
    <p class='ocr_par' dir='ltr' id='par_1_51' title="bbox 2080 2136 3680 2211">
     <span class='ocr_line' id='line_1_51' title="bbox 2080 2136 3680 2211; baseline 0.004 -20"><span class='ocrx_word' id='word_1_398' title='bbox 2080 2136 2216 2191; x_wconf 85' lang='lat' dir='ltr'><strong>bona</strong></span> <span class='ocrx_word' id='word_1_399' title='bbox 2248 2152 2353 2191; x_wconf 90' lang='lat' dir='ltr'><strong>non</strong></span> <span class='ocrx_word' id='word_1_400' title='bbox 2379 2136 2543 2193; x_wconf 77' lang='lat' dir='ltr'><strong>fuisse</strong></span> <span class='ocrx_word' id='word_1_401' title='bbox 2573 2140 2707 2193; x_wconf 79' lang='lat' dir='ltr'><strong>facta</strong></span> <span class='ocrx_word' id='word_1_402' title='bbox 2736 2140 2804 2193; x_wconf 92' lang='lat' dir='ltr'><strong>ab</strong></span> <span class='ocrx_word' id='word_1_403' title='bbox 2831 2139 3133 2195; x_wconf 80' lang='lat' dir='ltr'><strong>inﬁdelibus</strong></span> <span class='ocrx_word' id='word_1_404' title='bbox 3162 2142 3275 2196; x_wconf 89' lang='lat' dir='ltr'><strong>suis</strong></span> <span class='ocrx_word' id='word_1_405' title='bbox 3322 2142 3554 2211; x_wconf 77' lang='lat' dir='ltr'><strong>ipsorum</strong></span> <span class='ocrx_word' id='word_1_406' title='bbox 3584 2146 3680 2197; x_wconf 70' lang='lat' dir='ltr'><strong>vi-</strong></span> 
     </span>
    </p>
   </div>
   <div class='ocr_carea' id='block_1_52' title="bbox 2082 2228 3684 2301">
    <p class='ocr_par' dir='ltr' id='par_1_52' title="bbox 2082 2228 3684 2301">
     <span class='ocr_line' id='line_1_52' title="bbox 2082 2228 3684 2301; baseline 0.003 -19"><span class='ocrx_word' id='word_1_407' title='bbox 2082 2228 2231 2283; x_wconf 90' lang='lat' dir='ltr'><strong>ribus</strong></span> <span class='ocrx_word' id='word_1_408' title='bbox 2254 2228 2546 2294; x_wconf 58' lang='lat' dir='ltr'><strong>derelictis,</strong></span> <span class='ocrx_word' id='word_1_409' title='bbox 2582 2231 2675 2285; x_wconf 90' lang='lat' dir='ltr'><strong>sed</strong></span> <span class='ocrx_word' id='word_1_410' title='bbox 2727 2232 3055 2297; x_wconf 71' lang='lat' dir='ltr'><strong>prmmunitis</strong></span> <span class='ocrx_word' id='word_1_411' title='bbox 3110 2232 3426 2301; x_wconf 79' lang='lat' dir='ltr'><strong>specialibus</strong></span> <span class='ocrx_word' id='word_1_412' title='bbox 3472 2233 3684 2289; x_wconf 61' lang='lat' dir='ltr'><strong>divinae</strong></span> 
     </span>
    </p>
   </div>
   <div class='ocr_carea' id='block_1_53' title="bbox 2088 2324 3683 2395">
    <p class='ocr_par' dir='ltr' id='par_1_53' title="bbox 2088 2324 3683 2395">
     <span class='ocr_line' id='line_1_53' title="bbox 2088 2324 3683 2395; baseline 0.004 -19"><span class='ocrx_word' id='word_1_413' title='bbox 2088 2324 2277 2393; x_wconf 64' lang='lat' dir='ltr'><strong>gratim</strong></span> <span class='ocrx_word' id='word_1_414' title='bbox 2315 2324 2555 2392; x_wconf 74' lang='lat' dir='ltr'><strong>auxiliis,</strong></span> <span class='ocrx_word' id='word_1_415' title='bbox 2580 2325 2772 2392; x_wconf 90' lang='lat' dir='ltr'><strong>quibus</strong></span> <span class='ocrx_word' id='word_1_416' title='bbox 2802 2327 2936 2379; x_wconf 81' lang='lat' dir='ltr'><strong>torte</strong></span> <span class='ocrx_word' id='word_1_417' title='bbox 2961 2324 3249 2395; x_wconf 88' lang='lat' dir='ltr'><strong>aliquando</strong></span> <span class='ocrx_word' id='word_1_418' title='bbox 3277 2324 3473 2380; x_wconf 74' lang='lat' dir='ltr'><strong>factum</strong></span> <span class='ocrx_word' id='word_1_419' title='bbox 3500 2340 3573 2381; x_wconf 89' lang='lat' dir='ltr'><strong>est</strong></span> <span class='ocrx_word' id='word_1_420' title='bbox 3614 2341 3683 2383; x_wconf 84' lang='lat' dir='ltr'><strong>ut</strong></span> 
     </span>
    </p>
   </div>
   <div class='ocr_carea' id='block_1_54' title="bbox 2082 2417 3683 2490">
    <p class='ocr_par' dir='ltr' id='par_1_54' title="bbox 2082 2417 3683 2490">
     <span class='ocr_line' id='line_1_54' title="bbox 2082 2417 3683 2490; baseline 0.004 -22"><span class='ocrx_word' id='word_1_421' title='bbox 2082 2424 2231 2470; x_wconf 89' lang='lat' dir='ltr'><strong>recte</strong></span> <span class='ocrx_word' id='word_1_422' title='bbox 2251 2425 2539 2484; x_wconf 86' lang='lat' dir='ltr'><strong>operantes</strong></span> <span class='ocrx_word' id='word_1_423' title='bbox 2565 2432 2703 2472; x_wconf 89' lang='lat' dir='ltr'><strong>novo</strong></span> <span class='ocrx_word' id='word_1_424' title='bbox 2732 2418 3012 2487; x_wconf 84' lang='lat' dir='ltr'><strong>proposito</strong></span> <span class='ocrx_word' id='word_1_425' title='bbox 3040 2417 3254 2487; x_wconf 87' lang='lat' dir='ltr'><strong>objecto</strong></span> <span class='ocrx_word' id='word_1_426' title='bbox 3279 2418 3347 2473; x_wconf 92' lang='lat' dir='ltr'><strong>de</strong></span> <span class='ocrx_word' id='word_1_427' title='bbox 3371 2418 3514 2473; x_wconf 87' lang='lat' dir='ltr'><strong>bono</strong></span> <span class='ocrx_word' id='word_1_428' title='bbox 3538 2434 3683 2490; x_wconf 64' lang='lat' dir='ltr'><strong>op¢&gt;</strong></span> 
     </span>
    </p>
   </div>
   <div class='ocr_carea' id='block_1_55' title="bbox 2085 2506 3675 2579">
    <p class='ocr_par' dir='ltr' id='par_1_55' title="bbox 2085 2506 3675 2579">
     <span class='ocr_line' id='line_1_55' title="bbox 2085 2506 3675 2579; baseline 0.001 -17"><span class='ocrx_word' id='word_1_429' title='bbox 2085 2521 2148 2562; x_wconf 87' lang='lat' dir='ltr'><strong>re</strong></span> <span class='ocrx_word' id='word_1_430' title='bbox 2175 2506 2399 2563; x_wconf 87' lang='lat' dir='ltr'><strong>minime</strong></span> <span class='ocrx_word' id='word_1_431' title='bbox 2450 2508 2828 2577; x_wconf 85' lang='lat' dir='ltr'><strong>gloriarentur.</strong></span> <span class='ocrx_word' id='word_1_432' title='bbox 2863 2510 3071 2564; x_wconf 75' lang='lat' dir='ltr'><strong>Etenim</strong></span> <span class='ocrx_word' id='word_1_433' title='bbox 3101 2525 3224 2566; x_wconf 90' lang='lat' dir='ltr'><strong>cum</strong></span> <span class='ocrx_word' id='word_1_434' title='bbox 3274 2510 3409 2565; x_wconf 84' lang='lat' dir='ltr'><strong>adeo</strong></span> <span class='ocrx_word' id='word_1_435' title='bbox 3468 2511 3675 2579; x_wconf 78' lang='lat' dir='ltr'><strong>facilis,</strong></span> 
     </span>
    </p>
   </div>
   <div class='ocr_carea' id='block_1_56' title="bbox 2091 2600 3677 2670">
    <p class='ocr_par' dir='ltr' id='par_1_56' title="bbox 2091 2600 3677 2670">
     <span class='ocr_line' id='line_1_56' title="bbox 2091 2600 3677 2670; baseline 0.003 -17"><span class='ocrx_word' id='word_1_436' title='bbox 2091 2600 2199 2655; x_wconf 92' lang='lat' dir='ltr'><strong>imo</strong></span> <span class='ocrx_word' id='word_1_437' title='bbox 2223 2614 2346 2655; x_wconf 92' lang='lat' dir='ltr'><strong>cum</strong></span> <span class='ocrx_word' id='word_1_438' title='bbox 2392 2600 2756 2670; x_wconf 88' lang='lat' dir='ltr'><strong>irreparabilis</strong></span> <span class='ocrx_word' id='word_1_439' title='bbox 2782 2603 2853 2657; x_wconf 86' lang='lat' dir='ltr'><strong>sit</strong></span> <span class='ocrx_word' id='word_1_440' title='bbox 2879 2616 3036 2658; x_wconf 81' lang='lat' dir='ltr'><strong>casus</strong></span> <span class='ocrx_word' id='word_1_441' title='bbox 3065 2604 3134 2657; x_wconf 87' lang='lat' dir='ltr'><strong>ab</strong></span> <span class='ocrx_word' id='word_1_442' title='bbox 3189 2612 3310 2659; x_wconf 80' lang='lat' dir='ltr'><strong>actu</strong></span> <span class='ocrx_word' id='word_1_443' title='bbox 3356 2605 3565 2659; x_wconf 87' lang='lat' dir='ltr'><strong>virtutis</strong></span> <span class='ocrx_word' id='word_1_444' title='bbox 3617 2605 3677 2659; x_wconf 86' lang='lat' dir='ltr'><strong>in</strong></span> 
     </span>
    </p>
   </div>
   <div class='ocr_carea' id='block_1_57' title="bbox 2090 2690 3677 2763">
    <p class='ocr_par' dir='ltr' id='par_1_57' title="bbox 2090 2690 3677 2763">
     <span class='ocr_line' id='line_1_57' title="bbox 2090 2690 3677 2763; baseline 0.004 -19"><span class='ocrx_word' id='word_1_445' title='bbox 2090 2690 2402 2759; x_wconf 89' lang='lat' dir='ltr'><strong>pbilautiam</strong></span> <span class='ocrx_word' id='word_1_446' title='bbox 2431 2735 2446 2759; x_wconf 94' lang='lat'><strong>,</strong></span> <span class='ocrx_word' id='word_1_447' title='bbox 2494 2691 2691 2747; x_wconf 74' lang='lat' dir='ltr'><strong>divina:</strong></span> <span class='ocrx_word' id='word_1_448' title='bbox 2746 2692 2931 2763; x_wconf 78' lang='lat' dir='ltr'><strong>gratiae</strong></span> <span class='ocrx_word' id='word_1_449' title='bbox 2977 2693 3109 2760; x_wconf 81' lang='lat' dir='ltr'><strong>fuit,</strong></span> <span class='ocrx_word' id='word_1_450' title='bbox 3155 2695 3364 2763; x_wconf 89' lang='lat' dir='ltr'><strong>quoties</strong></span> <span class='ocrx_word' id='word_1_451' title='bbox 3426 2693 3677 2750; x_wconf 79' lang='lat' dir='ltr'><strong>inﬁdeles</strong></span> 
     </span>
    </p>
   </div>
   <div class='ocr_carea' id='block_1_58' title="bbox 2090 2781 3673 2852">
    <p class='ocr_par' dir='ltr' id='par_1_58' title="bbox 2090 2781 3673 2852">
     <span class='ocr_line' id='line_1_58' title="bbox 2090 2781 3673 2852; baseline 0.003 -19"><span class='ocrx_word' id='word_1_452' title='bbox 2090 2781 2235 2834; x_wconf 88' lang='lat' dir='ltr'><strong>nulla</strong></span> <span class='ocrx_word' id='word_1_453' title='bbox 2293 2796 2357 2835; x_wconf 89' lang='lat' dir='ltr'><strong>ex</strong></span> <span class='ocrx_word' id='word_1_454' title='bbox 2409 2796 2574 2850; x_wconf 82' lang='lat' dir='ltr'><strong>Opere</strong></span> <span class='ocrx_word' id='word_1_455' title='bbox 2622 2782 2765 2837; x_wconf 87' lang='lat' dir='ltr'><strong>bono</strong></span> <span class='ocrx_word' id='word_1_456' title='bbox 2816 2783 3066 2852; x_wconf 83' lang='lat' dir='ltr'><strong>superbia</strong></span> <span class='ocrx_word' id='word_1_457' title='bbox 3135 2783 3456 2839; x_wconf 85' lang='lat' dir='ltr'><strong>intumuere.</strong></span> <span class='ocrx_word' id='word_1_458' title='bbox 3495 2783 3673 2839; x_wconf 84' lang='lat' dir='ltr'><strong>Video</strong></span> 
     </span>
    </p>
   </div>
   <div class='ocr_carea' id='block_1_59' title="bbox 2088 2872 3678 2945">
    <p class='ocr_par' dir='ltr' id='par_1_59' title="bbox 2088 2872 3678 2945">
     <span class='ocr_line' id='line_1_59' title="bbox 2088 2872 3678 2945; baseline 0.002 -20"><span class='ocrx_word' id='word_1_459' title='bbox 2088 2872 2229 2928; x_wconf 90' lang='lat' dir='ltr'><strong>hanc</strong></span> <span class='ocrx_word' id='word_1_460' title='bbox 2257 2874 2556 2929; x_wconf 90' lang='lat' dir='ltr'><strong>doctrinam</strong></span> <span class='ocrx_word' id='word_1_461' title='bbox 2613 2874 2813 2929; x_wconf 91' lang='lat' dir='ltr'><strong>diserte</strong></span> <span class='ocrx_word' id='word_1_462' title='bbox 2837 2875 2974 2930; x_wconf 90' lang='lat' dir='ltr'><strong>tradi</strong></span> <span class='ocrx_word' id='word_1_463' title='bbox 3007 2889 3037 2929; x_wconf 90' lang='lat' dir='ltr'><strong>a</strong></span> <span class='ocrx_word' id='word_1_464' title='bbox 3064 2875 3309 2945; x_wconf 83' lang='lat' dir='ltr'><strong>Ripalda,</strong></span> <span class='ocrx_word' id='word_1_465' title='bbox 3342 2875 3540 2931; x_wconf 91' lang='lat' dir='ltr'><strong>celebri</strong></span> <span class='ocrx_word' id='word_1_466' title='bbox 3584 2877 3678 2929; x_wconf 83' lang='lat' dir='ltr'><strong>in-</strong></span> 
     </span>
    </p>
   </div>
   <div class='ocr_carea' id='block_1_60' title="bbox 2090 2963 3675 3034">
    <p class='ocr_par' dir='ltr' id='par_1_60' title="bbox 2090 2963 3675 3034">
     <span class='ocr_line' id='line_1_60' title="bbox 2090 2963 3675 3034; baseline 0.004 -22"><span class='ocrx_word' id='word_1_467' title='bbox 2090 2971 2170 3016; x_wconf 91' lang='lat' dir='ltr'><strong>ter</strong></span> <span class='ocrx_word' id='word_1_468' title='bbox 2198 2963 2527 3019; x_wconf 89' lang='lat' dir='ltr'><strong>recentiores</strong></span> <span class='ocrx_word' id='word_1_469' title='bbox 2550 2964 2817 3034; x_wconf 87' lang='lat' dir='ltr'><strong>theologo,</strong></span> <span class='ocrx_word' id='word_1_470' title='bbox 2849 2963 2938 3034; x_wconf 89' lang='lat' dir='ltr'><strong>qui</strong></span> <span class='ocrx_word' id='word_1_471' title='bbox 2981 2965 3121 3032; x_wconf 89' lang='lat' dir='ltr'><strong>disp.</strong></span> <span class='ocrx_word' id='word_1_472' title='bbox 3154 2964 3245 3032; x_wconf 72' lang='lat'><strong>20,</strong></span> <span class='ocrx_word' id='word_1_473' title='bbox 3270 2974 3401 3021; x_wconf 89' lang='lat' dir='ltr'><strong>sect.</strong></span> <span class='ocrx_word' id='word_1_474' title='bbox 3428 2966 3479 3033; x_wconf 88' lang='lat'><strong>6,</strong></span> <span class='ocrx_word' id='word_1_475' title='bbox 3517 2981 3675 3019; x_wconf 88' lang='lat' dir='ltr'><strong>num.</strong></span> 
     </span>
    </p>
   </div>
   <div class='ocr_carea' id='block_1_61' title="bbox 2096 3053 3674 3121">
    <p class='ocr_par' dir='ltr' id='par_1_61' title="bbox 2096 3053 3674 3121">
     <span class='ocr_line' id='line_1_61' title="bbox 2096 3053 3674 3121; baseline 0.005 -16"><span class='ocrx_word' id='word_1_476' title='bbox 2096 3053 2189 3121; x_wconf 72' lang='lat'><strong>25,</strong></span> <span class='ocrx_word' id='word_1_477' title='bbox 2214 3055 2330 3109; x_wconf 90' lang='lat' dir='ltr'><strong>ait:</strong></span> <span class='ocrx_word' id='word_1_478' title='bbox 2368 3073 2386 3107; x_wconf 85' lang='grc' dir='ltr'><strong>ι</strong></span> <span class='ocrx_word' id='word_1_479' title='bbox 2420 3056 2583 3111; x_wconf 72' lang='lat' dir='ltr'><strong>[lecte</strong></span> <span class='ocrx_word' id='word_1_480' title='bbox 2628 3056 2826 3110; x_wconf 91' lang='lat' dir='ltr'><strong>dicitur</strong></span> <span class='ocrx_word' id='word_1_481' title='bbox 2854 3056 3180 3111; x_wconf 88' lang='lat' dir='ltr'><strong>voluntatem</strong></span> <span class='ocrx_word' id='word_1_482' title='bbox 3224 3058 3277 3111; x_wconf 92' lang='lat' dir='ltr'><strong>in</strong></span> <span class='ocrx_word' id='word_1_483' title='bbox 3332 3056 3435 3111; x_wconf 91' lang='lat' dir='ltr'><strong>hoc</strong></span> <span class='ocrx_word' id='word_1_484' title='bbox 3477 3056 3674 3113; x_wconf 84' lang='lat' dir='ltr'><strong>ordine</strong></span> 
     </span>
    </p>
   </div>
   <div class='ocr_carea' id='block_1_62' title="bbox 395 3144 3673 3218">
    <p class='ocr_par' dir='ltr' id='par_1_62' title="bbox 395 3144 3673 3218">
     <span class='ocr_line' id='line_1_62' title="bbox 395 3144 3673 3218; baseline -0.001 -13"><span class='ocrx_word' id='word_1_485' title='bbox 395 3152 640 3205; x_wconf 66' lang='lat' dir='ltr'><strong>l..rmitts.</strong></span> <span class='ocrx_word' id='word_1_486' title='bbox 679 3168 697 3201; x_wconf 74' lang='grc' dir='ltr'><strong>ι</strong></span> <span class='ocrx_word' id='word_1_487' title='bbox 731 3149 921 3203; x_wconf 85' lang='lat' dir='ltr'><strong>Postea</strong></span> <span class='ocrx_word' id='word_1_488' title='bbox 944 3158 1122 3202; x_wconf 89' lang='lat' dir='ltr'><strong>autem</strong></span> <span class='ocrx_word' id='word_1_489' title='bbox 1158 3147 1242 3199; x_wconf 89' lang='lat' dir='ltr'><strong>bis</strong></span> <span class='ocrx_word' id='word_1_490' title='bbox 1268 3147 1486 3201; x_wconf 88' lang='lat' dir='ltr'><strong>Stoicos</strong></span> <span class='ocrx_word' id='word_1_491' title='bbox 1516 3146 1731 3200; x_wconf 86' lang='lat' dir='ltr'><strong>vellicat</strong></span> <span class='ocrx_word' id='word_1_492' title='bbox 1764 3161 1778 3198; x_wconf 92' lang='lat'><strong>:</strong></span> <span class='ocrx_word' id='word_1_493' title='bbox 1813 3163 1831 3197; x_wconf 77' lang='grc' dir='ltr'><strong>ι</strong></span> <span class='ocrx_word' id='word_1_494' title='bbox 1868 3145 1974 3200; x_wconf 88' lang='lat' dir='ltr'><strong>Sed</strong></span> <span class='ocrx_word' id='word_1_495' title='bbox 2004 3152 2051 3217; x_wconf 72' lang='grc' dir='ltr'><strong>ς</strong></span> <span class='ocrx_word' id='word_1_496' title='bbox 2082 3144 2439 3202; x_wconf 86' lang='lat' dir='ltr'><strong>Providentiae</strong></span> <span class='ocrx_word' id='word_1_497' title='bbox 2466 3147 2773 3203; x_wconf 80' lang='lat' dir='ltr'><strong>deStitutam</strong></span> <span class='ocrx_word' id='word_1_498' title='bbox 2804 3148 3004 3202; x_wconf 87' lang='lat' dir='ltr'><strong>auxilio</strong></span> <span class='ocrx_word' id='word_1_499' title='bbox 3055 3150 3263 3218; x_wconf 59' lang='lat' dir='ltr'><strong>gratia),</strong></span> <span class='ocrx_word' id='word_1_500' title='bbox 3292 3149 3515 3218; x_wconf 89' lang='lat' dir='ltr'><strong>suisque</strong></span> <span class='ocrx_word' id='word_1_501' title='bbox 3543 3149 3673 3203; x_wconf 82' lang='lat' dir='ltr'><strong>\iri-</strong></span> 
     </span>
    </p>
   </div>
   <div class='ocr_carea' id='block_1_63' title="bbox 394 3235 1977 3303">
    <p class='ocr_par' dir='ltr' id='par_1_63' title="bbox 394 3235 1977 3303">
     <span class='ocr_line' id='line_1_63' title="bbox 394 3235 1977 3303; baseline -0.002 -11"><span class='ocrx_word' id='word_1_502' title='bbox 394 3254 501 3293; x_wconf 90' lang='lat' dir='ltr'><strong>non</strong></span> <span class='ocrx_word' id='word_1_503' title='bbox 530 3238 782 3292; x_wconf 89' lang='lat' dir='ltr'><strong>existimo</strong></span> <span class='ocrx_word' id='word_1_504' title='bbox 814 3237 943 3291; x_wconf 88' lang='lat' dir='ltr'><strong>satis</strong></span> <span class='ocrx_word' id='word_1_505' title='bbox 974 3236 1142 3290; x_wconf 86' lang='lat' dir='ltr'><strong>debiti</strong></span> <span class='ocrx_word' id='word_1_506' title='bbox 1200 3235 1414 3290; x_wconf 90' lang='lat' dir='ltr'><strong>decoris</strong></span> <span class='ocrx_word' id='word_1_507' title='bbox 1442 3249 1562 3290; x_wconf 90' lang='lat' dir='ltr'><strong>esse</strong></span> <span class='ocrx_word' id='word_1_508' title='bbox 1617 3236 1900 3303; x_wconf 86' lang='lat' dir='ltr'><strong>picturam,</strong></span> <span class='ocrx_word' id='word_1_509' title='bbox 1932 3235 1977 3289; x_wconf 90' lang='lat' dir='ltr'><strong>si</strong></span> 
     </span>
    </p>
   </div>
   <div class='ocr_carea' id='block_1_64' title="bbox 394 3324 1976 3395">
    <p class='ocr_par' dir='ltr' id='par_1_64' title="bbox 394 3324 1976 3395">
     <span class='ocr_line' id='line_1_64' title="bbox 394 3324 1976 3395; baseline -0.003 -13"><span class='ocrx_word' id='word_1_510' title='bbox 394 3328 554 3382; x_wconf 89' lang='lat' dir='ltr'><strong>etiam</strong></span> <span class='ocrx_word' id='word_1_511' title='bbox 586 3325 707 3379; x_wconf 89' lang='lat' dir='ltr'><strong>talis</strong></span> <span class='ocrx_word' id='word_1_512' title='bbox 738 3325 988 3395; x_wconf 82' lang='lat' dir='ltr'><strong>ﬁngatur,</strong></span> <span class='ocrx_word' id='word_1_513' title='bbox 1010 3325 1102 3379; x_wconf 91' lang='lat' dir='ltr'><strong>ubi</strong></span> <span class='ocrx_word' id='word_1_514' title='bbox 1133 3325 1355 3380; x_wconf 89' lang='lat' dir='ltr'><strong>virtutes</strong></span> <span class='ocrx_word' id='word_1_515' title='bbox 1384 3324 1631 3380; x_wconf 74' lang='lat' dir='ltr'><strong>humana:</strong></span> <span class='ocrx_word' id='word_1_516' title='bbox 1656 3325 1841 3395; x_wconf 68' lang='lat' dir='ltr'><strong>gloria:</strong></span> <span class='ocrx_word' id='word_1_517' title='bbox 1857 3339 1976 3380; x_wconf 88' lang='lat' dir='ltr'><strong>ser-</strong></span> 
     </span>
    </p>
   </div>
   <div class='ocr_carea' id='block_1_65' title="bbox 394 3418 1973 3489">
    <p class='ocr_par' dir='ltr' id='par_1_65' title="bbox 394 3418 1973 3489">
     <span class='ocr_line' id='line_1_65' title="bbox 394 3418 1973 3489; baseline -0.001 -16"><span class='ocrx_word' id='word_1_518' title='bbox 394 3420 564 3474; x_wconf 89' lang='lat' dir='ltr'><strong>viant.</strong></span> <span class='ocrx_word' id='word_1_519' title='bbox 593 3418 743 3474; x_wconf 88' lang='lat' dir='ltr'><strong>Licet</strong></span> <span class='ocrx_word' id='word_1_520' title='bbox 773 3420 917 3474; x_wconf 91' lang='lat' dir='ltr'><strong>enim</strong></span> <span class='ocrx_word' id='word_1_521' title='bbox 946 3418 1048 3474; x_wconf 90' lang='lat' dir='ltr'><strong>ista</strong></span> <span class='ocrx_word' id='word_1_522' title='bbox 1068 3420 1241 3489; x_wconf 80' lang='lat' dir='ltr'><strong>gloria</strong></span> <span class='ocrx_word' id='word_1_523' title='bbox 1266 3418 1496 3474; x_wconf 86' lang='lat' dir='ltr'><strong>delicata</strong></span> <span class='ocrx_word' id='word_1_524' title='bbox 1529 3420 1721 3473; x_wconf 90' lang='lat' dir='ltr'><strong>mulier</strong></span> <span class='ocrx_word' id='word_1_525' title='bbox 1752 3434 1855 3473; x_wconf 91' lang='lat' dir='ltr'><strong>non</strong></span> <span class='ocrx_word' id='word_1_526' title='bbox 1883 3419 1973 3484; x_wconf 90' lang='lat' dir='ltr'><strong>sit,</strong></span> 
     </span>
    </p>
   </div>
   <div class='ocr_carea' id='block_1_66' title="bbox 395 3509 1978 3576">
    <p class='ocr_par' dir='ltr' id='par_1_66' title="bbox 395 3509 1978 3576">
     <span class='ocr_line' id='line_1_66' title="bbox 395 3509 1978 3576; baseline -0.001 -8"><span class='ocrx_word' id='word_1_527' title='bbox 395 3512 575 3569; x_wconf 89' lang='lat' dir='ltr'><strong>inﬂata</strong></span> <span class='ocrx_word' id='word_1_528' title='bbox 610 3522 788 3567; x_wconf 90' lang='lat' dir='ltr'><strong>tamen</strong></span> <span class='ocrx_word' id='word_1_529' title='bbox 814 3519 918 3576; x_wconf 90' lang='lat' dir='ltr'><strong>est,</strong></span> <span class='ocrx_word' id='word_1_530' title='bbox 945 3519 1001 3567; x_wconf 88' lang='lat' dir='ltr'><strong>et</strong></span> <span class='ocrx_word' id='word_1_531' title='bbox 1021 3511 1247 3565; x_wconf 89' lang='lat' dir='ltr'><strong>multum</strong></span> <span class='ocrx_word' id='word_1_532' title='bbox 1278 3509 1553 3565; x_wconf 87' lang='lat' dir='ltr'><strong>inanitatis</strong></span> <span class='ocrx_word' id='word_1_533' title='bbox 1586 3511 1764 3565; x_wconf 90' lang='lat' dir='ltr'><strong>habet.</strong></span> <span class='ocrx_word' id='word_1_534' title='bbox 1803 3529 1821 3561; x_wconf 75' lang='grc' dir='ltr'><strong>ι</strong></span> <span class='ocrx_word' id='word_1_535' title='bbox 1852 3510 1978 3566; x_wconf 91' lang='lat' dir='ltr'><strong>Inde</strong></span> 
     </span>
    </p>
   </div>
   <div class='ocr_carea' id='block_1_67' title="bbox 398 3603 1974 3673">
    <p class='ocr_par' dir='ltr' id='par_1_67' title="bbox 398 3603 1974 3673">
     <span class='ocr_line' id='line_1_67' title="bbox 398 3603 1974 3673; baseline -0.005 -12"><span class='ocrx_word' id='word_1_536' title='bbox 398 3605 761 3661; x_wconf 90' lang='lat' dir='ltr'><strong>recentiorum</strong></span> <span class='ocrx_word' id='word_1_537' title='bbox 840 3603 1247 3673; x_wconf 88' lang='lat' dir='ltr'><strong>responsionem</strong></span> <span class='ocrx_word' id='word_1_538' title='bbox 1320 3616 1701 3672; x_wconf 67' lang='lat' dir='ltr'><strong>praeoccupans</strong></span> <span class='ocrx_word' id='word_1_539' title='bbox 1779 3604 1974 3657; x_wconf 85' lang='lat' dir='ltr'><strong>addit:</strong></span> 
     </span>
    </p>
   </div>
   <div class='ocr_carea' id='block_1_68' title="bbox 400 3692 1974 3762">
    <p class='ocr_par' dir='ltr' id='par_1_68' title="bbox 400 3692 1974 3762">
     <span class='ocr_line' id='line_1_68' title="bbox 400 3692 1974 3762; baseline 0.001 -14"><span class='ocrx_word' id='word_1_540' title='bbox 400 3714 418 3748; x_wconf 78' lang='grc' dir='ltr'><strong>ι</strong></span> <span class='ocrx_word' id='word_1_541' title='bbox 454 3695 559 3751; x_wconf 82' lang='lat' dir='ltr'><strong>Nec</strong></span> <span class='ocrx_word' id='word_1_542' title='bbox 583 3696 658 3751; x_wconf 84' lang='lat' dir='ltr'><strong>illi</strong></span> <span class='ocrx_word' id='word_1_543' title='bbox 687 3710 746 3751; x_wconf 88' lang='lat' dir='ltr'><strong>se</strong></span> <span class='ocrx_word' id='word_1_544' title='bbox 778 3694 846 3750; x_wconf 88' lang='lat' dir='ltr'><strong>ab</strong></span> <span class='ocrx_word' id='word_1_545' title='bbox 886 3694 988 3748; x_wconf 89' lang='lat' dir='ltr'><strong>ista</strong></span> <span class='ocrx_word' id='word_1_546' title='bbox 1040 3693 1379 3749; x_wconf 82' lang='lat' dir='ltr'><strong>defenderint</strong></span> <span class='ocrx_word' id='word_1_547' title='bbox 1429 3692 1692 3760; x_wconf 65' lang='lat' dir='ltr'><strong>nuditate,</strong></span> <span class='ocrx_word' id='word_1_548' title='bbox 1721 3696 1811 3762; x_wconf 87' lang='lat' dir='ltr'><strong>qui</strong></span> <span class='ocrx_word' id='word_1_549' title='bbox 1854 3710 1974 3749; x_wconf 92' lang='lat' dir='ltr'><strong>cum</strong></span> 
     </span>
    </p>
   </div>
   <div class='ocr_carea' id='block_1_69' title="bbox 391 3784 1972 3856">
    <p class='ocr_par' dir='ltr' id='par_1_69' title="bbox 391 3784 1972 3856">
     <span class='ocr_line' id='line_1_69' title="bbox 391 3784 1972 3856; baseline 0 -16"><span class='ocrx_word' id='word_1_550' title='bbox 391 3787 563 3841; x_wconf 84' lang='lat' dir='ltr'><strong>aliena</strong></span> <span class='ocrx_word' id='word_1_551' title='bbox 603 3793 860 3856; x_wconf 88' lang='lat' dir='ltr'><strong>spernant</strong></span> <span class='ocrx_word' id='word_1_552' title='bbox 909 3784 1132 3853; x_wconf 90' lang='lat' dir='ltr'><strong>judicia,</strong></span> <span class='ocrx_word' id='word_1_553' title='bbox 1157 3785 1303 3839; x_wconf 90' lang='lat' dir='ltr'><strong>velut</strong></span> <span class='ocrx_word' id='word_1_554' title='bbox 1340 3785 1525 3854; x_wconf 69' lang='lat' dir='ltr'><strong>gloria:</strong></span> <span class='ocrx_word' id='word_1_555' title='bbox 1551 3795 1972 3853; x_wconf 87' lang='lat' dir='ltr'><strong>contemptores,</strong></span> 
     </span>
    </p>
   </div>
   <div class='ocr_carea' id='block_1_70' title="bbox 392 3874 1972 3943">
    <p class='ocr_par' dir='ltr' id='par_1_70' title="bbox 392 3874 1972 3943">
     <span class='ocr_line' id='line_1_70' title="bbox 392 3874 1972 3943; baseline 0.001 -14"><span class='ocrx_word' id='word_1_556' title='bbox 392 3876 493 3931; x_wconf 78' lang='lat' dir='ltr'><strong>sibi</strong></span> <span class='ocrx_word' id='word_1_557' title='bbox 524 3876 795 3943; x_wconf 80' lang='lat' dir='ltr'><strong>sapientes</strong></span> <span class='ocrx_word' id='word_1_558' title='bbox 846 3874 1112 3940; x_wconf 88' lang='lat' dir='ltr'><strong>videntur,</strong></span> <span class='ocrx_word' id='word_1_559' title='bbox 1140 3885 1196 3929; x_wconf 91' lang='lat' dir='ltr'><strong>et</strong></span> <span class='ocrx_word' id='word_1_560' title='bbox 1220 3889 1321 3929; x_wconf 77' lang='lat' dir='ltr'><strong>SIBI</strong></span> <span class='ocrx_word' id='word_1_561' title='bbox 1348 3891 1603 3930; x_wconf 71' lang='lat' dir='ltr'><strong>pascam.</strong></span> <span class='ocrx_word' id='word_1_562' title='bbox 1633 3875 1764 3931; x_wconf 84' lang='lat' dir='ltr'><strong>Nam</strong></span> <span class='ocrx_word' id='word_1_563' title='bbox 1788 3892 1972 3940; x_wconf 87' lang='lat' dir='ltr'><strong>eorum</strong></span> 
     </span>
    </p>
   </div>
   <div class='ocr_carea' id='block_1_71' title="bbox 391 3965 1971 4038">
    <p class='ocr_par' dir='ltr' id='par_1_71' title="bbox 391 3965 1971 4038">
     <span class='ocr_line' id='line_1_71' title="bbox 391 3965 1971 4038; baseline 0.004 -20"><span class='ocrx_word' id='word_1_564' title='bbox 391 3968 580 4034; x_wconf 74' lang='lat' dir='ltr'><strong>virtus,</strong></span> <span class='ocrx_word' id='word_1_565' title='bbox 607 3966 652 4019; x_wconf 91' lang='lat' dir='ltr'><strong>si</strong></span> <span class='ocrx_word' id='word_1_566' title='bbox 685 3974 863 4019; x_wconf 88' lang='lat' dir='ltr'><strong>tamen</strong></span> <span class='ocrx_word' id='word_1_567' title='bbox 886 3965 991 4019; x_wconf 90' lang='lat' dir='ltr'><strong>ulla</strong></span> <span class='ocrx_word' id='word_1_568' title='bbox 1021 3975 1125 4033; x_wconf 88' lang='lat' dir='ltr'><strong>est,</strong></span> <span class='ocrx_word' id='word_1_569' title='bbox 1143 3966 1249 4021; x_wconf 87' lang='lat' dir='ltr'><strong>alio</strong></span> <span class='ocrx_word' id='word_1_570' title='bbox 1274 3967 1435 4023; x_wconf 90' lang='lat' dir='ltr'><strong>modo</strong></span> <span class='ocrx_word' id='word_1_571' title='bbox 1464 3968 1695 4038; x_wconf 90' lang='lat' dir='ltr'><strong>quodam</strong></span> <span class='ocrx_word' id='word_1_572' title='bbox 1741 3984 1971 4024; x_wconf 65' lang='lat' dir='ltr'><strong>numam:</strong></span> 
     </span>
    </p>
   </div>
   <div class='ocr_carea' id='block_1_72' title="bbox 390 4056 1973 4126">
    <p class='ocr_par' dir='ltr' id='par_1_72' title="bbox 390 4056 1973 4126">
     <span class='ocr_line' id='line_1_72' title="bbox 390 4056 1973 4126; baseline 0.001 -16"><span class='ocrx_word' id='word_1_573' title='bbox 390 4067 644 4110; x_wconf 78' lang='lat' dir='ltr'><strong>suanirun</strong></span> <span class='ocrx_word' id='word_1_574' title='bbox 665 4067 845 4118; x_wconf 70' lang='lat' dir='ltr'><strong>LAUDI;</strong></span> <span class='ocrx_word' id='word_1_575' title='bbox 866 4068 1035 4123; x_wconf 89' lang='lat' dir='ltr'><strong>neque</strong></span> <span class='ocrx_word' id='word_1_576' title='bbox 1057 4056 1198 4109; x_wconf 91' lang='lat' dir='ltr'><strong>enim</strong></span> <span class='ocrx_word' id='word_1_577' title='bbox 1216 4056 1350 4125; x_wconf 88' lang='lat' dir='ltr'><strong>ipse,</strong></span> <span class='ocrx_word' id='word_1_578' title='bbox 1365 4056 1455 4126; x_wconf 91' lang='lat' dir='ltr'><strong>qui</strong></span> <span class='ocrx_word' id='word_1_579' title='bbox 1477 4056 1577 4111; x_wconf 89' lang='lat' dir='ltr'><strong>sibi</strong></span> <span class='ocrx_word' id='word_1_580' title='bbox 1604 4058 1793 4126; x_wconf 86' lang='lat' dir='ltr'><strong>placet,</strong></span> <span class='ocrx_word' id='word_1_581' title='bbox 1812 4057 1973 4112; x_wconf 89' lang='lat' dir='ltr'><strong>homo</strong></span> 
     </span>
    </p>
   </div>
   <div class='ocr_carea' id='block_1_73' title="bbox 391 4142 1968 4218">
    <p class='ocr_par' dir='ltr' id='par_1_73' title="bbox 391 4142 1968 4218">
     <span class='ocr_line' id='line_1_73' title="bbox 391 4142 1968 4218; baseline 0.002 -19"><span class='ocrx_word' id='word_1_582' title='bbox 391 4159 496 4199; x_wconf 86' lang='lat' dir='ltr'><strong>non</strong></span> <span class='ocrx_word' id='word_1_583' title='bbox 528 4152 630 4198; x_wconf 88' lang='lat' dir='ltr'><strong>est.</strong></span> <span class='ocrx_word' id='word_1_584' title='bbox 655 4162 673 4194; x_wconf 83' lang='grc'><strong>›</strong></span> <span class='ocrx_word' id='word_1_585' title='bbox 701 4142 827 4198; x_wconf 65' lang='grc' dir='ltr'><strong>11ωο</strong></span> <span class='ocrx_word' id='word_1_586' title='bbox 848 4144 961 4212; x_wconf 90' lang='lat' dir='ltr'><strong>ipsa</strong></span> <span class='ocrx_word' id='word_1_587' title='bbox 984 4147 1369 4201; x_wconf 84' lang='lat' dir='ltr'><strong>conﬁrmantur</strong></span> <span class='ocrx_word' id='word_1_588' title='bbox 1392 4147 1638 4217; x_wconf 82' lang='lat' dir='ltr'><strong>exemplo</strong></span> <span class='ocrx_word' id='word_1_589' title='bbox 1657 4149 1968 4218; x_wconf 79' lang='lat' dir='ltr'><strong>angelorum</strong></span> 
     </span>
    </p>
   </div>
   <div class='ocr_carea' id='block_1_74' title="bbox 397 4234 1969 4312">
    <p class='ocr_par' dir='ltr' id='par_1_74' title="bbox 397 4234 1969 4312">
     <span class='ocr_line' id='line_1_74' title="bbox 397 4234 1969 4312; baseline 0.004 -22"><span class='ocrx_word' id='word_1_590' title='bbox 397 4234 773 4305; x_wconf 89' lang='lat' dir='ltr'><strong>reproborum,</strong></span> <span class='ocrx_word' id='word_1_591' title='bbox 795 4249 858 4290; x_wconf 89' lang='lat' dir='ltr'><strong>ac</strong></span> <span class='ocrx_word' id='word_1_592' title='bbox 880 4235 1170 4305; x_wconf 91' lang='lat' dir='ltr'><strong>primorum</strong></span> <span class='ocrx_word' id='word_1_593' title='bbox 1196 4250 1497 4308; x_wconf 89' lang='lat' dir='ltr'><strong>parentum,</strong></span> <span class='ocrx_word' id='word_1_594' title='bbox 1515 4256 1742 4311; x_wconf 90' lang='lat' dir='ltr'><strong>quorum</strong></span> <span class='ocrx_word' id='word_1_595' title='bbox 1789 4242 1969 4312; x_wconf 87' lang='lat' dir='ltr'><strong>lapsus</strong></span> 
     </span>
    </p>
   </div>
   <div class='ocr_carea' id='block_1_75' title="bbox 391 4324 1966 4401">
    <p class='ocr_par' dir='ltr' id='par_1_75' title="bbox 391 4324 1966 4401">
     <span class='ocr_line' id='line_1_75' title="bbox 391 4324 1966 4401; baseline 0.005 -23"><span class='ocrx_word' id='word_1_596' title='bbox 391 4340 456 4378; x_wconf 84' lang='lat' dir='ltr'><strong>ex</strong></span> <span class='ocrx_word' id='word_1_597' title='bbox 488 4324 738 4393; x_wconf 89' lang='lat' dir='ltr'><strong>philantia</strong></span> <span class='ocrx_word' id='word_1_598' title='bbox 769 4332 945 4380; x_wconf 89' lang='lat' dir='ltr'><strong>ortum</strong></span> <span class='ocrx_word' id='word_1_599' title='bbox 967 4326 1138 4381; x_wconf 88' lang='lat' dir='ltr'><strong>duxit.</strong></span> <span class='ocrx_word' id='word_1_600' title='bbox 1168 4328 1365 4382; x_wconf 89' lang='lat' dir='ltr'><strong>Scribit</strong></span> <span class='ocrx_word' id='word_1_601' title='bbox 1388 4337 1609 4393; x_wconf 86' lang='lat' dir='ltr'><strong>sanctus</strong></span> <span class='ocrx_word' id='word_1_602' title='bbox 1640 4331 1873 4401; x_wconf 84' lang='lat' dir='ltr'><strong>Prosper</strong></span> <span class='ocrx_word' id='word_1_603' title='bbox 1900 4333 1966 4386; x_wconf 89' lang='lat' dir='ltr'><strong>ad</strong></span> 
     </span>
    </p>
   </div>
   <div class='ocr_carea' id='block_1_76' title="bbox 389 4407 1968 4483">
    <p class='ocr_par' dir='ltr' id='par_1_76' title="bbox 389 4407 1968 4483">
     <span class='ocr_line' id='line_1_76' title="bbox 389 4407 1968 4483; baseline 0.004 -20"><span class='ocrx_word' id='word_1_604' title='bbox 389 4407 825 4463; x_wconf 87' lang='lat' dir='ltr'><strong>Demetriadem:</strong></span> <span class='ocrx_word' id='word_1_605' title='bbox 856 4425 875 4458; x_wconf 82' lang='grc' dir='ltr'><strong>ι</strong></span> <span class='ocrx_word' id='word_1_606' title='bbox 929 4408 1054 4462; x_wconf 70' lang='lat' dir='ltr'><strong>Haec</strong></span> <span class='ocrx_word' id='word_1_607' title='bbox 1095 4410 1342 4477; x_wconf 86' lang='lat' dir='ltr'><strong>superbia</strong></span> <span class='ocrx_word' id='word_1_608' title='bbox 1390 4426 1421 4465; x_wconf 87' lang='lat' dir='ltr'><strong>a</strong></span> <span class='ocrx_word' id='word_1_609' title='bbox 1474 4412 1691 4467; x_wconf 90' lang='lat' dir='ltr'><strong>diabolo</strong></span> <span class='ocrx_word' id='word_1_610' title='bbox 1742 4417 1968 4483; x_wconf 89' lang='lat' dir='ltr'><strong>sumpsit</strong></span> 
     </span>
    </p>
   </div>
   <div class='ocr_carea' id='block_1_77' title="bbox 2083 3238 3667 3309">
    <p class='ocr_par' dir='ltr' id='par_1_77' title="bbox 2083 3238 3667 3309">
     <span class='ocr_line' id='line_1_77' title="bbox 2083 3238 3667 3309; baseline -0.001 -16"><span class='ocrx_word' id='word_1_611' title='bbox 2083 3238 2185 3293; x_wconf 90' lang='lat' dir='ltr'><strong>bus</strong></span> <span class='ocrx_word' id='word_1_612' title='bbox 2214 3238 2481 3304; x_wconf 87' lang='lat' dir='ltr'><strong>relictam,</strong></span> <span class='ocrx_word' id='word_1_613' title='bbox 2510 3238 2681 3293; x_wconf 89' lang='lat' dir='ltr'><strong>solum</strong></span> <span class='ocrx_word' id='word_1_614' title='bbox 2705 3253 2864 3308; x_wconf 90' lang='lat' dir='ltr'><strong>posse</strong></span> <span class='ocrx_word' id='word_1_615' title='bbox 2890 3239 3192 3309; x_wconf 83' lang='lat' dir='ltr'><strong>superbiam</strong></span> <span class='ocrx_word' id='word_1_616' title='bbox 3216 3247 3269 3293; x_wconf 91' lang='lat' dir='ltr'><strong>et</strong></span> <span class='ocrx_word' id='word_1_617' title='bbox 3300 3248 3597 3308; x_wconf 84' lang='lat' dir='ltr'><strong>peccatum.</strong></span> <span class='ocrx_word' id='word_1_618' title='bbox 3645 3257 3667 3291; x_wconf 74' lang='grc' dir='ltr'><strong>ι</strong></span> 
     </span>
    </p>
   </div>
   <div class='ocr_carea' id='block_1_78' title="bbox 2080 3328 3668 3399">
    <p class='ocr_par' dir='ltr' id='par_1_78' title="bbox 2080 3328 3668 3399">
     <span class='ocr_line' id='line_1_78' title="bbox 2080 3328 3668 3399; baseline 0 -17"><span class='ocrx_word' id='word_1_619' title='bbox 2080 3328 2207 3395; x_wconf 69' lang='lat' dir='ltr'><strong>Quae</strong></span> <span class='ocrx_word' id='word_1_620' title='bbox 2232 3329 2478 3398; x_wconf 92' lang='lat' dir='ltr'><strong>pluribus</strong></span> <span class='ocrx_word' id='word_1_621' title='bbox 2502 3330 2696 3384; x_wconf 90' lang='lat' dir='ltr'><strong>ibidem</strong></span> <span class='ocrx_word' id='word_1_622' title='bbox 2728 3329 3086 3398; x_wconf 87' lang='lat' dir='ltr'><strong>prosequitur,</strong></span> <span class='ocrx_word' id='word_1_623' title='bbox 3118 3329 3337 3383; x_wconf 87' lang='lat' dir='ltr'><strong>laudans</strong></span> <span class='ocrx_word' id='word_1_624' title='bbox 3362 3331 3668 3399; x_wconf 62' lang='lat' dir='ltr'><strong>praesertim</strong></span> 
     </span>
    </p>
   </div>
   <div class='ocr_carea' id='block_1_79' title="bbox 2081 3419 3670 3476">
    <p class='ocr_par' dir='ltr' id='par_1_79' title="bbox 2081 3419 3670 3476">
     <span class='ocr_line' id='line_1_79' title="bbox 2081 3419 3670 3476; baseline 0 -3"><span class='ocrx_word' id='word_1_625' title='bbox 2081 3420 2219 3474; x_wconf 84' lang='lat' dir='ltr'><strong>hanc</strong></span> <span class='ocrx_word' id='word_1_626' title='bbox 2271 3422 2443 3475; x_wconf 86' lang='lat' dir='ltr'><strong>sancti</strong></span> <span class='ocrx_word' id='word_1_627' title='bbox 2474 3420 2710 3476; x_wconf 92' lang='lat' dir='ltr'><strong>doctoris</strong></span> <span class='ocrx_word' id='word_1_628' title='bbox 2764 3420 3130 3473; x_wconf 89' lang='lat' dir='ltr'><strong>sententiam:</strong></span> <span class='ocrx_word' id='word_1_629' title='bbox 3167 3437 3185 3470; x_wconf 78' lang='grc' dir='ltr'><strong>ι</strong></span> <span class='ocrx_word' id='word_1_630' title='bbox 3226 3419 3475 3475; x_wconf 90' lang='lat' dir='ltr'><strong>Liberum</strong></span> <span class='ocrx_word' id='word_1_631' title='bbox 3522 3422 3670 3473; x_wconf 87' lang='lat' dir='ltr'><strong>arbi-</strong></span> 
     </span>
    </p>
   </div>
   <div class='ocr_carea' id='block_1_80' title="bbox 2081 3509 3669 3579">
    <p class='ocr_par' dir='ltr' id='par_1_80' title="bbox 2081 3509 3669 3579">
     <span class='ocr_line' id='line_1_80' title="bbox 2081 3509 3669 3579; baseline -0.003 -16"><span class='ocrx_word' id='word_1_632' title='bbox 2081 3509 2237 3564; x_wconf 90' lang='lat' dir='ltr'><strong>trium</strong></span> <span class='ocrx_word' id='word_1_633' title='bbox 2270 3511 2542 3565; x_wconf 88' lang='lat' dir='ltr'><strong>desertum</strong></span> <span class='ocrx_word' id='word_1_634' title='bbox 2573 3525 2602 3564; x_wconf 90' lang='lat' dir='ltr'><strong>a</strong></span> <span class='ocrx_word' id='word_1_635' title='bbox 2631 3509 2809 3564; x_wconf 91' lang='lat' dir='ltr'><strong>divino</strong></span> <span class='ocrx_word' id='word_1_636' title='bbox 2832 3510 3120 3577; x_wconf 91' lang='lat' dir='ltr'><strong>adjutorio,</strong></span> <span class='ocrx_word' id='word_1_637' title='bbox 3150 3510 3443 3579; x_wconf 86' lang='lat' dir='ltr'><strong>quamlibet</strong></span> <span class='ocrx_word' id='word_1_638' title='bbox 3485 3510 3669 3563; x_wconf 79' lang='lat' dir='ltr'><strong>scien-</strong></span> 
     </span>
    </p>
   </div>
   <div class='ocr_carea' id='block_1_81' title="bbox 2080 3600 3668 3671">
    <p class='ocr_par' dir='ltr' id='par_1_81' title="bbox 2080 3600 3668 3671">
     <span class='ocr_line' id='line_1_81' title="bbox 2080 3600 3668 3671; baseline 0.001 -18"><span class='ocrx_word' id='word_1_639' title='bbox 2080 3600 2152 3653; x_wconf 87' lang='lat' dir='ltr'><strong>tia</strong></span> <span class='ocrx_word' id='word_1_640' title='bbox 2184 3600 2315 3671; x_wconf 88' lang='lat' dir='ltr'><strong>legis</strong></span> <span class='ocrx_word' id='word_1_641' title='bbox 2342 3602 2586 3667; x_wconf 85' lang='lat' dir='ltr'><strong>excellat,</strong></span> <span class='ocrx_word' id='word_1_642' title='bbox 2623 3602 2768 3656; x_wconf 90' lang='lat' dir='ltr'><strong>nullo</strong></span> <span class='ocrx_word' id='word_1_643' title='bbox 2801 3603 2959 3656; x_wconf 91' lang='lat' dir='ltr'><strong>modo</strong></span> <span class='ocrx_word' id='word_1_644' title='bbox 2989 3602 3151 3656; x_wconf 89' lang='lat' dir='ltr'><strong>habet</strong></span> <span class='ocrx_word' id='word_1_645' title='bbox 3175 3602 3393 3670; x_wconf 76' lang='lat' dir='ltr'><strong>justitite</strong></span> <span class='ocrx_word' id='word_1_646' title='bbox 3422 3603 3668 3655; x_wconf 79' lang='lat' dir='ltr'><strong>solidita-</strong></span> 
     </span>
    </p>
   </div>
   <div class='ocr_carea' id='block_1_82' title="bbox 2078 3690 3666 3761">
    <p class='ocr_par' dir='ltr' id='par_1_82' title="bbox 2078 3690 3666 3761">
     <span class='ocr_line' id='line_1_82' title="bbox 2078 3690 3666 3761; baseline 0.002 -18"><span class='ocrx_word' id='word_1_647' title='bbox 2078 3690 2320 3756; x_wconf 85' lang='lat' dir='ltr'><strong>tem,sed</strong></span> <span class='ocrx_word' id='word_1_648' title='bbox 2365 3690 2688 3745; x_wconf 87' lang='lat' dir='ltr'><strong>inﬂationem</strong></span> <span class='ocrx_word' id='word_1_649' title='bbox 2736 3692 2912 3760; x_wconf 75' lang='lat' dir='ltr'><strong>impio:</strong></span> <span class='ocrx_word' id='word_1_650' title='bbox 2966 3692 3249 3761; x_wconf 61' lang='lat' dir='ltr'><strong>superbiae.</strong></span> <span class='ocrx_word' id='word_1_651' title='bbox 3290 3710 3308 3742; x_wconf 77' lang='grc' dir='ltr'><strong>ι</strong></span> <span class='ocrx_word' id='word_1_652' title='bbox 3366 3691 3526 3760; x_wconf 88' lang='lat' dir='ltr'><strong>Igitur</strong></span> <span class='ocrx_word' id='word_1_653' title='bbox 3574 3693 3666 3746; x_wconf 89' lang='lat' dir='ltr'><strong>ubi</strong></span> 
     </span>
    </p>
   </div>
   <div class='ocr_carea' id='block_1_83' title="bbox 2075 3780 3665 3852">
    <p class='ocr_par' dir='ltr' id='par_1_83' title="bbox 2075 3780 3665 3852">
     <span class='ocr_line' id='line_1_83' title="bbox 2075 3780 3665 3852; baseline 0 -18"><span class='ocrx_word' id='word_1_654' title='bbox 2075 3794 2142 3834; x_wconf 84' lang='lat' dir='ltr'><strong>ex</strong></span> <span class='ocrx_word' id='word_1_655' title='bbox 2173 3794 2339 3849; x_wconf 91' lang='lat' dir='ltr'><strong>opere</strong></span> <span class='ocrx_word' id='word_1_656' title='bbox 2387 3781 2528 3835; x_wconf 89' lang='lat' dir='ltr'><strong>bono</strong></span> <span class='ocrx_word' id='word_1_657' title='bbox 2573 3782 2714 3834; x_wconf 90' lang='lat' dir='ltr'><strong>nulla</strong></span> <span class='ocrx_word' id='word_1_658' title='bbox 2760 3780 3014 3852; x_wconf 90' lang='lat' dir='ltr'><strong>superbia</strong></span> <span class='ocrx_word' id='word_1_659' title='bbox 3068 3783 3120 3836; x_wconf 92' lang='lat' dir='ltr'><strong>in</strong></span> <span class='ocrx_word' id='word_1_660' title='bbox 3174 3782 3355 3837; x_wconf 85' lang='lat' dir='ltr'><strong>animo</strong></span> <span class='ocrx_word' id='word_1_661' title='bbox 3402 3783 3665 3852; x_wconf 89' lang='lat' dir='ltr'><strong>erumpit,</strong></span> 
     </span>
    </p>
   </div>
   <div class='ocr_carea' id='block_1_84' title="bbox 2075 3871 3119 3944">
    <p class='ocr_par' dir='ltr' id='par_1_84' title="bbox 2075 3871 3119 3944">
     <span class='ocr_line' id='line_1_84' title="bbox 2075 3871 3119 3944; baseline 0.002 -19"><span class='ocrx_word' id='word_1_662' title='bbox 2075 3871 2267 3927; x_wconf 78' lang='lat' dir='ltr'><strong>divina:</strong></span> <span class='ocrx_word' id='word_1_663' title='bbox 2289 3876 2475 3944; x_wconf 79' lang='lat' dir='ltr'><strong>gratiae</strong></span> <span class='ocrx_word' id='word_1_664' title='bbox 2500 3875 2753 3928; x_wconf 80' lang='lat' dir='ltr'><strong>auxilium</strong></span> <span class='ocrx_word' id='word_1_665' title='bbox 2786 3884 2982 3943; x_wconf 82' lang='lat' dir='ltr'><strong>praesto</strong></span> <span class='ocrx_word' id='word_1_666' title='bbox 3012 3883 3119 3931; x_wconf 91' lang='lat' dir='ltr'><strong>est.</strong></span> 
     </span>
    </p>
   </div>
   <div class='ocr_carea' id='block_1_85' title="bbox 2076 3965 3667 4036">
    <p class='ocr_par' dir='ltr' id='par_1_85' title="bbox 2076 3965 3667 4036">
     <span class='ocr_line' id='line_1_85' title="bbox 2076 3965 3667 4036; baseline -0.002 -15"><span class='ocrx_word' id='word_1_667' title='bbox 2076 3984 2103 4033; x_wconf 60' lang='grc' dir='ltr'>ί</span> <span class='ocrx_word' id='word_1_668' title='bbox 2145 3966 2298 4033; x_wconf 87' lang='lat' dir='ltr'><strong>Quod</strong></span> <span class='ocrx_word' id='word_1_669' title='bbox 2341 3980 2517 4021; x_wconf 78' lang='lat' dir='ltr'><strong>au&#39;em</strong></span> <span class='ocrx_word' id='word_1_670' title='bbox 2562 3965 2803 4021; x_wconf 89' lang='lat' dir='ltr'><strong>inlideles</strong></span> <span class='ocrx_word' id='word_1_671' title='bbox 2843 3981 2913 4020; x_wconf 86' lang='lat' dir='ltr'><strong>ex</strong></span> <span class='ocrx_word' id='word_1_672' title='bbox 2966 3967 3181 4035; x_wconf 90' lang='lat' dir='ltr'><strong>speciali</strong></span> <span class='ocrx_word' id='word_1_673' title='bbox 3224 3966 3408 4036; x_wconf 65' lang='lat' dir='ltr'><strong>gratias</strong></span> <span class='ocrx_word' id='word_1_674' title='bbox 3456 3966 3667 4019; x_wconf 84' lang='lat' dir='ltr'><strong>auxilio</strong></span> 
     </span>
    </p>
   </div>
   <div class='ocr_carea' id='block_1_86' title="bbox 2072 4055 3665 4128">
    <p class='ocr_par' dir='ltr' id='par_1_86' title="bbox 2072 4055 3665 4128">
     <span class='ocr_line' id='line_1_86' title="bbox 2072 4055 3665 4128; baseline -0.001 -17"><span class='ocrx_word' id='word_1_675' title='bbox 2072 4057 2394 4128; x_wconf 88' lang='lat' dir='ltr'><strong>quandoque</strong></span> <span class='ocrx_word' id='word_1_676' title='bbox 2416 4057 2550 4112; x_wconf 89' lang='lat' dir='ltr'><strong>bene</strong></span> <span class='ocrx_word' id='word_1_677' title='bbox 2577 4057 2779 4127; x_wconf 91' lang='lat' dir='ltr'><strong>operati</strong></span> <span class='ocrx_word' id='word_1_678' title='bbox 2815 4056 3029 4122; x_wconf 78' lang='lat' dir='ltr'><strong>iuerint,</strong></span> <span class='ocrx_word' id='word_1_679' title='bbox 3062 4059 3313 4127; x_wconf 89' lang='lat' dir='ltr'><strong>probatur</strong></span> <span class='ocrx_word' id='word_1_680' title='bbox 3340 4072 3406 4112; x_wconf 87' lang='lat' dir='ltr'><strong>ex</strong></span> <span class='ocrx_word' id='word_1_681' title='bbox 3452 4055 3590 4111; x_wconf 91' lang='lat' dir='ltr'><strong>libro</strong></span> <span class='ocrx_word' id='word_1_682' title='bbox 3647 4072 3665 4109; x_wconf 83' lang='lat' dir='ltr'><strong>t</strong></span> 
     </span>
    </p>
   </div>
   <div class='ocr_carea' id='block_1_87' title="bbox 2073 4146 3661 4218">
    <p class='ocr_par' dir='ltr' id='par_1_87' title="bbox 2073 4146 3661 4218">
     <span class='ocr_line' id='line_1_87' title="bbox 2073 4146 3661 4218; baseline -0.001 -17"><span class='ocrx_word' id='word_1_683' title='bbox 2073 4149 2137 4202; x_wconf 91' lang='lat' dir='ltr'><strong>ad</strong></span> <span class='ocrx_word' id='word_1_684' title='bbox 2170 4148 2525 4215; x_wconf 79' lang='lat' dir='ltr'><strong>Bonifacium,</strong></span> <span class='ocrx_word' id='word_1_685' title='bbox 2555 4162 2674 4217; x_wconf 90' lang='lat' dir='ltr'><strong>cap.</strong></span> <span class='ocrx_word' id='word_1_686' title='bbox 2707 4146 2798 4212; x_wconf 69' lang='grc' dir='ltr'><strong>ΞΟ,</strong></span> <span class='ocrx_word' id='word_1_687' title='bbox 2831 4146 2918 4201; x_wconf 89' lang='lat' dir='ltr'><strong>ubi</strong></span> <span class='ocrx_word' id='word_1_688' title='bbox 2950 4148 3273 4218; x_wconf 85' lang='lat' dir='ltr'><strong>Augustinus</strong></span> <span class='ocrx_word' id='word_1_689' title='bbox 3301 4147 3576 4201; x_wconf 87' lang='lat' dir='ltr'><strong>lenitatem</strong></span> <span class='ocrx_word' id='word_1_690' title='bbox 3604 4148 3661 4200; x_wconf 89' lang='lat' dir='ltr'><strong>in</strong></span> 
     </span>
    </p>
   </div>
   <div class='ocr_carea' id='block_1_88' title="bbox 2072 4237 3661 4309">
    <p class='ocr_par' dir='ltr' id='par_1_88' title="bbox 2072 4237 3661 4309">
     <span class='ocr_line' id='line_1_88' title="bbox 2072 4237 3661 4309; baseline 0.001 -18"><span class='ocrx_word' id='word_1_691' title='bbox 2072 4238 2287 4292; x_wconf 84' lang='lat' dir='ltr'><strong>Assueri</strong></span> <span class='ocrx_word' id='word_1_692' title='bbox 2319 4240 2457 4307; x_wconf 84' lang='lat' dir='ltr'><strong>regis</strong></span> <span class='ocrx_word' id='word_1_693' title='bbox 2496 4238 2674 4291; x_wconf 91' lang='lat' dir='ltr'><strong>animo</strong></span> <span class='ocrx_word' id='word_1_694' title='bbox 2714 4246 2931 4300; x_wconf 88' lang='lat' dir='ltr'><strong>repente</strong></span> <span class='ocrx_word' id='word_1_695' title='bbox 2961 4246 3140 4292; x_wconf 88' lang='lat' dir='ltr'><strong>natam</strong></span> <span class='ocrx_word' id='word_1_696' title='bbox 3169 4238 3353 4309; x_wconf 82' lang='lat' dir='ltr'><strong>gratiae</strong></span> <span class='ocrx_word' id='word_1_697' title='bbox 3389 4237 3608 4292; x_wconf 85' lang='lat' dir='ltr'><strong>ascribit</strong></span> <span class='ocrx_word' id='word_1_698' title='bbox 3643 4254 3661 4292; x_wconf 89' lang='lat'><strong>:</strong></span> 
     </span>
    </p>
   </div>
   <div class='ocr_carea' id='block_1_89' title="bbox 2077 4329 3667 4400">
    <p class='ocr_par' dir='ltr' id='par_1_89' title="bbox 2077 4329 3667 4400">
     <span class='ocr_line' id='line_1_89' title="bbox 2077 4329 3667 4400; baseline 0 -19"><span class='ocrx_word' id='word_1_699' title='bbox 2077 4347 2095 4381; x_wconf 81' lang='grc' dir='ltr'><strong>ι</strong></span> <span class='ocrx_word' id='word_1_700' title='bbox 2133 4330 2240 4386; x_wconf 82' lang='lat' dir='ltr'><strong>Cor</strong></span> <span class='ocrx_word' id='word_1_701' title='bbox 2274 4332 2440 4400; x_wconf 88' lang='lat' dir='ltr'><strong>regis,</strong></span> <span class='ocrx_word' id='word_1_702' title='bbox 2468 4331 2640 4399; x_wconf 87' lang='lat' dir='ltr'><strong>inquit</strong></span> <span class='ocrx_word' id='word_1_703' title='bbox 2669 4330 2735 4385; x_wconf 92' lang='lat' dir='ltr'><strong>de</strong></span> <span class='ocrx_word' id='word_1_704' title='bbox 2780 4330 2911 4396; x_wconf 87' lang='lat' dir='ltr'><strong>Deo,</strong></span> <span class='ocrx_word' id='word_1_705' title='bbox 2940 4339 3224 4398; x_wconf 87' lang='lat' dir='ltr'><strong>antequam</strong></span> <span class='ocrx_word' id='word_1_706' title='bbox 3266 4329 3505 4384; x_wconf 79' lang='lat' dir='ltr'><strong>mulieris</strong></span> <span class='ocrx_word' id='word_1_707' title='bbox 3543 4344 3667 4385; x_wconf 88' lang='lat' dir='ltr'><strong>ser-</strong></span> 
     </span>
    </p>
   </div>
   <div class='ocr_carea' id='block_1_90' title="bbox 2070 4421 3660 4490">
    <p class='ocr_par' dir='ltr' id='par_1_90' title="bbox 2070 4421 3660 4490">
     <span class='ocr_line' id='line_1_90' title="bbox 2070 4421 3660 4490; baseline -0.002 -17"><span class='ocrx_word' id='word_1_708' title='bbox 2070 4435 2288 4475; x_wconf 90' lang='lat' dir='ltr'><strong>monem</strong></span> <span class='ocrx_word' id='word_1_709' title='bbox 2328 4422 2599 4490; x_wconf 85' lang='lat' dir='ltr'><strong>poscentis</strong></span> <span class='ocrx_word' id='word_1_710' title='bbox 2629 4422 2886 4486; x_wconf 86' lang='lat' dir='ltr'><strong>audisset,</strong></span> <span class='ocrx_word' id='word_1_711' title='bbox 2917 4421 3271 4476; x_wconf 86' lang='lat' dir='ltr'><strong>occultissima</strong></span> <span class='ocrx_word' id='word_1_712' title='bbox 3298 4430 3352 4475; x_wconf 87' lang='lat' dir='ltr'><strong>et</strong></span> <span class='ocrx_word' id='word_1_713' title='bbox 3392 4421 3660 4476; x_wconf 70' lang='lat' dir='ltr'><strong>efﬁcacis-</strong></span> 
     </span>
    </p>
   </div>
   <div class='ocr_carea' id='block_1_91' title="bbox 391 4496 3663 4580">
    <p class='ocr_par' dir='ltr' id='par_1_91' title="bbox 391 4496 3663 4580">
     <span class='ocr_line' id='line_1_91' title="bbox 391 4496 3663 4580; baseline 0.003 -26"><span class='ocrx_word' id='word_1_714' title='bbox 391 4497 667 4554; x_wconf 81' lang='lat' dir='ltr'><strong>exordium</strong></span> <span class='ocrx_word' id='word_1_715' title='bbox 700 4537 716 4563; x_wconf 95' lang='lat'><strong>,</strong></span> <span class='ocrx_word' id='word_1_716' title='bbox 770 4496 861 4566; x_wconf 90' lang='lat' dir='ltr'><strong>qui</strong></span> <span class='ocrx_word' id='word_1_717' title='bbox 937 4499 1191 4566; x_wconf 86' lang='lat' dir='ltr'><strong>quoniam</strong></span> <span class='ocrx_word' id='word_1_718' title='bbox 1266 4513 1385 4569; x_wconf 90' lang='lat' dir='ltr'><strong>sua,</strong></span> <span class='ocrx_word' id='word_1_719' title='bbox 1440 4518 1596 4572; x_wconf 90' lang='lat' dir='ltr'><strong>quam</strong></span> <span class='ocrx_word' id='word_1_720' title='bbox 1652 4520 1680 4557; x_wconf 91' lang='lat' dir='ltr'><strong>a</strong></span> <span class='ocrx_word' id='word_1_721' title='bbox 1712 4504 1963 4561; x_wconf 86' lang='lat' dir='ltr'><strong>Creatore</strong></span> <span class='ocrx_word' id='word_1_722' title='bbox 1995 4515 2043 4573; x_wconf 83' lang='grc' dir='ltr'>ι)</span> <span class='ocrx_word' id='word_1_723' title='bbox 2067 4509 2202 4564; x_wconf 87' lang='lat' dir='ltr'><strong>sima</strong></span> <span class='ocrx_word' id='word_1_724' title='bbox 2234 4522 2496 4580; x_wconf 85' lang='lat' dir='ltr'><strong>potestate</strong></span> <span class='ocrx_word' id='word_1_725' title='bbox 2516 4512 2797 4575; x_wconf 79' lang='lat' dir='ltr'><strong>convertit,</strong></span> <span class='ocrx_word' id='word_1_726' title='bbox 2822 4521 2877 4566; x_wconf 91' lang='lat' dir='ltr'><strong>et</strong></span> <span class='ocrx_word' id='word_1_727' title='bbox 2907 4510 3260 4565; x_wconf 90' lang='lat' dir='ltr'><strong>transtulitab</strong></span> <span class='ocrx_word' id='word_1_728' title='bbox 3290 4510 3663 4580; x_wconf 85' lang='lat' dir='ltr'><strong>indignatione</strong></span> 
     </span>
    </p>
   </div>
   <div class='ocr_carea' id='block_1_92' title="bbox 386 4588 1960 4661">
    <p class='ocr_par' dir='ltr' id='par_1_92' title="bbox 386 4588 1960 4661">
     <span class='ocr_line' id='line_1_92' title="bbox 386 4588 1960 4661; baseline 0.001 -14"><span class='ocrx_word' id='word_1_729' title='bbox 386 4588 714 4660; x_wconf 78' lang='lat' dir='ltr'><strong>acceperat,</strong></span> <span class='ocrx_word' id='word_1_730' title='bbox 767 4590 1005 4657; x_wconf 87' lang='lat' dir='ltr'><strong>potentia</strong></span> <span class='ocrx_word' id='word_1_731' title='bbox 1071 4601 1127 4644; x_wconf 91' lang='lat' dir='ltr'><strong>et</strong></span> <span class='ocrx_word' id='word_1_732' title='bbox 1194 4590 1450 4659; x_wconf 87' lang='lat' dir='ltr'><strong>dignitate</strong></span> <span class='ocrx_word' id='word_1_733' title='bbox 1527 4607 1623 4647; x_wconf 82' lang='lat' dir='ltr'><strong>SIBI</strong></span> <span class='ocrx_word' id='word_1_734' title='bbox 1711 4610 1960 4661; x_wconf 70' lang='lat' dir='ltr'><strong>rucurr,</strong></span> 
     </span>
    </p>
   </div>
   <div class='ocr_carea' id='block_1_93' title="bbox 382 4676 1963 4750">
    <p class='ocr_par' dir='ltr' id='par_1_93' title="bbox 382 4676 1963 4750">
     <span class='ocr_line' id='line_1_93' title="bbox 382 4676 1963 4750; baseline 0.003 -15"><span class='ocrx_word' id='word_1_735' title='bbox 382 4696 512 4749; x_wconf 84' lang='lat' dir='ltr'><strong>etc.,</strong></span> <span class='ocrx_word' id='word_1_736' title='bbox 537 4693 565 4731; x_wconf 90' lang='lat' dir='ltr'><strong>a</strong></span> <span class='ocrx_word' id='word_1_737' title='bbox 595 4676 810 4738; x_wconf 61' lang='lat' dir='ltr'><strong>caelesti</strong></span> <span class='ocrx_word' id='word_1_738' title='bbox 840 4679 1166 4736; x_wconf 87' lang='lat' dir='ltr'><strong>sublimitate</strong></span> <span class='ocrx_word' id='word_1_739' title='bbox 1188 4680 1425 4750; x_wconf 89' lang='lat' dir='ltr'><strong>dejectus</strong></span> <span class='ocrx_word' id='word_1_740' title='bbox 1450 4690 1553 4735; x_wconf 90' lang='lat' dir='ltr'><strong>est.</strong></span> <span class='ocrx_word' id='word_1_741' title='bbox 1578 4700 1596 4733; x_wconf 73' lang='grc' dir='ltr'><strong>ι</strong></span> <span class='ocrx_word' id='word_1_742' title='bbox 1634 4683 1696 4738; x_wconf 86' lang='grc' dir='ltr'>Ει</span> <span class='ocrx_word' id='word_1_743' title='bbox 1752 4683 1822 4739; x_wconf 89' lang='lat' dir='ltr'><strong>de</strong></span> <span class='ocrx_word' id='word_1_744' title='bbox 1866 4687 1963 4739; x_wconf 83' lang='lat' dir='ltr'><strong>ho-</strong></span> 
     </span>
    </p>
   </div>
   <div class='ocr_carea' id='block_1_94' title="bbox 384 4770 1959 4845">
    <p class='ocr_par' dir='ltr' id='par_1_94' title="bbox 384 4770 1959 4845">
     <span class='ocr_line' id='line_1_94' title="bbox 384 4770 1959 4845; baseline 0.001 -19"><span class='ocrx_word' id='word_1_745' title='bbox 384 4775 531 4830; x_wconf 86' lang='lat' dir='ltr'><strong>mine</strong></span> <span class='ocrx_word' id='word_1_746' title='bbox 579 4775 715 4830; x_wconf 79' lang='lat' dir='ltr'><strong>dixit</strong></span> <span class='ocrx_word' id='word_1_747' title='bbox 760 4774 1086 4845; x_wconf 81' lang='lat' dir='ltr'><strong>Augustinus</strong></span> <span class='ocrx_word' id='word_1_748' title='bbox 1134 4772 1226 4827; x_wconf 90' lang='lat' dir='ltr'><strong>lib.</strong></span> <span class='ocrx_word' id='word_1_749' title='bbox 1277 4786 1308 4824; x_wconf 74' lang='grc' dir='ltr'><strong>ι</strong></span> <span class='ocrx_word' id='word_1_750' title='bbox 1354 4770 1421 4825; x_wconf 89' lang='lat' dir='ltr'><strong>de</strong></span> <span class='ocrx_word' id='word_1_751' title='bbox 1456 4770 1643 4839; x_wconf 80' lang='lat' dir='ltr'><strong>Civit.,</strong></span> <span class='ocrx_word' id='word_1_752' title='bbox 1673 4788 1793 4842; x_wconf 91' lang='lat' dir='ltr'><strong>cap.</strong></span> <span class='ocrx_word' id='word_1_753' title='bbox 1846 4775 1959 4828; x_wconf 80' lang='lat' dir='ltr'><strong>I5:</strong></span> 
     </span>
    </p>
   </div>
   <div class='ocr_carea' id='block_1_95' title="bbox 390 4862 1962 4933">
    <p class='ocr_par' dir='ltr' id='par_1_95' title="bbox 390 4862 1962 4933">
     <span class='ocr_line' id='line_1_95' title="bbox 390 4862 1962 4933; baseline 0.003 -18"><span class='ocrx_word' id='word_1_754' title='bbox 390 4884 407 4915; x_wconf 75' lang='grc' dir='ltr'><strong>ι</strong></span> <span class='ocrx_word' id='word_1_755' title='bbox 469 4865 720 4920; x_wconf 87' lang='lat' dir='ltr'><strong>Diabolus</strong></span> <span class='ocrx_word' id='word_1_756' title='bbox 765 4866 1037 4922; x_wconf 90' lang='lat' dir='ltr'><strong>hominem</strong></span> <span class='ocrx_word' id='word_1_757' title='bbox 1117 4879 1223 4919; x_wconf 93' lang='lat' dir='ltr'><strong>non</strong></span> <span class='ocrx_word' id='word_1_758' title='bbox 1272 4862 1526 4932; x_wconf 80' lang='lat' dir='ltr'><strong>cepisset,</strong></span> <span class='ocrx_word' id='word_1_759' title='bbox 1577 4864 1679 4917; x_wconf 90' lang='lat' dir='ltr'><strong>nisi</strong></span> <span class='ocrx_word' id='word_1_760' title='bbox 1721 4864 1831 4933; x_wconf 88' lang='lat' dir='ltr'><strong>jam</strong></span> <span class='ocrx_word' id='word_1_761' title='bbox 1874 4865 1962 4920; x_wconf 91' lang='lat' dir='ltr'><strong>ille</strong></span> 
     </span>
    </p>
   </div>
   <div class='ocr_carea' id='block_1_96' title="bbox 384 4956 1959 5028">
    <p class='ocr_par' dir='ltr' id='par_1_96' title="bbox 384 4956 1959 5028">
     <span class='ocr_line' id='line_1_96' title="bbox 384 4956 1959 5028; baseline 0.001 -19"><span class='ocrx_word' id='word_1_762' title='bbox 384 4969 480 5009; x_wconf 80' lang='lat' dir='ltr'><strong>sun</strong></span> <span class='ocrx_word' id='word_1_763' title='bbox 508 4968 617 5008; x_wconf 79' lang='lat' dir='ltr'><strong>IPSE.</strong></span> <span class='ocrx_word' id='word_1_764' title='bbox 640 4972 876 5012; x_wconf 75' lang='lat' dir='ltr'><strong>PLACERE</strong></span> <span class='ocrx_word' id='word_1_765' title='bbox 903 4959 1180 5028; x_wconf 72' lang='lat' dir='ltr'><strong>cmpisset.</strong></span> <span class='ocrx_word' id='word_1_766' title='bbox 1218 4975 1236 5008; x_wconf 74' lang='grc' dir='ltr'><strong>ι</strong></span> <span class='ocrx_word' id='word_1_767' title='bbox 1261 4956 1393 5011; x_wconf 88' lang='lat' dir='ltr'><strong>lliuc</strong></span> <span class='ocrx_word' id='word_1_768' title='bbox 1438 4956 1578 5011; x_wconf 78' lang='lat' dir='ltr'><strong>idem</strong></span> <span class='ocrx_word' id='word_1_769' title='bbox 1628 4967 1782 5012; x_wconf 90' lang='lat' dir='ltr'><strong>acute</strong></span> <span class='ocrx_word' id='word_1_770' title='bbox 1824 4959 1959 5012; x_wconf 86' lang='lat' dir='ltr'><strong>scri-</strong></span> 
     </span>
    </p>
   </div>
   <div class='ocr_carea' id='block_1_97' title="bbox 382 5045 1961 5117">
    <p class='ocr_par' dir='ltr' id='par_1_97' title="bbox 382 5045 1961 5117">
     <span class='ocr_line' id='line_1_97' title="bbox 382 5045 1961 5117; baseline -0.001 -16"><span class='ocrx_word' id='word_1_771' title='bbox 382 5045 461 5101; x_wconf 89' lang='lat' dir='ltr'><strong>bit</strong></span> <span class='ocrx_word' id='word_1_772' title='bbox 488 5045 582 5100; x_wconf 90' lang='lat' dir='ltr'><strong>lib.</strong></span> <span class='ocrx_word' id='word_1_773' title='bbox 608 5059 696 5098; x_wconf 76' lang='lat' dir='ltr'><strong>xrv</strong></span> <span class='ocrx_word' id='word_1_774' title='bbox 725 5046 962 5113; x_wconf 85' lang='lat' dir='ltr'><strong>ejusdem</strong></span> <span class='ocrx_word' id='word_1_775' title='bbox 990 5049 1192 5116; x_wconf 89' lang='lat' dir='ltr'><strong>operis,</strong></span> <span class='ocrx_word' id='word_1_776' title='bbox 1232 5062 1350 5117; x_wconf 90' lang='lat' dir='ltr'><strong>cap.</strong></span> <span class='ocrx_word' id='word_1_777' title='bbox 1372 5047 1442 5102; x_wconf 74' lang='grc'><strong>28</strong></span> <span class='ocrx_word' id='word_1_778' title='bbox 1475 5064 1489 5099; x_wconf 91' lang='lat'><strong>:</strong></span> <span class='ocrx_word' id='word_1_779' title='bbox 1531 5066 1549 5098; x_wconf 85' lang='grc' dir='ltr'><strong>ι</strong></span> <span class='ocrx_word' id='word_1_780' title='bbox 1573 5047 1834 5103; x_wconf 86' lang='lat' dir='ltr'><strong>Fecerunt</strong></span> <span class='ocrx_word' id='word_1_781' title='bbox 1866 5050 1961 5103; x_wconf 89' lang='lat' dir='ltr'><strong>ita-</strong></span> 
     </span>
    </p>
   </div>
   <div class='ocr_carea' id='block_1_98' title="bbox 381 5134 1962 5206">
    <p class='ocr_par' dir='ltr' id='par_1_98' title="bbox 381 5134 1962 5206">
     <span class='ocr_line' id='line_1_98' title="bbox 381 5134 1962 5206; baseline 0.002 -15"><span class='ocrx_word' id='word_1_782' title='bbox 381 5152 488 5206; x_wconf 89' lang='lat' dir='ltr'><strong>que</strong></span> <span class='ocrx_word' id='word_1_783' title='bbox 525 5134 770 5191; x_wconf 86' lang='lat' dir='ltr'><strong>civitates</strong></span> <span class='ocrx_word' id='word_1_784' title='bbox 830 5137 963 5190; x_wconf 86' lang='lat' dir='ltr'><strong>duas</strong></span> <span class='ocrx_word' id='word_1_785' title='bbox 1016 5153 1226 5192; x_wconf 89' lang='lat' dir='ltr'><strong>amores</strong></span> <span class='ocrx_word' id='word_1_786' title='bbox 1284 5138 1413 5205; x_wconf 89' lang='lat' dir='ltr'><strong>duo,</strong></span> <span class='ocrx_word' id='word_1_787' title='bbox 1446 5150 1710 5193; x_wconf 89' lang='lat' dir='ltr'><strong>terrenam</strong></span> <span class='ocrx_word' id='word_1_788' title='bbox 1758 5142 1962 5195; x_wconf 77' lang='lat' dir='ltr'><strong>scilicet</strong></span> 
     </span>
    </p>
   </div>
   <div class='ocr_carea' id='block_1_99' title="bbox 381 5226 1960 5295">
    <p class='ocr_par' dir='ltr' id='par_1_99' title="bbox 381 5226 1960 5295">
     <span class='ocr_line' id='line_1_99' title="bbox 381 5226 1960 5295; baseline -0.001 -10"><span class='ocrx_word' id='word_1_789' title='bbox 381 5245 534 5285; x_wconf 86' lang='lat' dir='ltr'><strong>amor</strong></span> <span class='ocrx_word' id='word_1_790' title='bbox 563 5226 648 5281; x_wconf 87' lang='lat' dir='ltr'><strong>sui</strong></span> <span class='ocrx_word' id='word_1_791' title='bbox 666 5238 835 5295; x_wconf 79' lang='lat' dir='ltr'><strong>uSque</strong></span> <span class='ocrx_word' id='word_1_792' title='bbox 855 5228 921 5280; x_wconf 91' lang='lat' dir='ltr'><strong>ad</strong></span> <span class='ocrx_word' id='word_1_793' title='bbox 946 5236 1310 5295; x_wconf 87' lang='lat' dir='ltr'><strong>contemptum</strong></span> <span class='ocrx_word' id='word_1_794' title='bbox 1357 5229 1485 5294; x_wconf 89' lang='lat' dir='ltr'><strong>Dei;</strong></span> <span class='ocrx_word' id='word_1_795' title='bbox 1509 5231 1782 5284; x_wconf 73' lang='lat' dir='ltr'><strong>caelestem</strong></span> <span class='ocrx_word' id='word_1_796' title='bbox 1834 5246 1960 5285; x_wconf 83' lang='lat' dir='ltr'><strong>vero</strong></span> 
     </span>
    </p>
   </div>
   <div class='ocr_carea' id='block_1_100' title="bbox 380 5317 1954 5389">
    <p class='ocr_par' dir='ltr' id='par_1_100' title="bbox 380 5317 1954 5389">
     <span class='ocr_line' id='line_1_100' title="bbox 380 5317 1954 5389; baseline -0.001 -14"><span class='ocrx_word' id='word_1_797' title='bbox 380 5336 533 5377; x_wconf 87' lang='lat' dir='ltr'><strong>amor</strong></span> <span class='ocrx_word' id='word_1_798' title='bbox 565 5318 659 5374; x_wconf 88' lang='lat' dir='ltr'><strong>Dei</strong></span> <span class='ocrx_word' id='word_1_799' title='bbox 688 5331 854 5387; x_wconf 89' lang='lat' dir='ltr'><strong>usque</strong></span> <span class='ocrx_word' id='word_1_800' title='bbox 880 5317 946 5371; x_wconf 84' lang='lat' dir='ltr'><strong>ad</strong></span> <span class='ocrx_word' id='word_1_801' title='bbox 976 5328 1340 5388; x_wconf 85' lang='lat' dir='ltr'><strong>contemptum</strong></span> <span class='ocrx_word' id='word_1_802' title='bbox 1366 5320 1469 5373; x_wconf 92' lang='lat' dir='ltr'><strong>sui.</strong></span> <span class='ocrx_word' id='word_1_803' title='bbox 1501 5319 1740 5389; x_wconf 87' lang='lat' dir='ltr'><strong>Denique</strong></span> <span class='ocrx_word' id='word_1_804' title='bbox 1774 5322 1860 5374; x_wconf 88' lang='lat' dir='ltr'><strong>illa</strong></span> <span class='ocrx_word' id='word_1_805' title='bbox 1903 5320 1954 5375; x_wconf 90' lang='lat' dir='ltr'><strong>iu</strong></span> 
     </span>
    </p>
   </div>
   <div class='ocr_carea' id='block_1_101' title="bbox 376 5408 1956 5478">
    <p class='ocr_par' dir='ltr' id='par_1_101' title="bbox 376 5408 1956 5478">
     <span class='ocr_line' id='line_1_101' title="bbox 376 5408 1956 5478; baseline 0.002 -15"><span class='ocrx_word' id='word_1_806' title='bbox 376 5412 571 5474; x_wconf 79' lang='lat' dir='ltr'><strong>seipsa,</strong></span> <span class='ocrx_word' id='word_1_807' title='bbox 620 5410 734 5465; x_wconf 69' lang='lat' dir='ltr'><strong>bzec</strong></span> <span class='ocrx_word' id='word_1_808' title='bbox 766 5409 821 5463; x_wconf 91' lang='lat' dir='ltr'><strong>in</strong></span> <span class='ocrx_word' id='word_1_809' title='bbox 864 5408 1093 5462; x_wconf 88' lang='lat' dir='ltr'><strong>Domino</strong></span> <span class='ocrx_word' id='word_1_810' title='bbox 1138 5409 1425 5477; x_wconf 88' lang='lat' dir='ltr'><strong>gloriatur,</strong></span> <span class='ocrx_word' id='word_1_811' title='bbox 1468 5428 1483 5459; x_wconf 74' lang='grc' dir='ltr'><strong>ι</strong></span> <span class='ocrx_word' id='word_1_812' title='bbox 1516 5420 1620 5464; x_wconf 93' lang='lat' dir='ltr'><strong>etc.</strong></span> <span class='ocrx_word' id='word_1_813' title='bbox 1662 5414 1841 5478; x_wconf 86' lang='lat' dir='ltr'><strong>Quare</strong></span> <span class='ocrx_word' id='word_1_814' title='bbox 1889 5415 1956 5466; x_wconf 92' lang='lat' dir='ltr'><strong>ab</strong></span> 
     </span>
    </p>
   </div>
   <div class='ocr_carea' id='block_1_102' title="bbox 377 5499 1958 5569">
    <p class='ocr_par' dir='ltr' id='par_1_102' title="bbox 377 5499 1958 5569">
     <span class='ocr_line' id='line_1_102' title="bbox 377 5499 1958 5569; baseline 0.001 -17"><span class='ocrx_word' id='word_1_815' title='bbox 377 5514 559 5555; x_wconf 79' lang='lat' dir='ltr'><strong>amore</strong></span> <span class='ocrx_word' id='word_1_816' title='bbox 584 5502 665 5554; x_wconf 88' lang='lat' dir='ltr'><strong>sui</strong></span> <span class='ocrx_word' id='word_1_817' title='bbox 698 5501 907 5555; x_wconf 88' lang='lat' dir='ltr'><strong>initium</strong></span> <span class='ocrx_word' id='word_1_818' title='bbox 933 5499 1184 5569; x_wconf 88' lang='lat' dir='ltr'><strong>superbia</strong></span> <span class='ocrx_word' id='word_1_819' title='bbox 1212 5500 1392 5567; x_wconf 89' lang='lat' dir='ltr'><strong>sumit,</strong></span> <span class='ocrx_word' id='word_1_820' title='bbox 1417 5514 1535 5569; x_wconf 71' lang='lat' dir='ltr'><strong>qua:</strong></span> <span class='ocrx_word' id='word_1_821' title='bbox 1564 5503 1816 5555; x_wconf 88' lang='lat' dir='ltr'><strong>virtutum</strong></span> <span class='ocrx_word' id='word_1_822' title='bbox 1844 5518 1958 5554; x_wconf 83' lang='lat' dir='ltr'><strong>om-</strong></span> 
     </span>
    </p>
   </div>
   <div class='ocr_carea' id='block_1_103' title="bbox 376 5588 1956 5661">
    <p class='ocr_par' dir='ltr' id='par_1_103' title="bbox 376 5588 1956 5661">
     <span class='ocr_line' id='line_1_103' title="bbox 376 5588 1956 5661; baseline 0.004 -20"><span class='ocrx_word' id='word_1_823' title='bbox 376 5588 523 5641; x_wconf 85' lang='lat' dir='ltr'><strong>nium</strong></span> <span class='ocrx_word' id='word_1_824' title='bbox 554 5605 814 5647; x_wconf 83' lang='lat' dir='ltr'><strong>venenum</strong></span> <span class='ocrx_word' id='word_1_825' title='bbox 842 5603 946 5660; x_wconf 83' lang='lat' dir='ltr'><strong>est,</strong></span> <span class='ocrx_word' id='word_1_826' title='bbox 970 5592 1139 5647; x_wconf 90' lang='lat' dir='ltr'><strong>solius</strong></span> <span class='ocrx_word' id='word_1_827' title='bbox 1167 5593 1362 5646; x_wconf 74' lang='lat' dir='ltr'><strong>divin-.2</strong></span> <span class='ocrx_word' id='word_1_828' title='bbox 1390 5592 1574 5661; x_wconf 67' lang='lat' dir='ltr'><strong>gratiae</strong></span> <span class='ocrx_word' id='word_1_829' title='bbox 1600 5594 1839 5647; x_wconf 82' lang='lat' dir='ltr'><strong>antidoto</strong></span> <span class='ocrx_word' id='word_1_830' title='bbox 1862 5609 1956 5647; x_wconf 75' lang='lat' dir='ltr'><strong>ex-</strong></span> 
     </span>
    </p>
   </div>
   <div class='ocr_carea' id='block_1_104' title="bbox 376 5673 1953 5754">
    <p class='ocr_par' dir='ltr' id='par_1_104' title="bbox 376 5673 1953 5754">
     <span class='ocr_line' id='line_1_104' title="bbox 376 5673 1953 5754; baseline 0.01 -31"><span class='ocrx_word' id='word_1_831' title='bbox 376 5673 703 5745; x_wconf 45' lang='lat' dir='ltr'><strong>pellendum.</strong></span> <span class='ocrx_word' id='word_1_832' title='bbox 738 5683 859 5738; x_wconf 64' lang='lat' dir='ltr'><strong>llaec</strong></span> <span class='ocrx_word' id='word_1_833' title='bbox 880 5695 1059 5738; x_wconf 90' lang='lat' dir='ltr'><strong>autem</strong></span> <span class='ocrx_word' id='word_1_834' title='bbox 1085 5684 1258 5739; x_wconf 85' lang='lat' dir='ltr'><strong>valide</strong></span> <span class='ocrx_word' id='word_1_835' title='bbox 1281 5685 1508 5754; x_wconf 85' lang='lat' dir='ltr'><strong>probant</strong></span> <span class='ocrx_word' id='word_1_836' title='bbox 1528 5686 1772 5741; x_wconf 88' lang='lat' dir='ltr'><strong>virtutem</strong></span> <span class='ocrx_word' id='word_1_837' title='bbox 1796 5686 1953 5741; x_wconf 82' lang='lat' dir='ltr'><strong>etiam</strong></span> 
     </span>
    </p>
   </div>
   <div class='ocr_carea' id='block_1_105' title="bbox 2068 4600 3659 4666">
    <p class='ocr_par' dir='ltr' id='par_1_105' title="bbox 2068 4600 3659 4666">
     <span class='ocr_line' id='line_1_105' title="bbox 2068 4600 3659 4666; baseline 0 -12"><span class='ocrx_word' id='word_1_838' title='bbox 2068 4601 2133 4655; x_wconf 89' lang='lat' dir='ltr'><strong>ad</strong></span> <span class='ocrx_word' id='word_1_839' title='bbox 2167 4602 2461 4666; x_wconf 86' lang='lat' dir='ltr'><strong>lenitatem;</strong></span> <span class='ocrx_word' id='word_1_840' title='bbox 2491 4600 2593 4656; x_wconf 91' lang='lat' dir='ltr'><strong>hoc</strong></span> <span class='ocrx_word' id='word_1_841' title='bbox 2619 4610 2703 4655; x_wconf 90' lang='lat' dir='ltr'><strong>est</strong></span> <span class='ocrx_word' id='word_1_842' title='bbox 2729 4601 2795 4655; x_wconf 90' lang='lat' dir='ltr'><strong>de</strong></span> <span class='ocrx_word' id='word_1_843' title='bbox 2826 4600 3343 4656; x_wconf 73' lang='lat' dir='ltr'><strong>viiluntatelzedendi</strong></span> <span class='ocrx_word' id='word_1_844' title='bbox 3370 4600 3435 4654; x_wconf 87' lang='lat' dir='ltr'><strong>ad</strong></span> <span class='ocrx_word' id='word_1_845' title='bbox 3465 4601 3659 4654; x_wconf 81' lang='lat' dir='ltr'><strong>volun-</strong></span> 
     </span>
    </p>
   </div>
   <div class='ocr_carea' id='block_1_106' title="bbox 2066 4690 3656 4761">
    <p class='ocr_par' dir='ltr' id='par_1_106' title="bbox 2066 4690 3656 4761">
     <span class='ocr_line' id='line_1_106' title="bbox 2066 4690 3656 4761; baseline -0.002 -17"><span class='ocrx_word' id='word_1_846' title='bbox 2066 4700 2228 4746; x_wconf 90' lang='lat' dir='ltr'><strong>tatem</strong></span> <span class='ocrx_word' id='word_1_847' title='bbox 2258 4692 2485 4745; x_wconf 84' lang='lat' dir='ltr'><strong>favendi.</strong></span> <span class='ocrx_word' id='word_1_848' title='bbox 2518 4709 2536 4742; x_wconf 75' lang='grc' dir='ltr'><strong>ι</strong></span> <span class='ocrx_word' id='word_1_849' title='bbox 2568 4692 2713 4745; x_wconf 92' lang='lat' dir='ltr'><strong>Idem</strong></span> <span class='ocrx_word' id='word_1_850' title='bbox 2742 4691 2938 4761; x_wconf 88' lang='lat' dir='ltr'><strong>repetit</strong></span> <span class='ocrx_word' id='word_1_851' title='bbox 2986 4691 3079 4745; x_wconf 91' lang='lat' dir='ltr'><strong>lib.</strong></span> <span class='ocrx_word' id='word_1_852' title='bbox 3112 4692 3177 4747; x_wconf 93' lang='lat' dir='ltr'><strong>de</strong></span> <span class='ocrx_word' id='word_1_853' title='bbox 3207 4691 3385 4747; x_wconf 87' lang='lat' dir='ltr'><strong>Gratia</strong></span> <span class='ocrx_word' id='word_1_854' title='bbox 3429 4690 3656 4756; x_wconf 86' lang='lat' dir='ltr'><strong>Christi,</strong></span> 
     </span>
    </p>
   </div>
   <div class='ocr_carea' id='block_1_107' title="bbox 2065 4780 3659 4849">
    <p class='ocr_par' dir='ltr' id='par_1_107' title="bbox 2065 4780 3659 4849">
     <span class='ocr_line' id='line_1_107' title="bbox 2065 4780 3659 4849; baseline -0.001 -13"><span class='ocrx_word' id='word_1_855' title='bbox 2065 4797 2185 4848; x_wconf 91' lang='lat' dir='ltr'><strong>cap.</strong></span> <span class='ocrx_word' id='word_1_856' title='bbox 2219 4780 2310 4836; x_wconf 73' lang='grc'><strong>24.</strong></span> <span class='ocrx_word' id='word_1_857' title='bbox 2343 4782 2603 4836; x_wconf 62' lang='lat' dir='ltr'><strong>Praeterea</strong></span> <span class='ocrx_word' id='word_1_858' title='bbox 2626 4782 2783 4849; x_wconf 89' lang='lat' dir='ltr'><strong>epist.</strong></span> <span class='ocrx_word' id='word_1_859' title='bbox 2818 4781 2915 4836; x_wconf 77' lang='grc'><strong>150</strong></span> <span class='ocrx_word' id='word_1_860' title='bbox 2938 4782 3316 4836; x_wconf 86' lang='lat' dir='ltr'><strong>continentiam</strong></span> <span class='ocrx_word' id='word_1_861' title='bbox 3348 4782 3659 4837; x_wconf 85' lang='lat' dir='ltr'><strong>Polemonis</strong></span> 
     </span>
    </p>
   </div>
   <div class='ocr_carea' id='block_1_108' title="bbox 2066 4870 3663 4941">
    <p class='ocr_par' dir='ltr' id='par_1_108' title="bbox 2066 4870 3663 4941">
     <span class='ocr_line' id='line_1_108' title="bbox 2066 4870 3663 4941; baseline -0.001 -17"><span class='ocrx_word' id='word_1_862' title='bbox 2066 4870 2370 4940; x_wconf 79' lang='lat' dir='ltr'><strong>pltilOSOphi</strong></span> <span class='ocrx_word' id='word_1_863' title='bbox 2402 4873 2599 4926; x_wconf 84' lang='lat' dir='ltr'><strong>divinae</strong></span> <span class='ocrx_word' id='word_1_864' title='bbox 2631 4875 2816 4941; x_wconf 76' lang='lat' dir='ltr'><strong>gratia:</strong></span> <span class='ocrx_word' id='word_1_865' title='bbox 2858 4872 3212 4941; x_wconf 86' lang='lat' dir='ltr'><strong>deputandam</strong></span> <span class='ocrx_word' id='word_1_866' title='bbox 3249 4872 3431 4927; x_wconf 89' lang='lat' dir='ltr'><strong>scribit</strong></span> <span class='ocrx_word' id='word_1_867' title='bbox 3454 4888 3470 4924; x_wconf 93' lang='lat'><strong>:</strong></span> <span class='ocrx_word' id='word_1_868' title='bbox 3493 4888 3512 4920; x_wconf 73' lang='grc' dir='ltr'><strong>ι</strong></span> <span class='ocrx_word' id='word_1_869' title='bbox 3548 4870 3663 4925; x_wconf 86' lang='lat' dir='ltr'><strong>Ta-</strong></span> 
     </span>
    </p>
   </div>
   <div class='ocr_carea' id='block_1_109' title="bbox 2065 4960 3655 5031">
    <p class='ocr_par' dir='ltr' id='par_1_109' title="bbox 2065 4960 3655 5031">
     <span class='ocr_line' id='line_1_109' title="bbox 2065 4960 3655 5031; baseline 0 -16"><span class='ocrx_word' id='word_1_870' title='bbox 2065 4960 2318 5026; x_wconf 90' lang='lat' dir='ltr'><strong>men,ait,</strong></span> <span class='ocrx_word' id='word_1_871' title='bbox 2334 4978 2399 5015; x_wconf 91' lang='lat' dir='ltr'><strong>ne</strong></span> <span class='ocrx_word' id='word_1_872' title='bbox 2422 4963 2651 5031; x_wconf 89' lang='lat' dir='ltr'><strong>idipsum</strong></span> <span class='ocrx_word' id='word_1_873' title='bbox 2673 4962 2908 5031; x_wconf 88' lang='lat' dir='ltr'><strong>quidem,</strong></span> <span class='ocrx_word' id='word_1_874' title='bbox 2924 4962 3065 5030; x_wconf 89' lang='lat' dir='ltr'><strong>quod</strong></span> <span class='ocrx_word' id='word_1_875' title='bbox 3084 4962 3272 5016; x_wconf 88' lang='lat' dir='ltr'><strong>melius</strong></span> <span class='ocrx_word' id='word_1_876' title='bbox 3293 4962 3345 5016; x_wconf 92' lang='lat' dir='ltr'><strong>in</strong></span> <span class='ocrx_word' id='word_1_877' title='bbox 3371 4976 3437 5016; x_wconf 92' lang='lat' dir='ltr'><strong>eo</strong></span> <span class='ocrx_word' id='word_1_878' title='bbox 3450 4961 3655 5015; x_wconf 81' lang='lat' dir='ltr'><strong>factum</strong></span> 
     </span>
    </p>
   </div>
   <div class='ocr_carea' id='block_1_110' title="bbox 2065 5052 3656 5122">
    <p class='ocr_par' dir='ltr' id='par_1_110' title="bbox 2065 5052 3656 5122">
     <span class='ocr_line' id='line_1_110' title="bbox 2065 5052 3656 5122; baseline -0.001 -16"><span class='ocrx_word' id='word_1_879' title='bbox 2065 5061 2169 5119; x_wconf 88' lang='lat' dir='ltr'><strong>est,</strong></span> <span class='ocrx_word' id='word_1_880' title='bbox 2214 5052 2446 5107; x_wconf 91' lang='lat' dir='ltr'><strong>humano</strong></span> <span class='ocrx_word' id='word_1_881' title='bbox 2474 5054 2619 5122; x_wconf 88' lang='lat' dir='ltr'><strong>operi</strong></span> <span class='ocrx_word' id='word_1_882' title='bbox 2663 5054 2959 5116; x_wconf 90' lang='lat' dir='ltr'><strong>tribuerim,</strong></span> <span class='ocrx_word' id='word_1_883' title='bbox 2995 5052 3089 5106; x_wconf 88' lang='lat' dir='ltr'><strong>sed</strong></span> <span class='ocrx_word' id='word_1_884' title='bbox 3127 5052 3331 5107; x_wconf 89' lang='lat' dir='ltr'><strong>divino.</strong></span> <span class='ocrx_word' id='word_1_885' title='bbox 3369 5072 3387 5104; x_wconf 76' lang='grc' dir='ltr'><strong>ι</strong></span> <span class='ocrx_word' id='word_1_886' title='bbox 3428 5052 3538 5106; x_wconf 86' lang='lat' dir='ltr'><strong>lloc</strong></span> <span class='ocrx_word' id='word_1_887' title='bbox 3568 5063 3656 5105; x_wconf 86' lang='lat' dir='ltr'><strong>ta-</strong></span> 
     </span>
    </p>
   </div>
   <div class='ocr_carea' id='block_1_111' title="bbox 2064 5140 3657 5215">
    <p class='ocr_par' dir='ltr' id='par_1_111' title="bbox 2064 5140 3657 5215">
     <span class='ocr_line' id='line_1_111' title="bbox 2064 5140 3657 5215; baseline 0.001 -21"><span class='ocrx_word' id='word_1_888' title='bbox 2064 5156 2280 5215; x_wconf 81' lang='lat' dir='ltr'><strong>menex</strong></span> <span class='ocrx_word' id='word_1_889' title='bbox 2311 5143 2605 5210; x_wconf 81' lang='lat' dir='ltr'><strong>Augustino</strong></span> <span class='ocrx_word' id='word_1_890' title='bbox 2635 5140 3025 5194; x_wconf 86' lang='lat' dir='ltr'><strong>observandum</strong></span> <span class='ocrx_word' id='word_1_891' title='bbox 3051 5152 3159 5207; x_wconf 71' lang='grc' dir='ltr'><strong>εει,</strong></span> <span class='ocrx_word' id='word_1_892' title='bbox 3186 5152 3335 5196; x_wconf 90' lang='lat' dir='ltr'><strong>actus</strong></span> <span class='ocrx_word' id='word_1_893' title='bbox 3365 5142 3533 5195; x_wconf 90' lang='lat' dir='ltr'><strong>bonos</strong></span> <span class='ocrx_word' id='word_1_894' title='bbox 3569 5143 3657 5195; x_wconf 77' lang='lat' dir='ltr'><strong>iu-</strong></span> 
     </span>
    </p>
   </div>
   <div class='ocr_carea' id='block_1_112' title="bbox 2064 5231 3655 5301">
    <p class='ocr_par' dir='ltr' id='par_1_112' title="bbox 2064 5231 3655 5301">
     <span class='ocr_line' id='line_1_112' title="bbox 2064 5231 3655 5301; baseline 0.003 -17"><span class='ocrx_word' id='word_1_895' title='bbox 2064 5231 2293 5286; x_wconf 89' lang='lat' dir='ltr'><strong>lidelium</strong></span> <span class='ocrx_word' id='word_1_896' title='bbox 2317 5246 2383 5285; x_wconf 88' lang='lat' dir='ltr'><strong>ex</strong></span> <span class='ocrx_word' id='word_1_897' title='bbox 2408 5232 2584 5284; x_wconf 90' lang='lat' dir='ltr'><strong>divina</strong></span> <span class='ocrx_word' id='word_1_898' title='bbox 2608 5234 2776 5299; x_wconf 87' lang='lat' dir='ltr'><strong>gratia</strong></span> <span class='ocrx_word' id='word_1_899' title='bbox 2803 5231 3070 5288; x_wconf 89' lang='lat' dir='ltr'><strong>derivatos</strong></span> <span class='ocrx_word' id='word_1_900' title='bbox 3093 5249 3157 5287; x_wconf 88' lang='lat' dir='ltr'><strong>ex</strong></span> <span class='ocrx_word' id='word_1_901' title='bbox 3179 5235 3459 5287; x_wconf 90' lang='lat' dir='ltr'><strong>subsecuta</strong></span> <span class='ocrx_word' id='word_1_902' title='bbox 3486 5247 3655 5301; x_wconf 84' lang='lat' dir='ltr'><strong>prava</strong></span> 
     </span>
    </p>
   </div>
   <div class='ocr_carea' id='block_1_113' title="bbox 2059 5325 3657 5394">
    <p class='ocr_par' dir='ltr' id='par_1_113' title="bbox 2059 5325 3657 5394">
     <span class='ocr_line' id='line_1_113' title="bbox 2059 5325 3657 5394; baseline 0.001 -18"><span class='ocrx_word' id='word_1_903' title='bbox 2059 5340 2282 5393; x_wconf 90' lang='lat' dir='ltr'><strong>operum</strong></span> <span class='ocrx_word' id='word_1_904' title='bbox 2309 5325 2705 5380; x_wconf 85' lang='lat' dir='ltr'><strong>circumstantia</strong></span> <span class='ocrx_word' id='word_1_905' title='bbox 2755 5333 2812 5379; x_wconf 91' lang='lat' dir='ltr'><strong>ut</strong></span> <span class='ocrx_word' id='word_1_906' title='bbox 2857 5326 3137 5394; x_wconf 89' lang='lat' dir='ltr'><strong>plurimum</strong></span> <span class='ocrx_word' id='word_1_907' title='bbox 3168 5326 3339 5380; x_wconf 85' lang='lat' dir='ltr'><strong>vitiari</strong></span> <span class='ocrx_word' id='word_1_908' title='bbox 3392 5341 3454 5380; x_wconf 90' lang='lat' dir='ltr'><strong>ac</strong></span> <span class='ocrx_word' id='word_1_909' title='bbox 3491 5327 3657 5379; x_wconf 81' lang='lat' dir='ltr'><strong>amit-</strong></span> 
     </span>
    </p>
   </div>
   <div class='ocr_carea' id='block_1_114' title="bbox 2060 5413 3646 5484">
    <p class='ocr_par' dir='ltr' id='par_1_114' title="bbox 2060 5413 3646 5484">
     <span class='ocr_line' id='line_1_114' title="bbox 2060 5413 3646 5484; baseline 0.001 -17"><span class='ocrx_word' id='word_1_910' title='bbox 2060 5423 2173 5468; x_wconf 90' lang='lat' dir='ltr'><strong>tere</strong></span> <span class='ocrx_word' id='word_1_911' title='bbox 2198 5413 2489 5467; x_wconf 88' lang='lat' dir='ltr'><strong>bonitatem</strong></span> <span class='ocrx_word' id='word_1_912' title='bbox 2519 5430 2676 5481; x_wconf 90' lang='lat' dir='ltr'><strong>quam</strong></span> <span class='ocrx_word' id='word_1_913' title='bbox 2720 5416 2773 5468; x_wconf 89' lang='lat' dir='ltr'><strong>itt</strong></span> <span class='ocrx_word' id='word_1_914' title='bbox 2804 5430 2898 5468; x_wconf 90' lang='lat' dir='ltr'><strong>sua</strong></span> <span class='ocrx_word' id='word_1_915' title='bbox 2930 5416 3166 5482; x_wconf 90' lang='lat' dir='ltr'><strong>ipsorum</strong></span> <span class='ocrx_word' id='word_1_916' title='bbox 3200 5415 3549 5484; x_wconf 88' lang='lat' dir='ltr'><strong>productione</strong></span> <span class='ocrx_word' id='word_1_917' title='bbox 3575 5430 3646 5469; x_wconf 86' lang='lat' dir='ltr'><strong>ex</strong></span> 
     </span>
    </p>
   </div>
   <div class='ocr_carea' id='block_1_115' title="bbox 2066 5502 3647 5573">
    <p class='ocr_par' dir='ltr' id='par_1_115' title="bbox 2066 5502 3647 5573">
     <span class='ocr_line' id='line_1_115' title="bbox 2066 5502 3647 5573; baseline 0 -18"><span class='ocrx_word' id='word_1_918' title='bbox 2066 5503 2397 5556; x_wconf 88' lang='lat' dir='ltr'><strong>Dei.munere</strong></span> <span class='ocrx_word' id='word_1_919' title='bbox 2424 5502 2706 5557; x_wconf 90' lang='lat' dir='ltr'><strong>habebant.</strong></span> <span class='ocrx_word' id='word_1_920' title='bbox 2738 5504 2848 5557; x_wconf 93' lang='lat' dir='ltr'><strong>IIoc</strong></span> <span class='ocrx_word' id='word_1_921' title='bbox 2875 5503 3082 5557; x_wconf 90' lang='lat' dir='ltr'><strong>deduco</strong></span> <span class='ocrx_word' id='word_1_922' title='bbox 3110 5519 3177 5559; x_wconf 79' lang='lat' dir='ltr'><strong>ex</strong></span> <span class='ocrx_word' id='word_1_923' title='bbox 3224 5504 3519 5573; x_wconf 83' lang='lat' dir='ltr'><strong>Augustino</strong></span> <span class='ocrx_word' id='word_1_924' title='bbox 3548 5504 3647 5557; x_wconf 91' lang='lat' dir='ltr'><strong>lib.</strong></span> 
     </span>
    </p>
   </div>
   <div class='ocr_carea' id='block_1_116' title="bbox 2062 5594 3660 5667">
    <p class='ocr_par' dir='ltr' id='par_1_116' title="bbox 2062 5594 3660 5667">
     <span class='ocr_line' id='line_1_116' title="bbox 2062 5594 3660 5667; baseline 0.004 -21"><span class='ocrx_word' id='word_1_925' title='bbox 2062 5610 2111 5647; x_wconf 89' lang='lat' dir='ltr'><strong>tv</strong></span> <span class='ocrx_word' id='word_1_926' title='bbox 2143 5603 2325 5648; x_wconf 89' lang='lat' dir='ltr'><strong>contra</strong></span> <span class='ocrx_word' id='word_1_927' title='bbox 2352 5594 2639 5663; x_wconf 74' lang='lat' dir='ltr'><strong>Iulianum,</strong></span> <span class='ocrx_word' id='word_1_928' title='bbox 2668 5612 2784 5664; x_wconf 91' lang='lat' dir='ltr'><strong>cap.</strong></span> <span class='ocrx_word' id='word_1_929' title='bbox 2809 5599 2861 5661; x_wconf 80' lang='lat'><strong>5,</strong></span> <span class='ocrx_word' id='word_1_930' title='bbox 2893 5600 3006 5652; x_wconf 71' lang='lat' dir='ltr'><strong>lure</strong></span> <span class='ocrx_word' id='word_1_931' title='bbox 3034 5596 3338 5651; x_wconf 85' lang='lat' dir='ltr'><strong>scribente:</strong></span> <span class='ocrx_word' id='word_1_932' title='bbox 3370 5618 3388 5650; x_wconf 85' lang='grc' dir='ltr'><strong>ι</strong></span> <span class='ocrx_word' id='word_1_933' title='bbox 3422 5598 3499 5651; x_wconf 81' lang='lat' dir='ltr'><strong>Ex</strong></span> <span class='ocrx_word' id='word_1_934' title='bbox 3540 5614 3660 5667; x_wconf 88' lang='lat' dir='ltr'><strong>quo</strong></span> 
     </span>
    </p>
   </div>
   <div class='ocr_carea' id='block_1_117' title="bbox 2060 5684 3655 5757">
    <p class='ocr_par' dir='ltr' id='par_1_117' title="bbox 2060 5684 3655 5757">
     <span class='ocr_line' id='line_1_117' title="bbox 2060 5684 3655 5757; baseline 0.003 -18"><span class='ocrx_word' id='word_1_935' title='bbox 2060 5684 2344 5754; x_wconf 80' lang='lat' dir='ltr'><strong>colligitur,</strong></span> <span class='ocrx_word' id='word_1_936' title='bbox 2371 5686 2527 5741; x_wconf 77' lang='lat' dir='ltr'><strong>etiam</strong></span> <span class='ocrx_word' id='word_1_937' title='bbox 2559 5688 2669 5757; x_wconf 78' lang='lat' dir='ltr'><strong>ipsa</strong></span> <span class='ocrx_word' id='word_1_938' title='bbox 2715 5690 2849 5743; x_wconf 73' lang='lat' dir='ltr'><strong>bozia</strong></span> <span class='ocrx_word' id='word_1_939' title='bbox 2877 5704 3034 5756; x_wconf 87' lang='lat' dir='ltr'><strong>opera</strong></span> <span class='ocrx_word' id='word_1_940' title='bbox 3062 5704 3179 5757; x_wconf 71' lang='lat' dir='ltr'><strong>qua:</strong></span> <span class='ocrx_word' id='word_1_941' title='bbox 3216 5688 3415 5742; x_wconf 80' lang='lat' dir='ltr'><strong>faciunt</strong></span> <span class='ocrx_word' id='word_1_942' title='bbox 3449 5688 3655 5744; x_wconf 76' lang='lat' dir='ltr'><strong>inﬁde-</strong></span> 
     </span>
    </p>
   </div>
  </div>
