3892 6302
223 339 332 397 6.25

1403 351 1718 406 \‘lNDlCle
1760 351 2318 413 AUGUSTINIANJE.‘

3391 371 3494 425 6‘26

219 456 297 510 les
322 468 426 508 non
451 455 683 525 ipsorum
702 472 842 523 esse,
870 459 960 514 sed
993 461 1133 515 illius
1154 464 1242 531 qui
1274 465 1406 519 bene
1431 467 1596 520 utitur
1619 467 1802 532 malis;
1839 471 1882 527 A
1916 479 2014 532 ter,
2047 472 2200 538 eique
2249 471 2540 536 impensius
2571 473 2802 541 studeat,
2830 489 2880 527 v.
2910 490 2985 544 g.,
3019 480 3282 544 pudicitia:
3309 483 3496 550 eonju-

217 546 457 612 ipsorum
489 556 669 602 autem
698 563 818 604 esse
847 562 1084 618 peccata,
1109 556 1298 622 quibus
1318 565 1370 608 et
1400 572 1531 609 noua
1564 573 1706 610 mne
1733 558 1808 610 ta-

216 635 386 698 ciunt,
419 637 539 704 quia
570 652 632 690 ea
665 654 770 693 non
803 639 966 707 ﬁdeli,
999 645 1091 697 sed
1123 646 1346 709 inﬁdeli,
1384 646 1485 699 hoc
1513 656 1614 713 est,
1646 648 1804 700 stulta

212 734 266 775 et
293 724 452 778 noxia
478 725 678 781 faciunt
697 729 990 785 voluntate.
1015 733 1198 799 Qualis
1223 735 1467 788 voluntas
1495 737 1639 789 nullo
1662 737 1804 789 chri-

216 813 393 866 stiano
424 815 699 871 dubitante
723 819 882 872 arbor
909 830 991 875 est
1022 824 1180 886 mala,
1204 839 1322 892 qua:
1353 823 1526 878 facere
1564 842 1669 878 non
1710 842 1805 894 po-

209 913 311 957 test
355 906 456 959 nisi
505 908 706 963 fructus
736 912 928 976 malos,
973 913 1023 966 id
1065 923 1151 968 est
1189 916 1304 969 sola
1348 925 1564 985 peccata
1597 934 1609 969 :
1642 917 1804 969 Omne

204 998 367 1062 enim,
397 1000 529 1054 velis
561 1001 718 1068 nolis,
743 1006 878 1070 quod
906 1022 1009 1059 non
1035 1016 1104 1060 est
1132 1024 1196 1060 ex
1218 1008 1320 1075 ﬁde
1349 1019 1611 1078 peccatum
1642 1019 1737 1063 est.
1779 1030 1794 1060 ι

209 1089 337 1142 Vult
367 1091 508 1145 enim
537 1094 880 1162 Augustinus,
910 1098 1236 1152 voluntatem
1271 1101 1379 1153 sola
1414 1101 1520 1155 tide
1549 1101 1705 1171 dirigi
1734 1102 1798 1154 ad

201 1178 507 1235 faciendum
537 1197 673 1251 opus
713 1198 833 1239 cum
874 1185 1053 1241 debita
1086 1187 1486 1242 circumstantia
1527 1190 1800 1244 relationis

202 1265 255 1318 in
291 1267 458 1323 Deum
490 1270 734 1327 ultimum
773 1273 951 1329 ﬁnem.
987 1275 1121 1330 Hinc
1150 1279 1396 1346 superius
1430 1279 1622 1333 ib'dem
1651 1281 1797 1336 dixe-

207 1367 291 1410 rat
319 1375 335 1413 :
375 1377 393 1410 r
427 1359 559 1414 Cum
591 1377 696 1416 non
726 1363 791 1416 ad
834 1379 990 1418 suum
1033 1366 1338 1421 referuntur
1364 1377 1633 1422 auctorem
1659 1369 1794 1424 dona

197 1447 317 1514 Dei,
351 1448 454 1504 hoc
505 1451 622 1519 ipso
651 1455 776 1506 mali
822 1455 904 1508 his
945 1463 1155 1511 utentes
1182 1456 1484 1511 efﬁciuntur
1513 1458 1713 1526 injusti,
1749 1461 1792 1514 si

188 1554 331 1607 quas
360 1542 583 1596 virtutes
626 1542 844 1611 habent,
879 1560 1031 1600 veras
1080 1562 1185 1601 non
1219 1547 1436 1613 habent,
1468 1563 1531 1602 ac
1558 1565 1653 1618 per
1691 1551 1794 1606 hoc

193 1645 299 1683 nec
331 1631 680 1696 continentia,
704 1635 817 1689 sive
845 1636 1096 1702 pudicitia
1130 1653 1250 1690 vera
1284 1639 1452 1692 virtus
1474 1648 1557 1694 est
1598 1639 1789 1710 impio-

192 1732 342 1771 rum.
385 1737 404 1769 ο
436 1720 492 1773 In
525 1717 624 1775 hoc
651 1737 777 1775 vero
801 1725 977 1792 capite
1008 1725 1246 1780 defendit
1273 1737 1488 1780 sanctus
1516 1727 1703 1783 doctor
1723 1730 1791 1785 ab

1912 561 2033 627 gali,
2063 563 2179 614 sine
2209 563 2425 629 speciali
2463 562 2554 616 Dei
2599 564 2797 618 auxilio
2843 580 2948 618 non
2981 576 3152 634 potest
3178 583 3208 621 a
3239 571 3493 637 philautia

1913 656 1990 706 vel
2018 653 2158 704 inani
2187 653 2325 719 apud
2356 654 2488 708 alios
2520 656 2690 724 gloria
2722 668 3041 725 temperare.
3075 657 3225 714 Unde
3258 671 3399 714 recte
3421 663 3491 716 ob

1910 742 2044 796 hanc
2069 743 2327 797 rationem
2349 745 2484 799 dixit
2501 756 2716 802 sanctus
2739 748 2926 802 doctor
2949 748 3192 804 inﬁdeles
3212 766 3313 804 non
3335 766 3491 818 posse

1909 833 2105 887 habere
2134 849 2288 889 veras
2317 836 2562 900 virtutes,
2597 837 2682 891 illa
2716 841 2982 908 praecipue
3007 839 3246 908 Apostoli
3276 852 3492 896 senten-

1908 925 1975 979 tia
2003 934 2178 980 motus
2214 945 2225 980 :
2255 927 2417 982 Omne
2454 930 2592 998 quod
2622 948 2721 984 non
2753 941 2826 985 est
2857 949 2919 986 ex
2946 932 3050 1001 ﬁde
3090 944 3352 1003 peccatum
3393 942 3486 987 est.

1905 1015 2168 1071 Moraines
2195 1019 2383 1073 scribit
2425 1019 2538 1074 bzec
2567 1022 2732 1076 verba
2775 1023 2921 1076 Pauli
2960 1039 3221 1092 perperam
3267 1025 3332 1076 ab
3378 1024 3487 1077 An-

1902 1108 2114 1176 gustino
2147 1108 2415 1163 intellecta
2458 1110 2650 1176 fuisse;
2684 1124 2738 1168 at
2765 1114 2936 1168 sancti
2963 1114 3135 1169 Patris
3161 1115 3480 1181 interpreta-

1905 1200 2101 1253 tionem
2131 1201 2437 1268 apostolicze
2463 1203 2575 1256 sedi
2603 1213 2660 1258 et
2696 1204 2973 1257 catholica:
3009 1204 3258 1259 Ecclesia:
3289 1206 3483 1272 proba-

1904 1299 2008 1342 tam
2038 1288 2203 1344 fuisse
2232 1292 2509 1346 ostendam
2551 1293 2768 1348 interius
2794 1308 2910 1364 cap.
2934 1294 2986 1357 4,
3021 1293 3047 1364 §
3083 1294 3137 1349 5.
3172 1295 3302 1349 Hinc
3339 1295 3478 1349 idem

1903 1383 2242 1448 Augustinus,
2260 1383 2350 1436 lib.
2367 1383 2432 1436 de
2449 1385 2918 1440 Praedestinatione
2939 1396 3264 1450 sanctorum,
3279 1401 3396 1454 cap.
3424 1388 3479 1451 7,

1901 1475 2057 1527 tradit
2089 1474 2224 1527 bona
2247 1489 2406 1542 opera
2431 1476 2664 1531 Cornelii
2695 1478 2812 1531 Act.
2844 1495 2869 1530 x
2894 1494 2922 1530 a
2953 1478 3057 1532 ﬁde
3085 1478 3137 1530 in
3173 1478 3334 1532 Deum
3360 1491 3480 1544 pro-

1898 1568 2124 1621 cessisse
2157 1584 2170 1621 :
2206 1586 2223 1617 ι
2259 1567 2443 1636 Cujus,
2477 1571 2663 1639 inquit,
2688 1566 2921 1640 acceptae
2950 1580 3075 1624 sunt
3098 1570 3475 1640 eleemosyna‘,

1896 1671 1950 1714 et
1979 1660 2243 1714 exaudita:
2274 1661 2565 1728 orationes,
2595 1651 2878 1728 antequam
2901 1662 3211 1716 credidisset
3239 1661 3292 1714 in
3324 1659 3477 1715 Chri-

1897 1761 2058 1815 stum,
2092 1765 2192 1805 nec
2228 1760 2402 1805 tamen
2432 1751 2547 1806 sine
2577 1753 2750 1822 aliqua
2797 1752 2899 1808 ﬁde
2926 1752 3157 1806 donabat
3186 1761 3241 1805 et
3267 1751 3473 1804 orabat.

187 1808 425 1876 objectis
446 1811 639 1866 Juliani
669 1813 741 1881 id,
763 1816 900 1882 quod
931 1816 1221 1884 scripserat
1249 1819 1340 1872 lib.
1366 1835 1380 1872 ι
1411 1820 1478 1872 de
1507 1819 1714 1889 Nuptiis
1735 1839 1763 1875 e

1900 1839 2027 1893 Nam
2061 1840 2326 1906 quomodo
2359 1841 2636 1896 invocabat
2685 1843 2734 1896 in
2766 1859 2922 1912 quem
2955 1857 3057 1896 non
3081 1841 3413 1896 crediderat?
3451 1861 3469 1891 ι

189 1914 449 1967 concup.,
482 1916 599 1971 cap.
630 1903 680 1969 5,
725 1904 812 1957 ubi
843 1920 963 1960 cum
999 1908 1221 1963 dixisset
1244 1911 1630 1965 continentiam
1666 1928 1786 1968 esse

191 1986 396 2041 donum
430 1989 545 2059 Dei,
579 1993 648 2046 ait
679 2011 689 2045 :
728 2012 746 2044 ‹
783 1995 919 2060 Quid
962 2012 1091 2064 ergo
1131 1999 1379 2068 dicimus,
1413 2003 1626 2070 quando
1656 2012 1710 2058 et
1738 2005 1787 2059 in

181 2078 503 2146 quibusdam
576 2083 758 2152 impiis
816 2086 1086 2143 invenitur
1141 2091 1390 2155 pudicitia
1449 2096 1787 2163 conjugalis?

183 2173 371 2228 Utrum
389 2191 453 2228 eo
467 2190 691 2244 peccare
705 2179 910 2234 dicendi
926 2191 1049 2235 sunt
1064 2184 1204 2252 quod
1221 2184 1362 2239 dono
1379 2186 1469 2240 Dei
1487 2187 1625 2241 male
1640 2198 1785 2242 utan-

184 2275 289 2327 tur.
321 2282 427 2320 non
457 2267 507 2321 id
537 2268 833 2324 referentes
862 2273 924 2326 ad
953 2274 1151 2327 cultum
1194 2275 1332 2343 ejus,
1365 2292 1392 2329 a
1422 2292 1527 2346 quo
1558 2294 1776 2348 accepe-

188 2357 348 2409 runt?
371 2357 454 2410 An
481 2356 615 2413 forte
639 2375 737 2414 nec
758 2361 897 2414 dona
923 2363 1014 2416 Dei
1033 2366 1263 2432 putanda
1290 2377 1414 2421 sunt
1433 2368 1552 2435 ista,
1569 2372 1782 2438 quando

184 2445 298 2501 hazc
330 2449 577 2505 infideles
606 2461 786 2518 agunt,
818 2454 1115 2507 secundum
1164 2456 1406 2523 Apostoli
1455 2462 1786 2514 sententiam

176 2540 413 2596 dicentis
457 2560 471 2595 :
505 2543 666 2596 Omne
695 2544 830 2612 quod
859 2561 960 2599 non
990 2556 1065 2600 est
1095 2564 1157 2601 ea:
1185 2549 1285 2615 ﬁde
1317 2559 1580 2616 peccatum
1608 2556 1718 2608 est?
1753 2575 1770 2606 ι

175 2630 284 2685 lloc
333 2633 640 2688 secundum
692 2635 884 2689 ibidem
917 2636 1066 2705 eligit
1105 2637 1288 2692 dicens
1319 2657 1331 2692 :
1372 2659 1389 2689 α
1426 2641 1556 2707 Quis
1586 2643 1778 2698 audeat

173 2721 358 2776 dicere
385 2723 587 2776 donum
630 2724 722 2778 Dei
754 2740 875 2780 esse
915 2729 1224 2796 peccatum?
1260 2747 1277 2780 ι
1317 2730 1522 2786 Etcum
1562 2735 1775 2800 praemi-

176 2811 335 2866 sisset
367 2812 510 2866 bona
537 2815 796 2868 naturalia
824 2817 1014 2870 anima:
1049 2827 1101 2871 et
1130 2821 1389 2888 corporis,
1418 2837 1539 2876 cum
1582 2826 1774 2893 quibus

177 2900 427 2955 inﬁdeles
457 2912 770 2970 nascuntur,
801 2920 921 2960 esse
951 2907 1087 2960 dona
1123 2909 1237 2973 Dei,
1272 2910 1387 2965 hznc
1412 2912 1560 2965 addit
1593 2931 1603 2964 :
1642 2932 1660 2964 ο
1697 2915 1772 2971 De

181 2992 241 3046 iis
287 3004 471 3048 autem
504 3010 623 3063 qua:
657 2996 877 3061 faciunt,
911 2999 1108 3053 dictum
1152 3009 1270 3056 est:
1306 3002 1468 3056 Omne
1494 3006 1630 3072 quod
1669 3023 1769 3060 non

178 3090 248 3134 est
275 3098 339 3136 ea:
365 3083 473 3150 ﬁde
501 3095 765 3154 peccatum
807 3095 902 3138 est.
929 3087 1058 3140 Cum
1092 3087 1249 3157 igitur
1280 3089 1480 3144 faciunt
1523 3091 1636 3147 lucc
1672 3094 1771 3147 h0-

1894 1930 1970 1983 Ex
1999 1933 2191 2000 quibus
2221 1942 2364 2000 patet
2393 1935 2459 1987 ad
2490 1934 2770 1990 referenda
2815 1951 2978 2004 opera
3018 1935 3153 1988 bona
3205 1937 3253 1987 in
3305 1935 3471 1988 Deum

1892 2035 1997 2076 non
2031 2023 2226 2092 requiri
2260 2025 2418 2079 ﬁdem
2451 2027 2500 2079 in
2546 2027 2842 2093 Christum,
2872 2028 2966 2082 sed
2999 2030 3129 2082 satis
3163 2042 3283 2082 esse
3313 2027 3469 2081 ﬁdem

1891 2115 1941 2166 in
1977 2115 2161 2181 Deum,
2186 2120 2295 2171 imo
2317 2119 2486 2172 solam
2520 2119 2674 2174 ﬁdem
2699 2121 2856 2175 etiam
2883 2121 3193 2190 acquisitam
3225 2120 3471 2178 sufﬁcere

1886 2208 2151 2277 colligitur
2197 2223 2262 2263 ex
2317 2209 2411 2263 lib.
2445 2210 2511 2265 de
2557 2211 2835 2277 Patientia,
2885 2227 3000 2280 cap.
3025 2212 3095 2265 26
3143 2221 3197 2266 et
3238 2211 3328 2275 27,
3378 2210 3468 2264 ubi

1884 2298 2347 2353 schismaticorum
2379 2301 2772 2368 patientiamfet
2803 2301 2994 2354 bonam
3024 2315 3145 2355 esse
3167 2308 3220 2354 et
3251 2299 3469 2353 laudan-

1880 2390 2001 2443 dam
2031 2392 2236 2456 scribit,
2283 2392 2435 2460 cnjus
2466 2394 2626 2447 verba
2661 2394 2818 2460 paulo
2864 2402 2982 2461 post
3029 2392 3345 2446 referemus.
3381 2390 3467 2442 Vi-

1880 2484 1981 2538 deo
2031 2495 2207 2540 tamen
2253 2496 2495 2539 sanctum
2545 2486 2817 2540 doctorem
2864 2501 3023 2539 unum
3055 2495 3229 2538 actum
3265 2483 3462 2537 borium

1879 2577 1997 2628 sine
2024 2577 2193 2644 gratia
2243 2577 2293 2629 io
2343 2577 2649 2632 inﬁdelibus
2679 2588 2732 2631 et
2761 2578 2970 2631 cmteris
2999 2576 3303 2630 hominibus
3333 2589 3460 2626 cnn-

1878 2665 2094 2730 cedere,
2132 2680 2323 2733 nempe
2350 2668 2497 2719 illum
2528 2682 2633 2735 quo
2658 2668 2818 2720 homo
2845 2666 3044 2734 appetit
3071 2680 3338 2719 summum
3371 2664 3464 2716 bo-

1880 2771 2026 2811 num.
2056 2756 2108 2810 In
2142 2755 2474 2822 Enchiridio,
2505 2772 2623 2825 cap.
2651 2758 2742 2820 25,
2773 2757 2847 2811 ait
2879 2774 2890 2809 :
2928 2774 2948 2806 ‹
2994 2756 3122 2821 ριιιε
3153 2765 3328 2808 tamen
3370 2769 3462 2807 na-

1878 2851 1993 2896 tura
2026 2845 2076 2896 in
2123 2845 2276 2898 malis
2322 2846 2436 2900 suis
2481 2860 2584 2899 non
2616 2847 2786 2913 potuit
2829 2845 3076 2900 amittere
3117 2844 3460 2900 beatitudinis

1874 2933 2189 3002 appetitum.
2242 2954 2260 2986 ι
2294 2935 2436 2988 ldem
2474 2936 2631 2990 habet
2660 2951 2779 3004 cap.
2813 2935 2934 2996 125.
2969 2944 3026 2990 et
3067 2935 3164 2991 lib.
3195 2950 3246 2988 ιν
3273 2943 3457 2989 contra

1871 3024 2160 3091 lulianum,
2192 3041 2310 3096 cap.
2336 3028 2370 3081 5
2405 3046 2416 3079 :
2455 3047 2472 3079 ι
2509 3029 2693 3098 Neque
2733 3030 2895 3094 enim,
2923 3029 3114 3098 inquit,
3148 3043 3335 3084 omnes
3362 3028 3458 3084 lto-

1873 3117 2042 3170 mines
2067 3119 2292 3171 naturali
2323 3119 2577 3174 instinctu
2608 3121 2934 3175 immortales
2962 3132 3017 3177 et
3039 3121 3180 3176 beati
3204 3135 3325 3177 esse
3348 3121 3456 3175 vel-

176 3174 340 3230 mincs
388 3177 514 3231 sine
546 3177 673 3244 ﬁde,
705 3193 823 3248 quae
854 3180 1100 3234 videntur
1128 3182 1194 3235 ad
1223 3184 1558 3255 conjugalcm
1607 3187 1761 3255 pudi-

176 3268 344 3295 ηἱιῖιιηι
379 3269 651 3295 ηΑ-ιὲ.υι..η
709 3271 821 3295 At..-
862 3271 1163 3295 I.-.-.:--:I.-.-
1198 3274 1403 3295 -I,---_-
1443 3292 1607 3295 ____A__
1639 3288 1730 3295 ,.--

1879 3207 2063 3274 lemus,
2099 3209 2198 3263 nisi
2245 3224 2363 3265 esse
2412 3226 2710 3280 possemus.
2747 3231 2768 3265 ι
2800 3215 2866 3266 At
2894 3213 2964 3267 ob
3004 3214 3353 3281 ignorantiam
3386 3228 3451 3266 ex

174 3268 344 3322 cuiam
379 3269 670 3336 pertinere,
709 3271 823 3324 sive
861 3271 1164 3326 hominibus
1197 3274 1408 3342 placere
1435 3288 1758 3343 quaerentes,

177 3355 254 3409 vel
281 3371 380 3411 sun
412 3357 506 3410 vel
535 3358 677 3425 aliis,
711 3357 823 3414 sive
853 3359 905 3414 in
946 3361 1028 3416 his
1059 3363 1218 3417 rebus
1245 3380 1379 3434 quas
1407 3367 1597 3422 vitiose
1635 3383 1763 3423 con-

174 3446 476 3513 cupiscunt,
505 3448 764 3504 humanas
793 3451 1065 3507 molestias
1086 3455 1401 3522 devitantes,
1429 3459 1542 3511 sive
1565 3458 1766 3511 daemo-

170 3537 315 3593 nibus
340 3541 667 3607 servientes,
693 3558 797 3596 non
831 3555 1044 3612 peccata
1073 3558 1345 3612 coercent,
1367 3549 1460 3602 sed
1490 3551 1609 3605 aliis
1641 3567 1761 3620 pec-

169 3630 294 3683 catis
324 3631 426 3685 alia
476 3641 690 3699 peccata
718 3635 959 3689 vincunt.
997 3637 1149 3690 Absit
1179 3651 1308 3707 ergo
1334 3640 1580 3707 pudicum
1614 3657 1761 3696 vera-

167 3719 291 3774 citer
313 3723 414 3777 dici
442 3726 534 3792 qui
556 3740 661 3778 non
687 3735 911 3796 propter
936 3728 1097 3782 Deum
1122 3744 1305 3783 verum
1327 3731 1482 3786 ﬁdem
1512 3735 1760 3789 connubii

173 3821 380 3875 prazstat
420 3815 605 3869 uxori.
646 3836 662 3867 ›
700 3819 753 3871 ln
787 3818 1002 3873 laudato
1043 3835 1171 3876 vero
1216 3837 1334 3890 cap.
1378 3824 1411 3877 5
1455 3832 1637 3878 contra
1669 3826 1761 3879 Ju-

171 3901 356 3958 lianum
397 3906 678 3961 fusissime
708 3907 847 3962 hanc
888 3923 1036 3962 suam
1081 3914 1400 3966 sententiam
1432 3915 1663 3968 vindicat
1696 3917 1760 3971 ab

172 3999 498 4061 argumentis
527 4013 646 4065 qua:
679 3999 824 4065 plura
858 4009 1044 4053 contra
1074 4002 1314 4055 eamdem
1359 4004 1640 4059 luereticns
1673 4023 1759 4059 ur-

174 4093 281 4147 get;
310 4088 392 4139 ubi
437 4088 529 4141 sui
556 4099 811 4143 constans
850 4102 1006 4159 negat
1034 4107 1210 4145 veram
1257 4094 1562 4161 pudicitiam
1598 4096 1759 4150 fuisse

168 4169 215 4223 in
242 4172 567 4234 Gentilibus.

233 4266 355 4321 Scio
402 4270 702 4323 nonnullos
747 4284 993 4326 asserere
1041 4275 1394 4341 Augustinum
1426 4274 1626 4329 dixisse
1669 4277 1755 4331 illa

169 4368 318 4422 opera
339 4373 466 4413 esse
499 4369 735 4426 peccata,
769 4376 888 4429 qua:
913 4361 963 4414 in
1000 4363 1164 4416 Deum
1193 4364 1435 4417 ultimum
1470 4365 1626 4419 ﬁnem
1652 4383 1755 4420 non

172 4447 466 4505 referuntur
493 4453 737 4520 positive,
758 4467 862 4507 non
884 4465 1060 4509 autem
1085 4457 1361 4524 negative;
1387 4458 1618 4526 exempli
1640 4473 1755 4528 gra.

175 4538 256 4602 tia,
287 4544 373 4610 qui
407 4545 697 4600 continens
722 4555 824 4610 est,
855 4551 912 4598 ut
959 4545 1058 4600 sibi
1104 4545 1187 4599 vel
1219 4547 1337 4600 aliis
1377 4548 1602 4613 placeat,
1633 4550 1750 4618 glo-

177 4633 294 4684 riam
318 4635 456 4702 apud
484 4648 542 4688 se
571 4634 655 4688 vel
686 4635 819 4688 alios
849 4651 1116 4704 quarens,
1149 4646 1353 4705 peccat,
1386 4639 1505 4706 quia
1538 4641 1749 4692 inanem

175 4719 382 4785 gloriam
419 4723 652 4794 positive
699 4723 798 4777 sibi
834 4725 990 4779 linem
1033 4725 1173 4779 illius
1205 4727 1469 4796 pudicitite
1497 4728 1748 4793 destinat,

179 4814 227 4857 et
263 4818 380 4866 ttmc
429 4813 659 4882 positive
703 4812 829 4868 illud
880 4831 1013 4885 opus
1061 4817 1239 4870 deviat
1279 4833 1308 4870 a
1356 4817 1465 4872 Dco
1497 4829 1746 4890 tanquam

177 4897 348 4955 ultimo
371 4907 498 4959 line.
534 4907 596 4959 At
624 4905 668 4958 si
693 4907 1034 4962 continentiae
1059 4909 1385 4976 pr0positum
1410 4910 1603 4976 eliciat,
1634 4929 1748 4965 mo-

179 4995 253 5040 tus
283 4990 562 5051 honestate
606 5005 809 5049 tantum
848 4998 1044 5063 cperis,
1080 5013 1178 5052 nec
1220 4997 1271 5051 in
1301 4999 1490 5052 eodem
1523 5003 1659 5069 apud
1689 5017 1748 5057 se

177 5078 250 5130 vel
275 5085 407 5149 apud
429 5086 565 5139 alios
586 5087 863 5154 gloriatus,
884 5097 1009 5142 tunc
1036 5087 1124 5142 ille
1144 5099 1294 5142 actus
1312 5090 1552 5158 negatii-e
1579 5091 1740 5146 Deum

179 5179 271 5220 non
301 5176 508 5240 reSpicit
539 5185 786 5243 tanquam
818 5179 1062 5231 ultimum
1088 5179 1268 5246 linem,
1293 5195 1356 5233 ex
1389 5179 1528 5232 nulla
1561 5191 1735 5237 tamen

180 5268 313 5319 parte
350 5265 567 5320 vitiosus
596 5277 835 5335 apparet.
873 5269 992 5322 Haec
1022 5269 1259 5324 doctrina
1288 5270 1491 5325 admitti
1536 5283 1733 5341 potest,

179 5355 475 5420 priesertim,
505 5359 625 5426 quia
657 5369 871 5411 sanctus
912 5359 1098 5413 doctor
1141 5361 1263 5415 inde
1302 5362 1521 5417 virtutes
1564 5368 1735 5431 genti-

181 5433 292 5491 lium
319 5443 487 5500 vitiari
519 5449 713 5511 docuit,
740 5449 881 5518 quod
909 5450 1067 5504 iidem
1090 5451 1156 5505 de
1187 5452 1285 5507 illis
1313 5454 1393 5507 vel
1420 5456 1558 5522 apud
1580 5471 1636 5508 se
1650 5457 1731 5509 vel

179 5533 300 5595 apud
321 5536 449 5592 alios
473 5541 694 5606 gloriam
717 5554 1038 5610 quaererent.
1067 5544 1192 5598 llzec
1221 5547 1361 5599 enim
1391 5547 1732 5613 intelligenda

178 5627 289 5673 sunt
314 5624 375 5678 de
413 5631 612 5686 actibus
642 5633 899 5686 virtutum
932 5649 1025 5700 per
1069 5635 1317 5690 accidens
1361 5652 1466 5690 non
1511 5637 1728 5702 vitiatis,

182 5706 246 5796 ttti
268 5708 315 5760 in
334 5712 491 5777 prima
518 5721 691 5774 statim
715 5724 1022 5776 eorumdem
1050 5723 1398 5792 productione
1426 5729 1730 5796 contingere

181 5790 412 5855 diximus.
430 5803 554 5864 Nam
581 5808 623 5863 si
647 5811 761 5878 quis
785 5810 1026 5867 eumdem
1051 5790 1226 5868 actum
1254 5814 1460 5870 virtutis
1486 5816 1731 5882 frequen-

1868 3306 2088 3365 peccato
2113 3299 2356 3369 originali
2404 3311 2731 3357 contractam
2783 3304 2954 3358 nescit
2984 3303 3143 3358 homo
3171 3305 3283 3358 suis
3328 3304 3454 3357 viri-

1869 3388 1964 3443 bus
1990 3390 2206 3444 relictus
2232 3392 2282 3444 in
2303 3407 2533 3460 quonam
2567 3394 2838 3448 beatitudo
2867 3404 2922 3449 et
2951 3395 3172 3449 felicitas
3201 3411 3323 3450 vera
3349 3396 3450 3447 sita

1867 3479 1955 3542 sit,
1988 3481 2126 3533 unde
2159 3489 2236 3534 tot
2263 3482 2331 3534 de
2361 3496 2570 3536 summo
2593 3483 2734 3537 bono
2774 3484 3207 3552 philosOphorum
3234 3492 3451 3538 senten-

1869 3569 1954 3620 tia:
1977 3579 2330 3623 emerserunt.
2356 3572 2481 3624 Sola
2515 3581 2692 3625 autem
2725 3573 2827 3626 fide
2856 3574 3147 3628 revelatum
3171 3583 3255 3627 est
3285 3576 3448 3628 Deum

1865 3657 2007 3711 clare
2053 3658 2222 3712 visum
2267 3673 2387 3714 esse
2431 3676 2696 3715 summum
2749 3662 2979 3717 hominis
3029 3664 3249 3730 bonum,
3296 3664 3448 3733 cujus

1867 3750 2020 3804 unius
2053 3752 2390 3819 possessione
2420 3751 2474 3806 ﬁt
2502 3753 2709 3809 beatus.

1933 3843 2062 3898 Haec
2101 3843 2380 3913 Augustini
2423 3848 2686 3900 sententia
2734 3846 2831 3900 fuit
2858 3845 2924 3902 de
2971 3848 3222 3915 operibus
3261 3847 3447 3902 inﬁde-

1865 3933 2014 3995 lium,
2041 3950 2198 4003 quam
2239 3947 2290 3988 et
2328 3936 2512 3991 Patres
2539 3952 2601 3989 ac
2644 3938 2956 3993 nobilissimi
2988 3939 3236 3994 doctores
3273 3943 3444 3995 secuti

1861 4035 2002 4079 sunt.
2029 4025 2256 4082 Sanctus
2286 4026 2392 4084 Leo
2422 4029 2660 4098 Magnus,
2685 4045 2847 4085 serm.
2874 4046 2908 4085 ιι
2929 4031 2995 4085 de
3018 4030 3221 4100 jejunio
3247 4032 3443 4086 Pente-

1860 4125 2056 4179 costes,
2082 4116 2153 4169 ait
2181 4135 2193 4170 :
2229 4135 2247 4166 ι
2283 4119 2434 4186 Apud
2467 4119 2610 4188 ipsos
2634 4135 2864 4190 paganos
2890 4132 3017 4176 sunt
3037 4125 3279 4193 quaedam
3310 4139 3443 4177 Vana

1853 4209 2079 4277 jejunia.
2110 4211 2264 4264 Aliud
2293 4212 2433 4266 enim
2467 4214 2575 4280 agit
2603 4213 2703 4268 sub
2724 4216 2947 4269 veritate
2976 4217 3132 4281 ratio,
3168 4215 3310 4270 aliud
3343 4216 3442 4270 sub

1861 4301 2097 4355 falsitate
2136 4300 2403 4370 deceptio.
2448 4304 2599 4371 Apud
2633 4320 2727 4358 nos
2761 4306 2893 4360 ﬁdes
2933 4305 3230 4360 sanctiﬁcat
3276 4307 3438 4358 etiam
3490 4357 3494 4361 .

1860 4392 2290 4459 manducantem,
2316 4395 2455 4464 apud
2505 4397 2622 4450 illos
2667 4397 2950 4453 inﬁdelitas
2982 4399 3169 4465 polluit
3193 4395 3439 4464 jejunan-

1859 4494 1986 4540 tem.
2019 4485 2169 4540 Unde
2191 4487 2313 4554 quia
2343 4495 2492 4540 extra
2519 4489 2838 4544 catholicam
2874 4489 3165 4545 Ecclesiam
3191 4487 3324 4540 nihil
3355 4497 3438 4540 cst

1782 4592 1829 4650 D
1858 4578 2140 4645 integrum,
2163 4577 2292 4630 nihil
2321 4587 2546 4643 castum,
2569 4581 2779 4636 dicente
2803 4581 3089 4648 Apostolo:
3119 4577 3280 4631 Omne
3301 4582 3436 4646 quod

1855 4685 1952 4720 non
1975 4677 2130 4722 estea:
2148 4669 2252 4735 ﬁde
2275 4679 2532 4737 peccatum
2551 4681 2624 4726 est
2644 4672 2817 4742 (Rom.
2849 4671 2980 4738 xiv).
3016 4688 3034 4721 ι
3066 4668 3209 4723 Idem
3238 4672 3436 4726 asserit

1856 4759 2156 4815 Bonifacius
2183 4761 2246 4826 ll,
2272 4762 2323 4815 in
2354 4763 2576 4831 epistola
2606 4764 2671 4816 ad
2702 4769 2944 4815 sanctum
2973 4759 3262 4814 Caesarium
3292 4765 3432 4816 Arc-

1852 4849 2135 4915 latensem,
2166 4862 2220 4906 et
2240 4862 2460 4907 sanctus
2481 4852 2788 4919 Fulgentius
2809 4867 2931 4906 cum
2969 4853 3176 4923 synodo
3203 4855 3432 4926 Byzace-

1853 4954 2042 4993 norum
2071 4940 2285 4993 Patrum
2318 4940 2373 4994 in
2413 4940 2656 4996 Sardinia
2687 4939 2954 5008 exsulum,
2999 4958 3228 5012 quorum
3268 4950 3429 4999 verba

1852 5028 2192 5083 recitabimus
2217 5028 2459 5098 inferius,
2490 5043 2608 5099 cap.
2642 5030 2696 5098 4,
2721 5032 2748 5105 §
2781 5032 2831 5086 5.
2861 5034 3088 5090 Sanetus
3117 5034 3350 5106 Prosper
3379 5040 3429 5090 iu

1850 5119 2072 5187 epistola
2100 5119 2165 5172 ad
2195 5119 2445 5174 Ruﬁnum
2472 5122 2546 5175 ait
2577 5140 2592 5175 :
2630 5141 2650 5176 r
2687 5124 2848 5178 Omne
2871 5129 3006 5194 quod
3031 5143 3130 5180 non
3153 5138 3225 5181 est
3244 5145 3307 5181 ea:
3329 5129 3429 5194 ﬁde

1845 5218 2108 5279 peccatum
2131 5220 2200 5262 est
2226 5226 2243 5263 :
2266 5218 2323 5262 ut
2347 5211 2554 5268 scilicet
2573 5213 2831 5284 intelligat
2850 5217 3106 5285 justitiam
3134 5217 3424 5270 inﬁdelium

1846 5318 1949 5357 non
1978 5319 2096 5359 esse
2122 5305 2398 5374 justitiam,
2429 5309 2550 5377 quia
2596 5312 2778 5366 sordet
2807 5321 2995 5366 natura
3025 5311 3144 5364 sine
3173 5309 3360 5378 gratia.
3402 5327 3421 5359 ι

1844 5393 1910 5447 Et
1933 5395 1982 5446 in
2009 5396 2248 5450 carmine
2275 5406 2459 5452 contra
2489 5399 2746 5469 Ingratos,
2779 5416 2897 5472 cap.
2933 5399 3179 5468 16,canit
3211 5415 3227 5452 :

1920 5524 2075 5600 ληίης
2105 5527 2286 5600 etenim
2319 5530 2582 5598 probitatis
2625 5548 2769 5600 opus,
2800 5531 2896 5583 nisi
2923 5529 3111 5581 semine
3144 5542 3273 5581 verm

1913 5594 2160 5666 Exoritur
2187 5594 2331 5664 ﬁdei,
2360 5609 2622 5666 peccatum
2652 5594 2743 5663 est,
2773 5601 2924 5666 inque
2949 5608 3145 5651 reatum

1918 5664 2164 5731 Vertitur,
2202 5677 2248 5721 et
2279 5664 2464 5722 sterilis
2490 5671 2714 5739 cumulat
2743 5664 2848 5722 sibi
2864 5669 3030 5740 gloria
3070 5687 3290 5737 prunam.

1836 5817 2074 5873 Julianus
2107 5817 2401 5890 Pomerius,
2458 5823 2628 5877 sancti
2671 5822 2886 5880 (insarii
2934 5823 3268 5882 Arelatensis
3307 5841 3417 5881 ma-
