3892 6296
475 362 576 417 627

1375 358 1931 419 SUPPLEMENTUM
1972 362 2063 417 an
2103 358 2333 416 OPERA
2372 357 2429 415 s.
2475 342 2861 414 AUGUSTlNl.

3642 355 3740 411 628

470 477 661 545 gister,
694 473 846 541 cujus
878 473 1044 529 libros
1075 473 1252 527 laudat
1283 484 1501 529 sanctus
1530 474 1793 539 Isidorus,
1826 473 1900 527 uti
1922 472 2058 527 dixi-
2089 480 2131 534 Α
2164 483 2488 531 rnucruosn,
2524 476 2615 522 aut
2642 481 2961 522 STERILITBB
2998 463 3125 519 boni
3161 478 3370 532 sumus,
3418 465 3465 520 in
3493 466 3739 538 subjecto

475 579 594 619 mus
631 564 721 619 lib.
768 580 803 619 ιι
852 564 983 619 llist.
1042 565 1246 633 l’elag.,
1290 580 1409 633 cap.
1447 564 1533 631 H,
1592 565 1681 619 lib.
1731 581 1788 619 ιιι
1830 564 1898 619 de
1939 565 2060 619 Vita

473 654 919 721 contemplativa,
949 668 1067 722 cap.
1098 655 1147 718 l,
1182 655 1467 723 Augustini
1498 656 1817 709 sententiam
1849 656 2058 725 plenam

474 742 735 797 exscribit
764 758 779 795 :
810 761 828 793 ι
862 743 1006 807 Haec,
1041 742 1235 811 inquit,
1268 742 1383 806 tetsi
1432 752 1658 812 possunt
1706 747 1937 799 humano
1982 745 2060 797 in-

473 833 637 903 genio
664 834 919 901 discerni,
955 842 1131 887 tamen
1163 833 1281 888 sine
1311 834 1452 888 dono
1494 834 1610 899 Dei,
1639 846 1898 902 quantum
1931 835 2060 888 mihi

474 925 711 990 videtur,
748 938 848 979 nec
878 924 1104 978 virtutes
1137 934 1363 993 possunt
1393 924 1571 994 appeti
1600 925 1684 979 vel
1712 925 1918 989 haberi,
1961 940 2061 980 nec

474 1028 661 1068 earum
694 1013 1101 1081 similitudines,
1133 1029 1251 1083 qua:
1278 1023 1403 1069 sunt
1434 1018 1556 1070 vitia
1588 1016 1811 1071 virtutes
1840 1016 2059 1071 imitan-

476 1104 570 1170 tia,
613 1104 871 1159 declinari
926 1104 977 1158 in
1024 1114 1249 1170 tantum,
1302 1116 1357 1159 nt
1404 1105 1709 1161 inﬁdelibus
1757 1107 1890 1160 nihil
1940 1122 2063 1174 pro-

472 1192 639 1249 fuisse
690 1194 1000 1264 credamus,
1055 1196 1267 1250 etiamsi
1313 1198 1420 1250 sint
1466 1197 1673 1265 aliquas
1720 1212 1814 1265 per
1865 1210 2061 1263 corpus

473 1285 679 1353 operati
726 1286 992 1350 virtutes;
1043 1286 1183 1355 quod
1214 1301 1304 1341 eas
1346 1300 1444 1340 nec
1471 1301 1499 1339 a
1533 1287 1642 1340 Deo
1674 1300 1772 1340 suo
1808 1301 1866 1339 se
1908 1300 2062 1340 acce-

472 1376 618 1442 pisse
649 1374 996 1440 crediderint,
1037 1390 1133 1428 nec
1166 1374 1229 1428 ad
1262 1390 1383 1430 eum
1416 1377 1505 1445 qui
1538 1384 1619 1430 est
1660 1376 1779 1429 finis
1817 1377 2058 1430 omnium

472 1467 737 1521 honorum
780 1466 984 1522 referre
1012 1468 1303 1523 voluerint.
1358 1470 1425 1523 Et
1468 1470 1595 1539 quid
1625 1469 1765 1535 dico,
1820 1469 1953 1523 nihil
1982 1470 2060 1524 eis

477 1558 830 1626 profuerunt?
857 1560 964 1613 imo
993 1559 1153 1613 etiam
1180 1569 1498 1624 nocuerunt,
1526 1560 1736 1615 diecnle
1762 1560 2056 1628 Apostolo:

477 1648 642 1702 Omne
681 1650 820 1719 quod
845 1666 946 1702 non
974 1660 1044 1703 est
1075 1666 1137 1703 ca:
1167 1644 1267 1717 ﬁde
1293 1659 1557 1719 peccatum
1583 1659 1679 1704 est.
1725 1649 1957 1719 Legatur
1984 1657 2063 1703 to-

475 1754 588 1795 tum
630 1752 816 1811 caput,
851 1743 938 1796 ubi
968 1740 1135 1797 fusius
1164 1743 1409 1797 eamdem
1450 1743 1749 1797 doctrinam
1777 1743 2057 1812 eXplanat.

2164 571 2289 616 sunt
2318 562 2511 615 mentis
2557 569 2787 624 nostra),
2820 556 3121 627 prudentia,
3163 557 3366 624 justitia
3390 599 3403 624 ,
3436 565 3739 627 temperan-

2167 657 2259 721 tia,
2290 655 2566 709 furtitudo.
2603 654 2806 707 llorum
2837 651 2997 721 igitur
3025 651 3310 705 affectuum
3342 650 3444 715 vis,
3470 665 3598 705 cum
3624 653 3739 706 insit

2164 748 2413 802 omnibus
2457 746 2791 808 naturaliter,
2824 759 2928 798 non
2975 752 3151 797 tamen
3199 742 3264 795 ad
3309 756 3467 795 unum
3498 741 3665 797 ﬁnem
3696 744 3740 797 in

2163 839 2413 893 omnibus
2444 844 2696 906 properat
2726 876 2741 901 ,
2774 835 2867 890 sed
2902 850 2996 903 pro
3024 834 3225 904 judicio
3252 832 3561 895 voluntatis,
3596 835 3741 903 cujus

2164 931 2314 985 nutui
2360 930 2636 992 serviunt,
2687 936 2782 981 aut
2823 928 2887 980 ad
2930 937 3130 980 aeterna
3182 932 3275 979 aut
3314 925 3381 977 ad
3434 927 3740 990 temporalia

2164 1020 2487 1089 diriguntur.
2519 1018 2669 1085 Quod
2704 1032 2825 1071 cum
2860 1016 2940 1083 ﬁt,
2980 1029 3085 1068 non
3114 1013 3168 1067 in
3198 1028 3265 1068 eo
3300 1012 3443 1083 quod
3467 1022 3617 1080 sunt,
3642 1030 3738 1069 non

2166 1114 2217 1166 in
2256 1126 2324 1166 eo
2368 1110 2508 1179 quod
2558 1106 3118 1179 agunt(substantiam
3150 1105 3331 1174 operis
3359 1116 3549 1159 vocant
3592 1106 3740 1160 scho-

2166 1204 2384 1271 lastici),
2441 1202 2535 1255 sed
2587 1203 2637 1253 in
2671 1216 2737 1254 eo
2778 1200 2949 1253 solum
2975 1187 3180 1252 variant
3218 1197 3360 1266 quod
3394 1208 3682 1252 merentur.
3716 1217 3733 1250 ι

2167 1296 2230 1347 Et
2260 1303 2482 1361 postea:
2522 1310 2540 1342 ‹
2582 1291 2693 1361 Ego
2748 1305 3067 1344 ειειιιιιτιῑιιι
3118 1289 3286 1342 bonos
3335 1288 3443 1341 dixi
3476 1288 3739 1351 homines,

2164 1388 2251 1452 qui
2298 1400 2403 1438 non
2447 1395 2666 1453 prepter
2699 1384 2865 1437 Deum
2898 1382 3143 1437 faciendo
3188 1381 3325 1435 bona
3363 1394 3481 1448 quae
3531 1380 3737 1443 faciunt,

2166 1492 2270 1529 non
2311 1475 2379 1528 ab
2416 1488 2482 1529 eo
2522 1477 2685 1529 vitam
2725 1482 3126 1544 consequuntur
3168 1484 3448 1526 mternam.
3481 1488 3502 1523 ι
3540 1470 3615 1523 lta
3659 1471 3739 1525 Ju-

2168 1567 2339 1619 lianus
2384 1566 2610 1620 virtutes
2641 1565 2842 1619 viribus
2882 1574 3089 1618 natura:
3130 1563 3197 1617 ab
3239 1561 3545 1616 inﬁdelibus
3574 1560 3738 1628 acqui-

2168 1658 2298 1713 sitas
2329 1671 2484 1712 veras
2514 1658 2742 1712 virtutes
2787 1656 3083 1711 secundum
3125 1656 3479 1710 substantiam
3521 1654 3740 1722 appella-

2167 1748 2276 1813 bat,
2320 1747 2544 1816 negabat
2578 1757 2757 1803 tamen
2801 1762 2922 1802 esse
2954 1738 3254 1802 meritorias
3289 1746 3471 1816 gloriae
3517 1754 3738 1799 aeternae.

473 1826 871 1896 Cassiodorus,
933 1841 986 1884 et
1038 1832 1199 1901 vulgo
1241 1831 1403 1886 etiam
1453 1831 1639 1886 cteteri
1683 1832 1846 1886 h08ce
1893 1832 2056 1886 libros
2088 1844 2136 1903 Β
2163 1839 2231 1892 At
2258 1852 2288 1891 e
2334 1846 2519 1891 contra
2564 1838 2893 1904 Augustinus
2953 1836 3136 1891 iutulit
3183 1851 3343 1906 Opera
3393 1835 3598 1890 sterilia
3647 1850 3739 1888 nun

470 1923 749 1975 ascribunt
804 1932 993 1977 sancto
1042 1923 1328 1992 Prospero,
1380 1938 1481 1992 qua
1505 1923 1571 1977 de
1621 1938 1679 1977 re
1726 1924 1780 1978 in
1827 1923 2059 1977 Historia

474 2010 755 2080 Pelagiana
790 2013 1034 2081 pluribus
1066 2014 1438 2069 disseruimus.
1487 2014 1543 2069 In
1574 2015 1761 2069 eadem
1792 2016 2059 2070 sententia

471 2099 570 2154 fuit
598 2100 738 2155 Beda
771 2107 823 2156 in
855 2103 1061 2171 praefat.
1092 2103 1157 2157 ad
1188 2104 1367 2169 Cant.,
1396 2105 1484 2159 ubi
1512 2105 1704 2175 Pelagii
1735 2108 2057 2162 sententiam

472 2192 540 2248 de
593 2195 1038 2265 philosophorum
1097 2197 1380 2251 virtutibus
1439 2199 1736 2267 impugnat,
1772 2200 2056 2267 inquiens:

480 2302 501 2337 ε
536 2287 685 2353 Quod
730 2304 857 2357 ergo
905 2290 1069 2356 dicit,
1120 2289 1320 2343 multos
1366 2288 1806 2358 philosophorum
1857 2293 2062 2361 patien-

470 2380 619 2443 tiam,
670 2380 968 2435 castitatem
998 2423 1012 2447 ,
1074 2382 1392 2435 modestiam
1447 2381 1685 2450 aliasque
1731 2384 1799 2437 de
1851 2392 2059 2438 natura:

469 2472 614 2525 bono
642 2470 840 2525 habere
873 2473 1125 2539 virtutes,
1158 2484 1390 2538 constat,
1435 2474 1561 2542 quia
1591 2476 1898 2544 quicunque
1931 2477 2053 2544 phi-

473 2561 821 2632 losopborum
869 2562 1139 2617 Christum
1193 2565 1287 2619 Dei
1329 2566 1580 2620 virtutem
1613 2577 1665 2621 et
1702 2567 1795 2623 Dei
1842 2570 2058 2637 sapien-

474 2656 599 2709 tiam
628 2656 954 2720 nescierunt,
982 2672 1081 2711 nec
1112 2658 1272 2712 ullam
1301 2674 1483 2713 veram
1510 2661 1827 2728 sapientiam
1858 2662 2063 2718 habere

475 2757 780 2817 potuerunt.
817 2749 873 2802 lu
905 2758 1161 2818 quantum
1196 2765 1325 2807 vero
1351 2753 1433 2807 vel
1474 2763 1687 2821 gustum
1720 2753 1951 2823 aliquem
1978 2770 2064 2811 sa-

475 2839 691 2906 pientiae
732 2840 1049 2908 cujuslibet,
1084 2841 1170 2896 vel
1204 2842 1416 2897 virtutis
1448 2842 1733 2912 imaginem
1766 2844 2059 2910 habebant,

475 2941 644 2983 tutum
689 2931 792 2984 hoc
832 2932 1065 2999 desuper
1090 2941 1439 3001 acceperunt,
1487 2947 1591 2986 non
1638 2935 1810 2988 solum
1840 2950 2062 2990 munere

474 3020 659 3085 prima:
689 3021 1000 3084 creationis,
1028 3035 1212 3074 verum
1252 3023 1411 3075 etiam
1444 3021 1753 3090 quotidiana
1793 3024 1909 3093 ejus
1941 3039 2062 3093 gra—

475 3114 567 3165 tia.
605 3132 623 3164 ι
658 3113 789 3165 Cum
819 3112 1116 3180 Augustino
1144 3113 1302 3166 etiam
1333 3113 1565 3167 concinit
1596 3125 1810 3168 sanctus
1841 3115 2058 3170 Rhemi-

2166 1949 2328 2004 posse
2360 1934 2464 1989 dici
2496 1934 2657 2001 bona,
2706 1934 2800 1990 sed
2843 1944 3044 1989 tantum
3076 1934 3233 1997 mala,
3281 1942 3391 1987 tum
3432 1947 3501 1988 ex
3545 1931 3737 1986 defectu

2164 2027 2441 2081 relationis
2472 2026 2523 2081 in
2569 2027 2755 2092 Deum,
2805 2037 2912 2081 tum
2940 2040 3005 2081 ex
3039 2024 3165 2080 inde
3198 2024 3432 2078 derivata
3469 2024 3739 2092 philautia,

2168 2128 2224 2173 ut
2254 2120 2505 2188 superius
2536 2119 2905 2188 exposuimus.
2944 2136 2963 2170 ι
2997 2117 3139 2184 Tibi,
3171 2118 3342 2186 inquit
3371 2126 3594 2171 sanctus
3621 2116 3735 2170 doc-

2165 2216 2272 2275 tor,
2319 2210 2540 2263 virtutes
2570 2210 2686 2263 sine
2713 2208 2816 2262 ﬁde
2844 2210 2921 2262 sic
2946 2208 3190 2277 placent,
3221 2215 3276 2259 ut
3303 2220 3395 2260 eas
3424 2220 3586 2261 veras
3617 2219 3739 2274 pra:-

2168 2298 2337 2364 dices,
2368 2298 2553 2365 eisque
2596 2298 2765 2351 bonus
2806 2313 2927 2353 esse
2956 2292 3232 2361 homines;
3278 2306 3331 2350 et
3357 2286 3577 2361 rursus,
3608 2294 3740 2364 quasi

2179 2396 2232 2441 te
2274 2388 2587 2456 paenituerit
2645 2388 2818 2442 laudis
2866 2404 3087 2453 earum,
3138 2386 3353 2442 steriles
3406 2384 3739 2455 pronuntiare

2163 2496 2271 2536 non
2315 2480 2544 2535 dubites.
2585 2500 2609 2532 r
2643 2481 2847 2535 Rursus
2882 2498 2892 2532 :
2929 2498 2947 2532 ι
2986 2480 3088 2534 Aut
3128 2489 3296 2544 certe,
3344 2478 3605 2547 quoniam
3647 2476 3739 2530 sal-

2167 2581 2271 2626 tem
2301 2572 2552 2626 concedis
2582 2585 2745 2639 opera
2789 2570 3120 2635 inﬁdelium,
3167 2584 3287 2640 quae
3316 2566 3413 2623 tibi
3442 2582 3633 2623 eorum
3670 2565 3737 2618 vi-

2172 2663 2368 2717 dentur
2397 2664 2535 2717 bona
2556 2704 2570 2728 ,
2623 2679 2729 2717 non
2761 2671 2937 2718 tamen
2968 2678 3062 2718 eos
3091 2662 3157 2716 ad
3189 2662 3414 2717 salutem
3459 2661 3739 2731 sempiter-

2167 2769 2289 2808 nam
2321 2767 2649 2822 regnumque
2677 2752 2993 2821 perducere,
3036 2771 3055 2805 ι
3085 2761 3190 2808 etc.
3246 2751 3357 2807 Hoc
3380 2762 3572 2806 autem
3604 2749 3756 2805 Pela-.

2165 2845 2307 2915 giani
2338 2846 2676 2910 asserebant,
2706 2846 2830 2915 quia
2860 2844 3151 2899 credebant
3177 2859 3297 2900 eum
3328 2843 3615 2899 catholicis
3654 2855 3736 2910 per

2167 2940 2337 2993 solam
2385 2938 2608 3008 gratiam
2665 2938 3083 2993 sanctiﬁcantem
3136 2937 3381 2993 homines
3435 2936 3560 2991 ﬁeri
3614 2934 3733 2988 ﬁlios

2166 3036 2262 3090 Dei
2293 3034 2579 3102 adoptivos
2622 3047 2744 3088 cum
2772 3034 2895 3103 jure
2924 3032 2989 3087 ad
3023 3033 3244 3102 gloriam
3268 3073 3283 3099 ,
3324 3029 3465 3100 quod
3511 3030 3601 3101 jus
3630 3027 3738 3081 viri-

2168 3126 2268 3181 bus
2314 3135 2520 3180 natura:
2572 3126 2757 3181 haberi
2808 3140 2969 3196 posse
3018 3125 3302 3195 negabant.
3346 3125 3621 3193 Legantnr
3660 3136 3737 3177 eo-

470 3203 590 3271 gius
613 3216 732 3254 eum
775 3215 871 3255 sna
906 3201 1147 3255 Ecclesia
1194 3202 1558 3271 Lugdunensi,
1593 3204 1684 3257 lib.
1727 3204 1795 3259 de
1828 3206 2055 3260 tenenda
2087 3202 2134 3264 C
2164 3231 2279 3270 rum
2322 3214 2623 3270 testimonia
2664 3215 2801 3283 apud
2828 3216 3183 3286 Augustinum
3232 3215 3369 3270 libro
3411 3215 3479 3270 de
3532 3216 3735 3270 Peccato

470 3292 699 3347 veritate
728 3307 895 3347 sacra:
930 3292 1240 3362 Scriptura},
1293 3310 1410 3363 cap.
1448 3295 1531 3359 11,
1579 3297 1861 3351 scribens:
1898 3316 1915 3347 ‹
1946 3298 2054 3355 Sed

473 3384 775 3453 hujusmodi
826 3384 1054 3438 humana
1106 3385 1265 3450 bona,
1319 3402 1438 3454 qua:
1486 3386 1719 3441 humana
1773 3388 2055 3446 affectione

475 3484 651 3545 petest
684 3475 841 3543 velle,
874 3485 1049 3544 potest
1078 3490 1458 3545 nonnunquam
1490 3491 1650 3548 agere
1685 3480 1913 3534 humana
1956 3498 2054 3536 na-

473 3577 613 3621 tura.
642 3566 775 3621 Cum
801 3577 1017 3636 propter
1050 3570 1361 3637 temporalia
1391 3569 1530 3624 bona
1562 3579 1909 3641 appetuntur,
1938 3574 2056 3629 sine

470 3658 634 3713 dubio
687 3660 1010 3729 cupiditates
1058 3669 1218 3727 sunt;
1270 3677 1390 3716 cum
1432 3672 1648 3732 propter
1692 3679 1863 3719 souis
1912 3681 2053 3721 vr”:

470 3767 846 3817 nonesrusu,
872 3754 989 3807 sine
1018 3752 1181 3807 dubio
1215 3769 1442 3808 unus
1474 3770 1543 3808 nr
1574 3771 1751 3810 eum
1777 3766 1924 3812 sunt.
1956 3756 2056 3812 Ta-

472 3860 597 3900 men
625 3852 892 3913 potestea
916 3843 1249 3907 discernere,
1283 3853 1457 3913 potest
1494 3847 1654 3901 etiam
1687 3848 1845 3915 velle,
1883 3858 2058 3918 potest

474 3935 634 3987 etiam
676 3932 898 3995 habere,
947 3935 998 3986 in
1030 3942 1286 4000 quantum
1315 3938 1544 3991 naturali
1580 3938 1717 3993 bono
1743 3941 2079 4009 adjuvatur,

474 4035 529 4078 et
556 4024 649 4077 Dei
683 4023 1036 4088 diSpositione
1077 4028 1398 4093 permittitur
1427 4028 1657 4085 humana
1688 4041 1894 4087 natura.
1924 4051 1942 4085 ι
1979 4035 2055 4088 lbi

471 4113 627 4182 plura
657 4113 867 4167 erudite
895 4127 1230 4172 asseruntur.

546 4204 748 4259 Omitto
772 4206 1018 4261 consulto
1042 4209 1343 4263 testimonia
1376 4209 1652 4280 Cypriani,
1689 4212 1778 4265 lib.
1813 4213 1916 4267 tde
1951 4214 2057 4267 Pa-

475 4295 681 4362 tientia,
722 4296 748 4365 §
785 4295 935 4349 Hanc
963 4314 1015 4351 se
1039 4302 1224 4353 sectari
1254 4302 1566 4371 philosophi,
1599 4303 1932 4370 Tertulliani,
1964 4306 2055 4361 lib.

476 4388 545 4444 de
580 4388 735 4443 Cultu
785 4388 1125 4459 feminarum,
1179 4391 1385 4460 initio§
1421 4394 1461 4445 Α
1504 4393 1704 4461 feminis
1756 4399 2053 4463 nationum,

474 4479 718 4549 Gregorii
758 4477 954 4546 Magni,
989 4480 1080 4533 lib.
1119 4496 1155 4533 ιι
1195 4482 1493 4549 Moralium,
1533 4501 1652 4554 cap.
1694 4488 1777 4551 15,
1811 4489 1839 4559 ς
1870 4488 2055 4543 Sinon

2161 3308 2324 3375 Orig.,
2358 3321 2475 3374 cap.
2507 3303 2570 3369 5,
2606 3306 2701 3359 lib.
2734 3320 2783 3360 v1
2813 3314 2997 3360 contra
3027 3305 3161 3371 Jul.,
3199 3318 3317 3373 cap.
3351 3303 3441 3369 17,
3483 3314 3547 3359 et
3569 3302 3734 3358 claris~

2160 3402 2295 3454 sime
2343 3399 2435 3452 lib.
2480 3414 2536 3453 ιιι
2588 3398 2781 3461 Operis
2832 3397 3082 3466 imperf.,
3131 3412 3249 3465 cap.
3297 3394 3398 3448 1C8
3436 3405 3494 3450 et
3533 3396 3649 3459 117,
3691 3402 3736 3447 et

2161 3490 2254 3543 lib.
2288 3505 2342 3553 v,
2381 3490 2576 3558 cap.9.
2630 3489 2707 3543 Ex
2749 3489 2941 3557 quibus
2971 3488 3104 3542 satis
3132 3487 3407 3542 evidenter
3450 3487 3733 3543 ostenditur

2161 3579 2477 3647 Pelagianos
2509 3595 2615 3632 non
2648 3578 2935 3632 admisisse
2966 3578 3019 3631 in
3048 3577 3352 3630 inﬁdelibus
3391 3590 3563 3645 opera
3593 3573 3732 3629 meri—

2164 3674 2299 3726 toria
2331 3673 2481 3740 regni
2515 3672 2753 3727 cmleStis
2775 3679 2828 3725 et
2850 3670 3058 3739 gloriae,
3093 3669 3185 3723 sed
3216 3678 3419 3722 tantum
3447 3668 3523 3724 de
3545 3681 3733 3723 eorum-

2161 3765 2282 3821 dem
2317 3765 2553 3819 bonitate
2583 3763 2880 3818 secundum
2912 3762 3264 3817 substantiam
3295 3776 3415 3816 cum
3451 3758 3729 3831 Augustino

2160 3854 2525 3912 contendisse.
2573 3854 2742 3908 Porro
2797 3853 2865 3908 de
2910 3853 3011 3907 hac
3052 3853 3350 3922 quaestione
3393 3853 3461 3907 ad
3516 3861 3729 3908 mentem

2161 3944 2333 4001 sancti
2364 3943 2541 3998 Patris
2572 3944 2790 4014 egregie
2825 3943 3167 4014 disputarunt
3212 3941 3318 3997 duo
3366 3944 3607 4013 insignes
3633 3942 3729 3995 Au-o

2160 4035 2447 4105 gustiniani
2493 4036 2749 4104 theologi,
2813 4035 3107 4104 Gregorius
3157 4035 3541 4101 Ariminensis,
3590 4035 3636 4088 in
3684 4030 3729 4091 2.

2160 4127 2400 4181 distinct.
2426 4126 2518 4193 26,
2563 4134 2755 4195 quiest.
2786 4126 2838 4191 1,
2870 4136 2924 4181 et
2955 4124 3162 4196 Gaspar
3183 4125 3428 4180 Casalius
3460 4125 3727 4180 Lusitanus

2164 4221 2448 4289 episcopus
2489 4221 2784 4286 Leirensis,
2818 4221 2908 4275 lib.
2943 4237 2958 4276 ι
2988 4221 3055 4276 de
3086 4222 3479 4291 Quadripartita
3509 4219 3724 4280 Justitia,

2163 4328 2261 4380 per
2303 4313 2455 4379 plura
2489 4314 2688 4381 capita.
2736 4312 2965 4367 Basilius
3005 4312 3226 4368 Pontius
3272 4313 3647 4384 Legionensis,
3684 4310 3725 4362 in

2163 4404 2327 4471 priori
2384 4411 2532 4469 parte
2584 4403 2956 4457 Relectionum
3010 4403 3078 4457 de
3125 4403 3332 4471 gratia,
3393 4403 3460 4457 ad
3512 4410 3724 4458 mentem

2154 4492 2333 4546 sancti
2365 4491 2537 4547 Patris
2569 4492 2873 4562 Augustini,
2906 4507 3026 4559 cap.
3057 4492 3149 4556 75,
3180 4492 3231 4546 iu
3259 4506 3404 4561 resp.
3438 4492 3502 4547 ad
3534 4492 3584 4557 2,
3606 4488 3725 4544 εετίο

475 4573 640 4639 prius.
691 4570 904 4624 Etenim
941 4571 1129 4624 horum
1173 4570 1315 4625 dicta
1345 4574 1413 4626 ab
1437 4573 1761 4630 adversariis
1790 4578 2051 4645 explicari
2086 4573 2138 4631 D
2166 4582 2241 4635 bit
2270 4597 2330 4636 se
2354 4583 2403 4635 in
2427 4583 2593 4635 altera
2627 4596 2781 4650 parte
2809 4582 2877 4637 de
2902 4582 3154 4653 Operibus
3184 4583 3479 4639 inﬁdelium
3504 4584 3725 4652 disputa—

472 4671 698 4734 possunt
751 4662 819 4718 de
866 4662 1007 4717 bono
1052 4676 1215 4730 opere
1260 4664 1555 4730 meritorio,
1588 4667 1726 4731 quod
1781 4684 2053 4738 nunquam

472 4756 743 4824 reperitur
792 4755 846 4809 in
885 4755 950 4811 iis
998 4755 1087 4825 qui
1132 4754 1235 4808 ﬁde
1286 4767 1489 4809 carent.
1546 4756 1657 4811 lmo
1705 4773 1891 4812 omnes
1942 4761 2056 4815 fere

470 4847 801 4913 scholastici,
841 4849 930 4918 qui
963 4862 1071 4903 non
1103 4846 1350 4902 similiter
1381 4848 1678 4918 Augustino
1704 4850 1772 4904 de
1801 4854 2057 4920 operibus
2087 4919 2101 4928 ,

475 4937 769 4992 inﬁdelium
811 4942 1121 5010 loquuntur,
1173 4957 1241 4997 ne
1283 4941 1567 4997 videantur
1618 4953 1805 4999 sancto
1850 4944 2059 5000 doctori

473 5028 787 5094 adversari,
828 5031 1016 5084 dicunt
1042 5035 1538 5104 eumdemnegasse
1563 5050 1725 5104 opera
1758 5038 2052 5094 inlidelium

470 5134 592 5177 esse
620 5119 794 5185 bona,
837 5120 937 5172 hoc
968 5133 1071 5187 est,
1107 5125 1397 5191 meritoria,
1451 5137 1507 5181 ut
1534 5126 1807 5196 Pelagiani
1836 5142 2058 5186 conten-

470 5214 692 5271 debant.
733 5210 836 5267 Sed
883 5210 937 5264 hi
970 5214 1124 5279 plane
1153 5216 1433 5283 Augustini
1483 5217 1650 5273 libros
1691 5221 2055 5289 perfunctorie

471 5309 756 5377 legerunt:
790 5317 1061 5371 nunquam
1110 5305 1249 5359 enim
1296 5306 1541 5362 Julianus
1586 5310 1745 5364 aliive
1785 5304 2053 5382 Pelagiani

471 5401 741 5455 admisere
768 5410 931 5467 opera
973 5394 1267 5461 meritoria,
1299 5414 1395 5453 seu
1426 5400 1680 5455 donantia
1717 5401 1807 5471 jus
1839 5405 1903 5457 ad
1931 5405 2050 5474 glo-

468 5491 600 5545 riam
641 5493 759 5546 sine
790 5490 955 5561 gratia
979 5486 1330 5559 justiﬁcan'e.
1369 5490 1567 5545 Juliani
1598 5493 1761 5548 verba
1784 5495 1951 5550 reddo
1978 5513 2051 5551 ex

472 5580 567 5635 lib.
613 5598 684 5648 iv,
738 5598 856 5651 cap.
897 5584 930 5637 '5
967 5581 1139 5636 sancti
1188 5579 1466 5650 Augustini
1516 5590 1705 5638 contra
1759 5586 2047 5642 eumdem:

478 5687 497 5720 ι
535 5668 879 5734 Cunctarum,
912 5672 1103 5740 inquit,
1157 5671 1311 5738 origo
1356 5672 1614 5729 virtutum
1661 5675 1716 5729 in
1748 5677 2051 5734 rationabili

472 5761 651 5815 animo
690 5758 793 5811 sita
847 5766 947 5823 est,
1004 5772 1057 5817 et
1099 5762 1317 5817 affectus
1372 5777 1577 5833 omnes,
1635 5783 1730 5837 per
1775 5783 1910 5838 quos
1960 5780 2052 5826 aut

2161 4682 2357 4738 turum,
2389 4689 2546 4741 quem
2582 4684 2754 4729 tamen
2789 4676 2983 4730 librum
3017 4691 3277 4746 nusquam
3316 4680 3461 4746 potui
3485 4676 3720 4748 reperire.

2168 4767 2240 4821 Ex
2271 4766 2475 4820 exteris
2516 4766 2795 4837 Augustini
2842 4767 3168 4822 sententiam
3209 4768 3519 4825 doctissime
3560 4767 3724 4823 delen-

2162 4864 2245 4917 dit
2276 4864 2330 4917 l‘.
2384 4863 2599 4919 Macedo
2630 4865 2682 4919 in
2712 4866 2932 4919 Cortina
2960 4865 3024 4920 D.
3052 4867 3334 4935 Augustini
3367 4877 3559 4935 qumst.
3586 4865 3635 4931 2,
3667 4860 3723 4915 de

2167 4956 2487 5011 necessitate
2514 4958 2721 5027 gratiae.
2756 4958 2854 5022 Qui
2886 4957 3137 5013 doctores
3159 4959 3373 5013 solvunt
3402 4961 3561 5014 etiam
3590 4968 3725 5023 argu-

2168 5058 2346 5101 menta
2382 5064 2500 5117 qua:
2544 5058 2728 5103 contra
2780 5048 2947 5102 sancti
3001 5049 3173 5103 Patris
3219 5050 3539 5104 sententiam
3583 5044 3721 5118 vulgo

2162 5137 2530 5203 adducuntur;
2575 5140 2737 5203 unde,
2790 5154 2859 5193 ne
2904 5149 3081 5194 actum
3123 5156 3364 5211 agamus,
3420 5140 3506 5195 hic
3555 5137 3717 5194 eadem

2162 5242 2268 5280 non
2320 5226 2629 5296 repetimus.
2688 5235 2918 5298 Legatur
2971 5230 3353 5296 Ariminensis,
3398 5230 3488 5300 qui
3538 5226 3718 5297 optimc

2159 5316 2407 5370 omnibus
2436 5315 2662 5384 objectis
2694 5320 2967 5384 occurrit;
3026 5334 3199 5389 neque
3232 5322 3376 5376 enim
3415 5319 3716 5376 recentiores

2160 5422 2296 5462 nova
2328 5416 2647 5476 argumenta
2699 5409 3029 5478 produxere,
3072 5412 3265 5479 quibus
3290 5411 3715 5481 Augustinianutn

2159 5508 2422 5554 assertum
2470 5499 2865 5570 impugnarent.
2915 5501 3037 5557 Scio
3068 5502 3190 5557 illos
3217 5519 3487 5571 opponere
3517 5502 3715 5557 damna-

2161 5602 2266 5646 tam
2314 5592 2449 5646 hanc
2488 5592 2598 5646 Baii
2640 5595 3102 5663 propositionem:
3138 5594 3514 5665 Omniaopera
3554 5588 3715 5657 inlide-

2160 5685 2286 5737 lium
2309 5691 2426 5736 sunt
2456 5694 2684 5753 peccata,
2715 5696 2821 5741 etc.
2853 5687 2956 5742 Sed
2991 5687 3087 5741 hac
3112 5701 3333 5742 censura
3366 5687 3530 5741 sancti
3560 5679 3713 5737 Patris

2160 5774 2423 5829 sententia
2467 5775 2773 5844 neutiquam
2816 5776 3143 5847 percellitur.
3193 5776 3398 5831 Etenim
3441 5776 3523 5830 hic
3556 5771 3709 5842 palam
