3892 6302
156 338 255 395 Βξε)

1315 332 1633 391 ἾΙΝΟΙΟΙΛΕ
1674 331 2233 393 ΑυΟυΞΤΙΝΙΑΝίΕ.

3317 332 3419 391 650

156 456 396 511 concedit
444 456 495 511 in
544 454 847 511 inﬁdelibus
888 453 1062 525 aliqua
1103 467 1265 524 opera
1309 453 1446 507 bona
1480 453 1531 507 in
1564 452 1732 522 prima
1764 458 1813 513 Α
1838 454 2182 509 doctissimus
2216 451 2420 520 Caspar
2461 450 2735 518 Casalius,
2784 451 3151 520 Augustiniaui
3190 452 3417 507 institutt

153 548 338 603 saltem
386 546 469 601 sui
521 546 911 617 productione,
963 560 1029 600 ex
1074 544 1244 617 gratia
1297 552 1474 599 tamen
1512 544 1729 598 donata.

155 640 414 695 Praeterea
440 640 602 695 etiam
629 640 745 694 sine
771 640 939 709 gratia
975 639 1133 690 homo
1173 635 1414 705 appetitu
1460 635 1642 690 innato
1664 636 1730 690 ex

157 731 433 803 Augustini
474 731 737 786 sententia
788 740 930 784 amat
972 744 1237 781 summum
1283 728 1502 793 bonum,
1552 727 1732 781 nullus

150 821 288 875 enim
311 821 501 889 estqui
524 838 629 875 non
660 822 787 875 velit
818 823 1164 875 essebeatus.
1187 819 1427 873 Etdehis
1446 819 1727 873 hactenus.

222 921 289 973 At
314 920 563 988 quoniam
605 921 673 975 ob
710 920 847 973 hanc
890 918 1061 988 ipsam
1093 918 1411 974 sententiam
1450 919 1517 974 de
1547 919 1730 988 operi-

151 1010 246 1062 bus
273 1008 570 1063 infidelium
616 1011 943 1079 Augustinus
984 1010 1124 1063 male
1155 1009 1301 1063 audit
1340 1024 1370 1063 a
1400 1008 1726 1074 Maldonato,

153 1097 310 1150 liheat
362 1099 544 1166 paucis
594 1098 823 1151 hominis
872 1098 1013 1151 dicta
1060 1098 1327 1153 refellere.
1375 1099 1424 1152 Is
1470 1098 1631 1167 igitur
1678 1098 1731 1153 in

144 1197 435 1242 comment.
468 1202 583 1256 cap.
620 1203 669 1241 vt
700 1187 890 1242 Matth.
920 1202 1065 1242 vers.
1103 1187 1189 1253 18,
1220 1188 1289 1242 ita
1319 1187 1507 1243 scribit
1534 1206 1547 1241 :
1582 1206 1600 1240 t
1622 1187 1731 1243 Nec

145 1272 285 1326 enim
319 1276 593 1345 sequenda
638 1275 727 1331 illa
770 1276 952 1343 Opinio
999 1284 1105 1343 est,
1150 1291 1309 1346 quam
1359 1276 1729 1332 Tridentinum

144 1364 433 1419 concilium
478 1381 649 1435 nuper
690 1358 883 1421 merito
911 1366 1205 1434 damnavit,
1255 1365 1432 1421 omnia
1482 1377 1729 1435 peccato-

144 1471 261 1510 rum
291 1458 564 1512 autetiam
597 1457 895 1512 inﬁdelium
924 1472 1085 1525 opera
1117 1472 1238 1513 esse
1271 1464 1507 1525 peccata,
1540 1472 1729 1526 quam-

150 1548 232 1601 vis
266 1549 567 1602 maximum
598 1555 871 1601 auctorem
905 1547 967 1601 Ι).
996 1546 1350 1617 Augustinum
1401 1547 1493 1599 lib.
1528 1560 1579 1599 tv
1605 1559 1732 1599 con-

140 1649 225 1691 tra
253 1638 526 1693 lulianum
549 1654 669 1707 cap.
714 1637 766 1703 5,
797 1649 849 1692 et
879 1646 1062 1693 contra
1086 1637 1217 1690 duas
1247 1637 1499 1704 epistolas
1525 1635 1727 1705 Pelag,

141 1744 269 1797 cap.
293 1730 349 1794 5,
375 1739 427 1783 et
450 1730 769 1797 Prosperum
797 1737 936 1783 sent.
956 1727 1066 1779 106
1086 1770 1101 1794 ,
1137 1727 1388 1782 habuisse
1409 1726 1674 1782 videatur.
1705 1744 1723 1777 ι

1834 544 1934 609 vir,
1959 552 2012 598 et
2034 543 2319 612 episcopus
2349 541 2621 597 Leirensis
2655 542 2959 605 Lusitanus,
2989 543 3077 611 qui
3111 558 3253 596 anno
3281 543 3419 596 1562

1834 636 2021 704 ingens
2048 635 2296 691 volumen
2326 635 2394 690 de
2424 635 2823 704 Quadripartita
2854 634 3064 689 Justitia
3099 635 3413 703 inscriptum

1833 725 2073 780 Tridenti
2104 727 2443 795 composuit,
2494 741 2554 781 ac
2588 727 2778 796 legatis
2808 735 3005 780 sanctae
3036 726 3181 780 sedis
3212 740 3418 779 nuncu-

1833 815 2001 881 pavit,
2062 818 2113 871 in
2170 818 2324 888 cujus
2381 819 2521 873 libro
2577 834 2615 885 ι,
2660 835 2689 873 a
2745 834 2863 887 cap.
2918 817 3014 883 2'2,
3074 818 3421 873 dilfusissime

1832 908 2002 962 sancti
2054 909 2336 979 Augustini
2374 912 2693 964 sententiam
2728 919 3045 979 propugnat,
3090 909 3332 973 Patrum,
3365 920 3421 964 et

1834 998 2200 1069 theologorum
2234 1010 2342 1055 tum
2372 1003 2688 1056 auctoritate
2714 1011 2822 1056 tum
2851 1004 3143 1058 rationibus
3172 1003 3415 1057 eamdem

1833 1089 2182 1145 conﬁrmans.
2213 1090 2281 1144 At
2312 1092 2488 1146 sessio
2520 1092 2607 1145 illa
2638 1092 2704 1147 de
2731 1095 3114 1158 justilicatione
3146 1094 3416 1147 celebrata

1834 1180 2009 1234 fuerat
2048 1195 2191 1235 anno
2229 1182 2386 1236 1547.
2449 1183 2598 1237 Itane
2644 1192 2847 1238 tantum
2893 1186 3133 1239 audacias
3182 1186 3298 1237 viro
3341 1183 3417 1237 illi

1835 1270 2000 1325 fuisse
2029 1270 2268 1325 dicemus
2291 1311 2305 1333 ,
2356 1280 2411 1324 ut
2446 1271 2749 1326 damnatam
2779 1288 2807 1325 a
2842 1275 3048 1344 synodo
3094 1275 3414 1329 sententiam

1835 1362 2026 1415 iterum
2064 1371 2207 1439 tanta
2249 1363 2600 1417 contentione
2640 1364 2987 1419 defenderet?
3039 1365 3225 1420 Libeat
3254 1364 3417 1419 Casa-

1834 1453 1962 1507 lium
2011 1454 2195 1508 audire
2238 1471 2251 1506 :
2290 1472 2308 1505 t
2348 1455 2535 1517 Porro,
2592 1454 2783 1525 inquit,
2835 1457 2902 1511 de
2949 1457 3042 1511 illo
3092 1457 3218 1521 alio,
3275 1459 3417 1520 quod

1833 1560 2047 1613 semper
2075 1544 2402 1613 Augustinus
2430 1546 2641 1600 videtur
2665 1547 2862 1602 docere
2881 1590 2897 1614 ,
2930 1558 3077 1602 ettra
3114 1549 3299 1613 ﬁdem,
3330 1564 3415 1601 cx-

1835 1644 1913 1688 tra
1952 1635 2314 1704 cognitionem
2350 1636 2464 1690 veri
2508 1636 2599 1689 Dei
2631 1652 2735 1691 non
2786 1638 3007 1705 reperiri
3055 1639 3289 1707 aliquam
3322 1654 3416 1692 ve-

1835 1740 1949 1778 ram
1982 1726 2228 1779 virtutem
2249 1768 2264 1791 ,
2297 1741 2415 1794 qua:
2442 1741 2549 1781 non
2576 1728 2646 1780 sit
2676 1729 2896 1791 vitium,
2927 1729 3054 1797 quid
3085 1727 3364 1782 dicendqu
3390 1730 3415 1782 ?

143 1821 417 1888 Nusquam
446 1820 859 1876 docuitsanctus
899 1818 1057 1873 Pater
1083 1819 1261 1873 omnia
1284 1833 1447 1886 opera
1481 1825 1727 1886 peceato-
1759 1826 1804 1884 Β
1836 1819 1974 1885 Quid
2008 1820 2317 1882 dicendum,
2348 1820 2594 1890 inquam,
2628 1821 2921 1875 secundum
2954 1822 3271 1874 sententiam
3302 1822 3418 1889 ejus

142 1924 258 1964 rum
286 1924 409 1965 esse
440 1910 625 1964 vitiosa
646 1951 659 1973 ,
688 1910 777 1978 qui
824 1910 1121 1964 recentium
1166 1908 1546 1962 haereticorum
1576 1922 1728 1961 error

142 2012 222 2054 est
249 2000 530 2055 damnatus
561 2000 616 2054 in
645 2000 961 2054 Tridentino
990 2014 1129 2053 sess.
1163 1998 1218 2064 6,
1248 2013 1367 2053 can.
1403 1999 1457 2052 7.
1484 1998 1595 2052 Imo
1622 1999 1731 2051 Au-

143 2091 384 2158 gustinus
430 2092 734 2159 oppositum
788 2105 934 2159 smpe
989 2090 1186 2155 docet;
1237 2104 1359 2143 nam
1401 2103 1519 2157 cap.
1576 2090 1606 2141 7
1659 2088 1725 2141 de

148 2180 622 2236 Praedestinatione
651 2191 959 2236 sanctorum
1006 2179 1166 2235 tradit
1190 2180 1370 2235 omnia
1392 2180 1531 2235 bona
1563 2192 1726 2246 opera

145 2271 402 2337 Cornelii,
433 2280 717 2341 antequam
743 2273 1011 2337 crederet,
1055 2272 1164 2326 Deo
1192 2278 1409 2340 accepta
1440 2269 1726 2325 referenda

145 2373 279 2424 esse,
304 2368 361 2413 ut
384 2360 626 2428 proxime
655 2361 1010 2415 ostendimus.
1055 2360 1179 2415 Item
1204 2361 1294 2415 lib.
1339 2360 1407 2415 de
1436 2359 1723 2422 Patientia,

145 2462 257 2518 cap.
288 2449 382 2516 26,
414 2450 570 2505 docet
617 2450 1023 2506 schismatieum
1066 2451 1156 2521 qui
1206 2451 1397 2505 timore
1443 2463 1725 2518 poenarum

146 2547 460 2593 teter-narum
504 2540 768 2595 cruciatus
810 2541 1059 2607 sustinet,
1110 2556 1177 2595 ne
1222 2540 1496 2595 Christum
1542 2548 1723 2609 neget,

149 2627 296 2690 bene,
347 2630 484 2683 citra
534 2629 782 2681 meritum
837 2637 1016 2683 tamen
1066 2629 1186 2682 vitae
1233 2638 1479 2693 :eternaz,
1526 2642 1725 2697 agere:

153 2738 167 2767 ι
196 2719 355 2774 Nullo
378 2719 541 2773 modo
569 2721 666 2773 ista
698 2719 958 2787 culpanda
993 2729 1138 2785 sunt,
1165 2718 1433 2785 inquiens,
1459 2718 1567 2771 imo
1594 2730 1725 2770 vero

146 2818 195 2863 et
233 2812 351 2865 haec
395 2810 660 2864 laudanda
715 2811 965 2878 patientia
1008 2816 1109 2863 est.
1138 2828 1157 2861 ›
1211 2809 1275 2863 Ει
1320 2824 1439 2877 cap.
1485 2808 1554 2861 27
1609 2814 1727 2868 ait:

154 2920 171 2953 ι
196 2900 374 2968 Neque
405 2901 549 2953 enim
589 2900 688 2953 hoc
710 2916 815 2954 non
857 2909 939 2954 est
986 2900 1204 2966 bonum,
1247 2908 1304 2953 ut
1335 2900 1518 2953 credat
1568 2900 1731 2957 homo

150 3001 346 3046 aeterno
373 2990 643 3060 supplicio
682 3004 743 3045 se
791 3004 914 3045 esse
960 2990 1307 3059 puniendum,
1358 2991 1403 3045 si
1456 2993 1730 3061 negaverit

151 3083 431 3149 Christum,
482 3092 539 3136 ttt
578 3097 674 3151 pro
705 3082 803 3136 ista
845 3080 948 3135 ﬁde
981 3079 1348 3149 qualecunque
1400 3082 1726 3151 supplicium

1834 1915 1885 1961 tl
1916 1908 2139 1962 aliorum
2184 1918 2492 1963 sanctorum
2536 1910 2861 1964 doctorum?
2907 1910 3095 1977 Quoad
3127 1910 3300 1979 ipsum
3345 1912 3419 1963 di-

1832 1999 2001 2053 cimus
2035 2016 2047 2051 :
2076 1999 2192 2068 Ipse
2234 1999 2450 2069 quidem
2487 1999 2559 2052 ita
2593 2000 2805 2065 docuit,
2838 2011 2893 2055 et
2922 2000 3045 2069 quia
3076 2016 3235 2055 verax
3277 2011 3414 2065 erat,

1831 2099 1991 2158 atque
2019 2104 2083 2144 ex
2125 2090 2287 2145 corde
2333 2090 2649 2160 loquebatur
2673 2131 2688 2155 ,
2735 2092 2806 2145 ita
2836 2090 3088 2145 credidit.
3142 2089 3294 2144 Nune
3325 2090 3417 2144 alii

1830 2195 1986 2234 secus
2033 2180 2217 2236 dicunt
2240 2222 2256 2244 ,
2302 2182 2399 2235 sed
2429 2183 2637 2250 seipsos
2667 2182 3026 2251 sapientiores
3054 2196 3176 2236 esse
3209 2184 3417 2251 Augus—

1832 2271 1943 2324 tino
1997 2287 2102 2326 non
2161 2272 2507 2327 ostendunt.»
2563 2272 2669 2327 Sed
2720 2288 2825 2326 non
2884 2273 3020 2328 adeo
3060 2274 3307 2342 rigorose
3350 2273 3419 2326 de

1828 2361 2079 2441 operibus
2117 2362 2408 2417 infidelium
2449 2373 2664 2417 sanctus
2692 2364 2882 2419 doctor
2911 2364 3117 2417 locutus
3150 2371 3255 2428 est,
3288 2377 3410 2415 nam

1828 2456 2035 2527 aliquos
2081 2459 2399 2528 quandoque
2449 2458 2705 2513 virtutum
2750 2466 2902 2513 actus
2953 2457 3177 2513 eosdem
3215 2456 3415 2510 elicere

1830 2548 2002 2615 palam
2033 2548 2332 2612 concessit,
2376 2558 2434 2601 ut
2462 2563 2527 2602 ex
2556 2548 2711 2602 dictis
2732 2548 2870 2625 satis
2897 2556 3138 2617 apparet.

1836 2654 1862 2723 §
1899 2655 1963 2705 V.
1995 2655 2075 2707 An
2106 2665 2309 2707 sanctus
2350 2656 2667 2721 Augustinus
2705 2671 2931 2709 asserens
2969 2655 3209 2721 parvulos
3245 2656 3418 2721 puniri

1903 2725 2169 2804 mitissima
2200 2741 2347 2792 poma
2388 2741 2561 2778 sensus
2598 2726 2651 2776 in
2695 2725 2893 2792 inferis,
2924 2741 3014 2794 per
3050 2741 3311 2777 excessum
3339 2727 3415 2778 lo-

1907 2802 2048 2847 cutus
2073 2802 2160 2846 8η.

1906 2906 2172 2976 Nusquam
2206 2906 2325 2960 novi
2349 2906 2627 2975 Augustini
2655 2921 2907 2962 censores
2931 2908 3121 2977 potiori
3147 2908 3299 2963 titulo
3326 2924 3415 2964 ex-

1834 3013 2021 3053 cessus
2047 2999 2223 3053 eidem
2266 2997 2501 3067 objicere
2543 2999 2812 3065 videntur,
2844 3015 3002 3069 quam
3036 3001 3122 3055 ubi
3153 3000 3218 3053 de
3249 3002 3420 3069 ptenis

1837 3103 2122 3156 puerorum
2147 3088 2263 3142 sine
2290 3089 2554 3156 baptismo
2578 3090 2955 3146 decedentium
2976 3107 3097 3146 cum
3122 3093 3421 3163 Pelagianis

154 3175 392 3243 perferat,
427 3183 486 3230 et
515 3184 827 3229 contemnat
857 3174 1173 3227 humanum.
1204 3171 1437 3227 Proinde
1464 3176 1602 3228 sicut
1633 3190 1728 3229 ne-
1759 3180 1803 3240 C
1836 3178 2147 3247 diSputavit.
2204 3180 2413 3233 Etenim
2475 3181 2681 3249 antiqui
2733 3182 2894 3236 etiam
2954 3183 3257 3237 scholastici
3320 3182 3422 3239 hoc

152 3269 368 3334 gandum
401 3282 515 3323 non
558 3278 638 3321 est
670 3266 771 3320 hoc
801 3269 960 3319 etiam
994 3278 1114 3319 esse
1154 3264 1354 3319 donum
1389 3265 1507 3330 Dei,
1552 3268 1620 3321 ita
1649 3268 1727 3321 in-

156 3359 486 3429 tctligendum
538 3367 620 3413 est
668 3356 769 3412 alia
818 3372 936 3411 esse
988 3357 1079 3411 Dei
1120 3356 1260 3411 dona
1301 3357 1531 3412 ﬁliorum
1585 3359 1730 3415 illius

155 3447 500 3514 Hierusalem,
544 3464 661 3517 qua:
699 3463 907 3502 sursum
953 3448 1120 3501 libera
1169 3457 1253 3501 est
1300 3459 1471 3502 mater
1519 3459 1726 3504 nostra.

58 3552 61 3557 '
156 3540 265 3594 Ilmc
292 3553 411 3595 sunt
438 3541 588 3593 enim
619 3538 1015 3609 quodammodo
1056 3536 1417 3605 haereditaria,
1449 3539 1502 3590 in
1536 3539 1730 3607 quibus

153 3643 319 3684 sumus
347 3631 598 3687 literedes
639 3631 754 3694 Dei,
785 3628 1099 3685 cohaaredes
1125 3637 1305 3683 autem
1348 3628 1573 3686 Christi.
1606 3630 1727 3684 Alia

154 3736 289 3788 vero,
333 3739 465 3792 qua:
501 3731 723 3792 possunt
760 3721 1012 3789 accipere
1056 3719 1219 3774 etiam
1266 3718 1359 3773 filii
1406 3718 1732 3774 concubina-

154 3830 278 3879 rum,
309 3818 516 3886 quibus
554 3814 721 3870 Judaei
745 3816 1017 3877 carnales,
1053 3821 1105 3866 et
1148 3812 1473 3868 schismatiei
1504 3812 1587 3866 vel
1620 3812 1731 3866 ha:-

155 3909 287 3962 retici
318 3916 731 3977 comparantur.
782 3911 853 3961 At
889 3906 1173 3959 Cornelius
1218 3914 1343 3961 ante
1384 3906 1729 3973 baptismum,

154 4001 266 4055 item
301 4002 488 4057 Judaei
522 4008 577 4055 et
621 3999 858 4054 haeretici
890 3998 1033 4051 inter
1058 4006 1370 4067 peccatores
1422 4006 1730 4064 censentur,

154 4108 360 4161 quorum
390 4103 585 4148 tamen
622 4105 784 4159 opera
816 4088 1061 4158 quaedam
1094 4087 1382 4152 laudanda,
1424 4095 1608 4154 utpote
1639 4086 1730 4140 Dei

154 4184 298 4253 dona,
322 4186 663 4258 Augustinus
687 4182 953 4238 concedit.
1001 4180 1131 4233 Illud
1166 4194 1295 4234 vero
1334 4178 1555 4232 tolerari
1588 4178 1734 4232 nullo

156 4277 296 4330 modo
322 4284 529 4343 potest,
557 4273 699 4344 quod
731 4272 892 4327 audet
932 4269 1270 4324 Maldonatus
1313 4282 1579 4334 asserere,
1611 4267 1733 4321 Tri~

156 4363 405 4420 dentinam
458 4365 724 4436 synodum
769 4363 1054 4417 damnasse
1096 4360 1417 4414 sententiam
1451 4358 1732 4429 Augustini

156 4456 214 4511 de
250 4460 510 4527 operibus
543 4456 856 4511 inﬁdelium.
906 4454 1153 4517 Ubinam,
1191 4467 1373 4521 quaeso
1399 4464 1470 4519 te,
1498 4454 1735 4523 synodus

1834 3268 2005 3336 ipsum
2054 3268 2121 3323 de
2167 3277 2352 3323 santto
2393 3269 2615 3323 doctore
2658 3271 3017 3339 publicarunt.
3052 3274 3161 3327 lloc
3202 3273 3417 3339 Scottis,

1836 3361 1935 3412 hoc
1968 3359 2288 3425 Richardus,
2320 3360 2422 3413 hoc
2451 3360 2639 3430 Major,
2669 3362 2985 3430 Capreofus,
3011 3364 3208 3433 aliique
3237 3366 3423 3418 unani-

1837 3452 1908 3504 mi
1957 3466 2225 3506 consensu
2277 3451 2565 3506 tradidere.
2608 3450 2685 3504 De
2737 3452 2835 3505 hoc
2882 3454 3163 3522 Augustini
3224 3455 3422 3522 placito

1836 3542 2049 3608 scripsit
2095 3550 2312 3595 sanctus
2366 3543 2737 3595 Bonaventura
2774 3561 2783 3592 :
2823 3561 2842 3593 t
2896 3543 3019 3595 Plus
3063 3544 3216 3608 dixit,
3248 3548 3423 3599 minus

1840 3631 2023 3685 volens
2062 3630 2308 3699 intelligi.
2349 3651 2367 3683 ι
2402 3632 2573 3697 Quam
2617 3632 2939 3685 sententiam
2980 3634 3221 3687 Annatus
3257 3650 3423 3703 grau-

1836 3723 2079 3777 dioribus
2110 3723 2513 3778 characteribus
2543 3722 2847 3791 exscripsit,
2877 3723 3176 3792 saepiusque
3216 3724 3282 3778 ad
3313 3728 3425 3778 Au-

1837 3816 2033 3886 gusti‘ni
2059 3817 2431 3871 auctoritatem
2460 3815 2773 3871 elevandam
2800 3816 3057 3869 obtrudit.
3074 3815 3183 3871 Nec
3205 3814 3425 3871 defuere

1836 3908 1924 3976 qui
1973 3923 2085 3961 rem
2136 3908 2390 3977 politulo,
2424 3914 2482 3960 ut
2514 3906 2644 3974 ipsis
2673 3906 2888 3976 quidem
2922 3906 3149 3973 videtur,
3176 3907 3425 3974 exemplo

1837 4000 2193 4067 explicarunt,
2219 4008 2353 4054 teste
2386 3998 2668 4064 Hauzerio,
2695 4008 2825 4052 tom.
2851 3997 2891 4051 ll
2925 3997 3221 4052 Anatomiae
3248 3998 3426 4066 Auguo

1837 4090 2104 4155 stiniante,
2130 4090 2236 4145 col.
2269 4089 2375 4143 765
2405 4105 2417 4141 :
2458 4106 2477 4140 ι
2517 4088 2673 4149 llinc,
2707 4087 2900 4156 inquit,
2930 4088 3070 4143 sicut
3100 4089 3306 4158 equites
3333 4102 3423 4141 aro

1840 4182 1991 4247 mati,
2017 4182 2140 4236 dum
2171 4181 2494 4235 invehuntur
2534 4179 2584 4233 in
2635 4178 2839 4243 hostes,
2869 4180 3045 4235 solent
3084 4180 3272 4235 eodem
3319 4180 3419 4233 im-

1841 4285 1961 4343 petu
1991 4274 2177 4328 obvios
2205 4273 2362 4327 etiam
2396 4285 2591 4341 pueros
2627 4271 2859 4326 inermes
2890 4273 3236 4335 conculcare;
3268 4272 3339 4324 ita
3372 4283 3427 4327 et

1843 4367 1901 4420 Β.
1929 4367 2259 4434 Augustinus
2305 4363 2674 4434 persequendo
2712 4363 3025 4433 Pelagianos
3064 4362 3272 4416 videtur
3303 4364 3423 4427 qui—

1841 4458 2065 4511 busdam
2111 4456 2263 4525 quasi
2314 4470 2423 4525 prze
2470 4455 2679 4509 fervore
2731 4453 2994 4524 pugnandi
3042 4454 3218 4506 minus
3264 4451 3423 4504 etiam

157 4546 214 4601 de
240 4550 502 4616 operibus
560 4546 850 4601 inﬁdelium
902 4544 1168 4613 loquitur?
1210 4543 1430 4599 Canone
1474 4544 1568 4599 illo
1606 4556 1732 4613 sep-
1767 4539 1817 4598 D
1847 4545 2079 4615 parvulis
2110 4544 2214 4599 illis
2245 4545 2567 4614 pepercisse.
2608 4563 2625 4595 ν
2661 4544 2911 4611 Quiuimo
2953 4558 3049 4596 nec
3074 4556 3105 4594 a
3132 4549 3425 4594 scouimate

162 4637 278 4692 timo
305 4640 533 4695 damnat
570 4640 833 4693 dicentem
869 4654 881 4690 :
915 4654 932 4687 t
974 4637 1145 4704 Opera
1187 4637 1401 4703 omnia,
1436 4649 1558 4704 qua:
1608 4643 1732 4688 ante

166 4728 585 4793 jnstilicationent
660 4730 836 4793 tiunt,
913 4741 1237 4796 quacunque
1315 4727 1526 4780 ratione
1594 4724 1734 4779 facta

168 4818 281 4884 sint,
314 4837 435 4878 vere
485 4834 607 4876 esse
655 4827 892 4889 peccata,
934 4818 1015 4871 vel
1068 4818 1252 4872 odium
1304 4815 1400 4871 Dei
1448 4815 1667 4871 mereri.
1707 4832 1727 4865 ι

170 4908 273 4973 Quo
299 4914 640 4967 anathemate
665 4910 885 4980 conﬁgit
925 4922 1162 4964 errorem
1206 4915 1524 4961 aovatorum
1548 4907 1731 4961 dicen-

173 4998 287 5055 tium
328 5006 502 5057 omnia
533 5016 696 5073 0pora
726 5004 860 5056 facta
887 5003 954 5054 ab
986 5002 1202 5055 homine
1228 5008 1380 5054 extra
1411 4999 1727 5054 cbaritatem

172 5096 219 5140 et
257 5081 307 5144 iri
344 5104 563 5160 peccato
606 5092 898 5147 constituto
939 5106 1061 5148 esse
1105 5098 1347 5161 peccata,
1387 5090 1530 5160 quod
1569 5090 1660 5143 illa
1701 5106 1730 5143 a

174 5180 493 5237 conscientia
519 5192 669 5237 reatu
709 5182 1004 5247 vitiantur;
1047 5195 1167 5250 qua:
1203 5181 1471 5236 sententia
1503 5189 1557 5235 et
1595 5179 1728 5235 falsa

175 5275 222 5319 et
252 5270 371 5325 olim
415 5273 663 5327 damnata
710 5272 827 5334 fuit,
879 5274 955 5326 uti
1005 5272 1256 5337 vidimus,
1303 5272 1370 5325 ab
1412 5272 1728 5341 Augustino.

178 5358 385 5418 Tantum
421 5381 549 5422 vero
576 5366 728 5420 abest
756 5374 813 5419 ut
854 5364 1039 5419 Patres
1070 5363 1366 5419 Tridentini
1397 5379 1515 5417 eam
1561 5364 1731 5417 sancti

180 5451 392 5511 doctoris
417 5458 733 5513 sententiam
762 5454 1083 5519 damnarint,
1128 5454 1254 5523 quin
1298 5454 1470 5523 potius
1500 5469 1607 5509 non
1635 5453 1729 5508 de-

184 5537 325 5595 fuerit
347 5560 414 5599 ex
443 5562 626 5603 eorum
657 5558 798 5603 ctetu
834 5556 889 5601 et
917 5547 1137 5600 scientia
1178 5554 1234 5600 et
1257 5546 1513 5613 dignitate
1545 5559 1732 5614 perce«

183 5626 358 5701 lebris,
398 5636 485 5708 qui
531 5648 714 5709 postea
758 5637 1041 5708 Augustini
1083 5637 1401 5692 sententiam
1456 5638 1509 5690 in
1567 5650 1730 5691 sensu

183 5722 327 5779 Etiam
353 5731 599 5787 scveriori
634 5740 903 5800 acceptam
947 5730 1265 5787 defenderit.
1321 5731 1415 5786 Hic
1442 5739 1727 5792 autemest

1836 4638 2183 4701 abstinuere;
2236 4635 2471 4691 afﬁrmat
2519 4637 2661 4690 enim
2708 4636 2839 4691 Solo
2894 4635 3015 4688 illos
3063 4633 3152 4702 qui
3198 4631 3419 4700 positam

1836 4731 2007 4785 sancti
2056 4728 2336 4799 Augustini
2386 4729 2705 4783 sententiam
2754 4726 3081 4789 defendunt,
3127 4725 3420 4793 nuncupari

1838 4822 2144 4891 ignominiaa
2170 4835 2329 4877 causn
2359 4829 2576 4874 tortores
2606 4832 2904 4889 puerorum,
2935 4825 2989 4871 et
3022 4824 3203 4871 noster
3233 4817 3426 4872 Putea-

1840 4929 1939 4967 nus
1966 4914 2017 4966 in
2048 4912 2165 4977 1-2,
2193 4920 2383 4980 quaest.
2410 4912 2499 4974 85,
2526 4918 2630 4963 art.
2655 4909 2710 4972 4,
2737 4907 2865 4963 dub.
2894 4906 2951 4974 4,
2974 4916 3197 4964 testatur
3224 4908 3424 4979 Grego-

1839 5007 1975 5060 rium
2008 5003 2427 5068 Ariminensem,
2458 4999 2600 5069 quod
2632 4999 2828 5053 similia
2858 5001 3151 5071 Augustino
3184 5002 3420 5067 tradidit,

1836 5095 2089 5168 appellari
2116 5104 2355 5147 tortorem
2384 5108 2682 5165 puerorum.
2716 5091 2898 5163 Itaque
2927 5093 3184 5159 Adamus,
3216 5109 3333 5162 cap.
3364 5093 3419 5159 6,

1838 5202 1957 5257 pag.
1984 5184 2111 5251 636,
2143 5184 2330 5239 scribit
2368 5184 2723 5254 Augustinum
2769 5185 2821 5239 in
2871 5188 3095 5241 taxanda
3140 5185 3419 5240 infantium

1836 5262 1995 5347 ptena
2039 5293 2058 5327 t
2102 5274 2202 5329 zeli
2246 5287 2470 5328 excessu
2506 5282 2655 5328 extra
2704 5274 3052 5342 quaestionem
3094 5288 3250 5342 quam
3294 5287 3415 5325 cum

1838 5363 2135 5433 Pelagianis
2166 5362 2395 5418 habebat
2427 5372 2652 5418 tractum
2687 5363 2879 5429 fuisse,
2909 5378 2972 5418 ac
3011 5371 3203 5431 praeter
3245 5362 3416 5416 inten-

1839 5455 2037 5509 tionem
2088 5455 2341 5507 locutum.
2387 5472 2407 5505 ι
2457 5452 2752 5522 Additque,
2792 5453 2977 5507 Patres
3013 5469 3033 5504 t
3069 5451 3155 5518 qui
3206 5451 3272 5505 ile
3321 5453 3419 5506 hac

1837 5546 2137 5615 quastione
2183 5545 2447 5613 scripsere
2489 5557 2677 5599 omnes
2720 5542 3043 5596 contrariam
3096 5544 3416 5597 sententiam

1842 5634 2142 5691 tradidisse.
2176 5653 2192 5684 ι
2221 5632 2364 5689 Idem
2393 5634 2551 5689 habet
2574 5632 2855 5695 Moraines,
2875 5630 3013 5699 disp.
3038 5632 3130 5699 40,
3155 5647 3299 5685 num.
3324 5635 3415 5687 ϐυ.

1842 5726 1993 5795 Quod
2020 5742 2146 5784 vero
2174 5725 2462 5795 Gregorius
2488 5725 2707 5794 Magnus
2740 5740 2801 5781 ac
2834 5723 3144 5794 Fulgentius
3175 5724 3421 5787 Ruspcu-
