3892 6352
399 335 492 388 651

1285 330 1839 391 δυΡΡΙΕΜΕΝΤυΜ
1880 330 1970 385 AD
2009 327 2236 385 OPlIﬂA
2279 330 2335 387 S.
2380 328 2768 387 AUGUSTINI.

3550 325 3643 383 οδε

399 447 474 500 sis
504 446 555 500 in
586 461 647 501 ea
676 445 915 500 doctrina
948 461 1064 500 cum
1096 457 1280 503 sancto
1308 450 1600 518 Augustino
1629 451 1969 511 concinuere,
2004 451 2048 505 A
2084 448 2423 517 Evangelium
2457 448 2720 517 loquitur;
2752 444 2884 497 duas
2914 449 3090 510 partes
3119 441 3351 496 factum.
3383 449 3499 508 est,
3526 442 3645 499 dex-

398 540 586 593 scrihit
626 556 639 591 :
686 557 704 590 ι
759 539 871 593 Non
919 555 981 595 ex
1024 556 1181 593 sensu
1228 540 1516 602 Ecclesia),
1548 549 1797 607 tanquam
1836 539 1977 592 illius

402 639 598 692 tt-stes,
626 629 718 682 sed
759 645 821 683 ex
853 645 952 684 suo
984 630 1032 683 id
1064 632 1380 684 asseruisse.
1421 650 1437 679 ι
1475 631 1585 700 Ego
1613 631 1827 697 quidem
1865 644 1976 683 rem

326 790 327 793 η
404 722 802 790 Augustinianm
833 723 1029 776 schola:
1066 735 1269 791 gratam
1302 738 1387 777 me
1424 722 1684 776 facturum
1724 722 1977 785 arbitror,

402 813 444 862 si
479 812 577 866 hac
606 812 657 866 in
690 828 746 867 re
774 821 1014 867 sanctum
1044 812 1255 866 Patrem
1284 814 1426 866 omni
1455 827 1777 867 escessuum
1809 809 1981 879 suspi-

404 903 557 955 cione
584 903 1184 970 liberavero,simulque
1210 903 1495 957 ostendero
1521 902 1767 957 eumdem
1795 902 1981 955 catho-

407 995 522 1047 licae
549 993 803 1049 Ecclesiae
834 994 1107 1063 probatum
1137 994 1349 1063 dogma,
1373 1008 1708 1047 communem
1739 992 1983 1059 antiquo-

408 1098 523 1135 rum
556 1083 792 1151 Patrum,
827 1098 888 1137 ac
919 1084 1098 1151 seipse
1119 1083 1329 1151 dignam
1358 1084 1677 1138 sententiam
1706 1081 1978 1144 docuisse;

406 1191 438 1228 e
467 1186 651 1230 contra
684 1191 810 1229 vero
843 1175 1281 1231 SCIIOlaaliCOI'llm
1314 1176 1595 1245 plerosque
1622 1174 1674 1228 in
1706 1174 1983 1244 Opiniones

408 1266 663 1333 quasdam
700 1266 766 1321 de
797 1266 1073 1320 infantium
1108 1266 1279 1333 ptenis
1308 1265 1671 1329 descendisse,
1697 1280 1817 1334 quae
1849 1279 1982 1329 pou-

413 1356 609 1411 tilicnm
640 1357 1001 1413 Romanorum
1024 1401 1038 1421 ,
1072 1358 1395 1429 synodorum
1426 1374 1488 1414 ac
1519 1359 1733 1412 Patrum
1774 1358 1985 1412 statutis

412 1450 566 1516 plane
592 1449 960 1504 adversantur.
982 1449 1112 1505 Rem
1144 1450 1324 1519 paucis
1350 1451 1427 1504 sic
1450 1448 1698 1505 coniicio.

415 1580 593 1633 Sancti
627 1580 795 1635 Patris
824 1583 1095 1652 Augustini
1122 1583 1367 1636 sententia
1400 1582 1463 1635 de
1491 1582 1649 1650 poenis
1671 1578 1988 1652 sensibilibus

485 1653 811 1718 paruulorum
841 1649 948 1705 sine
977 1654 1225 1720 baptismo
1253 1654 1601 1707 decedentium
1623 1652 1861 1704 adversus
1890 1649 1985 1703 Pe-

487 1723 713 1789 lagianos
744 1721 935 1773 tradita
965 1724 1285 1791 proponitur.
1319 1721 1550 1774 Primum
1592 1738 1684 1789 pro
1727 1725 1898 1774 eadem
1929 1734 1993 1772 ea:

484 1807 629 1870 sacra
655 1792 926 1870 Scriptura
953 1802 1325 1862 argumentum.
1347 1792 1763 1845 Adversariorum
1784 1806 1994 1858 respon-

484 1865 647 1913 siones
676 1865 917 1930 explosit.

491 1990 792 2060 Pelagiani,
846 1994 971 2049 licet
1022 2003 1325 2049 assererent
1364 2009 1556 2062 pueros
1601 1994 1718 2048 sine
1754 1990 1997 2062 origiua‘i

420 2090 638 2148 peccato
668 2083 846 2147 nasci,
881 2082 1097 2139 eosdem
1133 2092 1341 2147 tamen,
1371 2083 1415 2136 si
1456 2082 1621 2138 sacris
1657 2081 1812 2135 undis
1844 2082 1997 2132 inex-

422 2172 547 2241 piati
578 2173 929 2241 decederent,
961 2177 1266 2250 iureguum
1295 2173 1556 2226 caelorum
1595 2173 1672 2226 ire
1703 2171 1995 2239 negabant,

421 2265 562 2317 itlam
600 2265 806 2318 Domini
836 2265 1156 2319 sententiam
1187 2262 1399 2318 reveriti
1443 2279 1456 2314 :
1492 2262 1609 2314 Nisi
1644 2262 1756 2329 quis
1792 2269 2001 2312 renatus

421 2358 577 2423 fuerit
605 2373 667 2410 ea:
708 2374 839 2426 aqua
877 2366 926 2411 et
971 2356 1174 2425 Spiritu
1212 2362 1421 2417 sant-to,
1449 2369 1550 2405 non
1587 2351 1793 2404 intrabit
1827 2350 1881 2402 in
1921 2365 2000 2401 re-

420 2461 578 2514 gnum
609 2447 851 2498 ctrlornm
884 2445 1062 2516 (Joan.
1093 2460 1171 2511 ιιι,
1200 2444 1276 2511 5).
1309 2442 1504 2498 Scribit
1532 2443 1643 2495 bzec
1673 2438 2001 2509 Augustinus

420 2552 583 2591 εει-ιιι.
620 2537 683 2590 14
730 2537 796 2591 de
828 2538 987 2591 Verb.
1025 2538 1212 2605 Apost.
1248 2554 1259 2589 :
1300 2553 1317 2586 ι
1358 2535 1513 2599 Ideo,
1548 2534 1748 2603 inquit,
1781 2530 2001 2600 parvulo

422 2634 526 2684 non
576 2629 841 2697 baptizato
891 2630 1127 2698 polliceri
1174 2643 1397 2699 regnum
1449 2627 1542 2681 Dei
1592 2640 1697 2679 non
1749 2637 1998 2693 possum,

420 2731 603 2775 contra
644 2722 849 2776 Domini
898 2722 1218 2776 sententiam
1264 2730 1521 2789 apertam.
1562 2739 1580 2771 ι
1615 2717 1749 2773 Cum
1780 2730 1907 2772 vero
1938 2716 2006 2771 ab

423 2812 568 2865 omni
598 2813 824 2866 crimine
856 2813 1119 2866 immunes
1150 2826 1342 2880 pueros
1373 2808 1813 2879 pronuntiarent,
1846 2809 1897 2861 in
1929 2808 2006 2861 lo-

423 2918 543 2957 cum
591 2919 871 2973 pmnarum
915 2904 1130 2959 eosdem
1166 2904 1303 2956 trudi
1346 2903 1738 2969 inliciabautur,
1766 2899 2006 2954 dicentes

423 2997 713 3052 secundam
746 2997 1031 3067 quamdam
1062 2995 1367 3050 felicitatem
1398 2995 1502 3048 illis
1530 3001 1781 3046 statutam
1811 2992 1863 3046 in
1896 3006 2009 3045 mc-

423 3087 514 3140 dio
544 3089 777 3155 quodam
815 3091 932 3140 loco
966 3087 1106 3139 inter
1135 3086 1356 3154 gloriam
1392 3085 1540 3153 regni
1574 3085 1807 3138 (mlestis
1837 3091 1890 3136 et
1920 3082 2004 3136 iu-

2079 546 2245 593 teram
2276 548 2329 593 et
2359 540 2666 602 sinistram;
2700 535 2933 590 sinistris
2960 535 3199 589 dicturus
3242 552 3255 587 :
3291 531 3374 586 Ite
3407 534 3462 586 in
3496 534 3648 602 igneus

2078 638 2326 681 wternum
2352 672 2364 694 ,
2404 630 2493 698 qui
2541 638 2754 699 paratus
2797 635 2872 679 est
2915 625 3120 679 diabolo
3165 634 3213 677 et
3256 624 3468 692 Angelis
3507 626 3653 693 ejus;

2080 719 2281 773 dextris
2311 720 2552 775 dicturus
2584 736 2595 772 :
2635 716 2834 781 Venite,
2866 716 3114 770 benedicti
3146 714 3323 770 Patris
3350 717 3471 781 mei,
3500 718 3648 783 perci—

2080 814 2183 882 pite
2209 812 2597 882 regnum,quod
2626 810 2762 862 vobis
2791 817 3029 877 paratum
3056 817 3129 862 est
3156 808 3219 861 ab
3243 808 3440 877 origine
3463 810 3657 861 mundi.

2084 903 2231 958 lianc
2261 917 2486 973 regnum
2520 900 2779 963 nominat,
2810 899 2947 953 hanc
2972 912 3094 952 cum
3122 896 3339 951 diabolo
3362 898 3662 951 damnatio-

2086 1010 2225 1048 nem.
2258 993 2473 1048 NULLUS
2502 1006 2756 1045 RELICTUS
2786 1006 2883 1045 εει·
2914 1003 3108 1043 ιευιυε
3136 1003 3319 1051 Locus,
3349 987 3436 1041 ubi
3467 1002 3666 1056 ponere

2084 1104 2248 1158 queas
2282 1086 2537 1142 infantes.
2572 1087 2644 1141 De
2672 1086 2806 1139 vivis
2847 1093 2899 1140 et
2939 1083 3163 1138 mortuis
3189 1080 3543 1151 judicabitur;
3574 1079 3665 1134 alii

2084 1186 2246 1233 erunt
2274 1177 2340 1231 ad
2368 1175 2776 1241 dexteram,alii
2802 1173 2867 1229 ad
2897 1172 3192 1229 sinistram.
3212 1172 3329 1225 Non
3354 1171 3473 1225 novi
3497 1171 3666 1224 aliud.

2086 1269 2188 1336 Qu:
2225 1283 2413 1323 INDICIS
2456 1283 2679 1331 usott'u,
2709 1280 2914 1320 uacuos
2958 1279 3025 1318 BE
3065 1277 3249 1317 uento.
3276 1261 3389 1315 Non
3420 1268 3473 1315 te
3498 1262 3675 1316 οπω-

2088 1359 2204 1422 dat,
2232 1359 2321 1428 qui
2350 1358 2626 1412 dexteram
2656 1354 2877 1425 quaerit,
2905 1361 2961 1409 et
2990 1364 3042 1409 te
3070 1352 3243 1422 ipsum
3274 1352 3541 1406 admonet.
3570 1352 3677 1405 Re-

2088 1449 2222 1506 cede
2246 1449 2312 1503 de
2337 1449 2544 1513 medio;
2574 1447 2667 1503 sed
2700 1444 2809 1500 noli
2842 1445 2893 1499 in
2917 1443 3212 1499 sinistram.
3227 1442 3285 1498 Si
3303 1456 3429 1513 ergo
3450 1442 3676 1497 dextera

2094 1543 2196 1593 erit
2224 1547 2278 1595 et
2303 1539 2542 1607 sinistra,
2569 1545 2624 1593 et
2652 1536 2853 1591 nullum
2886 1533 3121 1589 medium
3146 1534 3321 1588 locum
3352 1533 3402 1588 in
3432 1532 3685 1601 Evange-

2096 1633 2168 1685 lio
2202 1633 2463 1698 novimus,
2494 1644 2623 1686 ecce
2653 1631 2706 1684 in
2745 1628 2967 1684 dextera
3000 1642 3224 1697 regnum
3252 1625 3506 1681 caelorum
3542 1634 3636 1679 est
3666 1641 3681 1677 :

2101 1724 2372 1794 Ptrcipite,
2402 1724 2593 1792 inquit,
2624 1737 2858 1790 regnum.
2886 1720 2987 1786 Qui
3022 1719 3091 1774 ibi
3122 1735 3225 1773 non
3252 1726 3353 1784 est,
3382 1718 3434 1771 in
3457 1717 3686 1771 sinistra

2032 1839 2076 1898 Β
2104 1827 2203 1873 e~t.
2234 1815 2370 1884 Quid
2400 1816 2502 1871 erit
2527 1815 2578 1868 in
2610 1814 2863 1870 sinistra?
2899 1810 2983 1867 Ite
3020 1813 3073 1866 in
3115 1812 3282 1881 ignem
3324 1820 3594 1864 cateruam.
3629 1807 3689 1861 In

2102 1909 2318 1961 dextera
2366 1904 2548 1973 utique
2605 1902 2671 1957 ad
2730 1917 2951 1971 regnum
3010 1909 3310 1965 aeternum,
3359 1900 3412 1954 in
3459 1898 3691 1953 sinistra

2103 2002 2277 2067 ignem
2305 2005 2586 2052 aeternum.
2614 1995 2711 2063 Qui
2745 2009 2847 2049 non
2879 1995 2930 2049 in
2957 1994 3198 2059 dextera,
3226 1991 3411 2061 procul
3439 1991 3607 2046 dubio
3637 1991 3691 2044 iu

2102 2090 2337 2145 sinistra.
2372 2087 2521 2144 Enoo
2567 2102 2657 2150 QUI
2701 2099 2803 2141 non
2850 2100 2901 2138 ιθ(
2949 2101 3142 2149 uacuo,
3181 2098 3381 2138 rancus.
3427 2096 3588 2136 DUBIO
3642 2097 3694 2135 [tt

2105 2196 2265 2236 tussis
2296 2195 2583 2234 .ETEIINUM.
2617 2198 2635 2230 ι
2668 2177 2764 2232 Ubi
2794 2177 3091 2246 deSpiciens
3119 2174 3360 2229 homines
3387 2172 3535 2227 secus
3569 2173 3699 2240 opi-

2105 2278 2293 2325 nantes
2325 2270 2485 2325 veluti
2518 2271 2586 2323 de
2623 2268 2754 2323 faece
2787 2267 2927 2335 vulgi
2957 2267 3032 2321 ait
3063 2284 3075 2318 :
3107 2264 3211 2319 Hic
3240 2266 3426 2335 quieris
3460 2262 3699 2318 medium

2103 2362 2254 2417 homo
2295 2363 2357 2416 de
2400 2363 2589 2416 medio.
2624 2362 2746 2416 llaec
2788 2360 3113 2431 Augustinus
3160 2358 3368 2427 publice
3410 2371 3503 2426 pro
3542 2371 3700 2411 eon-

2103 2457 2259 2510 cione
2298 2455 2539 2510 recitavit
2575 2455 2898 2524 Carthagine
2940 2453 2994 2507 in
3024 2453 3243 2510 basilica
3277 2452 3465 2521 majori
3499 2466 3702 2505 coram

2104 2545 2321 2602 Aurelio
2354 2546 2583 2601 Primate
2613 2547 2776 2601 totius
2808 2546 3021 2609 Africae,
3044 2559 3148 2613 quo
3171 2543 3392 2613 jubeute
3417 2557 3530 2598 eam
3560 2556 3701 2596 ora-

2106 2639 2305 2694 tionem
2338 2638 2552 2700 habuit,
2581 2646 2639 2691 ut
2676 2638 2842 2691 iusius
2871 2638 3206 2691 narravimus
3236 2635 3329 2688 lib.
3361 2650 3374 2688 ι
3410 2633 3541 2689 llist.
3582 2635 3693 2688 Pe.

2107 2733 2239 2802 lag.,
2260 2747 2377 2803 cap.
2406 2733 2462 2788 5.
2489 2732 2623 2787 Hinc
2651 2745 2838 2784 vorsus
2868 2729 3025 2784 linem
3052 2729 3128 2782 ait
3159 2744 3173 2782 :
3209 2746 3229 2778 ι
3269 2726 3413 2795 Lego
3440 2736 3661 2780 tantum
3688 2741 3701 2778 :

2109 2826 2334 2882 Sanetus
2372 2824 2670 2893 Cyprianus
2698 2830 2807 2887 est,
2841 2835 3000 2887 quem
3031 2820 3084 2874 in
3113 2832 3305 2872 manus
3332 2817 3561 2885 sumpsi,
3597 2832 3708 2870 au-

2111 2916 2291 2985 tiquus
2331 2915 2613 2984 episcopus
2644 2912 2788 2967 sedis
2821 2911 3000 2981 hujus.
3038 2929 3059 2963 ι
3092 2910 3182 2964 llla
3229 2910 3389 2977 igitur
3426 2909 3706 2962 sententia

2110 3007 2177 3063 de
2204 3004 2445 3060 sensibili
2475 3016 2759 3073 puerorum
2805 3015 2961 3070 pinna
3002 2999 3214 3068 publice
3253 2996 3564 3053 orthodosis
3626 3007 3709 3052 leo

2113 3100 2284 3152 nenda
2316 3106 2426 3151 tum
2465 3094 2718 3161 temporis
2751 3090 3181 3160 proponebatur,
3205 3104 3363 3157 quam
3398 3090 3541 3141 tanta
3570 3101 3710 3141 cer-

426 3175 657 3231 ίθτθΐυω
690 3176 967 3243 ευρρηοίθο
988 3175 1082 3227 Ubi
1115 3184 1291 3228 “me”
1328 3173 1411 3226 hic
1442 3173 1646 3226 ηιθαίυδ
1670 3174 1816 3227 locus
1839 3180 2003 3263 εξεέῑι
2036 3201 2084 3263 ο
2119 3187 2347 3242 titndine
2374 3194 2589 3240 sanctus
2621 3184 2783 3239 Pater
2808 3183 3179 3245 asseverabat,
3216 3190 3275 3235 ut
3317 3180 3494 3246 procul
3536 3178 3709 3232 dubio

426 3266 541 3332 ipse
586 3265 829 3333 Pelagius
867 3279 926 3318 se
965 3264 1173 3317 nescire
1220 3264 1445 3333 ingenue
1489 3264 1661 3317 lassus
1692 3271 1774 3317 est
1808 3262 2007 3317 celebri

427 3357 519 3410 illo
565 3357 708 3410 dicto
756 3355 894 3423 apud
946 3354 1296 3422 Augustinum
1344 3354 1437 3408 lib.
1471 3354 1538 3409 de
1578 3353 1801 3408 Peccato
1848 3352 2011 3421 orig.,

428 3461 546 3515 cap.
568 3445 631 3501 2|
668 3463 680 3498 :
716 3464 734 3495 ι
770 3446 896 3501 Siue
922 3444 1189 3513 baptismo
1220 3445 1423 3515 parvuli
1450 3444 1884 3513 utorientes,quo
1906 3458 2011 3495 non

429 3548 585 3605 eant,
615 3537 728 3594 scio
774 3554 789 3592 :
837 3552 944 3608 quo
974 3547 1127 3603 eam,
1159 3538 1358 3592 nescio.
1400 3555 1419 3587 ›
1458 3536 1568 3592 Nec
1606 3534 1851 3605 discipuli
1889 3533 2014 3603 quid

428 3634 627 3688 eertius
656 3631 960 3699 tradide.e,
992 3630 1093 3686 hoc
1135 3648 1299 3686 unum
1345 3642 1682 3698 asserentes,
1715 3633 1790 3686 ire
1821 3643 2017 3702 pueros

432 3728 487 3778 iu
537 3726 740 3788 locum,
776 3736 829 3777 ut
859 3740 981 3777 mox
1033 3725 1307 3788 notabam,
1337 3725 1587 3779 secunda:
1628 3724 1915 3779 felicitatis.
1949 3726 2019 3779 At

430 3821 760 3886 Augustinus
783 3818 920 3871 hanc
941 3833 968 3870 a
992 3816 1292 3887 Pelagianis
1316 3821 1632 3884 promissam
1660 3818 1838 3882 pueris
1860 3816 2017 3871 felici-

431 3920 595 3964 tatem
640 3925 746 3963 non
794 3909 955 3961 modo
999 3909 1181 3973 irrisit,
1215 3923 1396 3960 verum
1429 3909 1589 3961 etiam
1620 3907 1808 3962 solidis
1854 3923 2015 3978 argu-

434 4002 630 4054 mentis
684 3999 928 4068 probavit
974 3999 1206 4055 infantes
1255 4001 1374 4052 sine
1426 4001 1691 4066 baptismo
1738 4001 2018 4057 defunctos

432 4091 571 4144 mitti
617 4088 671 4141 in
722 4090 1019 4157 gehennam
1074 4090 1228 4158 ignis.
1266 4088 1401 4143 llinc
1450 4089 1687 4144 hatretici
1737 4092 2018 4161 Augustini

430 4180 750 4232 sententiam
784 4179 856 4230 uti
888 4179 1161 4232 crudelem
1197 4177 1530 4248 rt'jiciebaut,
1565 4188 1621 4233 ut
1653 4189 1800 4249 patet
1834 4196 1902 4234 ex
1936 4180 2019 4235 his

431 4271 630 4328 Juliani
657 4272 831 4326 verbis
863 4272 952 4324 lib.
978 4287 1032 4325 ιιι
1063 4271 1252 4340 Operis
1283 4272 1517 4341 itnperf.,
1542 4287 1662 4340 cap.
1682 4272 1787 4328 199
1815 4290 1826 4324 :
1863 4291 1881 4325 ι
1912 4273 2017 4329 Sed

432 4364 715 4420 reclamas.
763 4365 1054 4419 Audiamus
1100 4381 1229 4435 ergo
1274 4367 1399 4435 quid
1452 4369 1655 4437 parias,
1704 4369 2020 4425 Aristoteles

434 4460 741 4513 l’mnorum.
769 4456 1020 4523 Tantum,
1048 4444 1246 4527 inqui§,
1272 4458 1469 4511 malunt
1500 4459 1548 4513 ei
1579 4459 1739 4527 inest,
1764 4471 1820 4515 ut
1848 4459 2021 4530 possi-

2102 3282 2169 3334 ‘in
2198 3281 2367 3348 ignem
2395 3288 2643 3332 retentum
2672 3275 2842 3329 ituros
2868 3272 3100 3328 infantes
3129 3270 3495 3341 pronuntiaret
3542 3268 3714 3324 Unde

2119 3384 2225 3424 non
2263 3368 2465 3436 primus
2511 3366 2600 3420 illa
2643 3364 2892 3421 docuisse
2933 3362 3229 3417 credendus
3272 3370 3373 3426 est,
3406 3361 3497 3415 sed
3529 3362 3710 3415 totius

2120 3460 2371 3514 Ecclesia'
2398 3459 2541 3512 illius
2568 3456 2739 3511 aetatis
2762 3455 2919 3510 tidem
2950 3462 3183 3508 secutus.
3203 3452 3345 3506 Idem
3370 3451 3715 3521 Augustinus

2117 3552 2225 3605 alio
2256 3552 2421 3607 utitur
2464 3547 2801 3611 testimonio,
2828 3545 2967 3613 quod
3004 3559 3124 3598 cum
3156 3542 3317 3597 aliine
3347 3542 3568 3595 recitato
3595 3543 3710 3606 sit,

2120 3642 2209 3696 hic
2236 3640 2504 3696 indicabo.
2538 3639 2652 3693 Lib.
2683 3654 2698 3691 ι
2729 3637 2796 3691 de
2823 3636 3168 3690 Peccatorum
3199 3633 3399 3688 Meritis
3427 3642 3483 3688 et
3510 3634 3715 3688 remis-

2120 3734 2304 3798 sione,
2333 3747 2453 3801 cap.
2481 3729 2580 3793 ‘28,
2614 3730 2692 3782 ait
2722 3747 2734 3781 :
2774 3745 2792 3778 ι
2831 3726 2939 3782 Nec
2967 3735 3050 3780 est
3078 3725 3220 3780 ullus
3261 3724 3352 3778 ulli
3384 3723 3593 3777 medius
3628 3724 3717 3777 lo—

2120 3838 2235 3887 cus,
2259 3832 2317 3876 ut
2342 3822 2511 3891 possit
2539 3834 2659 3874 esse
2690 3820 2787 3873 nisi
2814 3834 2935 3875 cum
2965 3817 3198 3885 diabolo,
3223 3816 3309 3886 qui
3337 3830 3443 3869 non
3472 3824 3557 3867 est
3588 3823 3713 3869 enm

2119 3913 2354 3968 Christo.
2375 3914 2510 3968 lliuc
2534 3920 2589 3965 et
2615 3912 2728 3979 ipse
2760 3910 3018 3964 Dominus
3046 3908 3228 3962 volens
3254 3908 3467 3961 auferre
3492 3905 3564 3960 de
3590 3920 3715 3959 cor-

2122 4005 2275 4060 dibus
2306 4019 2447 4059 ttth
2477 4016 2816 4058 CREDENTIUII
2855 4014 3012 4054 ιδτιιιι
3054 4013 3240 4053 NBSCIO
3267 4013 3406 4060 eum
3439 4013 3712 4053 NBDIBTA-

2122 4113 2265 4160 τειι,
2291 4111 2448 4166 quam
2479 4101 2744 4148 conantur
2771 4092 2987 4161 quidam
3017 4090 3255 4160 parvulis
3286 4104 3390 4143 non
3420 4086 3712 4157 baptizatis

2125 4188 2389 4253 tribuere,
2438 4197 2496 4240 ut
2539 4185 2689 4254 quasi
2737 4182 2930 4238 merito
2979 4182 3294 4237 innocentiae
3341 4178 3449 4234 sint
3498 4181 3550 4233 in
3607 4181 3714 4234 vita

2124 4288 2355 4343 aeterna,
2388 4277 2482 4332 sed
2522 4275 2647 4344 quia
2689 4288 2794 4328 non
2825 4283 2951 4325 sunt
2991 4272 3276 4340 baptizati,
3308 4286 3411 4323 non
3452 4270 3565 4324 sint
3595 4285 3713 4324 cum

2124 4371 2340 4427 Christo
2384 4371 2435 4423 in
2471 4383 2635 4439 regno
2672 4369 2821 4438 ejus,
2852 4365 3181 4421 deliuitivam
3228 4364 3447 4433 protulit
3489 4364 3558 4418 ad
3604 4364 3717 4418 ιιειιο

2126 4479 2221 4519 ora
2248 4464 2577 4519 obstruenda
2609 4461 2955 4521 sententiam,
2983 4460 3070 4513 ubi
3101 4459 3177 4512 ait
3206 4474 3218 4510 :
3251 4459 3349 4523 Qui
3381 4473 3585 4511 mecum
3614 4473 3714 4511 non

433 4552 625 4605 deatur
667 4563 694 4602 a
742 4547 975 4615 diabolo,
1008 4556 1169 4618 atque
1212 4558 1473 4603 aeternum
1516 4561 1787 4606 mereatur
1833 4555 2019 4609 iucen-
2054 4572 2099 4629 ι)
2131 4564 2206 4615 est
2234 4556 2504 4609 aduersum
2535 4570 2613 4607 me
2641 4560 2733 4617 est,
2760 4559 2863 4606 etc.
2903 4548 3120 4621 (Matth.
3154 4545 3277 4617 xu).
3307 4548 3417 4602 lluc
3445 4546 3590 4600 idem
3632 4562 3717 4599 ar-

434 4644 599 4697 dium.
641 4660 662 4693 ι
697 4642 823 4696 llaec
861 4641 980 4707 ille,
1009 4640 1094 4695 cui
1136 4640 1463 4708 Augustinus
1495 4656 1508 4693 :
1546 4659 1563 4691 ι
1614 4641 1669 4696 Si
1700 4652 1880 4698 autem
1914 4660 2019 4700 non

434 4735 641 4790 eruitur
682 4734 749 4789 de
793 4739 1058 4803 petestate
1105 4731 1443 4785 tenebrarum
1470 4770 1483 4793 ,
1527 4740 1582 4784 et
1630 4733 1738 4786 illic
1781 4745 2023 4790 remanet

435 4831 710 4898 parvulus,
743 4829 871 4899 quid
913 4827 1127 4882 miraris
1164 4826 1218 4880 in
1258 4823 1379 4895 igne
1414 4833 1615 4878 aeterno
1658 4839 1777 4878 cum
1808 4823 2020 4880 diabolo

436 4922 695 4986 futurum,
727 4920 819 4990 qui
852 4921 901 4973 in
934 4920 1028 4974 Dei
1060 4932 1282 4989 regnum
1314 4916 1516 4971 iuttare
1546 4930 1651 4969 non
1681 4914 1907 4970 sinitur?
1936 4915 2018 4970 An

436 5016 556 5080 quia
600 5014 870 5080 Pelagiani
916 5013 1099 5067 nescio
1128 5026 1287 5082 quem
1332 5009 1570 5079 parvulis
1601 5023 1706 5063 non
1736 5008 2019 5077 baptizatis

434 5114 629 5174 preter
666 5103 759 5155 Dei
795 5117 1038 5172 regnum,
1066 5103 1262 5172 quietis
1308 5111 1365 5157 et
1410 5106 1533 5156 vita:
1580 5111 1798 5158 aeterna:
1848 5102 2021 5156 locum

438 5203 759 5265 prmparant,
780 5194 898 5248 ideo
924 5193 1121 5249 Christi
1153 5197 1257 5249 erit
1286 5196 1415 5250 lalsa
1442 5197 1707 5250 sententia
1740 5213 1751 5247 :
1789 5194 1889 5261 Qui
1916 5211 2024 5248 cre-

439 5292 622 5347 diderit
657 5300 704 5345 et
736 5288 1020 5356 baptizatus
1051 5289 1205 5356 fuerit
1230 5290 1403 5343 salvus
1429 5290 1545 5344 erit.
1578 5288 1680 5356 Qui
1715 5297 1883 5343 autem
1919 5305 2021 5343 non

442 5382 705 5437 crediderit
728 5376 1186 5434 condemnabitur?
1216 5396 1236 5428 ι
1979 5430 1982 5434 λ

510 5481 747 5533 Primum
778 5480 1149 5546 argumentum
1187 5487 1285 5542 pro
1313 5473 1489 5542 poenis
1522 5471 1862 5539 parvulorum
1892 5484 2020 5525 san-

433 5585 549 5632 eius
584 5576 739 5627 Pater
766 5569 987 5626 deduxit
1027 5583 1089 5622 ex
1136 5582 1254 5636 cap.
1293 5581 1398 5620 xxv
1432 5564 1645 5628 Mattln,
1673 5566 1813 5633 quod
1853 5578 2017 5618 serm.

435 5666 505 5717 H
535 5664 602 5715 de
632 5664 793 5716 Yerb.
827 5661 1072 5731 Apostoli
1105 5661 1173 5714 ita
1210 5658 1491 5729 proposuit
1522 5674 1534 5709 :
1574 5675 1591 5707 ι
1633 5657 1900 5711 Venturus
1939 5663 2023 5709 est

434 5749 711 5815 Dentinus,
745 5759 796 5803 ct
834 5751 1169 5819 judicaturus
1212 5750 1278 5805 de
1310 5747 1443 5803 vivis
1492 5756 1546 5803 et
1595 5748 1846 5814 mortuis,
1884 5748 2021 5801 sicut

2124 4656 2432 4717 gumentum
2465 4652 2642 4699 versat
2680 4642 3083 4711 antiquissimus
3121 4649 3306 4694 auctor
3348 4638 3711 4709 Hypognosti-

2126 4754 2228 4794 con
2265 4739 2361 4796 lib.
2389 4754 2442 4802 v,
2474 4753 2593 4806 cap.
2622 4738 2676 4803 5,
2709 4737 2796 4791 ubi
2827 4737 2900 4789 ait
2934 4751 2949 4789 :
2988 4753 3006 4786 ι
3054 4735 3191 4790 Ecce
3233 4748 3339 4786 non
3385 4732 3710 4801 baptizatus,

2127 4833 2276 4887 vitali
2307 4832 2465 4888 etiam
2500 4831 2623 4886 cibo
2653 4831 2953 4900 poculoque
2984 4828 3243 4898 privatus,
3279 4825 3538 4879 dividitur
3565 4840 3593 4875 a
3631 4839 3713 4877 reo

2125 4938 2232 4994 gno
2259 4921 2646 4989 caelorum,ubi
2672 4922 2791 4975 lous
2813 4918 3104 4973 viventium
3134 4923 3415 4986 permanet
3439 4913 3707 4967 Christus.

2129 5015 2204 5068 Da
2235 5014 2365 5068 mihi
2398 5022 2592 5083 praeter
2622 5012 2762 5066 hunc
2791 5010 3017 5064 alterum
3050 5009 3251 5073 locum,
3280 5005 3367 5060 ubi
3393 5004 3519 5058 vita:
3547 5001 3712 5072 possit

2127 5111 2341 5177 requies
2367 5121 2489 5163 esse
2518 5105 2788 5175 perennis.
2818 5102 3053 5156 Primum
3085 5100 3228 5155 enim
3260 5098 3435 5153 locum
3466 5088 3601 5149 lides
3624 5108 3712 5147 ca-

2128 5199 2452 5253 tholicorum
2492 5196 2670 5251 divina
2701 5193 3019 5249 auctoritate
3063 5204 3288 5260 regnum
3332 5185 3566 5242 credidit
3593 5197 3711 5239 esse

2088 5291 2409 5359 caelorum,
2445 5286 2609 5350 unde,
2645 5293 2703 5339 ut
2748 5284 2881 5348 dixi,
2925 5297 3029 5336 non
3083 5280 3378 5347 baptizatus
3422 5274 3708 5342 excipitur.

2128 5380 2435 5438 Secundum
2461 5378 2783 5447 gehennam,
2803 5374 2893 5430 ubi
2918 5373 3094 5429 omnis
3117 5379 3361 5440 apostata
3388 5370 3467 5422 vel
3496 5382 3525 5421 a
3557 5363 3710 5419 Chri-

2129 5475 2193 5528 sti
2235 5474 2338 5528 lide
2364 5472 2569 5525 alienus
2598 5478 2797 5523 (eterna
2829 5467 3087 5536 supplicia
3116 5463 3442 5532 experietur.
3471 5457 3708 5512 Tertium

2131 5566 2344 5634 pmilus
2390 5564 2728 5631 ignoramus,
2759 5561 2867 5614 into
2896 5571 2994 5612 nec
3024 5571 3143 5612 esse
3176 5555 3229 5609 in
3261 5549 3552 5621 Scripturis
3586 5560 3709 5600 san-

2132 5657 2232 5711 ctis
2274 5654 2594 5708 invenimus.
2623 5651 2816 5719 Finge,
2844 5647 3127 5717 Pelagiane
3147 5689 3160 5711 ,
3196 5645 3374 5699 locum
3401 5657 3468 5697 ex
3495 5636 3707 5693 ofﬁcina

2136 5746 2370 5815 perversi
2402 5743 2664 5813 dogmatis
2695 5740 2801 5805 tui,
2836 5740 2920 5795 ubi
2951 5739 3110 5796 alieni
3141 5752 3168 5791 a
3206 5734 3409 5791 Christi
3438 5730 3601 5802 gratia
3630 5728 3708 5780 vi-
