3892 6292
97 322 190 379 635

1237 321 1560 377 VINDICIE
1599 319 2163 378 ΑυθυδτιΝιΑΝΑῖ.

3259 325 3343 383 534

96 450 188 494 tam
219 434 409 505 requiei
431 440 480 490 et
510 433 690 503 gloria:
717 433 1002 503 possidere
1032 434 1240 502 parvuli
1269 433 1651 502 possint.Dex-
1680 435 1728 492 Α
1758 431 1970 485 malum.
1995 431 2207 486 Scimus
2259 429 2419 483 etiam
2468 429 2716 498 parvulos
2769 431 3062 486 secundum
3111 449 3172 490 ea
3225 454 3345 507 quas,

97 541 194 584 tera
221 537 296 583 est
319 526 445 596 justi
473 524 669 594 judicis
697 524 933 580 sedentis
965 539 1204 592 regnum,
1229 533 1283 577 et
1311 523 1528 577 sinistra
1557 537 1653 591 ge~

97 623 282 684 ltenna;
310 619 414 672 vita
439 627 492 673 et
523 632 691 680 mors,
713 617 843 686 justi
874 628 927 673 et
951 617 1137 687 iniqui.
1161 617 1217 670 In
1245 617 1463 670 dextera
1493 616 1652 685 igitur

94 712 210 782 justi
246 718 362 763 sunt
390 707 700 774 constituti,
735 709 787 762 in
819 708 1036 763 sinistra
1065 708 1297 777 operarii
1327 707 1646 774 iniquizatis;

94 805 139 857 in
168 815 322 873 regno
351 801 562 869 requies
593 800 1000 870 baptizatorum,
1027 802 1079 855 in
1108 801 1355 871 gehenna
1386 814 1541 869 plena
1573 801 1653 853 in-

91 897 438 958 credulorum;
462 895 570 948 vita
600 894 665 948 ad
699 895 936 949 laetitiam
964 893 1178 964 glorim;
1211 906 1354 947 mors
1377 893 1442 945 ad
1469 893 1650 946 ﬂetum

80 996 140 1042 .et
178 986 451 1041 stridorem
499 986 767 1052 dentium;
812 987 944 1055 justi
995 988 1046 1041 in
1098 990 1265 1056 regno
1310 984 1483 1039 Patris
1530 1000 1652 1040 cum

90 1077 309 1144 Christo,
341 1076 506 1145 iniqui
543 1077 596 1131 in
629 1077 751 1147 igne
779 1087 983 1133 aeterno
1018 1086 1204 1148 parato
1233 1076 1450 1131 diabolo
1479 1086 1531 1131 et
1559 1091 1656 1130 an-

88 1168 206 1235 gelis
245 1167 379 1236 ejus.
411 1168 514 1222 Sed
561 1167 663 1224 hoc
698 1170 883 1225 dicens
927 1185 1036 1225 non
1078 1169 1372 1224 divisiones
1419 1170 1652 1224 locorum

90 1259 360 1313 multorum
409 1259 557 1325 de‘di,
600 1259 704 1313 nisi
750 1260 978 1315 duorum
1029 1270 1257 1324 tantum,
1293 1260 1542 1328 quoniam
1590 1257 1654 1313 ad

87 1349 209 1414 duo,
245 1365 466 1418 regnum
501 1350 747 1405 videlicet
773 1359 827 1406 et
861 1350 1161 1420 gehennam
1181 1392 1194 1416 ,
1226 1350 1342 1404 hmc
1370 1349 1546 1403 omnia
1574 1364 1655 1404 re-

87 1438 339 1505 feruntur,
371 1440 583 1494 etiamsi
612 1441 764 1508 plura
794 1442 1065 1506 dicantur,
1097 1449 1201 1495 etc.
1231 1440 1329 1508 Qui
1361 1441 1657 1509 baptizatus

84 1545 201 1599 ergo
229 1544 334 1584 non
363 1539 465 1600 est,
491 1532 543 1584 in
575 1532 638 1586 iis
669 1547 788 1601 qua:
814 1532 966 1602 regni
995 1532 1254 1586 rmlorum
1282 1541 1400 1585 sunt
1427 1547 1531 1585 non
1564 1545 1656 1599 po.

84 1629 180 1674 test
211 1623 453 1691 reperiri.
486 1621 555 1675 Et
583 1624 627 1676 si
670 1638 773 1676 non
808 1622 903 1687 ibi,
936 1633 1178 1691 putasne,
1211 1622 1516 1692 Pelugiane,
1543 1621 1654 1691 jam

81 1711 240 1765 sentis
272 1714 382 1778 ubi,
407 1722 497 1766 aut
524 1721 670 1768 certe
697 1712 783 1767 die
813 1712 934 1767 ubit
968 1731 988 1764 ι

1759 539 1854 590 per
1878 537 2074 592 corpus
2105 529 2389 592 gesserunt
2436 529 2750 589 recepturos
2781 521 2862 575 vel
2887 521 3083 578 bonum
3113 527 3199 580 vel
3229 544 3345 582 ma-

1757 616 1893 670 lum.
1922 614 2219 670 Cesserunt
2247 621 2426 667 autem
2474 627 2577 666 non
2609 627 2706 681 per
2729 612 2955 682 seipsos,
2991 615 3086 669 sed
3129 631 3224 685 per
3252 633 3346 676 eos

1753 708 1946 775 quibus
1976 720 2073 774 pro
2091 704 2197 759 illis
2219 704 2694 772 respondentibus,
2717 713 2771 758 et
2795 706 3102 760 renuntiare
3130 707 3347 764 diabolo

1755 801 2026 863 dicuntur,
2067 806 2122 853 et
2149 798 2375 853 credere
2428 799 2479 851 in
2514 798 2702 865 Deum,
2733 798 2872 852 unde
2915 807 2971 852 et
3019 801 3071 852 in
3122 815 3346 857 numero

1756 892 1991 947 ﬁdelium
2015 898 2416 958 computantur,
2456 890 2792 959 pertinentes
2814 889 2880 942 ad
2903 893 3224 947 sententiam
3250 894 3346 949 Do-

1758 981 1888 1039 mlni
1942 982 2217 1038 dicentis:
2255 981 2356 1048 Qui
2395 981 2661 1035 crediderit
2721 990 2769 1035 et
2817 982 3105 1052 baptizatus
3155 985 3332 1054 fuerit,

1758 1084 1929 1136 salvus
1953 1083 2046 1135 erit
2075 1079 2270 1149 (Marc.
2301 1080 2436 1152 xvr).
2461 1080 2691 1150 Propter
2713 1081 2853 1151 quod
2881 1089 2937 1136 et
2965 1081 3090 1144 illis,
3120 1079 3210 1148 qui
3243 1078 3346 1133 hoc

1759 1180 2154 1228 sacramentum
2185 1187 2292 1226 non
2334 1172 2622 1236 accipiunt,
2657 1171 2925 1241 contingit
2975 1170 3115 1238 quod
3168 1168 3346 1236 sequi-

1759 1274 1846 1320 tur
1877 1282 1889 1318 :
1925 1264 2024 1331 Qui
2043 1271 2211 1316 autem
2236 1279 2339 1316 non
2360 1263 2655 1330 crediderit,
2680 1259 3099 1314 condemnabitur
3126 1258 3175 1326 (1
3186 1257 3343 1326 bid.).

1762 1356 1912 1411 Unde
1942 1366 1995 1410 et
2044 1355 2164 1424 ipsi,
2195 1354 2327 1410 sicut
2362 1355 2494 1420 dixi,
2521 1354 2565 1407 si
2613 1353 2664 1406 in
2698 1353 2785 1407 illa
2835 1367 2994 1420 parva
3049 1359 3206 1404 relate
3233 1363 3346 1402 mo-

1760 1448 1991 1513 riuntur,
2027 1447 2210 1515 utique
2231 1445 2523 1500 secundum
2549 1460 2609 1500 ea
2650 1460 2770 1513 qua:
2818 1458 2913 1511 per
2945 1457 3141 1510 corpus
3162 1455 3345 1508 gesse-

1761 1546 1904 1598 runt.
1931 1537 1981 1591 id
2008 1547 2090 1592 est
2116 1545 2356 1605 tempore
2382 1551 2488 1605 quo
2530 1537 2581 1588 in
2608 1550 2832 1604 corpore
2863 1534 3098 1599 luerunt,
3130 1532 3346 1602 quando

1761 1645 1857 1699 per
1892 1629 2056 1684 corda
2085 1638 2138 1683 et
2184 1642 2277 1681 ora
2334 1628 2657 1697 gestantium
2702 1625 3048 1680 crediderunt
3095 1624 3179 1677 vel
3233 1639 3340 1678 nun

1762 1721 2137 1785 crediderunt,
2164 1718 2381 1788 quando
2407 1717 2656 1786 haptizati
2685 1717 2766 1770 vel
2794 1732 2898 1770 non
2926 1715 3176 1783 baptizati
3201 1722 3345 1778 sunt,

146 1800 318 1855 Varia:
349 1803 468 1856 huic
494 1813 806 1873 argumento
837 1803 1094 1873 applicari
1115 1803 1288 1858 solent
1308 1804 1374 1858 ab
1405 1802 1652 1858 scholas-
1685 1807 1734 1866 B
1761 1813 1977 1885 quando
2029 1826 2244 1866 carnem
2294 1809 2504 1864 Domini
2577 1807 3038 1862 manducaverunt
3096 1805 3181 1858 vel
3235 1819 3344 1858 non

87 1892 192 1945 ticis
215 1893 614 1961 responsiones,
638 1893 731 1948 sed
760 1908 949 1949 omnes
998 1893 1156 1948 facile
1187 1892 1521 1961 rejiciuntur.
1553 1892 1657 1944 Ca-

88 1982 315 2036 tharinus
346 1983 397 2036 in
427 1983 687 2050 epusculo
712 1984 780 2038 de
806 1993 950 2038 statu
975 1984 1340 2052 parvulorum,
1374 1990 1657 2051 postquam

92 2070 218 2123 dixit
249 2072 347 2124 hoc
375 2081 751 2140 argumentum
781 2087 900 2126 esse
916 2072 1465 2140 Opposittesenteutize
1487 2069 1661 2123 Achil-

92 2162 200 2224 lem,
223 2170 380 2230 negat
411 2160 661 2227 parvulos
691 2161 892 2217 debere
940 2163 1056 2216 sisti
1113 2163 1165 2216 in
1191 2160 1412 2230 judicio.
1469 2159 1661 2214 Morai-

92 2263 192 2314 nes,
224 2249 361 2320 disp.
393 2249 463 2302 40
492 2251 560 2304 de
589 2249 794 2320 Gratia,
830 2265 980 2306 num.
1034 2251 1122 2320 li,
1152 2250 1440 2319 respondet
1489 2250 1660 2318 primo

94 2342 217 2397 male
239 2343 469 2411 supponi
495 2342 562 2396 ab
599 2343 909 2398 adversario
933 2359 1056 2398 esse
1102 2343 1296 2414 dogma
1342 2342 1462 2398 ﬁdei
1516 2341 1658 2412 quod

92 2432 416 2502 adjudicium
444 2435 714 2504 generale,
740 2433 806 2489 de
835 2449 942 2504 quo
975 2433 1221 2489 Christus
1264 2435 1495 2503 loquitur
1526 2433 1660 2487 Mat-

100 2526 206 2581 thaei
241 2544 369 2596 xxv,
398 2529 602 2598 parvuli
629 2529 736 2582 sint
759 2529 1128 2596 comparituri,
1156 2527 1334 2597 ibique
1383 2525 1447 2580 ad
1474 2526 1658 2580 dexte-

93 2633 189 2671 ram
217 2622 299 2674 vel
338 2620 408 2674 ad
455 2619 730 2674 sinistram
787 2618 1108 2674 collocandi.
1141 2617 1272 2670 Nam
1330 2615 1659 2668 contrarium

92 2711 188 2764 sine
207 2727 398 2767 errore
426 2722 609 2766 contra
637 2712 794 2765 [idem
837 2709 1108 2764 afﬁrmant
1154 2708 1434 2762 Durandus
1471 2715 1526 2761 et
1570 2706 1664 2759 Al-

95 2799 280 2855 hertus.
307 2800 378 2854 Et
410 2817 561 2856 num.
587 2800 654 2856 12
699 2799 987 2869 respondet
1013 2798 1250 2854 secundo
1305 2812 1475 2867 neque
1502 2796 1662 2851 etiam

104 2892 191 2946 ﬁde
213 2893 395 2946 divina
430 2902 635 2946 certum
664 2908 786 2947 esse
833 2897 973 2960 quod
1021 2891 1147 2945 licet
1177 2890 1404 2943 infantes
1431 2887 1663 2958 adjndi-

93 2983 215 3037 cium
263 2985 521 3053 generale
561 2984 667 3039 sint
712 2984 1086 3052 comparituri,
1115 2982 1276 3036 futuri
1320 2980 1426 3035 sint
1447 2981 1514 3034 de
1566 2994 1664 3034 nu-

93 3089 224 3130 mero
237 3075 675 3145 judicandorum.
706 3075 775 3129 Et
818 3076 948 3129 citat
1003 3075 1301 3140 Tostatum,
1357 3072 1664 3128 Cartbusia-

1764 1903 2264 1966 manducaverunt,
2290 1900 2505 1970 quando
2531 1907 2587 1953 et
2632 1897 2946 1968 sanguinem
2992 1896 3236 1950 biberunt
3262 1895 3346 1952 vel

1764 2010 1870 2050 non
1902 1994 2151 2050 biberunt
2178 2009 2192 2059 ;
2242 1992 2536 2047 secundum
2569 1992 2683 2046 hate
2731 2004 2859 2058 ergo
2889 2004 3007 2057 qua:
3029 2002 3124 2058 per
3153 2001 3348 2056 corpus

1761 2094 2064 2157 gesserunt,
2095 2101 2200 2140 non
2230 2084 2524 2140 secundum
2555 2098 2615 2139 ea
2634 2083 2833 2152 qure,si
2855 2082 2941 2135 hic
2961 2081 3051 2134 diu
3078 2080 3345 2148 viverent,
3409 2131 3412 2134 .

1762 2180 1960 2250 gesturi
1991 2178 2222 2244 fuerant,
2242 2175 2572 2245 iudicantur.
2605 2192 2624 2226 ›
2654 2174 2819 2229 Porro
2848 2172 2944 2225 has
2969 2171 3102 2225 duas
3132 2179 3349 2224 sentcn-

1764 2272 1863 2327 tias
1893 2285 2014 2325 cum
2044 2269 2263 2337 reliquis
2285 2267 2404 2322 aliis
2452 2266 2636 2322 decem
2671 2266 2943 2333 pertinere
2973 2263 3037 2317 ad
3073 2263 3229 2318 ﬁdem
3255 2277 3349 2316 ca-

1763 2359 2012 2414 tholicam
2060 2357 2242 2412 docuit
2296 2356 2491 2412 ibidem
2534 2365 2751 2411 sanctus
2802 2355 2960 2409 Pater
2997 2353 3078 2407 ltis
3123 2352 3348 2406 verbis:

1767 2467 1785 2500 ι
1824 2449 2027 2517 Nempe
2048 2449 2385 2502 manifestum
2414 2455 2495 2502 est
2517 2463 2579 2502 ex
2604 2447 2706 2501 illis
2736 2444 3016 2501 duodecim
3045 2445 3346 2510 sententiis,

1761 2555 1893 2612 quas
1923 2541 2190 2609 pertinere
2219 2540 2284 2592 ad
2329 2539 2647 2594 catholicam
2693 2539 2851 2593 ﬁdem
2879 2551 3076 2606 negare
3127 2552 3229 2589 non
3275 2535 3348 2589 si-

1763 2631 1928 2691 neris,
1965 2649 1984 2682 ι
2020 2638 2124 2684 etc.
2156 2630 2413 2696 Repetam
2450 2628 2537 2682 hic
2569 2628 2878 2682 Bellarmini
2899 2627 3063 2680 verba
3095 2626 3188 2678 lib.
3220 2642 3252 2678 ll
3282 2626 3350 2679 de

1765 2719 1915 2772 Crat.
1949 2729 2002 2772 et
2027 2718 2198 2772 libero
2225 2718 2449 2771 arbitrio
2495 2732 2615 2786 cap.
2647 2719 2736 2783 11,
2768 2719 2894 2770 licet
2935 2716 3038 2770 alia
3065 2716 3350 2771 occasione

1765 2811 1831 2865 ab
1863 2810 1980 2878 ipso
2026 2807 2369 2878 pronuntiata
2404 2825 2417 2862 :
2455 2826 2473 2859 ι
2508 2808 2638 2862 Nam
2661 2809 2703 2862 si
2732 2808 3032 2875 Augustini,
3065 2807 3253 2876 inquit,
3285 2808 3353 2862 de

1765 2901 2243 2972 praedestinatioue
2265 2898 2459 2970 (dicam
2486 2900 2556 2954 de
2587 2900 2760 2968 ptenis
2817 2898 3160 2967 parvulorum
3209 2897 3350 2965 judi-

1764 2993 2385 3060 e:.ndorum)sententia
2415 2993 2546 3046 falsa
2595 3001 2761 3056 esset,
2813 3007 2920 3046 non
2969 3000 3153 3061 posset
3210 2991 3350 3045 idem

1766 3085 2102 3156 Augustinus
2151 3083 2220 3138 ab
2275 3084 2476 3155 ingenti
2534 3085 2835 3138 temeritate
2877 3083 3110 3150 delendi,
3158 3084 3353 3153 quippe

89 3181 197 3222 num
239 3177 292 3223 et
343 3182 441 3223 san
456 3176 598 3222 ctum
647 3167 929 3232 Thomam,
959 3165 1013 3233 4,
1040 3167 1167 3221 dist.
1196 3166 1286 3232 47,
1306 3181 1359 3234 q.
1386 3180 1440 3234 p.
1467 3174 1571 3218 art.
1599 3165 1651 3229 5,

1772 3179 1851 3243 qui
1883 3191 1989 3230 non
2019 3175 2192 3229 solum
2219 3182 2325 3228 tam
2348 3175 2548 3229 acriter
2575 3191 2671 3244 pro
2690 3177 2920 3230 falsitate
2945 3183 3224 3241 certasset,
3257 3174 3353 3230 sed

85 3259 141 3311 ad
167 3259 215 3322 5,
242 3260 332 3314 ubi
363 3259 608 3314 aftirmat
636 3274 829 3328 pueros
849 3267 973 3313 ante
1003 3257 1291 3326 perfectam
1315 3267 1526 3312 anatem
1557 3256 1656 3312 de-

93 3350 323 3406 cedentes
355 3351 406 3405 iu
436 3350 653 3419 judicio
673 3349 1089 3418 comparituros,
1113 3362 1218 3402 non
1247 3357 1306 3401 ut
1325 3346 1653 3416 judicentur,

93 3442 171 3495 sed
201 3455 253 3497 ut
275 3444 494 3498 videant
522 3444 749 3512 gloriam
777 3441 990 3512 judicis.
1021 3441 1176 3506 Quod
1209 3439 1484 3508 probabile
1509 3449 1661 3508 putat

91 3531 267 3588 Suam
305 3536 447 3604 apud
488 3535 740 3590 eumdem
790 3535 1128 3589 Morainium.
1155 3533 1388 3586 Numero
1437 3545 1564 3585 vero
1595 3531 1663 3585 l3

96 3621 296 3678 ulterius
328 3625 630 3696 respondet
661 3641 765 3680 non
793 3625 925 3680 satis
959 3632 1209 3678 constare
1238 3622 1446 3677 futuros
1494 3623 1547 3675 in
1592 3621 1664 3675 si-

93 3714 258 3781 nistra,
289 3733 351 3771 ac
382 3732 493 3772 non
528 3717 705 3786 potius
729 3717 779 3770 in
811 3715 990 3770 medio
1033 3714 1264 3784 quodam
1315 3713 1432 3768 loco
1461 3712 1666 3767 constio

93 3808 312 3864 tuendos.

153 3897 291 3951 Nulla
325 3909 510 3953 tamen
539 3913 602 3960 ex
630 3897 742 3950 istis
764 3896 1206 3964 responsionibus
1227 3896 1432 3949 admitti
1451 3903 1626 3964 potest
1650 3911 1662 3945 :

95 4001 194 4038 nam
218 3997 398 4056 aperte
437 3989 492 4042 in
530 3986 762 4038 concilio
802 3986 1076 4051 Africano,
1103 3997 1159 4038 ut
1198 4001 1319 4040 mox
1361 3985 1664 4050 ostendam,

93 4075 340 4130 deﬁnitum
364 4086 449 4131 est
483 4073 738 4142 parvulos
768 4072 975 4127 futuros
1002 4074 1054 4127 itt
1083 4075 1299 4128 sinistra
1335 4074 1416 4126 his
1448 4076 1626 4126 verbis
1652 4089 1664 4127 :

100 4183 113 4212 ι
145 4166 233 4233 Qui
261 4174 400 4221 enim
425 4169 621 4222 dextra
644 4176 814 4233 cat-et,
848 4167 1121 4221 sinistram
1148 4167 1333 4238 procul
1365 4166 1526 4221 dubio
1550 4182 1670 4234 par-

97 4264 188 4311 tem
218 4261 467 4315 incurret.
514 4278 533 4310 s
567 4259 629 4312 Et
649 4267 866 4312 sanctus
892 4239 1325 4328 Gelasius.papa,
1361 4260 1412 4313 in
1443 4261 1669 4327 epistola

97 4347 149 4398 ad
171 4350 442 4421 episcopos
492 4363 597 4420 per
644 4347 919 4415 Picenum,
955 4349 1216 4404 adversus
1261 4349 1574 4418 Pelagianos
1602 4351 1670 4405 de

97 4437 260 4496 iisdem
293 4444 535 4512 parvulis
586 4441 762 4510 inquit
794 4457 808 4493 :
844 4459 862 4492 ι
902 4441 1112 4510 thuia
1137 4457 1242 4495 non
1291 4441 1395 4496 nisi
1426 4443 1668 4497 dextram

104 4542 282 4596 partem
311 4537 546 4605 legimus
566 4544 621 4589 et
649 4534 944 4599 sinistram,
977 4549 1081 4588 non
1109 4535 1231 4589 illos
1271 4535 1468 4590 faciant
1495 4535 1548 4590 in
1595 4537 1668 4590 si-
1701 4542 1748 4600 Ι)

101 4621 240 4677 nistra
265 4629 480 4696 regione
508 4625 630 4680 sine
672 4625 992 4694 baptismate
1044 4641 1355 4692 remanere,
1387 4627 1480 4682 sed
1540 4628 1672 4696 bap-

101 4713 264 4771 tizatos
287 4721 464 4773 sinant
492 4718 564 4773 ad
587 4717 834 4772 dextram
868 4718 1157 4773 salutarem
1207 4735 1358 4774 sacra
1384 4735 1670 4789 regenera-

105 4807 228 4864 tione
255 4812 563 4867 transferri.
603 4830 621 4863 ι
655 4811 802 4865 Hane
855 4809 1054 4867 Gelasii
1088 4813 1369 4880 epistolam
1395 4813 1520 4882 legit
1549 4813 1666 4867 Mn-

104 4899 276 4969 raines,
307 4920 535 4976 eantque
586 4904 726 4973 disp.
756 4903 812 4969 2,
860 4920 1008 4959 num.
1040 4906 1145 4971 δι,
1183 4907 1437 4958 eruditam
1492 4917 1662 4963 vocat.

105 4988 276 5048 Verum
329 4998 645 5050 omittamus
692 4996 1001 5050 Africanum
1043 5010 1301 5051 canonetn
1353 5013 1415 5051 ac
1471 4997 1669 5053 Gelasii

106 5085 388 5154 epistolam,
418 5093 537 5144 haec
567 5091 708 5144 enim
738 5089 1046 5145 scholastici
1101 5101 1306 5145 veteres
1329 5105 1435 5143 non
1467 5091 1665 5159 legere,

107 5187 262 5234 nonne
279 5183 606 5250 Angnsﬁnus
626 5183 762 5236 hanc
780 5182 1098 5235 sententiam
1125 5181 1287 5235 veluti
1310 5181 1669 5236 ortltodoxum

108 5263 274 5332 dogma
307 5272 527 5325 tradidtt
547 5273 570 5325 ?
593 5272 790 5326 Statuit
820 5283 1038 5326 Sanctus
1077 5273 1265 5327 doctor
1298 5275 1348 5327 in
1379 5275 1537 5343 epist.
1568 5275 1668 5328 107

110 5358 164 5406 ad
198 5359 744 5420 Vit'alem‘duodecim
794 5366 1028 5434 regulas,
1060 5382 1284 5435 quarum
1325 5367 1560 5434 septima
1619 5377 1673 5420 et

115 5460 277 5505 octava
301 5455 381 5507 his
407 5458 586 5510 verbis
604 5459 1017 5513 describuntur:
1055 5478 1073 5510 ι
1103 5459 1306 5513 Scimus
1333 5460 1472 5528 quod
1501 5474 1673 5512 omnes

112 5545 364 5601 astabimus
400 5561 518 5603 ante
557 5553 779 5605 tribunal
806 5552 1032 5617 Christi,
1067 5563 1122 5606 ut
1145 5558 1276 5622 [erat
1326 5553 1674 5620 unusquisque

107 5638 361 5689 secundum
390 5657 449 5692 ea
477 5658 598 5708 qua:
621 5660 708 5711 per
731 5659 917 5710 corpus
946 5647 1122 5713 gessit,
1156 5660 1260 5698 non
1293 5642 1586 5698 secundum
1609 5656 1671 5694 ea

103 5735 202 5787 qute
230 5726 271 5779 si
301 5729 495 5784 diutius
533 5733 763 5799 viveret,
795 5743 1042 5805 gc-turus
1071 5735 1188 5802 fuit,
1215 5736 1316 5788 sire
1340 5736 1543 5800 bonum,
1575 5739 1672 5790 sive

1763 3268 1924 3323 etiam
1955 3280 2052 3335 pro
2071 3265 2174 3319 ﬁde
2203 3265 2466 3318 catholica
2483 3266 2759 3319 venditare
2781 3281 2942 3321 ausus
2959 3278 3120 3322 esset.
3151 3285 3171 3319 ι
3209 3267 3351 3322 Idem

1763 3368 1951 3426 postea
1981 3356 2144 3412 etiam
2164 3354 2383 3409 tradidit
2403 3355 2536 3409 libro
2556 3356 2743 3424 quinto
2764 3357 2944 3424 operis
2975 3354 3230 3424 postremi
3257 3358 3353 3410 ad-

1764 3462 1960 3502 versus
1997 3445 2292 3500 lulianum.
2322 3444 2462 3498 Beda
2519 3446 2700 3509 etiam,
2750 3446 2840 3513 qui
2885 3446 3042 3513 longe
3089 3458 3210 3513 post
3242 3451 3350 3500 Au-

1765 3537 2039 3607 gustinum
2072 3535 2287 3597 ﬂoruit,
2315 3534 2547 3586 afﬁrmat
2591 3536 2883 3586 secundum
2943 3535 3261 3588 catholicam
3297 3541 3355 3588 ti-

1767 3626 1889 3679 dem
1923 3622 2174 3691 parvulos
2196 3621 2515 3690 judicandos
2547 3634 2687 3674 esse.
2725 3621 2932 3675 Etenim
2983 3623 3035 3675 in
3098 3625 3356 3691 prmlimi-

1769 3716 1885 3770 nari
1910 3715 1978 3768 ad
2012 3728 2222 3768 sacrum
2247 3711 2486 3767 codicem
2521 3711 2865 3766 Canticorum
2895 3713 3152 3769 adversus
3179 3714 3350 3770 Julia-

1771 3827 1896 3865 uum
1931 3811 2004 3864 ait
2037 3825 2052 3863 :
2092 3828 2110 3861 ι
2149 3809 2302 3878 Quod
2334 3808 2461 3863 dicit
2485 3806 2796 3879 (Julianus),
2824 3823 2928 3862 non
2968 3809 3186 3864 aliunde
3216 3810 3353 3864 alios

1765 3900 2032 3970 judicare,
2069 3900 2201 3954 alios
2237 3899 2494 3968 judicari,
2539 3899 2641 3953 nisi
2670 3899 2792 3968 quia
2823 3898 2875 3952 in
2927 3898 3114 3953 eadem
3167 3909 3356 3954 natura

1770 3995 1951 4063 dispar
1982 3995 2226 4047 Voluntas
2251 3995 2356 4059 sit,
2383 4003 2436 4046 et
2463 3994 2607 4063 quia,
2640 4008 2761 4047 eum
2805 4007 2993 4048 omnes
3013 3994 3151 4049 idem
3184 3996 3358 4064 possi-

1773 4087 2148 4152 mus,diversa
2199 4085 2476 4146 faciamus,
2529 4085 2845 4138 contradicit
2884 4086 3160 4141 catholica:
3208 4087 3358 4154 ﬁdei,

1772 4193 1888 4246 quae
1917 4180 2076 4231 etiam
2111 4191 2384 4231 ranvrws
2433 4191 2556 4229 esse
2585 4190 2899 4230 suntctnnos
2924 4177 3235 4241 conﬁtetur,
3265 4193 3359 4232 eos

1772 4268 1864 4338 qui
1895 4271 1946 4322 in
1975 4269 2163 4322 eadem
2212 4277 2397 4320 natura
2433 4267 2590 4336 positi
2635 4266 2939 4337 priusquam
2983 4266 3180 4336 aliquid
3234 4268 3359 4325 boui

1772 4363 1968 4416 malive
1993 4361 2167 4415 facere
2195 4369 2290 4414 aut
2317 4359 2474 4420 velle,
2518 4369 2610 4413 aut
2636 4360 2829 4414 saltem
2871 4374 3032 4414 nosse
3077 4366 3349 4425 poterant,

1772 4455 1890 4509 sine
1913 4453 2177 4522 baptismo
2209 4451 2346 4520 rapti
2375 4465 2517 4505 sunt.
2542 4470 2561 4502 ι

1777 4591 2073 4647 Secundum
2103 4601 2459 4661 argumentum
2484 4605 2548 4643 ea:
2579 4590 2870 4656 Scriptura.
2905 4586 3063 4661 Pueri
3081 4595 3361 4638 nascuntur

1841 4662 1931 4714 sub
1963 4658 2202 4727 potestate
2243 4661 2508 4724 dwmouis,
2533 4677 2595 4714 er
2623 4677 2720 4730 qua
2742 4658 3220 4730 reorumdentuptena
3240 4673 3360 4730 sen-

1844 4733 2004 4786 sibilis
2047 4748 2221 4800 aperte
2272 4726 2668 4786 demonstratur.
2716 4729 2881 4800 Quam
2929 4726 3204 4800 infeliciter
3243 4728 3361 4780 huic

1845 4796 2145 4873 argumento
2175 4804 2237 4855 ab
2270 4804 2576 4855 adversariis
2609 4798 3006 4873 _respoudeatur.
3039 4796 3167 4850 Octo
3199 4799 3360 4866 pcenis

1846 4870 2083 4942 parvulos
2108 4875 2314 4942 subjici,
2344 4889 2456 4939 qutc
2483 4870 2696 4924 breviter
2722 4876 3076 4920 numerantur.

1851 5003 2094 5057 Alterum
2118 5012 2489 5072 argumentum
2533 4997 2832 5053 tlesumitttr
2880 5015 2947 5053 ex
2996 5000 3247 5056 omnibus
3301 5000 3364 5055 iis

3380 4918 3398 4962 t

1778 5109 1945 5149 sacrae
1975 5092 2181 5162 pagina:
2209 5090 2341 5144 locis
2369 5091 2424 5144 in
2467 5090 2664 5159 quibus
2713 5090 2930 5146 humani
2987 5096 3200 5161 generis
3240 5107 3386 5163 cap-,

1781 5188 1954 5242 tivitas
1988 5186 2088 5242 sub
2118 5184 2358 5253 principe
2412 5185 2658 5240 daemone
2699 5184 3027 5255 designatur.
3059 5187 3214 5240 Joan.
3267 5201 3362 5249 xu,

1779 5279 1840 5331 2⁷⁵1
1873 5296 1886 5334 :
1921 5277 2076 5331 Nunc
2098 5274 2344 5346 Princeps
2368 5275 2524 5348 hujus
2551 5277 2726 5329 mundi
2757 5278 2984 5346 ejicietur
3009 5280 3167 5345 foras.
3200 5276 3364 5329 Marc.

1782 5385 1861 5435 ιιι,
1895 5368 1962 5422 37
1997 5385 2010 5421 :
2042 5367 2211 5421 Nemo
2241 5375 2402 5435 potest
2429 5383 2548 5419 vasa
2582 5366 2732 5435 fortis
2761 5369 3018 5438 ingressus
3065 5367 3115 5418 in
3147 5366 3358 5416 domum

1780 5461 2025 5526 diripere,
2059 5458 2158 5511 nisi
2181 5459 2320 5527 prius
2344 5459 2525 5526 fortem
2567 5458 2764 5528 alliget,
2796 5469 2842 5510 et
2874 5467 2994 5510 tunc
3021 5457 3230 5507 domum
3255 5457 3368 5526 ejus

1783 5553 2006 5622 diripiet.
2043 5551 2183 5606 Idem
2207 5551 2466 5605 Dominus
2487 5561 2709 5604 testatur
2738 5550 2922 5604 Matth.
2959 5564 3057 5613 xu,
3084 5547 3156 5603 29
3186 5563 3200 5600 :
3229 5548 3369 5612 Quo-

1782 5645 1934 5698 modo
1975 5655 2134 5713 potest
2187 5645 2459 5714 quisquam
2512 5644 2705 5695 intrare
2756 5643 2807 5695 in
2851 5641 3057 5694 domum
3106 5640 3274 5709 fortis,
3320 5649 3369 5696 et

1783 5755 1899 5792 rasa
1929 5740 2041 5808 ejus
2090 5738 2330 5807 rlir'pcre,
2361 5736 2457 5790 nisi
2507 5736 2648 5806 prius
2706 5732 2992 5806 alligaverit
3025 5732 3254 5802 fortem?
3308 5733 3370 5785 Et
