3892 6330
535 353 641 407 633

1431 337 1977 397 SUPP-LEMENTUM
2018 336 2109 390 AD
2148 334 2377 391 OPERA
2417 336 2471 389 S.
2518 332 2903 390 AUGUSTINI.
3715 330 3789 385 656

536 463 694 518 Luca“:
726 477 774 515 st
806 459 1061 515 Dominus
1109 463 1383 525 comparat
1411 455 1707 508 daemonem
1759 452 1881 522 {orti
1928 458 2124 503 armato
2155 450 2200 507 A
2234 448 2469 502 Ecclesia
2500 449 2838 503 uniformiter
2866 447 2995 518 agit,
3019 460 3120 499 non
3154 444 3357 501 otioso
3410 447 3791 514 contemplemur

537 553 848 607 custodienti
875 554 1066 604 atrium
1087 564 1260 603 suum.
1289 548 1361 601 Ex
1381 547 1575 614 quibus
1598 546 1728 599 locis
1761 552 1979 598 sanctus
2001 544 2125 596 doc-

540 655 623 699 tor
648 641 809 698 infert
833 642 1083 709 parvulos
1101 654 1220 693 cum
1246 638 1487 708 principe
1514 636 1757 690 daemone
1780 643 1981 690 aeterno
2007 634 2128 703 igne

542 735 885 791 cremandos.
921 732 1061 787 Audi
1102 733 1369 800 integrum
1424 727 1641 781 maximi
1672 725 1775 780 viri
1827 726 2126 780 discursum

544 829 641 882 lib.
674 843 733 882 ιιι
763 826 957 891 Operis
983 821 1277 891 imperfecti
1307 829 1492 874 contra
1514 818 1786 873 lulianum
1808 857 1823 881 ,
1854 830 1972 885 cap.
2002 815 2123 880 199,

539 918 691 988 cujus
734 916 981 985 superius
1022 912 1377 981 fragmentum
1423 908 1543 963 dedi
1577 925 1592 964 :
1633 926 1651 960 ‹
1686 908 1769 962 Tu
1808 918 2019 975 autem,
2048 907 2129 961 in-

540 1010 676 1078 quit,
701 1008 789 1076 qui
824 1020 941 1061 eam
974 1005 1189 1073 (nempe
1220 1002 1502 1071 imaginem
1531 1000 1644 1069 Dei)
1679 1014 1840 1068 negas
1862 1014 1890 1051 a
1914 999 2128 1053 diabolo

546 1096 835 1169 possideri,
870 1095 1052 1165 procul
1086 1094 1248 1148 dubio
1275 1107 1441 1162 negas
1467 1106 1497 1144 a
1530 1098 1794 1159 potestate
1823 1089 1937 1143 erui
1972 1097 2128 1143 tene-

548 1192 791 1259 brarum,
821 1204 941 1243 cum
964 1189 1016 1242 in
1046 1186 1248 1242 Christi
1273 1202 1494 1257 regnum
1519 1185 1925 1255 regeneratione
1957 1193 2131 1237 trans-

554 1285 745 1349 fertur,
781 1292 834 1337 et
860 1294 1082 1336 accusas
1114 1280 1419 1333 universam
1468 1276 1788 1332 catholicam
1835 1275 2130 1329 Ecclesiam

547 1391 744 1444 magno
771 1374 997 1428 crimine
1023 1371 1317 1440 majestatis
1351 1387 1366 1435 ;
1400 1384 1504 1422 non
1532 1369 1675 1423 enim
1709 1366 1918 1436 legibus
1970 1364 2132 1435 hujus

544 1467 727 1521 mundi
760 1475 971 1520 tenetur
1001 1478 1124 1518 reus
1146 1461 1385 1533 quisquis
1414 1460 1723 1529 imaginem,
1755 1457 1997 1528 quamvis
2026 1471 2130 1510 non

542 1555 758 1622 vivam,
797 1554 1151 1620 imperatoris
1208 1551 1477 1606 exsufﬂet.
1522 1548 1891 1602 Exsuiﬂantur
1951 1555 2131 1602 autem

545 1644 753 1717 parvuli
788 1644 841 1697 in
875 1640 1176 1697 exorcismo
1208 1642 1518 1709 priusquam
1550 1639 1923 1708 baptizentur;
1957 1635 2134 1690 exsuf-

545 1733 740 1787 llantur
787 1731 950 1802 igitur
990 1732 1124 1785 viva:
1168 1729 1449 1797 imagines,
1509 1742 1618 1780 non
1674 1727 1813 1794 regis
1854 1727 2131 1794 cujusque,

2230 538 2453 603 intuitu;
2484 553 2605 593 cum
2636 539 2749 594 sive
2778 538 3017 608 parvuli,
3048 538 3165 593 sive
3192 537 3448 607 juvenes
3470 537 3538 589 ad
3559 551 3792 607 regenera-

2230 630 2388 684 tionis
2417 632 2642 685 veniunt
2671 640 3089 695 sacramentum,
3121 644 3241 683 non
3282 628 3447 695 prius
3501 628 3691 683 fontem
3709 634 3795 686 vita

2228 723 2443 787 adeunt,
2474 738 2631 791 quam
2658 720 3010 788 exorcismis,
3043 719 3621 775 etexsufﬂationibus
3669 722 3797 776 Cleri-

2228 828 2411 867 corum
2440 812 2659 880 spiritus
2697 812 2767 865 ab
2796 813 2876 866 eis
2908 811 3219 865 immundus
3274 811 3562 880 abigatur,
3618 822 3673 865 ut
3708 824 3797 869 tunc

2230 918 2355 955 vere
2376 910 2654 970 appareat,
2707 901 2975 970 quomodo
3019 900 3288 968 Princeps
3342 901 3800 969 mundihujusmit-

2229 1000 2368 1044 tatur
2395 991 2539 1059 [oras
2563 990 2742 1061 (Joan.
2772 990 2896 1060 stt),
2929 1000 2975 1045 et
2997 992 3266 1061 quomodo
3300 991 3460 1057 prius
3484 991 3710 1061 alligetur
3725 996 3801 1060 for-

2232 1084 2317 1147 tis,
2347 1090 2393 1135 et
2416 1083 2651 1152 deinceps
2688 1100 2808 1137 vasa
2846 1086 2959 1155 ejus
2998 1083 3335 1153 diripiantur
3376 1084 3435 1136 in
3487 1086 3803 1146 possessionem

2231 1175 2486 1229 translata
2528 1176 2732 1230 victoris
2783 1176 2997 1246 (Matth.
3058 1176 3183 1244 xu),
3243 1177 3345 1245 qui
3389 1179 3644 1247 captivam
3694 1180 3801 1233 ducit

2233 1265 2578 1331 captivitatem
2620 1263 2793 1335 (Psal.
2842 1264 3030 1335 cxvu),
3088 1276 3134 1320 et
3194 1267 3299 1321 dat
3362 1267 3510 1321 dona
3565 1269 3804 1325 hominibus

2236 1354 2451 1424 (Ephes.
2477 1351 2577 1424 tv).
2615 1354 2708 1410 llis
2737 1370 2888 1425 ergo,
2920 1366 3023 1411 etc.
3055 1374 3076 1408 ι
3113 1356 3301 1423 Quam
3328 1356 3635 1413 doctrinam
3660 1370 3799 1427 postea

2234 1449 2483 1500 universa
2516 1445 2756 1500 Ecclesia
2788 1446 3024 1513 tradidit,
3058 1455 3117 1501 ut
3155 1456 3324 1517 patet
3352 1463 3425 1503 ex
3457 1464 3577 1517 cap.
3607 1449 3802 1504 δαίεται--

2237 1545 2330 1600 tes,
2364 1537 2431 1590 de
2470 1534 2785 1591 Consecrat.
2823 1536 2950 1591 dist.
2982 1540 3038 1603 4,
3066 1548 3120 1592 et
3173 1552 3313 1607 cap.
3354 1539 3594 1607 Parvuli,
3641 1551 3689 1596 et
3711 1558 3797 1612 cap.

2238 1630 2385 1684 Sicut
2415 1630 2599 1697 nossis,
2620 1638 2675 1683 et
2699 1644 2816 1698 cap.
2852 1630 3070 1697 Dehinc,
3085 1641 3220 1697 etc.,
3240 1640 3303 1686 et
3325 1632 3594 1700 expresse
3613 1635 3802 1703 synodus

2236 1720 2567 1789 Tridentina,
2600 1736 2735 1775 sess.
2760 1721 2793 1773 5
2812 1764 2825 1788 ,
2849 1721 2917 1776 de
2946 1731 3166 1789 peccato
3228 1724 3383 1794 orig.
3448 1724 3651 1792 deﬁnit,
3671 1725 3797 1779 Adam

545 1824 638 1878 sed
668 1824 778 1877 Dei.
808 1823 921 1879 lmo
954 1836 1081 1877 vero
1111 1820 1445 1884 cxsufllntur,
1477 1817 1847 1881 seddiabolus,
1875 1816 1963 1884 qui
1994 1830 2127 1870 con-
2159 1813 2201 1871 Β
2238 1828 2255 1862 ι
2296 1812 2580 1866 incurrisse
2606 1826 2726 1865 cum
2751 1822 2924 1867 morte
2951 1814 3346 1882 captivitatem
3372 1816 3479 1870 sub
3527 1816 3800 1884 eiuspotes-

546 1916 761 1985 tagione
795 1911 1001 1983 peccati
1040 1919 1190 1967 tenet
1216 1910 1402 1979 procul
1433 1908 1592 1962 dubio
1644 1922 1818 1973 reum,
1852 1916 1905 1959 ut
1937 1905 2028 1960 illo
2057 1904 2135 1959 fo-

548 2020 636 2058 ras
667 2006 861 2073 misso,
895 2003 1153 2075 parvulus
1185 2001 1539 2057 transferatur
1585 1999 1649 2053 ad
1704 1999 2001 2053 Christum.
2027 1998 2136 2052 Ex-

548 2094 796 2148 sollletur
822 2093 1004 2164 itaque
1026 2092 1221 2146 Juliani
1262 2090 1517 2154 amentia,
1551 2104 1617 2144 ne
1648 2088 1943 2158 majestatis
1964 2103 2051 2143 rea
2084 2089 2136 2141 in

550 2184 895 2252 parvulorum
929 2182 1275 2255 mundatione
1319 2189 1375 2234 et
1402 2178 1775 2235 exsufﬂatione
1799 2179 2006 2233 dicatur
2036 2178 2137 2232 Ec-

549 2275 738 2328 clesia.
800 2274 856 2329 Si
905 2283 1083 2328 autem
1116 2288 1223 2326 non
1248 2272 1455 2327 eruitur
1501 2270 1568 2325 de
1602 2278 1865 2337 potestate
1892 2268 2137 2324 tenebra-

547 2380 687 2429 rum,
721 2375 773 2420 ct
801 2365 907 2420 illic
937 2374 1180 2421 remanet
1202 2365 1477 2434 parvulus,
1511 2363 1639 2431 quid
1673 2361 1885 2416 miraris
1934 2377 1984 2415 IN
2015 2377 2140 2415 IGNE

550 2471 774 2509 .erenno
803 2471 907 2509 ευιι
934 2471 1157 2510 DIABOLO
1182 2471 1452 2518 rurunuu,
1483 2455 1573 2524 qui
1608 2455 1659 2508 in
1691 2453 1782 2507 Dei
1808 2468 2028 2523 regnum
2058 2455 2139 2507 in-

550 2555 693 2601 trare
724 2561 830 2603 non
870 2546 1108 2603 sinitur?
1137 2548 1218 2602 An
1247 2549 1367 2620 quia
1412 2547 1684 2615 Pelagiani
1743 2546 1927 2601 nescio
1978 2561 2135 2616 quem

550 2635 785 2704 parvulis
817 2636 1215 2705 nonbaptizatis
1229 2644 1421 2706 prater
1453 2637 1543 2690 Dei
1568 2651 1811 2704 regnum,
1844 2636 2039 2704 quietis
2085 2645 2140 2690 et

552 2727 677 2779 vita:
698 2734 914 2781 aeternae
941 2726 1113 2781 locum
1147 2737 1470 2797 praeparant,
1500 2726 1620 2781 ideo
1646 2725 1844 2781 Christi
1874 2726 1978 2781 erit
2008 2725 2137 2782 falsa

549 2817 861 2871 sententia:
908 2815 1010 2884 Qui
1054 2819 1331 2872 crediderit
1361 2826 1407 2872 et
1463 2817 1753 2886 baptizatus
1798 2816 1948 2886 fuerit
1971 2815 2139 2870 salvus

550 2910 667 2973 erit,
695 2910 783 2976 qni
820 2919 990 2964 autem
1045 2928 1145 2965 non
1176 2913 1449 2967 crediderit
1497 2912 1913 2966 condemnabitur
1944 2912 2136 2983 (Marc.

555 3000 709 3068 ut)?
741 3019 758 3051 ι
792 3001 992 3055 llursus
1039 3002 1131 3057 lib.
1178 3019 1207 3056 v
1235 3002 1475 3071 ejusdem
1524 3003 1703 3071 operis
1728 3016 1847 3071 cap.
1878 3003 1910 3057 6
1939 3020 1951 3055 :
2002 3020 2020 3053 ι
2058 3004 2140 3056 An

552 3092 711 3161 forte,
772 3093 963 3163 inquit,
990 3093 1237 3149 homines
1270 3110 1376 3149 non
1427 3103 1587 3160 sunt,
1619 3095 1710 3163 qui
1758 3103 2017 3149 eruantur
2072 3097 2141 3150 de

2242 1910 2368 1965 tate,
2400 1900 2490 1968 qui
2517 1902 2705 1956 mortis
2722 1902 2919 1957 deinde
2943 1902 3130 1959 habuit
3151 1904 3489 1974 imperium,
3517 1906 3614 1961 hoc
3631 1917 3701 1963 εει
3717 1908 3795 1960 dia-

2240 1994 2371 2048 holi.
2407 2012 2426 2045 ι
2456 1994 2590 2049 Hinc
2631 2003 2848 2049 sanctus
2902 1996 3264 2066 Augustinus,
3303 1998 3405 2054 lib.
3440 2015 3493 2053 vt
3520 1999 3695 2069 Operis
3727 2002 3796 2053 im-

2240 2085 2378 2155 peri.
2404 2095 2587 2139 contra
2611 2086 2741 2152 Jul.,
2766 2101 2885 2156 cap.
2904 2086 2994 2153 2t),
3020 2090 3387 2157 reprehendit
3415 2089 3674 2145 lulianum
3693 2105 3795 2160 agre

2240 2177 2496 2231 ferentem
2527 2178 2814 2244 dominum,
2839 2194 2899 2231 ac
2918 2195 3280 2247 possessorem
3304 2182 3533 2252 imagini
3554 2182 3645 2235 Dei
3668 2183 3796 2235 diabo-

2240 2270 2346 2322 lum
2369 2270 2585 2339 imponi,
2620 2270 2737 2325 haec
2766 2271 3007 2326 scribens
3039 2289 3053 2327 :
3087 2292 3105 2325 ι
3146 2274 3298 2328 Dicit
3325 2273 3514 2339 Jesus,
3541 2274 3625 2344 qui
3649 2288 3792 2329 secun-

2238 2359 2364 2414 dum
2392 2358 2493 2415 hoc
2528 2375 2725 2416 nomen
2756 2377 2910 2417 suum
2943 2363 3148 2418 salvum
3200 2364 3347 2421 facit
3406 2367 3653 2437 populum
3679 2379 3791 2418 suum

2237 2470 2266 2507 a
2296 2454 2525 2523 peccatis
2552 2470 2737 2509 eorum
2763 2474 2776 2509 :
2816 2456 2983 2511 Nemo
3017 2459 3175 2512 intrat
3210 2459 3271 2513 in
3302 2460 3522 2515 domum
3551 2461 3699 2530 fortis,
3721 2460 3792 2511 nisi

2238 2546 2381 2615 prius
2410 2545 2697 2615 alligaverit
2719 2548 2923 2616 fortem,
2954 2558 3009 2604 et
3043 2564 3138 2605 vos
3162 2551 3222 2605 in
3258 2551 3369 2606 hoc
3399 2554 3593 2622 popqu
3619 2551 3789 2611 Christi,

2216 2653 2398 2709 quem
2434 2638 2640 2693 salvum
2681 2640 2807 2694 facit
2852 2655 2881 2694 a
2939 2641 3172 2710 peccatis
3208 2658 3435 2710 eorum,
3469 2644 3695 2714 parvulos
3715 2657 3787 2693 non

2241 2744 2363 2785 esse
2389 2730 2706 2795 conceditis,
2744 2736 2878 2800 quos
2908 2741 3022 2787 uta
3053 2735 3300 2804 propriis
3321 2777 3334 2797 ,
3365 2736 3440 2789 ita
3472 2750 3569 2790 nec
3612 2733 3788 2801 origina-

2243 2823 2382 2877 lihus
2406 2823 2568 2876 vultis
2592 2824 2881 2879 obstrictos
2910 2838 3028 2880 esse
3066 2828 3349 2893 peccatis,
3404 2836 3459 2881 et
3506 2839 3620 2879 cum
3659 2820 3787 2876 fallaci

2242 2921 2423 2967 vestro
2441 2925 2689 2966 sermone
2734 2913 2968 2966 minuitis
3018 2913 3160 2968 vires
3182 2915 3340 2984 ejus,
3376 2929 3536 2983 quem
3577 2911 3693 2966 dixit
3716 2907 3787 2959 Ve-

2242 2999 2372 3053 ritas
2403 2998 2613 3054 fortem.
2646 3018 2664 3051 ι
2694 3001 2883 3054 Postea
2915 3016 2930 3054 :
2960 3018 2979 3051 ‹
3016 3000 3125 3056 Nec
3154 3002 3258 3057 tibi
3284 3002 3541 3057 videatur
3568 3000 3784 3068 indignum

2245 3090 2387 3158 quod
2418 3090 2662 3158 subjecta
2693 3100 2776 3145 est
2802 3090 3015 3151 diabolo
3052 3092 3237 3161 imago
3268 3092 3403 3158 Dei;
3439 3093 3539 3146 hoc
3566 3090 3687 3145 enim
3710 3100 3782 3140 non

552 3188 817 3249 potestate
860 3185 1225 3251 tenebrarum,
1260 3201 1485 3255 quarum
1543 3195 1685 3246 tenet
1714 3185 1961 3240 diabolus
1992 3186 2136 3253 prin-
2165 3165 2211 3227 C
2244 3181 2397 3236 ﬁeret
2428 3183 2528 3236 nisi
2553 3182 2757 3251 judicio
2784 3183 2914 3249 Dei,
2949 3198 3047 3239 nec
3075 3195 3402 3240 removetur
3427 3188 3524 3239 ista
3550 3177 3781 3240 damnatio.

551 3270 786 3338 cipatum
813 3271 834 3324 l
861 3275 965 3328 Aut
994 3288 1122 3329 vero
1153 3291 1237 3329 ITA
1271 3290 1472 3329 DESIPIS
1500 3284 1557 3329 ut
1597 3273 1836 3329 affirmes
1885 3289 1979 3329 eos
2034 3276 2135 3330 sibi

560 3361 833 3416 diabolum
867 3378 973 3420 non
1001 3366 1299 3433 vindicare,
1326 3382 1461 3437 quos
1488 3367 1728 3437 possidet
1749 3377 1803 3423 et
1830 3382 1938 3423 sua:
1962 3380 2139 3439 potes-

566 3453 659 3506 tati
692 3453 936 3511 subditos
971 3468 1115 3513 tenet
1137 3460 1158 3512 't
1179 3460 1282 3515 Sed
1315 3469 1371 3514 ut
1415 3470 1619 3515 taceam
1650 3461 1717 3515 de
1748 3462 1831 3516 his
1874 3477 2014 3532 quos
2048 3479 2140 3530 po-

553 3546 704 3599 testis
728 3547 905 3603 dicere
937 3565 1031 3620 per
1059 3567 1210 3608 suam
1270 3553 1463 3608 malam
1494 3554 1820 3609 voluntatem
1850 3569 1878 3607 a
1927 3555 2141 3610 diabolo

555 3637 848 3704 possideri,
884 3641 1009 3709 quid
1038 3642 1280 3699 dicturus
1318 3659 1377 3699 es
1404 3644 1470 3698 de
1501 3645 1594 3700 illo
1624 3644 1689 3699 de
1740 3661 1845 3713 quo
1889 3655 2038 3713 pa‘er
2063 3645 2141 3715 ip-

566 3728 703 3796 sius,
738 3730 964 3787 Domino
994 3733 1381 3805 interrogante,
1409 3735 1683 3804 respondit
1714 3736 1854 3803 quod
1883 3751 1945 3790 ex
1980 3737 2144 3790 infau-

559 3821 629 3873 tia
659 3836 753 3876 sua
786 3822 852 3875 ab
880 3823 1158 3880 immundo
1173 3828 1360 3895 spiritu
1394 3826 1717 3880 vexaretur?
1756 3827 1943 3882 Nonne
1974 3844 2142 3883 mem-

556 3908 653 3963 bra
675 3911 790 3979 ejus
820 3920 872 3965 et
900 3900 1114 3978 sensus,
1144 3931 1261 3984 quae
1292 3916 1469 3969 omnia
1502 3916 1612 3970 Deo
1658 3925 1877 3971 auctore
1902 3919 2139 3973 instituta

555 4004 701 4060 sunt,
736 4004 791 4050 et
818 4001 1126 4053 communia
1174 4002 1484 4070 impiorum,
1519 4002 1841 4072 piorumque
1873 4015 1997 4060 sunt
2026 4023 2142 4061 mu-

555 4103 707 4151 nera,
733 4089 977 4145 diabolus
1008 4091 1133 4158 sibi,
1182 4102 1240 4147 ut
1290 4092 1575 4164 afﬂigeret,
1608 4096 1944 4151 vindicabat?
1970 4108 2075 4153 etc.
2115 4118 2135 4151 ι

563 4176 677 4230 llnc
726 4191 1098 4247 argumentum
1138 4184 1293 4239 valde
1359 4194 1574 4254 torquet
1622 4186 1983 4251 adversarios,
2051 4191 2139 4257 qui

561 4267 725 4322 variis
811 4268 952 4324 datis
1005 4274 1362 4331 solutionibus
1433 4278 1537 4332 vim
1609 4277 1889 4348 ejusdem,
1936 4288 1992 4333 ut
2042 4295 2142 4350 ego

556 4361 773 4429 quidem
799 4363 1030 4421 arbitror
1048 4408 1060 4431 ,
1100 4368 1293 4423 frustra
1323 4370 1551 4427 evadere
1576 4384 1853 4428 conantur.

573 4460 577 4465 '
636 4456 944 4527 Respondet
970 4462 1142 4528 primo
1164 4463 1377 4531 quidam
1419 4465 1551 4520 alias
1577 4467 1961 4523 celeberrimus
1994 4469 2143 4524 then.

558 4549 710 4619 logus
789 4549 910 4605 Haec
938 4526 1091 4621 poena
1119 4526 1222 4607 non
1248 4555 1458 4610 videtur
1496 4556 1676 4612 debita
1734 4570 1953 4627 peccato
1978 4561 2138 4630 origi-
2170 4526 2223 4587 Β

560 4641 705 4708 nali;
738 4643 876 4698 sicut
896 4644 945 4698 ei
972 4660 1073 4699 non
1108 4646 1334 4701 debetur
1364 4662 1520 4717 poena
1554 4664 1770 4715 sensus,
1795 4653 1868 4707 ita
1917 4668 2022 4707 non
2045 4653 2141 4710 de-

561 4733 713 4788 betur
742 4734 899 4789 simul
929 4735 1144 4790 traditio
1168 4737 1219 4790 in
1245 4752 1431 4793 manus
1464 4739 1632 4795 hostis
1676 4741 2036 4811 potentissimi
2087 4753 2141 4799 et

560 4825 927 4893 infensissimi,
957 4826 1048 4897 qui
1078 4826 1332 4896 perducat
1377 4828 1645 4884 hominem
1678 4830 1730 4883 in
1764 4832 2138 4887 neceSsitatem

563 4920 820 4974 moralem
841 4920 1145 4977 incurrendi
1192 4922 1458 4993 ejusmodi
1490 4938 1724 4992 poenam,
1759 4933 1810 4979 et
1841 4923 1998 4978 simul
2023 4941 2142 4993 pro-

565 5005 752 5059 hibitio
777 5007 1182 5066 auxiliatoribus
1214 5026 1282 5069 ne
1307 5014 1581 5082 suppetias
1602 5013 1796 5071 ferant.
1826 5014 1950 5070 Haec
1998 5015 2138 5071 enim

561 5103 705 5149 esset
734 5110 891 5165 poena
918 5101 1130 5165 gravior
1150 5118 1307 5172 quam
1335 5119 1492 5172 poena
1519 5119 1709 5161 sensus
1735 5122 1749 5169 ;
1782 5106 1979 5177 quippe
2010 5108 2141 5163 tole-

562 5186 1064 5244 rabiliusestsolum
1083 5193 1307 5247 cruciari
1326 5211 1484 5262 quam
1503 5197 1625 5264 poni
1643 5196 1693 5250 in
1713 5197 1898 5251 morali
1917 5198 2144 5253 necessi-

564 5291 674 5339 tate
700 5281 820 5338 novi
837 5280 1079 5338 criminis
1097 5286 1356 5340 merentis
1373 5287 1520 5343 illum
1540 5290 1860 5344 cruciatum.
1885 5289 2009 5345 lltec
2033 5305 2147 5346 res-

563 5375 755 5445 ponsio
767 5371 879 5429 non
893 5384 1152 5429 Consonat
1172 5374 1427 5433 Ecclesiae
1446 5378 1663 5433 statutis
1677 5393 1740 5433 ex
1754 5380 1948 5449 quibus
1963 5389 2147 5449 aperte

568 5466 840 5535 colligitur
869 5481 931 5521 es
952 5471 1167 5535 peccato
1181 5465 1426 5536 originali
1440 5481 1537 5522 nos
1560 5481 1682 5524 esse
1696 5468 1934 5538 captivos
1947 5470 2146 5526 daemo-

566 5559 670 5612 nis.
684 5559 911 5614 Sanctus
924 5557 1266 5623 leestinus,
1292 5568 1345 5613 ut
1366 5558 1523 5629 vulgo
1545 5568 1751 5628 putant,
1772 5560 1825 5615 in
1839 5560 2066 5633 epistola
2080 5560 2145 5616 ad

565 5637 847 5714 episcopos
874 5649 1206 5718 Sallize,cap.
1242 5648 1327 5714 12,
1349 5648 1462 5703 hate
1483 5648 1670 5705 definit
1703 5668 1716 5705 :
1748 5670 1767 5704 ι
1802 5649 1933 5705 Illud
1959 5651 2142 5718 etiam,

567 5732 707 5798 quod
738 5735 876 5788 circa
931 5738 1278 5807 baptizandus
1312 5737 1362 5795 in
1421 5740 1669 5798 universo
1711 5741 1908 5797 mundo
1965 5753 2145 5797 sancta

2241 3274 2344 3327 nisi
2375 3275 2547 3344 gratia
2572 3274 2685 3337 Dei,
2714 3285 2818 3329 etc.
2860 3293 2878 3327 ι

2312 3364 2634 3434 Catharinus
2664 3382 2814 3423 more
2841 3368 3019 3433 solito,
3052 3368 3155 3424 hoc
3175 3380 3265 3425 est
3292 3369 3562 3434 audacter,
3592 3368 3637 3419 in
3660 3374 3782 3431 opus-

2240 3458 2366 3514 culo
2394 3458 2559 3514 citato
2588 3459 2663 3514 ait
2691 3476 2706 3515 :
2743 3479 2760 3512 ι
2797 3461 2981 3531 Neque
3009 3463 3108 3518 sub
3136 3464 3348 3520 diaboli
3383 3472 3623 3535 perpetuo
3650 3469 3781 3526 potes-

2241 3557 2351 3604 tate
2380 3562 2555 3619 erunt,
2592 3554 2715 3621 quia
2746 3563 2800 3607 et
2831 3568 2927 3622 pro
2972 3554 3074 3608 illis
3102 3555 3318 3624 ejectus
3350 3557 3453 3611 erit
3480 3554 3695 3609 diabolus
3726 3549 3781 3601 io-

2243 3656 2332 3694 ras
2362 3641 2413 3694 in
2445 3640 2532 3695 die
2582 3643 2898 3711 novissimo,
2930 3654 2985 3697 ut
3013 3644 3142 3699 nihil
3182 3647 3333 3714 juris
3379 3647 3567 3700 habeat
3606 3639 3777 3695 ulterius

2243 3734 2294 3787 in
2344 3732 2486 3786 illos.
2526 3752 2544 3785 ι
2582 3732 2691 3786 lloc
2742 3743 2917 3789 tamen
2974 3749 3334 3803 responsum,
3386 3746 3441 3789 ut
3487 3736 3612 3789 bene
3658 3728 3777 3783 etiam

2242 3822 2446 3876 no'avit
2486 3821 2859 3887 Bellarminus,
2908 3825 2976 3878 ah
3027 3825 3245 3881 homine
3303 3824 3564 3881 catholico
3610 3813 3775 3874 defendi

2244 3912 2464 3968 minime
2493 3921 2691 3981 potest.
2725 3915 2856 3970 Peto
2883 3917 3025 3970 enim
3055 3931 3219 3986 quare
3270 3918 3500 3973 infantes
3526 3912 3665 3968 modo
3699 3906 3777 3962 sint

2243 4003 2437 4071 captivi
2484 4003 2783 4059 daemonis?
2840 4006 2993 4061 Clara
3048 4016 3172 4062 sunt
3232 4009 3491 4065 Ecclesia:
3535 4007 3772 4071 dogmata:

2243 4095 2322 4147 0b
2360 4095 2562 4163 peccati
2612 4096 2886 4164 originalis
2928 4098 3211 4154 maculam.
3244 4100 3457 4154 Rursus
3500 4097 3774 4161 interroga?

2243 4182 2343 4237 dus
2372 4192 2455 4238 est
2482 4185 2802 4240 Catharinus
2828 4201 2893 4239 an
2936 4188 3051 4241 haec
3096 4189 3308 4242 macula
3339 4189 3575 4243 duratura
3603 4182 3661 4235 sit
3685 4180 3772 4245 post

2243 4274 2385 4329 diem
2413 4275 2597 4344 judicii
2658 4277 2742 4331 vel
2774 4279 2923 4331 non?
2961 4278 3014 4333 Si
3042 4280 3341 4335 secundum
3392 4279 3543 4342 dicat,
3570 4275 3614 4327 in
3654 4279 3772 4323 crI‘O‘

2246 4383 2357 4422 rem
2388 4368 2603 4433 labitur,
2632 4370 2747 4424 solo
2774 4370 2915 4424 enim
2946 4371 3275 4441 baptismate
3306 4373 3396 4427 illa
3427 4368 3568 4435 culpa
3592 4353 3770 4415 destrui-

2248 4469 2333 4515 tnr
2364 4478 2378 4527 _:
2414 4478 2433 4513 ι
2470 4461 2593 4516 Hac
2638 4461 2747 4516 noli
2779 4462 2979 4528 dicere,
3012 4463 3085 4515 ait
3123 4465 3478 4532 Augustinus,
3526 4456 3565 4510 si
3592 4452 3657 4505 vis
3682 4456 3769 4542 esse

2245 4552 2539 4607 catholicus
2583 4552 2694 4622 (lib.
2742 4569 2798 4606 ιιι
2847 4554 2910 4607 de
2971 4553 3115 4624 Orig.
3187 4556 3398 4619 animm,
3441 4567 3545 4619 cap.
3588 4544 3650 4612 9).
3684 4557 3699 4588 ι
3726 4534 3767 4587 Si

2246 4647 2499 4715 primum,
2538 4661 2665 4713 ergo
2715 4647 3009 4703 remanebit
3054 4648 3319 4718 integrum
3362 4649 3447 4716 jus
3490 4630 3686 4724 ἀπωρηί

2247 4751 2442 4807 pueros
2470 4735 2628 4791 etiam
2663 4746 2784 4805 post
2823 4737 2965 4791 diem
3003 4737 3212 4807 judicii,
3244 4753 3367 4793 cum
3398 4734 3556 4789 adhuc
3590 4723 3766 4775 obnoxii

2247 4834 2405 4882 erunt
2448 4835 2667 4897 peccato
2714 4828 2980 4896 originali.
3024 4826 3239 4895 Audiat,
3290 4828 3414 4883 velit
3460 4820 3596 4880 nolit.
3625 4814 3763 4876 Al'3"‘

2248 4918 2470 4986 stinum,
2501 4933 2661 4988 quem
2703 4917 2803 4974 hac
2844 4918 2896 4972 in
2927 4919 3245 4988 quaestione,
3289 4920 3365 4974 uti
3409 4918 3457 4970 in
3505 4909 3611 4965 aliis
3642 4900 3762 5001 etiim

2249 5024 2393 5079 smpe
2422 5012 2694 5080 impugnat
2723 5010 2813 5065 lib.
2846 5027 2861 5064 ι
2890 5011 2959 5065 de
2987 5010 3193 5078 Nuptiis
3222 5022 3275 5068 et
3302 5020 3541 5075 concup.,
3562 5012 3660 5066 cap.

2255 5121 2272 5152 ι
2313 5078 2424 5158 lioc
2468 5078 2647 5172 generi
2702 5102 2933 5156 humano
2972 5102 3230 5158 inflictum
3277 5102 3466 5157 vulnus
3508 5108 3535 5146 a
3576 5078 3759 5172 diabolo,

2247 5168 2503 5265 ‘lllidtluid
2536 5210 2631 5264 per
2675 5194 2809 5249 illud
2856 5194 3094 5250 nascitur
3132 5195 3275 5266 cogit
3318 5204 3436 5248 esse
3461 5185 3552 5241 sub
3575 5168 3758 5233 diabolo,

2250 5293 2500 5353 tanquam
2530 5284 2599 5338 de
2626 5298 2724 5339 suo
2755 5282 2946 5340 frutice
2988 5283 3220 5340 fructum
3263 5283 3382 5353 jure
3408 5275 3648 5341 decerpa',
3682 5266 3761 5358 “9'3

2249 5376 2391 5445 quod
2418 5375 2486 5430 ab
2517 5374 2608 5430 illo
2639 5376 2710 5430 sit
2758 5384 2944 5431 natura
2990 5375 3245 5444 humana,
3278 5389 3398 5447 quas
3442 5381 3542 5424 non
3582 5364 3653 5414 est
3685 5359 3762 5447 util

2251 5444 2316 5521 ex
2348 5466 2474 5535 Deo,
2499 5465 2594 5522 sed
2624 5465 2829 5533 vitium,
2852 5466 2993 5536 quod
3026 5480 3131 5522 non
3161 5475 3247 5523 est
3283 5444 3365 5523 ex
3392 5460 3516 5514 Deo.
3537 5449 3640 5506 Non
3664 5444 3774 5536 enlist:

2254 5523 2475 5624 propter
2525 5557 2762 5625 seipsum
2792 5523 2912 5626 quie
2942 5556 3222 5612 laudabilis
3250 5560 3365 5618 est,
3404 5544 3518 5614 αυὶίι
3560 5542 3671 5605 opus
3699 5523 3769 5626 Dii

2257 5620 2482 5716 Est—Sed
2525 5620 2746 5718 propter
2789 5620 3091 5704 damnabile
3130 5650 3340 5713 vitium,
3372 5652 3470 5712 quo
3497 5630 3651 5718 vitiata
3685 5620 3759 5718 est.

2260 5749 2445 5799 natura
2478 5715 2707 5799 humana
2739 5740 3055 5807 damnatur;
3091 5750 3145 5797 et
3191 5746 3398 5811 propter
3430 5724 3554 5799 quod
3578 5715 3753 5771 damna'
