3892 6322
116 364 232 422 637

1316 370 1639 429 VlNDlCl/E
1683 370 2243 432 AUGUSTINIANAE.

2919 316 2947 338 6

3330 380 3435 435 6'58

142 497 239 544 ur,
285 488 504 551 propter
548 480 647 536 hoc
689 492 741 537 et
792 481 1083 537 damnabili
1131 481 1345 539 diabolo
1393 486 1727 555 subjugatur,
1763 486 1812 545 Α
1838 485 2143 543 nationibus
2182 502 2289 542 non
2317 488 2516 543 utimur
2545 488 2611 543 ad
2658 488 3042 546 absolvendum
3095 502 3431 560 peccatorum

76 618 89 635 ,
120 572 256 640 quia
287 579 347 627 et
377 573 491 641 ipse
532 572 782 627 diabolus
809 573 1028 643 spiritus
1058 574 1361 628 immundus
1389 585 1492 629 est.
1534 594 1553 626 ι
1585 573 1731 627 idem

116 663 367 717 asseruit
415 671 634 718 sanctus
676 664 989 731 Fulgentius
1033 663 1124 718 lib.
1161 679 1177 717 ι
1216 664 1284 719 de
1313 664 1550 720 Veritate
1595 679 1733 733 pra:-

115 751 528 819 dcstinationis,
560 767 678 823 cap.
715 755 780 809 H
813 771 826 808 :
857 772 877 806 ι
920 755 1090 810 Causa
1120 769 1250 809 vero
1279 754 1541 824 majorum
1571 763 1731 822 atque

115 846 412 900 minorum
444 846 534 915 qui
565 848 684 902 sine
709 848 1031 916 baptismate
1069 862 1287 902 cursum
1323 848 1447 902 vitae
1489 862 1729 918 praesen-

116 938 197 992 tis
239 938 299 992 in
331 938 649 995 inﬁdelitate
693 950 1095 1005 consummant,
1127 948 1383 1009 quantum
1426 942 1619 996 attinet
1661 940 1728 995 ad

113 1030 569 1085 communionem
622 1030 899 1100 originalis
949 1032 1179 1101 peccati,
1226 1046 1328 1085 una
1370 1040 1472 1086 est.
1517 1031 1596 1087 Ex
1630 1033 1730 1085 hac

116 1118 356 1189 utrique
402 1120 558 1175 ibunt
607 1121 660 1175 in
710 1122 884 1191 ignem
931 1130 1213 1187 aiternum,
1256 1122 1346 1191 qui
1394 1131 1609 1187 paratus
1647 1132 1731 1176 est

115 1211 351 1267 diabolo
397 1222 451 1267 et
476 1213 681 1282 angelis
723 1215 858 1282 ejus,
908 1214 1027 1283 quia
1065 1214 1118 1267 in
1165 1213 1242 1267 eis
1291 1213 1725 1283 chirographum,

110 1317 233 1370 quo
265 1303 371 1359 sibi
400 1318 496 1359 eos
526 1305 832 1375 deceptoris
864 1305 1103 1375 nequitia
1146 1294 1401 1373 subdidit,
1436 1305 1727 1361 Salvatoris

110 1395 301 1465 gratia
330 1412 436 1450 non
464 1397 685 1452 delevit.
714 1416 733 1449 ι

195 1486 515 1554 Respondet
542 1486 786 1556 Arriaga,
822 1496 952 1541 tom.
987 1501 1004 1540 ι
1034 1486 1088 1541 in
1120 1484 1237 1553 1-2,
1270 1485 1410 1554 disp.
1458 1485 1547 1554 52,
1594 1486 1725 1542 nihil

113 1576 278 1631 aliud
308 1576 611 1647 signiﬁcare
660 1590 858 1644 pueros
886 1590 1007 1631 esse
1052 1575 1150 1632 sub
1190 1585 1454 1644 potestate
1500 1576 1719 1645 diaboli,

113 1684 294 1736 quam
323 1684 446 1725 esse
490 1678 825 1738 peccatores.
858 1667 963 1723 Alii
994 1682 1121 1723 vero
1150 1668 1275 1724 ideo
1305 1676 1490 1735 putant
1529 1683 1722 1738 pueros

112 1773 249 1813 esse
294 1761 396 1815 sub
447 1766 710 1829 potestate
740 1759 931 1814 diaboli
976 1772 1068 1827 per
1108 1770 1385 1828 peccatum
1437 1760 1716 1830 originale,

1836 579 1921 633 vel
1948 580 2187 633 omnium
2220 574 2534 648 pessimum,
2567 579 2660 633 sed
2706 588 2909 634 tantum
2948 582 3000 634 in
3048 583 3428 651 energumenis

1834 670 2117 736 sanandis,
2172 668 2263 738 qui
2317 668 2460 723 intus
2510 684 2539 723 a
2587 670 2802 725 diabolo
2852 686 2946 738 per
2982 671 3426 726 inhabitationem

1836 763 2196 824 possidentur.
2229 760 2445 815 Notavit
2472 762 2571 817 hoc
2602 762 2824 833 insignis
2852 763 2941 818 ille
2964 764 3238 817 carmelita
3267 763 3434 818 Joan-

1833 865 1930 905 nes
1961 850 2257 916 Bacconus,
2304 852 2392 919 qui
2444 852 2656 905 caeteris
2705 852 3039 906 scholasticis
3088 853 3319 921 antiquis
3361 852 3431 906 de

1834 943 1934 999 hac
1970 944 2303 1012 captivitate,
2346 943 2486 998 unde
2535 945 2874 1013 parvulorum
2917 958 3090 1013 paena:
3120 946 3250 999 satis
3287 947 3432 1000 clare

1831 1034 2159 1100 inferuntur,
2201 1035 2289 1089 vix
2336 1049 2504 1103 pauca
2547 1035 2707 1089 verba
2760 1034 3099 1102 facientibus,
3132 1051 3268 1090 unus
3314 1036 3430 1105 ipse

1833 1128 2441 1197 Augustino-catholica:
2491 1128 2772 1181 sententiae
2824 1128 3051 1184 adhaasit
3097 1129 3149 1183 in
3201 1131 3236 1182 2
3285 1141 3425 1183 sent.

1830 1218 1956 1272 dist.
2007 1220 2100 1282 59,
2149 1229 2338 1288 quaest.
2386 1219 2434 1281 i,
2477 1219 2564 1272 ubi
2616 1218 2690 1273 ait
2735 1219 2802 1273 de
2838 1220 3096 1274 darmonis
3136 1221 3423 1274 dominio:

1836 1327 1855 1361 ι
1894 1309 2163 1364 lnhabitat
2208 1310 2350 1374 dico,
2387 1325 2491 1364 non
2541 1310 2681 1363 sicut
2725 1308 2895 1364 forma
2946 1311 3264 1376 informans,
3328 1325 3428 1366 nec

1828 1415 1923 1468 per
1965 1400 2189 1454 formam
2241 1401 2494 1469 aliquam,
2525 1416 2684 1469 quam
2716 1411 2865 1456 creat
2911 1401 2962 1455 in
3016 1403 3194 1454 anima
3236 1416 3429 1471 pecca-

1830 1490 1988 1556 trice,
2022 1490 2159 1544 sicut
2211 1490 2350 1543 Deus
2390 1505 2508 1545 eam
2541 1500 2707 1557 creat,
2753 1491 2847 1545 sed
2894 1491 3095 1546 habitat
3128 1508 3221 1561 per
3248 1493 3425 1546 domi-

1826 1579 1973 1633 nium
2020 1580 2074 1632 in
2126 1587 2406 1647 peccante,
2457 1594 2552 1633 seu
2586 1580 2706 1634 aliis
2735 1580 2916 1635 verbis
2950 1581 3072 1649 jure
3114 1580 3334 1635 dominii
3371 1574 3425 1635 εί

1824 1670 2132 1739 potestatis.
2166 1689 2184 1721 ι
2236 1669 2300 1724 Et
2324 1670 2397 1725 ibi
2448 1670 2515 1723 ad
2565 1669 2601 1721 ‘2
2646 1669 2866 1725 dubium
2926 1670 3114 1724 definit
3165 1671 3425 1741 originale

1823 1768 2105 1827 peccatum
2152 1778 2171 1811 ι
2210 1774 2306 1827 per
2354 1759 2670 1828 obsequium
2710 1769 2912 1836 nostra
2959 1761 3247 1814 voluntatis
3298 1776 3424 1830 ergt

114 1847 253 1915 quia
288 1847 501 1902 dmmon
532 1864 601 1903 ex
649 1849 741 1902 illo
771 1859 993 1917 peccato
1042 1848 1227 1903 habuit
1256 1860 1577 1919 potestatem
1610 1860 1725 1906 ten-
1759 1848 1800 1907 Β
1831 1849 2134 1916 diabolum,
2165 1857 2219 1903 et
2259 1864 2320 1904 ex
2354 1850 2703 1918 consequenti
2757 1853 2918 1904 etiam
2970 1850 3167 1905 diaboli
3220 1849 3424 1903 inhabi-

117 1939 277 1993 tandi
310 1956 481 2009 genus
533 1942 840 2002 humanum.
895 1952 947 1996 et
975 1952 1366 2012 consequenter
1395 1945 1565 2014 ipsum
1599 1959 1720 2013 per-

120 2029 293 2085 dendi
322 2030 375 2085 in
401 2033 669 2102 gebeiina.
702 2034 896 2089 Verum
926 2035 1066 2089 aliud
1098 2045 1177 2091 est
1210 2052 1333 2093 esse
1366 2050 1720 2106 peccatorem,

120 2120 274 2175 aliud
306 2123 571 2190 captivum
612 2124 839 2187 diaboli;
876 2124 1156 2192 captivitas
1202 2127 1345 2181 enim
1394 2137 1474 2181 est
1501 2127 1721 2182 effectus

122 2212 360 2281 peccati,
392 2214 548 2268 sicuti
587 2215 631 2269 si
658 2215 776 2284 quis
810 2217 1059 2283 princeps
1104 2215 1376 2271 subditum
1408 2218 1476 2271 ob
1508 2219 1719 2288 aliquod

122 2302 336 2357 crimen
385 2302 437 2356 in
485 2306 693 2374 tyranni
739 2305 963 2374 alicujus
1014 2315 1333 2374 potestatem
1384 2304 1719 2364 detruderet.

124 2392 303 2447 Porro
341 2395 795 2463 quemadmodum
846 2407 1125 2466 peccatum
1170 2400 1407 2455 mortale“
1444 2400 1719 2456 hominem

125 2486 450 2540 transcribit
490 2487 541 2539 in
583 2487 838 2542 familiam
870 2488 1135 2543 subditam
1167 2490 1402 2558 diabolo,
1432 2492 1533 2547 hoc
1556 2493 1719 2547 etiam

125 2585 407 2643 peccatum
452 2577 710 2645 originale
754 2587 997 2646 praestat,
1047 2579 1191 2635 unde
1240 2581 1452 2636 dicebat
1497 2592 1719 2637 sanctus

122 2666 317 2721 doctor
337 2667 429 2720 lib.
454 2668 554 2721 ide
573 2682 688 2735 pec.
713 2669 917 2723 Meritis
938 2677 991 2723 et
1011 2670 1250 2737 remiss.,
1272 2685 1391 2739 cap.
1415 2670 1505 2736 34,
1534 2672 1684 2725 initio
1701 2692 1718 2725 :

130 2776 149 2808 ι
184 2757 328 2823 Quid
359 2758 430 2812 de
471 2758 587 2827 ipsa
616 2759 787 2813 forma
813 2760 1133 2814 sacramenti
1166 2761 1386 2830 loquar?
1413 2762 1602 2816 vellem
1625 2763 1724 2815 ali-

123 2850 245 2918 quis
282 2850 533 2916 istorum,
578 2852 667 2919 qui
693 2851 963 2905 contraria
998 2851 1235 2920 sapiunt,
1268 2853 1398 2907 mihi
1440 2854 1721 2923 baptizan-

124 2942 253 2997 dnm
286 2942 563 3010 parvulum
593 2941 831 2997 afferret.
866 2943 999 3009 Quid
1033 2943 1084 2997 in
1118 2945 1212 2998 illo
1250 2946 1362 3015 agit
1388 2946 1719 3003 exorcismos

127 3046 303 3099 meus,
338 3032 386 3087 si
417 3032 469 3086 in
500 3033 699 3086 familia
727 3033 924 3088 diaboli
962 3050 1064 3087 non
1095 3037 1336 3089 tenetur?
1364 3055 1383 3088 ι
1410 3036 1563 3102 Quod
1593 3054 1719 3094 vero

126 3125 219 3179 alii
267 3124 453 3179 dicunt
502 3124 624 3180 ideo
670 3139 793 3180 esse
845 3140 1011 3195 genus
1058 3127 1349 3183 humanum
1394 3130 1495 3183 sub
1542 3139 1720 3198 potes-

1831 1941 2110 1995 tationem.
2154 1959 2173 1994 ι
2220 1941 2485 1995 lnhabitat
2545 1942 2705 2010 igitur
2743 1941 2958 1995 daemon
3012 1942 3063 1995 in
3091 1941 3423 2009 ‘corporibus

1826 2033 2368 2103 nonbaptizatorum
2420 2041 2531 2085 tum
2581 2032 2898 2101 pusillorum
2932 2041 3042 2087 tum
3090 2033 3419 2102 adulterum,

1829 2139 1934 2177 non
1970 2132 2029 2177 ut
2064 2138 2191 2177 vere
2222 2123 2328 2178 sint
2356 2125 2728 2192 energumeni,
2782 2124 2875 2178 sed
2919 2134 2977 2178 ut
3025 2124 3274 2192 princeps
3300 2124 3421 2193 jure

1826 2212 2047 2267 dominii
2077 2214 2132 2265 in
2157 2227 2319 2281 regno
2348 2226 2466 2279 suo,
2497 2222 2640 2265 tanta
2664 2221 2745 2266 est
2770 2220 3008 2281 potestas
3030 2228 3188 2283 quam
3214 2214 3266 2266 in
3297 2214 3420 2269 illos

1826 2305 1984 2358 habet
2014 2302 2263 2372 princeps
2294 2302 2664 2367 tenebrarum,
2696 2318 2817 2372 quae
2849 2305 3030 2357 omnia
3061 2319 3125 2359 ex
3158 2304 3417 2359 exsuffla-

1827 2399 2060 2455 tionibus
2107 2407 2162 2452 et
2207 2398 2527 2454 exorcismis
2571 2398 2925 2468 colliguntur;
2978 2399 3241 2469 siquidem
3287 2399 3415 2454 dum

1826 2490 2077 2560 parvulus
2107 2489 2425 2557 baptizatur,
2451 2489 2580 2544 dicit
2606 2491 2892 2545 sacerdos:
2924 2491 3044 2555 Exi,
3075 2492 3286 2560 spiritus
3314 2492 3415 2545 im-

1826 2583 2035 2646 munde,
2068 2592 2116 2635 et
2158 2583 2224 2635 da
2254 2584 2423 2636 locum
2457 2583 2679 2651 Spiritui
2715 2594 2917 2640 sancto.
2949 2586 3262 2641 Peccatores
3289 2601 3417 2641 vero

1827 2671 2012 2725 fideles
2057 2679 2183 2725 sunt
2225 2672 2293 2725 de
2338 2685 2565 2736 corpore
2610 2673 2884 2738 Ecclesiae,
2938 2674 3088 2742 cujus
3137 2682 3295 2738 caput
3334 2683 3419 2728 est

1826 2758 2095 2823 Christus.
2132 2758 2205 2813 De
2247 2766 2511 2828 poteState
2538 2760 2801 2815 daemonis
2845 2775 3003 2829 supra
3030 2762 3271 2835 infideles
3311 2763 3420 2818 late

1827 2851 2080 2906 discurrit
2109 2846 2327 2905 sanctus
2356 2842 2557 2904 doctor
2585 2851 2745 2918 epist.
2778 2852 2899 2916 107,
2930 2852 2995 2906 ad
3030 2839 3277 2908 Vitalem.

1902 2940 2215 3009 Respondet
2264 2939 2475 2995 tandem
2510 2941 2777 2996 Moraines
2809 2955 2823 2996 :
2862 2960 2881 2993 ε
2920 2943 3097 2998 Tertia
3148 2943 3303 3008 ratio,
3336 2942 3419 2996 in-

1825 3032 1943 3101 quit
1968 3047 2121 3086 num.
2155 3032 2242 3095 l7,
2277 3046 2373 3086 nos
2402 3032 2622 3087 minime
2651 3035 2837 3101 tangit,
2868 3033 2957 3103 qui
3001 3049 3107 3089 non
3161 3049 3416 3105 negamus

1826 3122 2079 3192 parvulos
2118 3122 2237 3177 ἰέιοε
2291 3137 2572 3178 mansuros
2619 3139 2743 3180 esse
2783 3126 2835 3180 in
2885 3134 3144 3181 teternum
3183 3127 3293 3183 Deo
3329 3127 3415 3181 in-

130 3227 237 3271 tate
277 3216 558 3281 daemonis,
611 3217 731 3285 quia
780 3217 868 3271 hic
918 3227 1256 3286 potestatem,
1296 3231 1351 3274 et
1386 3222 1473 3289 jus
1517 3236 1583 3277 ex
1626 3221 1717 3277 illo
1744 3209 1791 3273 C
1826 3215 1970 3269 visos
2016 3220 2235 3283 propter
2283 3222 2562 3283 peccatum
2601 3216 2879 3286 originale,
2923 3227 2979 3273 et
3017 3218 3416 3288 quodammodo

131 3319 353 3377 peccato
379 3309 642 3362 contraxit
672 3308 913 3362 tentandi
964 3308 1226 3376 homines,
1277 3310 1457 3381 inepte
1503 3326 1721 3381 prorsus

130 3401 409 3466 asseritur,
445 3411 552 3456 tum
584 3404 704 3473 quia
742 3405 924 3473 nequit
953 3398 1148 3473 pueros
1183 3416 1415 3471 tentare,
1460 3406 1552 3477 qui
1584 3407 1722 3462 velle

132 3493 204 3546 nil
247 3502 490 3561 possunt,
522 3502 631 3548 tum
661 3495 782 3564 quia
820 3496 1006 3563 potuit
1054 3504 1261 3552 tentare
1292 3497 1578 3565 Adamum,
1627 3495 1717 3567 qui

132 3597 313 3639 tamen
362 3580 757 3641 nondum‘erat
805 3588 906 3641 sub
959 3597 1223 3657 potestate
1268 3589 1559 3655 daemonis,
1609 3602 1719 3644 tum

132 3676 253 3742 quia
282 3690 444 3745 posse
477 3678 691 3742 tentari,
726 3692 831 3731 non
865 3687 948 3732 est
973 3693 1115 3744 esse,
1148 3679 1243 3733 sed
1277 3680 1434 3747 posse
1454 3693 1576 3734 esse
1601 3695 1726 3748 cap-

133 3770 320 3821 tivum.
354 3766 421 3821 At
452 3769 605 3838 pueri
645 3779 938 3823 nascuntur
985 3784 1175 3838 reapse
1204 3771 1398 3838 captivi
1440 3771 1720 3826 daemonis.

133 3856 283 3913 Unde
313 3856 562 3913 Zosimns
595 3874 752 3928 papa,
795 3860 950 3928 epist.
988 3860 1111 3923 157,
1146 3860 1284 3928 apud
1330 3870 1573 3915 sanctum
1616 3865 1725 3914 Au-

132 3950 400 4015 gustinum
432 3951 542 4005 ait:
578 3968 595 4001 ι
630 3951 816 4007 Nullus
848 3951 1012 4015 enim,
1048 3952 1149 4005 nisi
1178 3953 1265 4021 qui
1303 3955 1504 4022 peccati
1536 3967 1725 4008 servus

133 4050 234 4105 est,
267 4040 401 4095 liber
431 4041 681 4108 efﬁcitur,
727 4057 826 4096 nec
876 4042 1184 4110 redemptus
1230 4043 1336 4097 dici
1385 4052 1575 4110 potest,
1623 4042 1725 4098 nisi

129 4134 221 4201 qui
261 4148 386 4188 vere
430 4149 524 4201 per
569 4144 847 4202 peccatum
902 4133 997 4187 fuit
1046 4142 1171 4187 ante
1220 4133 1479 4202 captivus.
1521 4152 1539 4185 ι
1574 4131 1726 4189 Clare

131 4226 290 4278 etiam
329 4234 545 4279 sanctus
576 4224 867 4293 Gregorius
918 4224 1015 4279 lib.
1050 4239 1176 4278 xxvi
1223 4224 1437 4288 Moral.,
1466 4238 1585 4292 cap.
1629 4223 1723 4290 20,

132 4316 411 4385 distinguit
436 4317 802 4385 captivitatem
839 4331 867 4370 a
902 4324 1167 4385 potestate
1201 4315 1439 4369 tentandi
1471 4331 1486 4370 :
1524 4333 1542 4367 ι
1574 4314 1726 4371 Nunc

133 4411 400 4478 princeps,
431 4411 626 4479 inquit,
679 4409 839 4478 hujus
882 4408 1067 4461 mundi
1099 4408 1344 4476 ejicietur
1373 4406 1536 4461 foras.
1575 4407 1726 4461 Unde

132 4502 237 4571 jam
284 4516 425 4555 nunc
465 4508 681 4555 sanctos
739 4500 985 4553 homines
1017 4512 1136 4551 Anon
1183 4496 1413 4550 tenendo
1466 4496 1723 4581 possidet,

1824 3312 1925 3368 sub
1970 3311 2276 3381 captivitate
2322 3325 2385 3366 ac
2422 3310 2683 3366 Servitute
2722 3310 2942 3378 diaboli,
2985 3321 3040 3365 ut
3072 3311 3123 3366 in
3159 3312 3260 3365 hac
3288 3312 3417 3378 vita,

1826 3402 2060 3469 privatos
2088 3402 2293 3456 scilicet
2315 3401 2533 3469 speciali
2568 3401 2659 3455 Dei
2690 3402 3045 3468 proiectione,
3073 3417 3174 3471 qua
3207 3402 3273 3479 ab
3304 3402 3421 3471 ejus

1826 3492 2194 3547 invasionibus
2226 3501 2280 3546 et
2330 3492 2765 3545 infestationibus
2812 3491 2941 3542 fiant
2989 3492 3269 3544 immunes.
3312 3512 3330 3543 ›
3365 3494 3421 3549 lu

1828 3584 1929 3636 hac
1960 3583 2314 3649 responsione
2340 3582 2571 3634 maxime
2599 3580 2847 3648 displicet
2886 3581 2974 3634 illa
3008 3583 3260 3646 particula
3286 3600 3421 3651 quo-

1829 3673 2121 3736 dammodo,
2158 3670 2395 3725 limitans
2434 3670 2695 3723 damonis
2723 3671 2776 3723 in
2806 3670 3049 3737 captivos
3077 3680 3415 3739 potestatem.

1833 3765 2059 3834 Egregie
2090 3765 2261 3834 inquit
2320 3762 2648 3833 Augustinus
2677 3762 2771 3816 lib.
2812 3778 2861 3817 vt
2904 3772 3089 3817 contra
3129 3763 3261 3831 Jul.,
3296 3780 3415 3833 cap.

1828 3860 1899 3915 20
1925 3875 1937 3912 :
1973 3877 1991 3910 ‹
2021 3857 2155 3912 Cum
2189 3856 2360 3911 fallaci
2391 3864 2572 3910 vestro
2598 3870 2846 3910 sermone
2877 3855 3114 3909 minuitis
3140 3856 3279 3910 vires
3303 3856 3421 3925 ejus

1831 3965 1988 4019 quem
2030 3950 2163 4003 dixit
2208 3948 2417 4002 Veritas
2466 3946 2682 4001 fortem.
2714 3964 2733 3998 ›
2764 3946 2959 4015 thuid
3002 3947 3147 4001 enim
3206 3947 3421 4001 additur

1832 4040 2099 4095 restrictio
2130 4054 2288 4109 quam
2324 4053 2421 4093 nec
2449 4038 2677 4092 concilia
2706 4024 2802 4091 nec
2840 4035 3123 4105 pontifices
3153 4052 3419 4107 apposue-

1831 4132 1920 4187 re?
1946 4131 2078 4186 Illud
2105 4142 2281 4186 autem
2309 4131 2361 4184 in
2392 4129 2581 4185 eadem
2606 4130 2960 4197 responsione
2984 4143 3193 4181 summe
3224 4128 3419 4196 placet,

1830 4223 1971 4293 quod
2014 4222 2212 4278 fatetur
2240 4236 2438 4290 pueros
2468 4235 2575 4273 non
2619 4220 2827 4273 futuros
2868 4220 3133 4274 immunes
3158 4235 3188 4273 a
3217 4220 3421 4275 daemo-

1832 4314 1914 4368 nis
1960 4313 2323 4368 invasionibus
2369 4320 2424 4366 et
2469 4311 2929 4375 infestationibus,
2990 4311 3091 4365 hoc
3137 4310 3278 4364 enim
3338 4320 3420 4367 est

1832 4406 1974 4475 quod
2022 4404 2386 4469 intendimus,
2436 4418 2631 4471 nempe
2690 4399 2899 4456 futuros
2942 4402 3201 4455 obnoxios
3248 4403 3421 4469 poenis

1836 4498 2201 4561 sensibilibus,
2232 4511 2298 4550 eo
2341 4497 2484 4565 quod
2537 4494 2699 4549 futuri
2749 4503 2875 4549 sunt
2917 4494 3017 4549 sub
3065 4492 3419 4548 crudelissimi

132 4593 225 4647 sed
256 4592 509 4646 tentando
554 4590 913 4660 persequitur.
966 4589 1097 4643 Nam
1140 4588 1262 4658 quia
1296 4602 1402 4641 non
1436 4587 1487 4641 in
1534 4586 1614 4641 eis
1644 4587 1723 4640 in-
1755 4582 1807 4641 D
1835 4590 2043 4661 tyranni
2074 4600 2357 4659 potestate.
2389 4589 2501 4643 Nisi
2531 4588 2673 4642 dicat
2722 4588 2951 4643 infantes
2999 4587 3127 4642 nihil
3180 4586 3301 4639 mali
3353 4602 3419 4641 ex

135 4687 395 4739 trinsccus
436 4693 644 4752 regnat,
678 4693 864 4737 contra
910 4697 1004 4735 eos
1045 4689 1244 4750 pugnat
1287 4681 1639 4745 extrinsecus,
1671 4690 1725 4735 et

133 4775 255 4844 quia
294 4776 437 4828 intus
465 4773 757 4828 dominium
802 4773 1054 4837 perdidit,
1091 4772 1224 4825 ltella
1268 4771 1483 4825 molitur
1514 4771 1659 4824 foris.
1700 4788 1718 4822 ι

204 4872 463 4926 Praaterea
520 4870 710 4924 falsum
758 4874 846 4922 est
899 4880 1093 4936 pueros
1146 4880 1214 4919 eo
1236 4867 1337 4918 lem
1395 4864 1553 4918 modo
1603 4877 1724 4918 esse

132 4965 234 5021 sub
293 4973 556 5034 potestate
616 4962 875 5016 daemonis
936 4974 1030 5028 per
1084 4968 1358 5027 peccatum
1432 4956 1721 5024 originale,

133 5056 270 5112 sicut
300 5071 393 5123 per
414 5053 688 5125 quodlibet
713 5052 944 5117 actuale,
976 5050 1050 5104 uti
1072 5050 1233 5104 docet
1256 5048 1537 5110 Moraines,
1569 5062 1718 5099 num.

136 5150 236 5205 13:
264 5163 382 5202 nam
416 5150 467 5201 in
519 5146 755 5216 parvulis
801 5154 855 5199 et
895 5143 1106 5198 exteris
1147 5158 1251 5195 non
1312 5139 1590 5209 baptizatis
1635 5139 1720 5206 jus

136 5241 291 5293 habet
339 5238 549 5293 da-mon
593 5237 758 5292 veluti
810 5238 861 5289 in
915 5236 1130 5305 pr0prio
1168 5232 1459 5299 mancipio,
1493 5239 1552 5283 ut
1577 5232 1717 5283 enTm

132 5330 313 5385 deﬁnit
340 5338 560 5384 sanctus
581 5328 905 5383 leestinus
953 5339 1086 5394 papa
1118 5338 1301 5391 supra,
1332 5322 1534 5376 utimur
1566 5336 1722 5373 exur-

131 5422 310 5478 cismis
336 5433 391 5476 et
419 5419 882 5476 exsufﬂationibus
929 5416 1287 5481 clericorum,
1319 5423 1379 5468 ut
1406 5413 1616 5483 spiritus
1653 5410 1716 5462 ab

130 5514 201 5568 eis
242 5514 534 5567 immundus
575 5513 833 5579 abigatur.
887 5508 1025 5576 Ergo
1070 5520 1195 5561 vere
1246 5514 1371 5560 sunt
1412 5501 1644 5574 possessi
1690 5515 1720 5553 a

132 5591 372 5661 diemone
412 5621 506 5674 per
533 5605 1000 5669 inhabitationetn,
1033 5616 1151 5655 cum
1185 5614 1360 5669 neque
1387 5599 1596 5667 spiritus
1620 5600 1716 5649 im~

130 5699 348 5752 mundus
375 5698 512 5765 abigi
545 5711 641 5751 nec
685 5696 916 5766 princeps
953 5693 1070 5763 ejici
1111 5692 1251 5760 foras
1284 5690 1471 5759 possit,
1513 5688 1613 5743 nisi
1648 5689 1717 5741 sit

131 5790 275 5848 intus
304 5790 358 5844 iti
390 5789 629 5860 parvolo.
662 5787 863 5856 Quibus
889 5794 1067 5842 tamen
1096 5782 1413 5853 exorcis‘mis
1443 5788 1496 5836 et
1539 5779 1717 5835 exsul-

1830 4681 2134 4751 hujusmodi
2163 4681 2509 4736 invasionibus
2529 4691 2583 4735 et
2609 4679 3021 4749 infestationibus
3052 4687 3417 4747 percepturos,

1827 4789 1932 4844 quo
1961 4773 2085 4844 quid
2114 4772 2216 4827 dici
2259 4781 2437 4840 potest
2467 4773 2739 4842 ineptius?
2762 4778 3026 4823 vexantur
3055 4769 3197 4822 enim
3240 4783 3345 4821 non
3389 4786 3418 4823 a

1829 4866 2043 4936 frigore,
2078 4881 2182 4918 non
2232 4882 2259 4918 a
2292 4867 2497 4931 calore,
2542 4864 2636 4917 sed
2673 4877 2700 4914 a
2742 4860 3004 4923 dmmone,
3030 4859 3129 4910 'cui
3161 4857 3299 4911 mille
3329 4876 3420 4912 no-

1827 4959 1975 5009 cendi
1998 4966 2152 5008 artes.
3398 4968 3401 4969 '

1899 5045 2085 5109 Simile
2128 5045 2288 5099 etiam
2327 5043 2558 5097 adducto
2608 5050 2924 5111 argumento
2968 5050 3051 5097 est
3090 5042 3243 5107 illud,
3275 5045 3415 5112 quod

1827 5135 2095 5205 colligitur
2138 5148 2203 5187 ex
2250 5131 2482 5207 Epistula
2532 5131 2595 5185 ad
2638 5131 2790 5184 llom.
2823 5129 2893 5186 IX
2921 5149 2931 5184 :
2959 5131 3049 5186 Sic
3077 5142 3249 5187 autem
3282 5133 3419 5186 Deus

1830 5229 1999 5281 colens
2024 5224 2287 5278 ostendere
2312 5222 2464 5287 iram,
2497 5231 2543 5275 et
2577 5223 2925 5277 demonstrare
2963 5225 3243 5294 potentiam
3271 5239 3416 5275 suam

1828 5316 2002 5371 attulit
2031 5315 2082 5367 in
2113 5315 2271 5367 multa
2306 5313 2551 5383 patientia
2581 5329 2704 5367 vasa
2731 5313 2840 5381 ira,
2873 5329 2989 5385 quae
3036 5316 3258 5384 perfecta
3297 5320 3416 5365 sunt

1831 5411 1882 5462 in
1938 5408 2292 5476 perditionem.
2344 5406 2476 5471 Qua:
2529 5419 2651 5459 vasa
2703 5404 2799 5459 ine
2844 5405 3040 5459 ibidem
3088 5420 3210 5457 vasa
3249 5401 3413 5455 etiam

1830 5499 2151 5554 contumelia:
2175 5498 2511 5568 appellantur
2550 5498 2618 5552 ab
2646 5496 2922 5565 Apostolo.
2965 5494 3101 5549 Cum
3143 5492 3305 5562 igitur
3333 5492 3411 5545 in-

1823 5593 1994 5647 fantes
2022 5594 2131 5646 sint
2156 5605 2281 5645 vasa
2326 5587 2685 5653 contumeliae,
2739 5586 2847 5649 cui,
2905 5596 3107 5654 quaeso,
3153 5582 3272 5636 loco
3319 5580 3411 5636 illa

1825 5685 1961 5739 Deus
1988 5682 2303 5754 deputabit?
2328 5700 2349 5733 r
2382 5682 2542 5745 Deus,
2579 5678 2751 5748 inquit
2778 5673 3111 5745 Fulgentius,
3140 5688 3259 5727 uasa
3284 5687 3408 5727 cott-

1825 5777 2042 5833 tumelia:
2079 5786 2293 5839 aeterno
2323 5789 2537 5846 semper
2562 5786 2745 5827 arsura
2774 5765 3050 5838 deputabit
3072 5764 3339 5821 inccndio.
3380 5780 3401 5815 ι
