3892 6358
531 366 633 420 630

1422 362 1659 419 SUPPLl
1690 360 1979 417 MENTUM
2019 360 2110 413 AD
2152 358 2379 417 ()PERA
2423 362 2477 414 S.
2524 360 2909 419 AUGUSTINI.
3723 362 3799 422 N0

530 483 715 537 Patres
747 477 978 534 Africani
1004 479 1053 533 in
1087 478 1169 545 cpi
1207 478 1310 532 tola
1334 478 1613 547 synodica,
1645 491 1765 546 cap.
1796 475 1896 530 13:
1931 494 1947 527 ι
1988 475 2121 529 Vasa
2150 477 2197 533 Α
2228 474 2341 528 cula
2374 475 2493 529 illos
2546 476 2654 544 pati
2683 485 2885 529 certum
2916 484 3019 539 est,
3070 488 3207 527 cum
3239 472 3359 527 sint
3388 472 3715 540 captivi,nec
3738 480 3801 534 iit;

529 573 847 628 contumelia:
878 580 1023 635 sunt,
1071 568 1262 637 quibus
1304 568 1540 623 dicitur:
1598 565 1695 631 Ite,
1738 566 2016 629 maledicti,
2064 568 2116 620 in

530 670 696 738 ignem
724 674 989 726 wternum,
1024 662 1112 731 qui
1141 671 1461 733 prtcparatus
1492 667 1562 713 est
1593 660 1797 714 diabolo
1843 670 1889 713 et
1923 661 2121 732 angelis

531 760 666 827 ejus.
700 776 719 807 ι
753 754 904 821 Quod
938 752 1083 822 prius
1112 751 1367 805 docuerat
1388 749 1655 805 Africana:
1687 751 1940 805 Ecclesia:
1964 751 2123 820 magi-

532 859 645 903 ster
676 848 769 902 lib.
803 863 815 901 ι
846 844 1036 915 Operis
1072 842 1284 911 itnperf.
1326 852 1512 897 contra
1542 842 1673 907 .Iul.,
1705 843 1758 896 in
1790 842 1893 898 fine
1919 861 1933 897 :
1962 861 1982 894 t
2016 842 2123 897 Nos

533 954 662 993 vero
708 938 873 992 Deutn
916 935 1130 1004 quidem
1176 933 1515 1003 parvulorum
1568 934 1813 1001 Opificcm
1865 934 2124 1002 praedica-

537 1047 678 1099 mus,
730 1032 825 1087 sed
872 1047 937 1086 ex
986 1030 1177 1085 eadem
1218 1041 1394 1083 massa
1451 1028 1685 1084 medium
1729 1030 1904 1086 locum
1947 1030 2121 1097 vasis,

538 1124 626 1177 ubi
659 1138 755 1179 nec
787 1125 839 1176 in
891 1122 1151 1178 honorem
1201 1123 1351 1192 fiant,
1400 1138 1572 1193 neque
1619 1123 1672 1178 in
1721 1125 2122 1190 contumeliam,

536 1228 697 1281 quem
744 1228 850 1269 non
892 1213 1041 1269 dedit
1072 1214 1380 1284 Apostolus,
1418 1230 1522 1269 non
1577 1215 1787 1270 damus.
1821 1234 1840 1268 ι
1869 1213 2127 1270 Conside-

537 1314 659 1359 rent
686 1306 846 1377 igitur
874 1305 1167 1361 adversarii
1208 1315 1406 1361 tantam
1435 1320 1551 1361 esse
1578 1314 1895 1375 potestatem
1926 1306 2129 1361 daemo—

540 1397 623 1451 nis
652 1396 707 1451 in
736 1411 830 1451 sua
866 1411 1015 1463 vasa,
1058 1406 1115 1451 ut
1146 1397 1315 1466 prius,
1353 1407 1410 1452 ut
1439 1399 1607 1469 inquit
1628 1398 1893 1465 Christus,
1923 1399 2126 1454 dromo-

542 1487 626 1542 nis
659 1488 1016 1557 triumphator
1045 1488 1289 1558 ligandus
1323 1489 1502 1558 fuerit,
1542 1506 1701 1560 quam
1727 1506 1794 1547 ex
1825 1491 1940 1561 ejus
1970 1492 2130 1546 domo

541 1591 663 1630 vasa
688 1585 1021 1647 raperentur,
1048 1591 1149 1633 nec
1169 1579 1413 1634 minuant
1433 1623 1446 1646 ,
1482 1590 1539 1635 ut
1568 1582 1642 1634 ait
1673 1592 1893 1636 sanctus
1917 1582 2126 1647 doctor,

540 1668 721 1737 fallaci
764 1684 993 1722 sermone
1019 1670 1150 1724 vires
1177 1671 1317 1742 ejus,
1350 1687 1495 1740 quem
1522 1670 1653 1725 dixit
1693 1671 1891 1727 Veritas
1920 1671 2126 1743 Iortem.

611 1756 827 1811 Certum
878 1758 1038 1829 igitur
1085 1768 1171 1815 est
1218 1760 1469 1830 parvulos
1515 1777 1621 1816 non
1672 1762 1967 1832 baptizatos
2010 1778 2131 1820 esse

2222 566 2354 619 solvi
2422 567 2625 633 possint
2662 566 2762 619 nisi
2792 566 2940 634 prius
2980 565 3110 635 ipse
3153 563 3324 619 fortis
3372 572 3617 619 armatus
3663 581 3804 625 custos

2220 657 2341 712 atrii
2390 656 2658 726 alligetur.
2708 658 2986 711 Pattuntur
3022 657 3202 711 etiam
3253 670 3483 724 poenam
3536 658 3803 727 ignominia,

2222 748 2523 811 suntenitn,
2556 756 2691 802 teste
2714 748 2995 817 Apostolo,
3019 764 3159 801 vasa
3178 746 3461 800 cantante!
3483 762 3529 801 te
3547 747 3712 818 (liora.
3731 754 3805 819 ιι).

2227 837 2360 892 llinc
2389 847 2607 895 sanctus
2652 838 2861 902 doctor,
2892 840 2987 894 ltb.
3014 856 3034 894 ι
3069 848 3285 895 contra
3327 838 3627 905 lulianum,
3656 842 3806 908 Operi:

2224 929 2434 998 imperi.
2469 946 2589 998 cap.
2626 930 2730 984 l58
2762 947 2776 985 :
2811 950 2829 983 ι
2869 931 2950 986 Ex
2974 946 3085 1001 qua
3134 940 3334 988 tamen
3367 932 3599 1001 (massa)
3624 932 3741 989 alios
3766 936 3811 991 in

2226 1019 2321 1089 Dei
2346 1033 2566 1090 regnum
2589 1021 2833 1091 adoptari
2864 1022 3140 1089 fatemini,
3176 1038 3326 1092 quos
3352 1024 3543 1093 procul
3569 1024 3719 1079 dubio
3742 1042 3811 1078 va-

2226 1125 2285 1165 sa
2313 1110 2368 1164 in
2394 1111 2655 1167 honorem
2686 1111 2821 1167 facta
2870 1114 3219 1181 conceditis;
3269 1112 3421 1168 alios
3462 1128 3592 1169 vero
3640 1129 3731 1169 non
3760 1117 3810 1170 ad

2229 1202 2331 1258 hoc
2358 1203 2626 1273 adoptari,
2674 1221 2809 1273 quos
2840 1206 2979 1262 facta
3010 1222 3149 1263 vasa
3181 1206 3241 1262 in
3294 1208 3697 1275 contumeliam,
3734 1212 3811 1265 nisi

2228 1293 2589 1365 intelligenter
2611 1297 2985 1362 consentiatis,
3013 1296 3398 1367 impudenter
3424 1299 3653 1369 negatis.
3670 1297 3813 1370 Neqoe

2230 1387 2395 1450 enim,
2428 1387 2471 1440 si
2521 1401 2626 1440 non
2674 1395 2757 1442 est
2800 1402 2954 1456 pmna
3009 1388 3428 1456 damnationis,
3485 1391 3624 1445 sicut
3668 1392 3811 1459 vultis,

2236 1494 2342 1533 non
2383 1479 2487 1533 erit
2515 1477 2703 1533 saltem
2727 1480 3052 1535 contumelia
3086 1480 3366 1549 imaginis
3400 1479 3525 1546 Dei,
3569 1482 3810 1550 separaris

2234 1587 2401 1643 regno
2432 1573 2545 1629 Dei.
2579 1594 2598 1627 ι
2621 1575 2845 1645 insuper
2874 1577 3159 1645 patiuntur
3189 1574 3462 1639 verbera,
3483 1583 3664 1631 careat
3682 1577 3812 1641 enim,

2235 1674 2371 1722 teste
2390 1666 2667 1731 Morainio,
2697 1682 2848 1722 num.
2880 1668 2967 1736 17,
2997 1668 3230 1739 speciali
3264 1667 3370 1721 Dei
3400 1668 3715 1735 proiectione,
3736 1683 3813 1736 qua

2234 1759 2298 1812 ab
2319 1762 2450 1830 ejus,
2480 1760 2686 1815 scilicet
2713 1760 2994 1826 daemonis,
3026 1760 3433 1825 iuvasionibus,
3484 1768 3536 1813 et
3570 1759 3813 1828 infestatio-

543 1861 671 1901 vasa
700 1849 1042 1905 contumelia:
1070 1850 1124 1905 in
1156 1851 1318 1905 domo
1343 1852 1624 1922 dmmonis,
1656 1869 1689 1910 e
1710 1870 1813 1924 qua
1850 1871 1945 1924 per
1973 1855 2129 1909 Chri-
2164 1834 2208 1895 Β
2239 1853 2386 1907 nibus
2415 1852 2543 1921 ﬁant
2570 1853 2842 1906 immunes.
2873 1851 2983 1906 Nec
3015 1851 3306 1919 putandus
3334 1860 3425 1905 est
3450 1848 3586 1904 adeo
3610 1850 3736 1902 mitis
3754 1850 3813 1901 ltic

543 1949 683 1993 stum
727 1950 988 1997 nonsunt
1034 1952 1242 2011 erepta,
1291 1953 1345 1999 et
1382 1946 1596 2013 captiva
1644 1945 1841 2001 ibidem
1889 1945 2057 2000 teneri
2101 1962 2133 1999 α

543 2033 668 2101 forti
702 2043 900 2088 armato
930 2037 1236 2089 custodienti
1267 2032 1466 2091 atrium.
1491 2055 1662 2093 suum.
1696 2038 1843 2093 llanc
1892 2040 2137 2093 tenebro-

542 2138 656 2178 sam
696 2126 915 2181 domum
951 2128 1256 2184 scholastici
1293 2133 1619 2202 antiquiores
1657 2132 1843 2187 dixere
1890 2132 2133 2198 limbum,

548 2215 600 2268 in
638 2230 743 2285 quo
773 2218 979 2286 parvuli
1010 2219 1337 2277 detinentur.
1370 2222 1444 2276 Ita
1475 2224 1643 2277 sancti
1676 2223 1928 2288 Thomas,
1968 2225 2138 2278 Bona-

546 2316 793 2375 vcntura,
820 2310 944 2367 item
987 2312 1203 2381 Scotus,
1250 2313 1519 2384 Egidius,
1566 2314 1871 2379 Durandus,
1915 2314 2140 2369 Richar-

546 2396 647 2451 dus
691 2409 745 2453 et
790 2402 881 2455 alii
924 2404 1298 2468 communiter,
1349 2416 1484 2461 teSIe
1532 2406 1876 2472 Bellartnino,
1929 2422 2050 2473 cap.
2104 2406 2140 2460 2

546 2502 733 2557 supra.
778 2490 860 2544 Ex
911 2507 1016 2562 qua
1070 2495 1346 2560 doctrina,
1403 2496 1567 2550 velint
1625 2495 1834 2561 nolint,
1885 2496 2141 2565 probatur

549 2590 706 2643 pmna
748 2592 959 2635 sensus.
1008 2582 1115 2638 Pro
1160 2597 1266 2654 quo
1314 2586 1607 2640 notandum
1656 2594 1759 2653 est,
1795 2586 1936 2657 quod
1986 2587 2143 2644 docet

546 2677 768 2723 sanctus
796 2670 983 2727 doctor
1021 2673 1115 2728 lib.
1151 2672 1211 2726 21
1242 2675 1309 2730 de
1336 2674 1497 2732 Civit.
1545 2677 1660 2745 Dei,
1693 2693 1809 2749 cap.
1841 2679 1927 2745 ll,
1965 2694 1985 2730 t
2021 2690 2143 2735 octo

550 2773 748 2830 genera
780 2775 1058 2831 poenarum
1091 2766 1141 2818 itt
1168 2765 1374 2838 legibus
1412 2782 1532 2824 esse
1557 2786 1569 2822 :
1594 2768 1875 2837 damnum,
1905 2771 2141 2837 vincula,

550 2851 797 2919 verbera,
828 2854 1107 2922 talionem,
1151 2858 1518 2926 ignominiam,
1562 2860 1837 2925 exsilium,
1887 2872 2143 2928 mortem,

550 2940 885 2998 servitutem.
928 2962 947 2996 ι
984 2943 1145 3013 Ergo,
1179 2962 1299 3001 cum
1333 2948 1556 3016 patvuli,
1588 2962 1782 3018 praeter
1808 2966 2019 3020 pinnam
2049 2968 2143 3009 ex-

551 3030 680 3101 silii,
711 3048 870 3101 quam
902 3035 1211 3090 scholastici
1246 3050 1433 3092 vocant
1461 3053 1670 3108 pinnam
1700 3040 1903 3106 damni,
1938 3042 2145 3110 patian—

553 3128 640 3175 tur
662 3122 970 3178 servitutem
1003 3126 1101 3178 sub
1127 3125 1394 3193 daztnone,
1428 3137 1479 3182 et
1509 3142 1805 3196 carcerem,
1837 3130 1997 3185 aliam
2025 3147 2144 3199 pro-

552 3210 693 3266 fecto
723 3227 937 3281 poenam
967 3215 1246 3284 patiuntur
1274 3232 1302 3270 a
1337 3232 1491 3285 pmna
1521 3217 1725 3273 damni.
1759 3219 1940 3286 Qualis
1966 3233 2142 3277 autem
2169 3200 2214 3261 θ

552 3300 625 3354 sit
654 3302 753 3357 ista
798 3318 952 3372 pmna
999 3306 1270 3362 servitutis
1297 3310 1398 3364 sub
1438 3310 1683 3380 principe
1712 3312 2057 3373 tenebrarum
2082 3330 2145 3371 ac

554 3392 677 3449 forti
705 3406 913 3453 armato
953 3398 1254 3455 audivimus
1282 3417 1443 3471 supra
1470 3420 1501 3458 a
1530 3403 1884 3462 celeberrimo
1912 3407 2143 3475 quodam

555 3483 806 3557 theologo
859 3488 1075 3545 dicente
1120 3508 1136 3545 :
1186 3491 1316 3547 Haec
1361 3496 1497 3548 enim
1542 3506 1673 3550 esset
1717 3513 1866 3566 pecua
1914 3497 2143 3566 gravior,

553 3592 710 3645 quam
737 3596 885 3648 paena
906 3598 1103 3636 sensus.
1135 3584 1446 3639 Verissime.
1490 3586 1656 3650 Pone,
1689 3589 1919 3657 exempli
1952 3590 2144 3658 gratia,

555 3666 848 3737 principem
899 3669 1038 3726 filios
1081 3670 1309 3742 alicujus
1354 3673 1552 3728 subditi
1596 3690 1701 3730 non
1741 3677 1913 3731 solum
1956 3678 2146 3733 exsilio

557 3761 836 3829 mulctare,
863 3773 917 3818 et
948 3774 1166 3832 paterna
1214 3768 1374 3820 etiam
1416 3767 1729 3823 luereditate
1780 3771 2012 3838 privare,
2050 3771 2144 3825 sed

557 3853 676 3907 illos
701 3869 913 3924 quoque
936 3865 1162 3926 tyranno
1192 3858 1427 3928 cuipiam
1458 3860 1510 3914 in
1540 3861 1805 3931 mancipia
1833 3863 2142 3922 divenderc,

558 3945 700 4001 haud
732 3961 863 4003 sane
891 3950 1080 4019 exigua
1114 3962 1258 4006 esset
1308 3962 1576 4020 postrema
1624 3955 1720 4007 ista
1778 3970 1933 4023 poena
1979 3955 2147 4024 capti-

559 4040 761 4093 vitatis.
786 4036 954 4094 Porro
988 4042 1132 4096 nulla
1166 4042 1336 4112 pejor,
1362 4045 1507 4099 nulla
1536 4047 1799 4112 acerbior,
1832 4049 1971 4102 nulla
2001 4056 2144 4102 atro-

559 4129 968 4197 ciorcaptivitas
992 4143 1266 4204 est,qnam
1289 4150 1408 4192 esse
1433 4138 1533 4192 Sttb
1549 4138 1815 4206 daemone,
1842 4141 2144 4208 Phalaride,

561 4220 841 4293 Dionysio,
874 4225 1141 4283 Maxentio
1178 4231 1502 4299 crndeliore,
1530 4243 1872 4304 tyrannorum
1908 4239 2146 4292 omnium

561 4314 1045 4373 truculentissimo.
1078 4319 1259 4389 Neque
1288 4321 1424 4377 levis
1451 4325 1717 4380 censenda
1745 4335 1829 4382 est
1850 4343 2002 4396 poena
2029 4343 2151 4384 car-

558 4405 722 4469 ceris,
757 4409 1024 4477 praecipue
1052 4410 1151 4464 sub
1185 4410 1311 4479 [orti
1347 4425 1542 4469 armato
1580 4418 1897 4473 custodiente
1934 4421 2147 4475 atrium.

566 4496 620 4551 Id
666 4498 827 4551 etiam
874 4500 1011 4554 alter
1053 4514 1085 4553 e
1114 4502 1370 4557 societate
1407 4506 1641 4575 scriptor
1686 4509 2001 4566 Neotericus
2042 4526 2147 4566 non

561 4588 855 4655 inficiatttr;
884 4590 1255 4659 gravissimam,
1288 4592 1462 4662 inquit
1495 4598 1720 4670 Arriaga
1751 4602 1862 4665 με,
1887 4601 2026 4670 disp.
2052 4603 2143 4669 52,

561 4695 713 4737 num.
747 4681 803 4746 5,
826 4696 1026 4750 pinnam
1058 4680 1204 4737 illam
1225 4686 1458 4739 carceris
1479 4687 1611 4752 lore,
1642 4690 1730 4745 ubi
1757 4690 1948 4746 vclutis
1971 4692 2147 4762 tipites

561 4788 663 4829 nec
685 4773 889 4841 videre,
921 4774 1002 4830 vel
1046 4773 1299 4842 olfacere,
1330 4790 1429 4832 nec
1464 4786 1678 4847 gustare
1720 4779 1845 4850 quid
1885 4791 2144 4850 possent,

562 4880 699 4922 sane
725 4866 840 4922 hinc
864 4866 1134 4924 sensibilis
1175 4882 1331 4937 paena
1359 4875 1522 4923 esset.
1560 4869 1710 4926 Unde
1742 4871 1920 4941 plures
1963 4889 2028 4928 ex
2056 4874 2146 4929 iis.

561 4956 685 5010 dem
712 4957 1046 5014 scholasticis
1074 4958 1483 5026 recentioribus,
1523 4976 1591 5016 ne
1621 4977 1813 5030 pueros
1840 4978 1995 5032 pmna
2027 4979 2147 5020 car-

561 5050 705 5103 ceris
733 5051 988 5119 afﬂigant,
1038 5055 1205 5110 nescio
1240 5071 1392 5125 quem
1432 5056 1637 5109 tertium
1682 5056 1995 5127 decipiendis
2026 5066 2146 5128 pari

565 5141 698 5196 oulis
732 5141 930 5209 faciunt
970 5146 1157 5213 locum,
1193 5148 1267 5201 uti
1313 5148 1436 5201 olim
1468 5148 1758 5220 Pelagiani,
1801 5160 2148 5214 testesancto

564 5232 782 5288 Gelasio
797 5245 950 5301 papa,
970 5236 1124 5302 cujus
1138 5239 1379 5304 proxima
1392 5240 1554 5296 verba
1567 5252 1769 5306 sunt,et
1784 5252 1969 5297 sancto
1982 5244 2149 5313 Augu-

562 5324 1020 5394 stinosaspissitne
1042 5326 1094 5381 id
1119 5326 1424 5385 affirmante
1455 5341 1510 5387 et
1541 5334 1818 5402 irridente,
1852 5335 2145 5392 ﬁnxerunt.

642 5417 837 5474 Verum
885 5416 1011 5488 quid
1051 5417 1231 5474 dicent
1250 5421 1542 5478 adversarii
1591 5425 1635 5479 si
1675 5436 1798 5482 octo
1828 5428 1915 5483 illa
1967 5445 2147 5497 poena-

566 5522 686 5563 rum
710 5524 905 5578 genera
936 5523 967 5564 a
1018 5510 1254 5580 parvulis
1294 5514 1547 5569 sustineri
1595 5518 1974 5586 probabimus?
2028 5521 2149 5577 Pu:-

567 5614 691 5653 nam
717 5600 897 5658 damni
940 5612 994 5658 et
1032 5604 1205 5661 exsilii
1236 5604 1337 5675 ipsi
1364 5608 1685 5678 concedunt,
1730 5613 1891 5669 modo
1936 5628 2146 5681 matiam

566 5692 888 5755 captivitatis
934 5702 989 5752 et
1015 5699 1245 5755 carceris
1271 5714 1338 5754 es
1368 5701 1534 5755 sacris
1564 5703 1759 5759 litteris
1803 5706 1947 5760 clare
1975 5707 2145 5763 dedu-

572 5778 763 5833 ximus.
793 5782 868 5839 De
896 5785 1114 5857 reliquis
1154 5796 1380 5857 quatuor
1420 5787 1647 5860 idipsum
1679 5793 1983 5862 probamus.
2016 5796 2145 5854 Viu-

2242 1954 2520 2015 tyrannus,
2546 1954 2603 1998 ut
2624 1960 2807 2000 servos
2832 1959 2963 1999 suos
3009 1958 3079 1999 ne
3102 1944 3289 1999 semel
3321 1940 3550 2011 quidem
3571 1940 3733 2009 ﬂagris
3753 1938 3813 1991 alo

2242 2034 2408 2103 fligat.
2439 2036 2582 2090 Satis
2609 2035 2699 2102 sit,
2731 2034 2964 2090 infantes
2991 2048 3117 2089 esse
3150 2048 3292 2088 vasa
3328 2033 3384 2087 in
3418 2033 3569 2086 illius
3593 2031 3753 2095 domo,
3779 2038 3816 2082 ut

2243 2125 2316 2178 ait
2340 2123 2608 2190 Christus,
2630 2133 2688 2181 et
2723 2125 2966 2195 captivos
2992 2126 3044 2179 in
3075 2126 3305 2195 familia
3346 2125 3545 2179 diaboli
3575 2124 3733 2187 teneri,
3776 2132 3815 2177 ut

2240 2220 2400 2275 docet
2429 2230 2646 2277 sanctus
2688 2221 2846 2276 Pater
2876 2220 2969 2277 lib.
2993 2221 3084 2274 cit.
3151 2220 3227 2275 de
3268 2229 3588 2289 pecatotum
3635 2215 3813 2279 Meritis.

2244 2328 2367 2380 cap.
2420 2312 2509 2367 54.
2560 2312 2710 2367 Adde
2767 2312 2852 2367 bis
2891 2328 3103 2381 poenam
3164 2313 3423 2377 talionis,
3454 2312 3543 2382 qui
3570 2312 3699 2364 enim
3723 2325 3811 2363 cum

2244 2419 2344 2460 suo
2370 2408 2543 2475 primo
2569 2415 2789 2474 parente
2815 2404 3038 2460 noluere
3077 2420 3217 2462 esse
3239 2408 3349 2461 sub
3378 2405 3515 2468 Deo,
3566 2400 3683 2457 lacti
3724 2410 3813 2454 sunt

2242 2497 2380 2552 servi
2412 2496 2511 2551 sub
2534 2495 2773 2551 diabolo.
2799 2497 2945 2551 Tene
2971 2510 3137 2550 aurea
3197 2495 3387 2551 sancti
3416 2494 3650 2550 doctoris
3688 2492 3810 2546 verba

2247 2585 2343 2641 ltb.
2371 2602 2460 2640 xtv
2502 2586 2569 2640 de
2597 2586 2825 2641 Civitate
2864 2586 3128 2656 Dei,cap.
3168 2588 3284 2644 15:
3325 2606 3346 2640 ι
3403 2586 3561 2642 Justa
3589 2583 3811 2638 damnatio

2242 2678 2525 2735 Subsecuta
2557 2686 2659 2742 est,
2694 2678 2815 2731 talis
2854 2676 3069 2747 quidem
3098 2678 3419 2748 damnatio,
3450 2686 3509 2731 ut
3555 2676 3639 2745 qui
3671 2682 3808 2729 custo-

2248 2769 2445 2825 diendo
2475 2769 2782 2824 mandatum
2808 2768 2983 2823 fuerat
3010 2770 3180 2824 etiam
3222 2784 3400 2824 carne
3428 2765 3693 2835 Spiritalis,
3742 2764 3809 2815 fte-

2249 2871 2330 2915 ret
2358 2862 2517 2917 etiam
2565 2869 2745 2915 mente
2774 2859 3036 2923 carnalis;
3064 2870 3116 2914 et
3143 2862 3282 2930 quia
3330 2875 3429 2914 sua
3461 2854 3695 2926 superbia
3730 2851 3804 2907 sili

2254 2950 2549 3019 placuerat,
2585 2950 2678 3004 Dei
2709 2949 2907 3016 iustitia
2952 2949 3053 3004 sibi
3081 2949 3413 3015 donaretur,
3465 2963 3565 3003 nec
3590 2948 3717 3000 sicut
3751 2940 3805 2994 sic

2251 3039 2479 3094 fcctabat
2505 3041 2556 3095 in
2578 3055 2672 3095 sua
2703 3050 2845 3095 esset
2866 3040 3175 3097 omnimoda
3214 3048 3517 3111 potestate,
3545 3036 3636 3092 sed
3661 3050 3689 3089 a
3727 3031 3803 3088 εεὶο

2255 3145 2351 3197 pso
2380 3145 2589 3200 quoque
2626 3130 2955 3187 dissentiens
2976 3132 3075 3186 sub
3115 3131 3239 3199 illo,
3298 3133 3393 3187 cui
3426 3126 3691 3202 peccando
3711 3137 3803 3177 eon-

2248 3219 2434 3282 sensit,
2460 3234 2559 3287 pro
2588 3219 2830 3274 libertate
2851 3236 3006 3289 quam
3030 3223 3411 3291 concupierat,
3446 3224 3651 3278 duram,
3680 3212 3801 3267 misr

2250 3325 2473 3380 ramque
2516 3320 2700 3380 ageret
2739 3312 3084 3380 servitutem;
3132 3324 3384 3371 mortuus
3414 3311 3606 3382 spiritu
3636 3306 3799 3366 volens.

2247 3410 2301 3456 et
2339 3416 2570 3472 corpore
2608 3404 2904 3458 moriturus
2955 3405 3157 3460 invitus
3190 3424 3205 3462 :
3237 3405 3500 3461 desertor
3529 3412 3727 3456 interna
3749 3395 3802 3447 viv

2250 3500 2337 3558 tm,
2380 3493 2542 3546 etiam
2569 3501 2792 3557 :eterna,
2834 3493 2935 3549 nisi
2974 3496 3146 3566 gratia
3173 3496 3461 3558 liberaret,
3496 3500 3664 3547 morte
3689 3489 3800 3540 dam-

2249 3592 2425 3637 natus.
2461 3604 2478 3636 ›
2508 3583 2731 3640 Mortem
2771 3600 2899 3640 vero
2924 3601 3200 3654 poenarum
3242 3584 3502 3639 ultimam
3537 3596 3641 3636 non
3668 3575 3799 3631 solum

2249 3675 2609 3741 corporalem.
2650 3674 2744 3729 sed
2782 3674 2945 3730 etiam
3002 3674 3337 3745 spiritualem
3396 3670 3694 3727 incurrisse
3737 3676 3801 3731 per

2251 3773 2525 3829 peccatum
2576 3764 2882 3819 universam
2940 3766 3131 3820 Adami
3192 3765 3576 3833 posteritatem
3639 3764 3798 3814 certum

2247 3863 2347 3907 cst.
2384 3853 2447 3907 Et
2482 3853 2699 3921 quidem
2751 3866 2945 3922 pueros
2992 3868 3059 3908 ex
3103 3860 3327 3923 peccato
3380 3851 3645 3920 originali
3687 3853 3801 3916 pom

2247 3942 2439 3997 mortis
2461 3942 2713 3997 secunda:
2741 3944 3025 3999 mutetatos
3054 3944 3214 3999 tradit
3244 3941 3458 4013 passim
3484 3952 3705 3995 sanctus
3720 3939 3808 3989 doc-

2248 4044 2363 4101 tor;
2386 4036 2478 4091 lib.
2501 4052 2515 4089 l
2537 4035 2602 4090 ad
2628 4036 2979 4100 Bonifacium,
3002 4052 3120 4107 cap.
3143 4037 3236 4104 22,
3259 4033 3390 4091 ait:
3418 4052 3437 4086 ι
3468 4037 3579 4089 Aut
3604 4033 3650 4088 si
3685 4044 3804 4086 erait-

2248 4126 2435 4195 gclicis
2463 4127 2683 4182 vocibus
2711 4128 2964 4198 cogimini
2998 4129 3265 4194 conﬁteri,
3317 4140 3424 4181 nec
3455 4127 3641 4189 vitam,
3694 4120 3800 4176 saltt-

2250 4227 2467 4289 temque
2508 4233 2668 4287 posse
2706 4219 2905 4276 habere
2927 4219 3176 4289 parvulos
3206 4221 3274 4276 de
3308 4232 3542 4287 corpore
3562 4221 3794 4272 exeuntes,

2251 4310 2354 4364 nisi
2378 4310 2582 4366 fuerint
2610 4312 2885 4382 baptizati,
2910 4313 3137 4382 quaerite
3173 4327 3269 4368 cur
3309 4311 3697 4382 compellantur
3716 4315 3791 4357 non

2252 4402 2506 4471 haptizati
2534 4406 2786 4460 secunda:
2813 4406 3003 4460 mortis
3031 4406 3212 4462 subire
3258 4406 3603 4477 supplicium.
3636 4419 3655 4452 ι
3684 4397 3788 4451 llors

2253 4504 2433 4548 autem
2459 4495 2695 4551 secunda
2725 4511 2791 4551 ex
2833 4510 2952 4562 cap.
2982 4495 3053 4550 20
3098 4497 3454 4569 Apocalypsis
3499 4488 3787 4558 intelligitur.

2256 4585 2342 4640 ubi
2382 4586 2498 4641 haec
2521 4586 2772 4656 leguntur
2803 4602 2818 4640 :
2850 4584 2918 4639 Et
2947 4588 3038 4656 qui
3090 4605 3193 4643 non
3220 4600 3294 4645 est
3347 4592 3580 4645 inventus
3604 4585 3651 4637 in
3688 4576 3785 4632 lim

2254 4677 2370 4729 vita
2395 4677 2640 4745 scriptus,
2664 4678 2850 4731 missus
2868 4688 2941 4731 est
2967 4679 3021 4731 in
3049 4687 3289 4751 stagnum
3318 4683 3473 4755 ignis.
3507 4680 3569 4733 Et
3596 4679 3747 4744 postea
3770 4676 3783 4712 ἒ

2255 4766 2499 4833 Infernus
2528 4776 2574 4822 et
2626 4784 2763 4821 mors
2787 4768 2929 4822 missi
2956 4781 3075 4823 sunt
3120 4771 3173 4824 in
3220 4782 3463 4845 stagnum
3512 4766 3651 4839 ignis.
3686 4755 3784 4811 HW

2251 4869 2325 4913 est
2348 4875 2485 4914 mors
2512 4860 2758 4915 secunda.
2797 4862 2998 4929 Quare,
3050 4876 3172 4917 cum
3214 4867 3367 4933 pueri
3407 4865 3524 4921 sine
3566 4852 3782 4943 baptisttto

2253 4950 2576 5006 decedentes
2617 4968 2724 5006 non
2789 4953 2900 5006 sint
2948 4954 3133 5023 scripti
3181 4955 3233 5009 in
3281 4957 3420 5012 libro
3466 4953 3599 5013 vitm,
3655 4938 3780 4996 dubio

2254 5041 2443 5111 procul
2493 5043 2653 5097 morti
2709 5042 2983 5109 secundae,
3040 5045 3142 5100 hoc
3188 5056 3289 5111 est,
3356 5044 3460 5117 igni
3486 5039 3776 5129 deputantur-

2255 5134 2367 5190 [loc
2387 5147 2762 5205 argumentum
2808 5146 2864 5190 et
2922 5135 3038 5194 fuse
3080 5149 3135 5194 et
3177 5140 3388 5197 erudite
3410 5155 3473 5195 es
3534 5131 3776 5197 Αυ8υ⁵ί¹¹¹⁰

2256 5235 2408 5295 urget
2436 5228 2874 5297 archiepiscopus
2894 5230 3249 5286 Tltuamensis
3274 5233 3325 5287 in
3358 5225 3602 5302 cpnsculo
3620 5221 3675 5274 de
3700 5213 3775 5266 hac

2252 5318 2568 5387 qumstione,
2598 5331 2715 5387 cap.
2756 5320 2816 5373 ll
2869 5327 2924 5374 et
2954 5320 3040 5375 l2.
3078 5322 3203 5378 Scio
3246 5322 3553 5379 Morainium
3596 5314 3774 5374 mpm-

2254 5409 2401 5475 dere,
2435 5423 2584 5463 num.
2620 5410 2709 5476 69,
2737 5421 2962 5466 mortem
2993 5414 3281 5469 secundam
3335 5429 3453 5471 6:88
3478 5401 3768 5481 privationem

2254 5511 2475 5567 visionis
2495 5512 2589 5569 Dei
2611 5528 2625 5579 ;
2648 5512 2742 5568 sed
2783 5512 2897 5568 haec
2942 5516 3223 5585 responsio
3257 5518 3490 5587 rejit-itur
3514 5510 3576 5564 ab
3615 5502 3771 5564 Αυειιο

2254 5612 2394 5666 stino
2412 5627 2533 5679 cap.
2562 5613 2632 5667 92
2655 5614 2965 5677 ειιοιιίιξάίι,
2997 5625 3051 5671 ει
3098 5615 3193 5672 lib.
3224 5632 3315 5672 xut
3348 5619 3414 5672 de
3436 5611 3577 5670 cna.
3598 5611 3698 5665 cap-
3724 5587 3765 5679 δέ

2253 5714 2307 5760 ει
2337 5704 2429 5761 lib.
2457 5677 2567 5771 xix,
2598 5720 2718 5776 cap.
2744 5704 2849 5773 28;
2875 5706 2999 5763 item
3021 5723 3051 5762 a
3081 5718 3268 5765 sancto
3294 5706 3555 5778 Fulgentio
3581 5696 3659 5751 lib.
3680 5703 3699 5788 ,ι
3718 5677 3768 5788 δι]

2256 5796 2568 5869 Mimith
2591 5812 2709 5870 Callo
2739 5798 2795 5867 θ,
2819 5797 2908 5855 υὺὶ
2932 5813 3001 5858 ει
3050 5801 3216 5860 sacris
3245 5775 3437 5861 litteris
3477 5775 3763 5868 pronuntiant
