3892 6304
79 278 166 332 fill
505 253 512 260 ’
1241 237 1560 342 V’lNDlCIAE
1605 291 1626 344 Α

1733 290 2169 347 ιυετιΝιΑΝιε.
3243 305 3346 366 6ιῖ

76 415 286 462 mortem
323 411 542 477 primam
574 426 711 480 esse,
744 429 863 468 cum
889 414 1063 470 anima
1087 429 1368 486 separatur
1405 435 1432 473 a
1458 435 1625 490 corpo

1760 404 2030 461 liazreseos
2056 408 2341 462 falsitatem
2373 408 2633 462 conﬁxit:
2676 429 2692 461 ι
2734 411 2868 467 lllud
2894 429 3038 482 vero,
3077 419 3342 490 inquiens,

75 515 145 564 re,
172 501 453 554 secundam
480 518 604 557 vero
628 518 747 558 cum
779 507 965 560 eadem
989 519 1250 562 mternum
1281 509 1498 577 punitur
1529 526 1652 565 cum
1760 499 1900 563 (ιυοά
1928 512 2023 552 80³
2055 506 2235 552 νθεῑτε
2282 498 2591 555 fraternitas
2621 505 2815 557 3559"“
2853 509 3162 576 Ρτεὲάίεπθν
3219 530 3342 581 ρεη-

72 603 301 657 εοι-ροτε,
1761 588 1911 643 vulos
1953 601 2169 644 aeterna:
2193 591 2314 644 vitae
2371 593 2606 660 [rmmiis
2635 597 2798 650 etiam
2849 599 2967 653 sine
3011 600 3342 670 bapli~lltali8

72 677 255 752 Eadem
283 681 446 733 sancti
495 683 716 735 doctoris
746 686 998 738 sententia
1038 687 1284 752 probatur
1313 704 1380 741 ea:
1407 690 1649 742 conciliis

136 751 412 826 Africanis,
467 763 514 826 et
541 751 724 806 litteris
755 751 1045 826 Innocentii
1073 755 1250 826 Papia.
1299 758 1529 811 Assertio
1579 761 1642 812 de

138 821 292 897 poenis
323 823 653 888 parvulorum
705 825 1029 897 ab_Ecclesia
1059 821 1464 897 Africanajuter
1515 831 1638 897 ﬁdei

141 890 394 958 dogmata,
425 892 1062 968 testesqpctoulgentio,
1087 890 1265 968 relata.
1303 890 1524 968 Insigne
1544 917 1637 966 pro

132 964 300 1011 eadem
328 977 383 1013 re
402 963 568 1014 sancti
589 961 785 1016 Gelasii
816 961 964 1034 popa:
992 967 1353 1020 testimonium.

132 1050 469 1116 Scholastici,
499 1054 587 1123 qui
630 1054 683 1108 in
714 1057 1010 1111 statuendis
1069 1061 1412 1126 parvulorum
1462 1062 1640 1130 pmnis

69 1143 113 1196 in
142 1143 400 1198 diversam
426 1147 493 1198 ab
523 1147 819 1214 Augustino
849 1151 1172 1204 sententiam
1234 1154 1437 1220 abiere,
1468 1155 1640 1222 publi-

66 1244 257 1299 carunt,
289 1235 532 1303 ejusdem
563 1238 871 1305 opinionem
902 1256 1059 1293 unum
1088 1242 1434 1309 Augustinum
1462 1254 1644 1310 patro-

66 1340 172 1376 num
203 1325 424 1394 habere,
451 1339 506 1381 ut
536 1328 772 1397 loquitur
798 1328 1141 1393 Catbarinus,
1191 1346 1415 1401 eamque
1443 1336 1643 1401 paucis-

65 1413 205 1463 simos
216 1415 389 1482 sequi,
407 1423 466 1468 ut
487 1413 561 1468 ait
583 1414 866 1470 Moraines.
884 1416 993 1470 lmo
1006 1418 1348 1484 Catharinus,
1365 1437 1526 1474 unum
1541 1423 1640 1476 sibi

63 1517 324 1569 opponens
359 1507 732 1574 Augustinum,
766 1507 984 1560 scribit:
1017 1526 1036 1560 ε
1059 1512 1125 1562 At
1147 1511 1638 1579 magna,inquiunt,

60 1604 131 1648 est
149 1593 438 1651 auctOritas
451 1599 753 1667 Augustini,
773 1615 958 1670 magna
984 1602 1245 1669 profecto,
1267 1604 1359 1657 sed
1379 1605 1632 1670 veritatis,

58 1699 162 1752 qua:
179 1687 290 1754 jam
326 1698 502 1756 pateat
531 1689 685 1758 longe
717 1691 907 1760 major,
935 1692 1090 1762 longe
1127 1695 1298 1764 major
1324 1697 1632 1765 pontificum

1753 680 1922 745 gratia
1951 693 2106 745 posse
2131 681 2342 745 donari,
2378 684 2677 750 pet-fatuum
2710 697 2812 740 est.
2844 707 2862 738 ι
2899 689 3067 758 Epist.
3101 693 3170 746 95
3199 697 3338 761 apud

1753 767 2130 835 Augustinum.
2166 771 2349 834 Itaque
2381 788 2490 826 tum
2515 777 2704 843 synodi
2756 788 2863 830 ttnn
2907 781 3141 847 pontifex
3192 784 3336 838 illam

1753 859 1915 912 vitam
1944 868 2202 914 mternam
2237 865 2476 928 parvulis
2505 865 2556 918 in
2583 867 2827 935 originali
2862 881 3081 937 peccato
3108 876 3344 929 mortuis

1753 959 2035 1017 negarunt,
2067 965 2224 1019 quam
2277 953 2548 1023 Pelagiani
2598 957 2804 1012 eisdem
2865 961 3049 1028 pueris
3105 962 3326 1018 dabant.

1753 1039 1870 1092 Vita
1916 1048 2096 1094 autem
2138 1050 2336 1095 aeterna
2383 1043 2515 1097 dicit
2567 1057 2878 1115 perpetuam
2935 1053 3333 1119 possessionem

1753 1129 1842 1184 Dei
1873 1131 2105 1184 animam
2130 1132 2337 1186 beantis
2362 1135 2412 1187 in
2439 1150 2605 1205 regno
2645 1140 2925 1207 caelorum,
2977 1150 3032 1195 et
3060 1158 3124 1196 ex
3146 1158 3334 1198 conse-

1747 1224 1931 1291 quenti
1959 1223 2324 1279 exclusionem
2375 1228 2746 1300 cujuscunque
2778 1233 3026 1299 miseriae,
3069 1236 3154 1288 cui
3209 1238 3333 1290 vita:

1746 1314 2034 1382 Opponitur
2061 1325 2262 1368 aiterna
2314 1331 2482 1383 mors,
2513 1335 2632 1388 quze
2672 1324 2922 1378 consistit
2963 1324 3016 1378 in
3075 1335 3330 1395 perpetua

1745 1406 2039 1462 amissione
2077 1407 2274 1461 summi
2322 1407 2470 1474 boni,
2517 1420 2572 1466 et
2636 1415 2857 1478 perenni
2922 1413 3218 1471 afﬂictione
3265 1432 3329 1471 ac

1744 1498 2070 1552 cruciatibus
2120 1501 2172 1554 in
2202 1500 2407 1556 inferis.
2459 1507 2528 1558 At
2580 1507 2849 1576 Pelagiani
2901 1524 3168 1579 nusquam
3215 1515 3328 1566 ausi

1742 1599 1868 1641 sunt
1897 1589 2077 1644 dicere
2105 1606 2301 1659 pueros
2345 1595 2463 1649 sine
2499 1595 2768 1665 baptismo
2795 1602 2967 1654 ituros
3025 1603 3076 1655 in
3101 1619 3326 1670 regnum

1743 1681 2024 1743 caelorum.
2057 1691 2108 1735 ut
2140 1697 2206 1737 ex
2235 1697 2402 1739 serm.
2437 1685 2504 1738 14
2542 1687 2610 1740 de
2641 1689 2831 1743 Verbis
2877 1691 3120 1758 Apostoli
3170 1709 3325 1764 sppe-

58 1778 360 1843 auctoritas,
379 1785 440 1832 et
463 1778 715 1834 Ecclesiae
739 1781 805 1834 de
828 1781 1081 1835 cathedra
1110 1783 1374 1851 docentis,
1403 1798 1455 1839 et
1486 1803 1630 1841 como
1665 1781 1713 1839 B
1740 1772 1850 1824 ι’ῖυε
1881 1773 2096 1828 landum
2125 1778 2498 1844 θιροδυίηῖυει
2547 1780 2747 1834 scrib“
2774 1783 2843 1837 de
2880 1783 3070 1838 “Sdem
3120 1786 3324 1855 A0305“

59 1866 222 1918 nmnis
247 1865 526 1921 doctorum
560 1870 848 1922 sententia.
889 1890 906 1921 )
959 1871 1163 1938 Quibus
1209 1877 1295 1928 ille
1346 1887 1532 1929 auctor
1581 1879 1632 1930 in

59 1962 282 2006 veterum
312 1953 528 2008 Patrum
557 1957 771 2026 scriptis
799 1972 859 2013 se
891 1960 1049 2027 plane
1073 1960 1335 2032 hospitem
1367 1966 1631 2032 prodidit;

58 2043 236 2096 etenim
279 2045 452 2099 sancti
504 2046 678 2101 Patris
724 2051 1046 2104 sententiam
1093 2063 1144 2106 et
1198 2058 1526 2124 synodorum
1581 2067 1634 2111 et

61 2133 357 2189 Pontificum
399 2138 715 2193 testimoniis
739 2142 1197 2210 conﬁrmabimus,
1231 2155 1285 2200 et
1324 2147 1388 2200 iis
1415 2148 1629 2217 quidem

59 2225 175 2280 adeo
201 2226 557 2297 evidentibus,
588 2239 643 2284 ut
701 2233 920 2287 minime
964 2235 1201 2290 dubitem
1243 2239 1368 2306 quin
1418 2239 1632 2295 schola-

65 2315 185 2379 stici,
215 2317 258 2370 si
289 2317 341 2372 in
376 2320 563 2374 eadem
598 2322 934 2390 incidissent,
971 2341 1037 2381 ne
1066 2327 1229 2382 latum
1282 2330 1498 2399 quidem
1525 2349 1626 2386 un-

63 2420 194 2473 guem
224 2411 290 2464 ab
312 2412 696 2481 Augustiniana
729 2418 997 2472 sententia
1025 2420 1428 2476 discessissent.
1463 2424 1629 2481 Recte

63 2496 243 2564 Scotus,
267 2501 321 2555 in
351 2501 411 2568 2,
445 2504 572 2558 dist.
605 2503 696 2572 55,
725 2507 1024 2576 quzestione
1075 2513 1230 2564 unica
1261 2515 1627 2582 magistrorum

66 2588 423 2649 Parisiensium
448 2597 698 2666 placitum
727 2610 911 2653 contra
963 2602 1322 2671 Augustinum
1356 2616 1502 2660 stare
1543 2609 1626 2660 di-

68 2683 140 2748 xit,
166 2685 355 2753 quibus
378 2698 557 2743 tamen
591 2691 750 2745 totius
769 2692 964 2746 Africae
994 2697 1319 2750 vetustiores
1344 2699 1629 2768 episcopos

71 2788 304 2844 opponem
314 2796 398 2836 us.

121 2868 178 2922 Et
201 2871 417 2941 quidem
462 2880 670 2928 veteres
723 2873 1043 2931 Parisiensis
1096 2878 1296 2932 scholae
1351 2878 1625 2947 doctores,

70 2969 164 3012 cum
192 2975 396 3015 summa
428 2961 642 3031 ingenia
691 2963 892 3018 schola:
943 2967 1328 3021 subtilitatibus
1378 2968 1629 3022 devovis-

69 3059 182 3114 sent,
207 3067 387 3120 parum
421 3055 573 3108 l'uere
598 3055 648 3108 in
693 3056 1020 3124 synodorum
1045 3073 1108 3111 ac
1149 3058 1364 3113 Patrum
1391 3060 1624 3115 let-tione

70 3142 253 3195 versati.
283 3144 418 3199 l-linc
463 3144 783 3199 eruditionis
810 3145 1020 3200 defectu
1054 3149 1309 3216 quasdam
1340 3151 1619 3218 opiniones

71 3232 336 3301 obtrnsere,
384 3252 413 3290 a
478 3237 670 3306 quibus
715 3238 1034 3307 antiquioris
1069 3241 1326 3295 Ecclesiae
1385 3243 1620 3310 magistri

69 3323 241 3395 longius
263 3329 553 3384 distarunt.
582 3330 692 3385 Hoc
732 3332 784 3385 in
816 3337 1070 3401 przesenti
1126 3336 1496 3390 controversia
1531 3353 1621 3406 pa-

69 3419 191 3485 tebit,
216 3421 262 3476 in
292 3438 392 3492 qua
414 3424 728 3480 scholastici
776 3439 843 3480 ex
871 3441 1055 3480 manca
1082 3426 1381 3498 Pelagiana:
1439 3431 1621 3482 lia-re-

68 3522 163 3564 seos
187 3514 380 3581 notitia,
416 3517 502 3569 nti
525 3532 554 3570 a
580 3529 794 3586 recepta
823 3519 1119 3588 antiquitus
1149 3521 1413 3574 sententia
1442 3535 1622 3575 reces~

67 3613 234 3671 serunt,
266 3608 332 3661 ita
356 3608 580 3662 illorum
612 3610 855 3680 plerique
888 3611 942 3664 in
964 3611 1281 3681 quibusdam
1311 3626 1433 3665 cum
1465 3611 1618 3665 Pela-

65 3693 202 3758 gianis
221 3711 553 3765 convenere,
604 3700 744 3768 quod
801 3701 962 3755 etiam
1011 3702 1222 3755 notavit
1271 3716 1391 3756 cum
1453 3701 1623 3755 laudis

66 3786 342 3848 przefatione
384 3792 762 3846 nominandus
790 3792 1086 3847 cardinalis
1119 3792 1494 3857 Bellarminus,
1525 3809 1620 3846 cu-

64 3873 127 3940 jus
149 3883 291 3936 verba
321 3883 372 3938 in
399 3899 428 3939 c
449 3883 571 3938 alce
603 3883 716 3939 fere
761 3883 919 3953 hujus
948 3884 1331 3940 controversiae
1359 3886 1620 3940 recitabo.

66 3966 195 4024 l'ritni
222 3975 432 4029 omniun
457 3991 470 4027 ι
497 3973 736 4028 Africani
765 3974 950 4029 Patres
979 3976 1382 4045 Pelagianorum
1410 3991 1623 4031 errores

66 4062 360 4121 anathemate
380 4068 740 4136 perculerunt
767 4067 819 4120 in
850 4075 1075 4136 utraque
1102 4066 1309 4137 synodo
1331 4066 1622 4135 provinci.c

70 4145 494 4223 Carthaginensis,
533 4157 768 4225 itemque
797 4156 850 4210 in
873 4157 1040 4210 altera
1064 4158 1271 4227 synodo
1293 4155 1620 4220 Milevitana,

74 4238 170 4296 dein
182 4245 226 4298 in
242 4247 483 4315 plenariis
496 4247 842 4316 conciliis,uti
860 4247 1026 4301 fusius
1044 4247 1180 4302 libro
1200 4247 1360 4316 priori
1378 4247 1624 4302 llistori:e

74 4328 331 4403 Pelagiana:
361 4341 515 4396 nobis
545 4339 876 4408 descriptum
900 4351 1000 4393 εει.
1029 4339 1082 4394 In
1113 4339 1194 4394 bis
1229 4350 1404 4395 autem
1456 4343 1622 4395 sacris

75 4429 381 4486 conventibus
404 4446 593 4501 poenas
619 4430 903 4485 sensibiles
921 4445 1207 4500 puerorum
1225 4432 1340 4485 sine
1357 4431 1622 4499 baptismo

1743 1864 1884 1918 tinus
1907 1865 2001 1920 lib.
2037 1883 2051 1919 l
2078 1869 2143 1921 de
2175 1881 2513 1936 peccatorum
2541 1872 2740 1927 Meritis
2759 1884 2813 1927 et
2842 1877 3180 1942 remissione,
3201 1893 3319 1945 cap.

1741 1956 1807 2009 l8
1841 1972 1855 2008 :
1891 1975 1907 2006 ‹
1942 1957 2132 2012 Dicunt
2164 1961 2413 2027 parvulos
2440 1965 2641 2018 recenti
2675 1965 2778 2019 vita
2816 1965 2992 2020 editos
3020 1968 3319 2023 visceribus

1737 2056 1988 2110 matrum,
2024 2063 2132 2101 non
2163 2058 2385 2119 propter
2431 2054 2814 2108 remittendum
2847 2066 3120 2124 peccatum
3152 2059 3322 2127 perci-

1736 2127 1862 2206 pere
1892 2139 2238 2207 baptismum,
2291 2145 2384 2197 sed
2433 2155 2490 2198 ut
2544 2148 2839 2215 spiritalem
2893 2151 3318 2218 procreationem

1733 2245 1839 2284 non
1865 2230 2144 2299 habentes,
2168 2243 2422 2288 creentur
2444 2235 2493 2289 in
2517 2236 2753 2307 Christo,
2776 2245 2831 2292 et
2851 2240 3019 2307 ipsius
3041 2241 3192 2311 regni
3210 2256 3320 2296 cte-

1732 2321 1906 2376 lorum
1934 2326 2222 2396 participes
2252 2327 2401 2393 fiant,
2437 2344 2502 2383 eo
2525 2329 2686 2385 modo
2717 2332 2809 2385 lilii
2841 2343 2896 2387 et
2925 2333 3169 2390 haeredes
3199 2336 3316 2400 Dei,

1729 2411 2042 2468 cohaeredes
2073 2425 2253 2469 autem
2281 2416 2502 2471 Christi.
2537 2435 2556 2469 ι
2592 2420 2725 2474 llinc
2771 2421 2910 2477 idem
2942 2433 3159 2479 sanctus
3186 2425 3320 2480 doc-

1733 2514 1818 2558 tor
1846 2513 2033 2558 contra
2065 2506 2386 2576 Pelagianos
2415 2511 2490 2563 ait
2520 2509 2613 2564 lib.
2650 2525 2687 2565 ιι
2714 2511 2903 2581 Operis
2925 2514 3164 2582 impcrf.,
3195 2531 3316 2584 eap.

1731 2597 1834 2648 115
1868 2614 1880 2648 :
1917 2615 1936 2646 ‹
1975 2599 2316 2665 llespondete
2362 2599 2488 2667 quid
2513 2603 2656 2666 sitis,
2687 2604 2778 2670 qui
2809 2612 2888 2657 tot
2915 2604 3178 2674 imagines
3224 2608 3315 2662 Dei

1729 2686 1847 2741 sine
1877 2687 2022 2741 illius
2055 2688 2262 2756 peccati
2306 2691 2501 2743 merito
2530 2695 2794 2760 separatis
2840 2710 2868 2746 a
2919 2711 3086 2764 regno
3120 2699 3233 2762 Dei,
3265 2708 3320 2752 el.

1730 2777 1907 2832 facitis
1937 2779 2070 2833 duas
2117 2787 2352 2834 aeternas
2403 2781 2690 2839 felicitates
2723 2802 2735 2836 :
2765 2801 2923 2840 unam
2971 2804 3089 2858 qua:
3142 2791 3213 2845 sit
3263 2793 3314 2845 in

1731 2883 1898 2936 regno
1922 2869 2016 2923 Dei
2039 2887 2057 2938 ;
2079 2871 2330 2937 alteram,
2360 2887 2480 2941 qua:
2509 2875 2578 2929 sit
2607 2885 2758 2930 extra
2790 2892 3013 2948 regnum
3044 2880 3159 2934 Dei.
3199 2901 3220 2934 ι
3252 2883 3319 2937 Et

1731 2959 1823 3014 lib.
1851 2976 1867 3014 ι
1893 2961 2134 3029 ejusdem
2157 2963 2356 3032 operis,
2399 2979 2519 3035 cap.
2552 2967 2674 3034 l52,
2708 2970 2870 3023 tradit
2901 2972 3149 3039 parvulos
3165 2975 3316 3040 juxta

1729 3049 2044 3119 Pelagianos
2068 3052 2275 3108 futuros
2298 3073 2315 3106 ι
2348 3058 2402 3111 in
2455 3057 2574 3114 loco
2594 3060 2774 3129 aliquo
2803 3062 3056 3117 secundas
3085 3065 3317 3122 felicita-

1653 3137 1698 3199 C
1731 3141 1818 3208 tis,
1840 3160 2020 3212 quem,
2048 3146 2242 3215 inquit,
2270 3149 2465 3204 talibus
2485 3153 2771 3207 mdilieavit
2791 3155 3012 3211 haeresis
3065 3168 3262 3214 vestra.
3291 3180 3310 3213 ι

1728 3233 1801 3287 Ex
1834 3234 1918 3288 his
1950 3235 2181 3291 infertur
2220 3240 2387 3295 vitam
2441 3252 2716 3309 aeternam,
2753 3261 2912 3313 quam
2964 3247 3036 3301 illi
3079 3248 3316 3306 harretici

1726 3325 1907 3393 put-ris
1937 3328 2338 3396 promittebant,
2363 3331 2520 3385 sitam
2550 3332 2716 3388 fuisse
2742 3335 2792 3388 in
2821 3337 3052 3392 secunda
3083 3340 3312 3408 quadam

1724 3414 2000 3478 felicitate,
2037 3417 2136 3472 hoc
2160 3427 2263 3483 est,
2301 3421 2494 3474 minori
2518 3436 2578 3474 ea
2610 3438 2715 3491 qua
2749 3422 3065 3479 fruebantur
3089 3427 3229 3482 beati
3263 3431 3312 3483 in

1724 3517 1891 3573 regno
1916 3507 2200 3560 caelorum.
2235 3509 2366 3561 Nam
2395 3524 2520 3562 cum
2556 3512 2750 3566 ibidem
2779 3516 2930 3580 pueri
2961 3515 3141 3569 nullos
3192 3534 3314 3571 cru-

1724 3594 1898 3646 ciatus
1923 3607 2018 3661 per
2047 3603 2212 3649 totam
2245 3597 2607 3652 reternitatem
2657 3600 2868 3666 passuri
2917 3612 3115 3666 essent,
3159 3614 3315 3659 aeter-

1726 3700 1852 3738 num
1886 3684 2067 3738 felices
2091 3685 2272 3740 vivere
2302 3687 2370 3741 ab
2399 3687 2527 3756 ipsis
2564 3688 2904 3744 dicebantur.
2939 3691 3139 3748 Scribit
3186 3710 3313 3749 san-

1725 3791 1844 3832 ctus
1892 3778 2227 3847 Fulgentius,
2273 3780 2366 3834 lib.
2408 3796 2424 3833 ι
2461 3781 2526 3832 ad
2565 3780 2881 3848 Monimum,
2912 3796 3030 3852 cap.
3054 3785 3107 3849 6,
3143 3786 3309 3840 Deum

1725 3871 1921 3923 animae
1953 3885 2046 3938 per
2076 3881 2349 3938 peccatum
2383 3883 2606 3927 mortuas
2634 3872 2902 3943 duplicem
2931 3875 3152 3946 insuper
3176 3894 3312 3935 mor-

1728 3969 1833 4016 tem
1860 3962 2243 4016 comminatum
2272 3978 2286 4015 :
2325 3980 2345 4015 ι
2392 3963 2627 4018 Primam
2661 3966 2712 4020 in
2755 3967 3096 4034 separatione
3116 3973 3313 4025 animae

1725 4059 1781 4105 et
1804 4051 2082 4120 c0rporis;
2114 4053 2405 4107 secundam
2439 4053 2492 4107 in
2523 4064 2726 4109 aeterna
2757 4057 3088 4114 cruciatioue
3113 4061 3308 4116 animae

1727 4149 1782 4195 et
1809 4141 2073 4210 corporis.
2100 4143 2178 4196 Ac
2206 4158 2302 4212 per
2323 4143 2427 4199 hoc
2450 4145 2700 4213 primam,
2718 4161 2823 4215 qua
2851 4148 3163 4205 discedente
3190 4154 3310 4205 ani-

1728 4248 1814 4288 ma
1844 4249 1970 4290 caro
1993 4235 2106 4289 sola
2134 4235 2391 4293 moritur:
2441 4238 2738 4292 secundam
2770 4253 2920 4306 vero,
2944 4243 3162 4310 quando
3218 4258 3309 4297 re-

1726 4325 1881 4381 diens
1911 4327 1964 4380 in
1993 4341 2212 4381 carnem
2244 4326 2420 4380 anima
2472 4326 2524 4381 in
2564 4328 2754 4384 eadem
2784 4340 2838 4385 et
2870 4346 2990 4385 cum
3020 4331 3309 4387 eadem—in

1728 4431 1829 4486 qua
1854 4418 2124 4485 peccavit,
2168 4431 2331 4472 carne
2362 4425 2662 4487 torquetur.
2705 4439 2724 4472 ι
2763 4420 2954 4475 Primae
3001 4423 3160 4476 morti
3212 4437 3310 4490 op-

76 4514 403 4578 decedentium
445 4533 678 4580 statutas
717 4539 839 4580 esse
868 4525 1201 4579 demonstro.
1238 4523 1425 4579 Patres
1454 4538 1619 4594 syno-

1733 4510 1944 4578 ponitur
1993 4509 2099 4563 vita
2140 4519 2520 4577 temporanea,
2571 4511 2730 4571 alteri
2770 4527 2898 4568 vero
2931 4512 3038 4567 vita
3091 4520 3310 4578 aiterna,

78 4604 115 4656 di
134 4609 576 4684 Cartliaginensis,
623 4615 673 4669 in
707 4615 901 4669 litteris
950 4616 1017 4667 ad
1050 4615 1440 4682 Innocentium,
1477 4614 1616 4682 apud

79 4694 382 4766 Augustinum
402 4705 629 4775 epistola
658 4705 749 4768 9t),
776 4704 892 4758 haac
918 4703 986 4758 de
1017 4704 1575 4773 Pelagianisfscrihunt
1601 4720 1616 4758 :

84 4804 96 4833 ι
131 4790 356 4850 Parvulos
386 4800 547 4853 etiam
587 4804 804 4865 propter
827 4796 1080 4861 salutem,
1111 4811 1228 4864 qua:
1253 4811 1345 4863 per
1371 4794 1617 4849 Salvato-

80 4891 166 4932 tem
194 4884 448 4943 Christum
479 4891 659 4952 datur,
711 4888 1063 4956 baptizandos
1094 4896 1313 4954 negant,
1339 4902 1400 4939 ac
1421 4888 1496 4939 sic
1522 4901 1616 4940 eos

82 4975 311 5031 nmrtil’eta
351 4981 445 5033 ista
477 4981 721 5034 doctrina
752 4979 804 5032 in
839 4987 1097 5032 reternmn
1131 4986 1345 5040 necant,
1396 4979 1617 5046 proauit—

83 5067 241 5130 lcntes,
272 5069 425 5122 etiam
480 5071 526 5125 si
568 5085 673 5123 non
723 5058 1083 5138 baptizentur,
1128 5067 1403 5122 habituros
1458 5067 1619 5120 vitam

82 5161 316 5212 sternam.
354 5179 372 5212 ι
407 5163 592 5218 Patres
624 5176 751 5217 vero
772 5147 1032 5215 Numidiae
1061 5160 1371 5228 provincias,
1402 5160 1453 5213 in
1481 5160 1623 5228 cpis-

83 5243 161 5296 tula
181 5249 237 5301 ad
265 5255 500 5308 eumdem
529 5255 919 5320 Innocentium,
949 5269 1067 5322 qum
1100 5255 1239 5308 inter
1269 5255 1618 5323 Augustinia-

82 5343 155 5385 Itﬂs
188 5350 258 5391 est
287 5343 370 5407 9‘2,
403 5343 518 5399 hzcc
561 5345 673 5414 ipsa
706 5345 951 5399 scribunt
980 5345 1048 5398 de
1077 5345 1278 5399 eisdem
1305 5345 1571 5401 htereticis
1603 5364 1614 5397 :

86 5438 98 5467 ‹
123 5423 290 5486 l‘ueros
311 5450 516 5505 quoque
542 5439 810 5507 parvulos,
839 5439 882 5492 si
904 5437 1065 5492 nullis
1088 5438 1410 5492 innoventur
1432 5438 1619 5492 Chris-

84 5514 208 5573 liante
233 5530 406 5591 gratia:
438 5531 806 5597 sacramentis,
834 5531 1111 5585 habituros
1141 5531 1301 5584 vitam
1334 5539 1614 5596 aeternam,

85 5616 272 5674 ηείιιιεπι
316 5623 723 5687 prmsumptione
783 5624 1137 5677 contendunt.
1194 5642 1211 5672 ι
1273 5620 1618 5676 Innocentius

86 5700 315 5769 ilollllicx,
369 5707 448 5763 his
477 5712 662 5768 litteris
694 5713 951 5783 acceptis,
992 5713 1140 5783 gravi
1169 5711 1431 5780 rescripto
1463 5727 1614 5766 nova:

1726 4600 1940 4670 quando
1965 4601 2142 4655 anima
2177 4612 2435 4670 perpetua
2465 4600 2719 4658 felicitate
2751 4602 2978 4665 fruetur,
3010 4616 3112 4670 qua
3140 4602 3208 4656 de
3253 4619 3315 4657 re

1725 4696 2274 4766 legaturAugustinus
2289 4696 2383 4751 lib.
2400 4712 2469 4750 xx
2487 4697 2553 4752 de
2567 4698 2791 4753 Civitate
2805 4697 3045 4764 Dei,cap.
3063 4697 3114 4749 6.
3132 4696 3313 4764 Itaque

1726 4789 1829 4842 vita
1845 4791 2367 4858 mternainf’antium,
2390 4806 2454 4845 ex
2473 4792 2877 4859 Pelagianorum
2905 4791 3194 4856 sententia,
3223 4791 3312 4844 illa

1726 4891 1808 4935 est
1832 4898 1951 4950 qua:
1969 4885 2256 4951 opponitur
2271 4886 2426 4936 morti
2452 4883 2723 4944 secundae,
2740 4881 2993 4950 quatideo
3011 4897 3074 4936 ex
3097 4886 3312 4950 Augus-

1726 4975 1857 5041 tino,
1893 4975 1984 5027 lib.
2013 4990 2162 5038 xvut,
2195 4974 2418 5038 ibidem,
2444 4988 2565 5041 cap.
2591 4973 2683 5040 28,
2711 4991 2729 5025 ι
2758 4974 2993 5028 secunda
3018 4991 3160 5030 mors
3181 4976 3313 5031 dici-

1728 5072 1832 5128 tur,
1861 5062 1982 5132 quia
2017 5077 2115 5116 nec
2158 5063 2339 5115 anima
2383 5062 2454 5114 ibi
2485 5062 2668 5115 vivere
2698 5062 2924 5118 dicenda
2959 5076 3060 5130 est,
3109 5081 3230 5135 qua:
3282 5083 3310 5118 a

1728 5157 1819 5210 Dei
1850 5156 1954 5210 vita
1985 5155 2160 5208 aliena
2189 5153 2313 5219 erit,
2344 5168 2440 5208 nec
2462 5168 2681 5224 corpus,
2716 5156 2858 5226 quod
2912 5168 3132 5212 aeternis
3159 5159 3312 5212 dolo-

1724 5248 1874 5302 ribus
1900 5247 2215 5316 subjacebit.
2258 5265 2275 5298 ι
2311 5246 2509 5311 Quare,
2542 5261 2661 5300 cum
2707 5247 2898 5318 synodi
2942 5250 3207 5303 Africana:
3247 5262 3311 5300 ac

1724 5349 1940 5394 sanctus
1978 5337 2314 5392 Innocentius
2357 5337 2675 5392 damnarunt
2705 5339 2944 5394 dicentes
2972 5354 3164 5406 pueros
3194 5336 3311 5389 sine

1726 5432 1990 5500 baptismo
2015 5429 2297 5484 defunctos
2323 5429 2538 5495 ,habere
2561 5429 2721 5482 vitam
2754 5439 3031 5492 aaternam,
3063 5426 3311 5494 esplose-

1725 5535 1848 5579 runt
1877 5522 2163 5578 secundam
2203 5521 2348 5574 illam
2392 5521 2697 5575 felicitatem
2725 5535 2883 5588 quam
2906 5531 3058 5573 extra
3085 5531 3308 5584 regnum

1726 5617 1820 5672 Dei
1851 5616 2113 5685 Pelagiani
2142 5613 2434 5668 infantibus
2474 5611 2872 5682 promittebant,
2915 5619 2968 5664 et
2996 5624 3059 5662 ex
3113 5622 3308 5662 conse-

1726 5712 1908 5782 quenti
1939 5711 2224 5767 decrevere
2240 5708 2456 5766 eosdem
2483 5707 2751 5763 subituros
2773 5706 2933 5761 etiam
2965 5711 3191 5759 mortem
3223 5715 3310 5756 se-
