3892 6308
616 291 719 347 615

1503 288 2056 347 SUI‘PLEMENTUM
2097 290 2186 346 AD
2226 290 2457 347 OPEllA
2500 293 2559 350 S.
2606 290 2997 348 AUGUSTINI.
3727 302 3795 356 ﬁll

615 402 865 468 condam,
898 415 1017 470 qua:
1066 401 1233 457 beata:
1274 402 1392 456 vitm
1434 404 1741 472 opponitur.
1782 403 2050 458 Craterum
2104 407 2209 459 vita
2240 413 2286 473 Α
2315 414 2501 461 rentur
2522 406 2727 459 visione
2760 406 2874 472 Dei,
2900 415 2948 459 et
2981 404 3217 473 profecto
3246 403 3379 459 Deus
3402 404 3449 458 in
3474 405 3569 461 illis
3594 423 3795 479 regnaret,

615 498 703 551 illa
734 508 993 552 aternum
1031 498 1208 562 beata,
1261 513 1417 565 quam
1464 498 1730 568 Pelagiani
1764 499 1943 567 pueris
1972 498 2204 553 destina-

614 589 761 655 bant,
785 600 908 643 ante
938 589 1172 660 synodos
1198 588 1474 642 Africanas
1516 590 1715 657 rejecta
1748 588 1847 643 fuit
1900 590 1953 643 in
1980 589 2202 644 concilio

615 686 998 753 DiOSpolitano,
1047 698 1186 738 anno
1226 682 1351 747 415,
1385 683 1473 737 ubi
1520 696 1641 737 cum
1694 682 1962 751 objectum
2018 682 2203 737 fuisset

613 778 841 846 Pelagio,
872 777 1184 831 lecstium
1218 776 1386 842 ips'us
1415 773 1734 842 discipulum
1765 773 2036 838 docuisse,
2071 790 2089 823 ι
2123 773 2203 825 in-

612 868 803 934 fantes,
838 867 1047 921 etiamsi
1076 882 1179 919 non
1214 866 1571 933 baptizentur,
1610 863 1810 917 hibere
1833 864 1995 917 vitam
2042 872 2202 917 teter-

611 972 754 1024 nam,
794 978 812 1009 ι
839 956 1047 1026 negavit
1078 972 1135 1009 se
1168 955 1251 1008 illa
1281 955 1499 1008 dixisse.
1528 954 1659 1008 Ilinc
1688 953 1955 1022 Pelagium
1989 968 2203 1022 preme-

610 1046 1063 1117 batAngustinus,
1084 1044 1354 1112 epistJOB
1377 1044 1442 1097 ad
1470 1042 2043 1105 PaulinumNolauum,
2069 1058 2198 1108 puc-

612 1154 705 1193 ros
729 1139 845 1191 sine
869 1137 1037 1205 gratia
1072 1135 1491 1205 regenerationis
1521 1135 1569 1187 in
1593 1132 1807 1186 Christo
1830 1151 1847 1183 ι
1869 1147 1975 1185 non
1997 1131 2196 1186 habere

610 1227 664 1279 in
689 1240 747 1281 se
776 1226 960 1290 vitam,
985 1240 1045 1279 ac
1069 1240 1163 1293 per
1189 1225 1289 1278 hoc
1319 1239 1490 1292 ptente
1513 1225 1852 1291 sempiternae
1870 1222 2152 1276 obnoxios.
2171 1240 2190 1272 ι

679 1317 902 1373 Conrius
931 1331 993 1371 ac
1020 1316 1285 1372 llIoraines
1315 1316 1687 1369 existimarunt
1718 1316 1879 1368 vitam
1910 1321 2192 1378 aeternam,

612 1426 772 1479 quam
805 1411 1035 1480 parvulis
1058 1409 1329 1479 Pelagiani
1373 1408 1781 1478 pollicebantur,
1827 1408 1979 1459 sitam
2031 1405 2199 1461 fuisse

608 1504 659 1556 in
688 1502 892 1556 visione
915 1502 1057 1555 clara
1104 1501 1220 1564 Dei,
1262 1508 1411 1554 extra
1452 1506 1628 1551 tamen
1661 1512 1880 1565 regnum
1910 1496 2189 1550 ccelorum.

609 1595 762 1649 Unde
794 1593 1104 1663 responderi
1148 1603 1319 1663 petest
1352 1591 1460 1656 his,
1492 1606 1610 1660 qua:
1668 1590 1943 1658 hucusque
1968 1587 2192 1640 deduxi-

604 1700 740 1749 mus,
768 1684 998 1755 synodos
1044 1684 1295 1738 statuisse
1326 1696 1518 1751 pueroa
1558 1696 1661 1733 non
1694 1694 1850 1748 posse
1879 1679 1995 1732 sine
2019 1677 2193 1745 bapti-

2307 513 2409 553 ncc
2434 513 2499 552 eo
2534 498 2847 553 dilemmate
2875 498 3199 567 Augustinus
3234 498 3555 555 adversarius
3598 507 3792 571 perculis.

2304 595 2417 651 set;
2450 588 2647 643 etenim
2680 588 2821 641 Deus
2850 587 2996 642 clare
3032 590 3177 641 visus
3205 598 3390 658 regnat
3432 590 3565 645 solus
3590 591 3636 647 in
3671 597 3793 650 anima

2304 678 2555 747 videntis,
2603 690 2658 733 et
2686 693 2877 733 omnes
2920 679 3159 747 ejusdem
3191 689 3336 734 actus
3383 683 3510 751 regit
3536 697 3593 737 ac
3617 685 3795 740 modera-

2305 778 2406 822 tur.
2440 770 2621 838 Itaque
2655 770 2923 838 Pelagiani
2967 771 3342 824 beatitudinem
3372 773 3641 828 naturalem
3666 778 3792 843 pueris

2301 858 2670 925 destinabant;
2705 861 2778 913 uti
2813 860 2954 913 enim
2987 860 3064 913 illi
3099 861 3409 914 naturaliter
3458 862 3726 919 innocentes
3748 870 3791 919 ab

2304 952 2493 1006 iisdem
2526 952 2927 1016 asserebantur,
2955 952 3197 1022 ejusdem
3244 954 3401 1008 etiam
3424 954 3610 1010 ordinis
3633 956 3795 1011 beatita-

2305 1051 2413 1096 tem
2446 1045 2720 1108 invexere,
2749 1045 2798 1098 in
2840 1060 2946 1113 quo
2972 1052 3147 1099 tamen
3181 1045 3427 1114 dogmate
3456 1063 3690 1114 nunquam
3710 1051 3794 1117 quid

2299 1133 2561 1187 sentirent
2604 1134 2799 1189 nostris
2851 1135 3113 1200 innotuit;
3151 1137 3288 1190 unde
3328 1135 3631 1201 Augusnnus
3651 1137 3795 1205 aliique

2302 1223 2485 1279 Patres
2513 1224 2823 1278 eoruntdem
2852 1228 3175 1281 sententiam
3214 1230 3369 1295 plane
3407 1242 3462 1280 se
3491 1244 3586 1281 non
3615 1232 3796 1296 percipe-

2298 1329 2357 1368 re
2387 1314 2511 1368 fassi
2541 1324 2683 1369 sunt.
2708 1316 2799 1369 Ille
2830 1316 2922 1371 lib.
2953 1318 3019 1371 de
3054 1318 3516 1373 Prmdestinatione
3539 1330 3794 1384 sanctorum,

2297 1419 2415 1474 cap.
2455 1407 2541 1471 15,
2571 1415 2773 1474 narrat,
2805 1422 2833 1460 a
2866 1406 3170 1478 Pelagianis
3222 1410 3452 1476 promitti
3486 1412 3643 1477 pueris
3662 1427 3793 1467 assem

2295 1512 2452 1552 catus
2475 1498 2737 1564 felicitatis
2767 1500 2957 1565 locum,
3009 1510 3066 1554 et
3088 1501 3140 1555 in
3175 1502 3267 1556 lib.
3300 1502 3364 1556 de
3386 1502 3675 1565 Il:eresibns,
3712 1520 3793 1572 cap.

2302 1588 2392 1654 88,
2425 1600 2670 1642 a'tcrnam
2716 1600 2763 1642 et
2810 1589 3012 1644 beatam
3057 1607 3310 1654 quantum
3337 1594 3481 1645 vitam
3516 1609 3658 1646 suam.
3696 1592 3795 1646 Idem

2294 1678 2456 1733 habet
2484 1680 2575 1735 lib.
2601 1697 2617 1734 ι
2651 1682 2717 1735 tle
2746 1681 2961 1751 Origine
2990 1684 3214 1750 ammte,
3266 1685 3419 1753 cujus
3448 1686 3596 1738 verba
3619 1699 3716 1739 mox
3743 1700 3796 1739 re

602 1789 720 1828 suto
748 1775 848 1828 frui
876 1776 981 1827 vita
1008 1784 1231 1837 aeterna,
1267 1774 1366 1826 hoc
1389 1780 1470 1825 est
1495 1770 1701 1823 visione
1724 1773 1866 1822 clara
1924 1766 2035 1831 Dei,
2089 1779 2188 1820 nec
2220 1771 2266 1830 B
2293 1768 2479 1823 feram.
2507 1769 2624 1838 Ipse
2656 1770 2904 1839 Pelagius
2952 1772 3133 1827 dicere
3164 1773 3372 1828 solebat
3406 1792 3419 1827 :
3456 1773 3559 1841 Quo
3585 1784 3684 1827 eant
3720 1788 3798 1827 net-

603 1877 778 1920 tamen
799 1866 975 1919 statim
1000 1863 1205 1930 inferri,
1235 1871 1407 1917 morte
1429 1862 1661 1916 secunda
1677 1861 1827 1929 juxta
1852 1868 2016 1913 totam
2038 1871 2189 1911 suam

602 1957 933 2011 latitudinem
983 1955 1318 2025 plectendos,
1372 1953 1466 2008 sed
1501 1952 1803 2023 proutharc
1834 1958 2033 2003 tantum
2063 1947 2194 2001 dicit

600 2047 949 2115 privationem
980 2044 1202 2100 visiOuis
1230 2044 1344 2109 Dei,
1380 2050 1781 2111 nonquatenus
1811 2040 2050 2093 continet
2071 2051 2190 2091 cru-

597 2138 767 2191 ciatus
796 2145 851 2191 et
871 2147 1069 2191 mterna
1122 2135 1381 2203 supplicia
1435 2134 1627 2186 animae
1657 2141 1710 2185 et
1763 2131 2025 2199 corporis.
2077 2124 2188 2182 Sed

598 2228 711 2282 haec
730 2228 995 2284 sententia
1036 2228 1180 2281 nulla
1222 2224 1429 2279 ratione
1474 2222 1683 2276 admitti
1718 2231 1910 2290 potest,
1936 2220 1981 2273 si
2010 2217 2187 2273 consi-

598 2319 849 2372 deremus
874 2318 1000 2387 quid
1053 2316 1322 2386 Pelagiani
1354 2314 1569 2368 nomine
1598 2313 1747 2380 regni
1791 2314 2050 2366 eteorum
2102 2311 2182 2362 iu-

596 2410 913 2480 telligerent.
943 2411 1009 2464 Et
1038 2411 1161 2464 licet
1191 2407 1476 2473 Moraines,
1522 2423 1669 2460 num.
1716 2404 1807 2468 55,
1851 2405 1998 2458 dicat
2057 2419 2183 2458 eos-

597 2501 718 2555 dem
743 2501 791 2554 id
840 2517 942 2553 non
993 2501 1119 2554 satis
1148 2498 1476 2569 expressisse,
1531 2497 1796 2565 colligitur
1835 2504 2008 2549 tamen
2065 2510 2183 2563 qua:

595 2591 754 2645 fuerit
786 2592 996 2647 illorum
1021 2589 1284 2645 sententia
1314 2604 1379 2643 ex
1411 2588 1623 2643 Juliano
1646 2588 1737 2642 Lb.
1776 2603 1826 2641 VI
1856 2588 2047 2655 Operis
2078 2587 2181 2640 im-

596 2679 758 2749 perf.,
788 2696 907 2749 cap.
938 2680 1028 2747 57,
1055 2680 1145 2734 ubi
1167 2680 1241 2733 ait
1270 2697 1284 2732 :
1317 2697 1335 2730 ι
1372 2678 1537 2732 Multo
1581 2677 1814 2731 maxime
1840 2675 2184 2746 congregatio

592 2774 769 2827 omnis
788 2773 1080 2843 glorificata
1130 2782 1437 2827 sanctorum
1469 2784 1592 2826 esse
1647 2770 1756 2824 Deo
1780 2769 2021 2839 subjecta
2079 2783 2183 2823 non

592 2864 841 2931 desistet,
868 2864 961 2918 sed
986 2874 1157 2918 t0tum
1190 2877 1385 2932 corpus
1407 2863 1624 2932 dignum
1680 2875 1845 2929 regno
1896 2860 2181 2925 caelorum,

591 2959 733 3029 quod
757 2960 855 3013 sub
885 2958 1085 3013 Christi
1113 2960 1285 3028 capite
1322 2957 1672 3023 construitur,
1711 2956 1907 3009 divinae
1937 2956 2181 3011 volunta-

597 3051 633 3102 ti
669 3050 904 3118 perfecta
942 3049 1227 3103 affectione
1270 3048 1585 3113 cohaerebit,
1634 3054 1689 3099 ut
1717 3046 1980 3100 exstincta
2034 3045 2179 3100 omni

2292 1858 2392 1924 cio,
2422 1850 2566 1914 utex
2592 1863 2888 1930 Augustino
2919 1865 3166 1930 superius
3201 1865 3399 1919 dictum
3424 1875 3519 1919 est.

2320 2012 2325 2021 ν
2362 1949 2546 2005 Redeo
2572 1950 2640 2005 ad
2669 1952 2949 2008 Africanas
2979 1956 3245 2025 synodos.
3278 1957 3333 2011 In
3362 1957 3575 2015 concilio
3592 1956 3796 2013 celebrato

2291 2056 2433 2098 anno
2471 2043 2575 2098 418
2632 2044 2959 2115 Carthagine
2989 2055 3174 2101 contra
3215 2048 3539 2118 Pelagianos,
3565 2047 3614 2102 in
3635 2062 3718 2117 quo
3736 2047 3793 2101 hic

2292 2146 2469 2186 canon
2518 2134 2571 2187 in
2605 2136 2830 2190 vetustis
2869 2136 3143 2192 codicibus
3164 2147 3400 2193 statutus
3424 2139 3616 2209 legitur.
3666 2137 3789 2193 tltem

2290 2221 2512 2289 placuit,
2568 2233 2624 2277 ut
2665 2225 2709 2277 si
2752 2226 2869 2294 quis
2923 2226 3072 2292 dicit,
3128 2227 3257 2282 idco
3297 2229 3493 2284 dixisse
3540 2229 3790 2283 Dominum:

2291 2310 2355 2365 In
2377 2314 2528 2366 domo
2542 2312 2715 2369 Patris
2731 2317 2825 2370 mci
2843 2319 3127 2373 mansiones
3143 2321 3324 2374 multa:
3343 2330 3454 2374 sunt
3471 2319 3633 2387 (Joan.
3649 2320 3795 2388 stv),ut

2290 2402 2637 2471 intelligatur,
2689 2406 2813 2473 quia
2840 2407 2892 2459 in
2924 2422 3092 2477 regno
3131 2410 3396 2465 caelorum
3425 2410 3794 2470 ετίῑλιιουιειιεα

2287 2507 2422 2559 mes,
2456 2504 2546 2547 aut
2578 2510 2740 2549 ULLUS
2772 2513 2979 2552 sucum
3024 2514 3215 2567 LOCUS,
3251 2502 3337 2557 ubi
3366 2501 3515 2556 beate
3541 2502 3690 2555 vivant
3711 2512 3793 2566 par-

2289 2582 2423 2650 vuli,
2468 2585 2557 2652 qui
2604 2585 2723 2640 sine
2754 2585 3023 2654 baptismo
3049 2604 3117 2643 ex
3151 2590 3260 2645 hac
3291 2591 3393 2645 vita
3423 2586 3794 2660 migrarunt,siue

2287 2687 2393 2743 quo
2440 2673 2492 2727 in
2518 2691 2742 2745 regnum
2783 2678 3065 2743 caelorum,
3103 2682 3253 2749 quod
3294 2690 3376 2736 est
3413 2682 3511 2735 vita
3534 2675 3793 2744 aetrrna,in-

2293 2771 2435 2818 trare
2492 2778 2596 2818 non
2646 2780 2891 2836 possunt,
2926 2770 3211 2825 anathema
3254 2774 3343 2828 sit.
3380 2772 3505 2827 Nam
3533 2786 3639 2827 cum
3665 2768 3792 2823 Domi-

2288 2866 2389 2908 nus
2420 2853 2569 2910 dicat
2594 2875 2606 2909 :
2637 2856 2759 2911 Nisi
2789 2861 2902 2926 quis
2928 2872 3136 2914 renatus
3162 2863 3326 2932 fuerit
3352 2880 3412 2917 ea:
3438 2880 3564 2932 aqua
3589 2872 3628 2916 et
3651 2860 3793 2929 Spiritl

2289 2954 2488 3011 sancto,
2542 2963 2641 3000 non
2672 2950 2882 3003 intrabit
2913 2952 2965 3003 in
2997 2968 3215 3023 regnum
3249 2956 3505 3020 cartorum,
3532 2953 3638 3023 quis
3659 2952 3793 3005 catho-

2287 3034 2419 3088 licus
2464 3036 2671 3093 dubitet
2715 3055 3030 3097 PARTICIPEH
3073 3059 3215 3098 FORE
3265 3062 3489 3113 DIABOLI,
3517 3043 3792 3115 quicohazres

593 3139 890 3204 cupiditate
921 3138 1224 3205 culparum,
1261 3137 1404 3191 Deus
1447 3144 1501 3189 et
1546 3134 1818 3189 contineat
1862 3144 2086 3188 cunctos
2129 3142 2184 3190 et
2213 3126 2262 3190 C
2294 3137 2413 3179 esse
2450 3141 2554 3180 ηοη
2600 3133 2792 3184 meum
2822 3130 3055 3188 Curis“?
3083 3136 3181 3201 Qui
3204 3132 3358 3192 belli!“
3388 3139 3562 3193 delira
3588 3143 3723 3197 eam:
3747 3145 3792 3183 δι’

588 3228 871 3293 compleat.
896 3246 913 3277 ι
936 3227 1008 3280 Ex
1028 3226 1112 3279 his
1146 3226 1372 3281 infertur
1401 3226 1715 3296 Pelagianos
1739 3241 1844 3281 non
1869 3226 2178 3293 promisisse

588 3317 768 3386 pueris
798 3318 1055 3371 visionem
1080 3318 1317 3384 beatam;
1346 3318 1545 3373 etenim
1570 3317 1757 3372 videns
1777 3319 1965 3385 Deum,
1992 3320 2179 3374 divina

587 3405 834 3459 voluntati
893 3410 1117 3477 perfecta
1144 3406 1416 3475 affectione
1443 3408 1681 3473 coluerat,
1714 3421 1770 3462 ut
1793 3410 2046 3464 exstincta
2075 3428 2179 3465 om.

586 3505 947 3573 uicnpidilate
971 3506 1260 3574 culparum,
1299 3503 1438 3559 Deus
1476 3514 1524 3559 et
1553 3507 1810 3561 contineat
1852 3507 2101 3562 eumdem
2130 3517 2178 3562 et

586 3598 854 3667 compleat.
890 3597 1071 3663 Quare
1097 3597 1246 3665 pueri
1272 3597 1509 3651 fruentes
1542 3596 1751 3652 visione
1771 3597 1917 3651 clara
1943 3597 2033 3651 Dei
2060 3614 2178 3654 rea-

588 3704 689 3761 pse
715 3690 890 3745 forent
912 3690 964 3743 in
997 3704 1163 3759 regno
1204 3688 1321 3755 Dei,
1380 3688 1521 3757 quod
1554 3689 1627 3743 illi
1657 3688 1943 3758 negabant.
1972 3689 2178 3746 Rursus

586 3796 801 3843 sanctus
824 3788 1150 3856 Augustinus
1177 3788 1375 3857 ubique
1409 3788 1607 3854 premit
1632 3787 1948 3858 Pelagianos
1978 3804 2179 3859 negan-

595 3887 676 3931 tes
700 3887 975 3945 peceatum
1005 3878 1282 3944 originale,
1341 3879 1480 3946 quod
1516 3879 1661 3945 pueri
1694 3879 1900 3951 exclusi
1926 3896 1953 3934 a
2012 3898 2177 3951 regno

587 3966 847 4020 caelorum
878 3965 1148 4019 immerito
1198 3978 1250 4019 et
1288 3966 1487 4035 injuste
1517 3978 1657 4021 tanta
1692 3946 1904 4024 miseria
1961 3978 2189 4039 torque-7

595 4063 801 4111 rentur.
827 4055 940 4109 Lib.
963 4071 999 4110 ιι
1023 4056 1212 4125 Operis
1235 4058 1470 4126 imperf,
1498 4073 1595 4127 cap
1642 4061 1774 4115 “5:
1807 4081 1824 4112 ι
1856 4062 1931 4116 Ac
1965 4062 2175 4116 tandem

591 4146 901 4216 aliquando.
935 4148 1125 4217 inquit,
1155 4158 1305 4202 extra
1333 4164 1552 4217 regnum
1576 4149 1669 4205 Dei
1702 4151 1944 4207 infelices
1970 4152 2176 4207 futuros

589 4239 832 4293 fatemini
878 4238 1129 4307 parvulos
1184 4255 1287 4293 non
1333 4252 1568 4294 renatos.
1627 4240 1794 4296 Dicite
1844 4257 1971 4313 ergo
2018 4243 2175 4311 hujus

583 4328 911 4387 infelicitatis
931 4333 1204 4397 meritum,
1228 4331 1438 4386 verbosi
1463 4340 1515 4387 et
1531 4333 1874 4393 contentiosi.
1900 4334 1985 4401 qui
2009 4349 2173 4405 nega-

584 4423 655 4479 ὡ
679 4422 938 4492 originale
959 4430 1260 4491 peccatum.
1286 4440 1303 4472 ι
1334 4422 1503 4476 Etlib.
1521 4424 1933 4492 tv,cap.99,ait:
1957 4442 1974 4474 ι
1995 4424 2171 4493 Ipsum

2281 3232 2511 3272 Ntsrmut
2542 3237 2748 3277 mecm.
2777 3239 2936 3280 nueto
2958 3242 3171 3281 marest
3200 3244 3481 3284 INCURRET.
3509 3248 3524 3281 ι
3557 3228 3604 3281 In
3628 3225 3791 3280 llistoris

2282 3307 2589 3380 Pelagiana,
2642 3315 2734 3368 lib.
2763 3332 2800 3379 ι,
2842 3331 2961 3385 cap.
3003 3319 3089 3385 15,
3139 3321 3278 3374 hunc
3314 3335 3565 3375 canonem
3608 3312 3790 3373 recitavi,

2283 3404 2374 3458 ubi
2403 3419 2470 3460 ex
2498 3406 2690 3462 Pbotio
2722 3411 2937 3465 ostendi
2968 3412 3019 3465 in
3050 3415 3282 3481 antiquis
3308 3413 3442 3468 codit
3462 3414 3573 3467 ibus
3600 3408 3793 3475 scrilllum

2284 3497 2474 3564 fuisse,
2510 3501 2650 3567 quod
2694 3500 2856 3555 etiam
2890 3511 3118 3557 testatur
3150 3504 3352 3568 Dinius,
3389 3506 3511 3558 licet
3537 3517 3564 3554 a
3594 3495 3795 3555 nonnullis

2282 3593 2518 3646 emissus
2545 3593 2637 3659 sit,
2665 3596 2731 3649 de
2768 3610 2874 3663 quo
2920 3595 3043 3649 nolo
3068 3610 3189 3651 cum
3232 3598 3479 3665 quopiam
3510 3585 3795 3649 contentionis

2282 3678 2464 3734 funem
2510 3681 2728 3735 ducere.
2782 3683 2998 3738 Interim
3038 3686 3139 3737 hoc
3187 3685 3358 3753 ipsum
3386 3687 3554 3739 sancti
3585 3674 3796 3750 Augustini

2283 3772 2592 3825 testimonio
2616 3772 2966 3838 confirmabo,
2998 3775 3085 3842 qui
3119 3776 3213 3829 lib.
3244 3790 3281 3829 tt
3310 3775 3377 3828 de
3408 3776 3621 3845 Origine
3644 3772 3795 3830 anima.

2278 3874 2396 3928 cap.
2431 3861 2517 3924 19.,
2568 3862 2789 3916 scribit:
2828 3882 2848 3915 ι
2894 3862 3145 3920 Novellos
3202 3866 3486 3920 haereticos
3545 3867 3794 3936 Pelagianos

2275 3949 2575 4018 justissitue
2614 3952 2966 4007 conciliorum
3016 3955 3412 4009 catholicorum
3466 3964 3520 4008 et
3562 3956 3804 4018 sedisapo-

2280 4042 2481 4096 Stolicae
2506 4043 2778 4098 damnavit
2803 4047 3118 4113 auctoritas,
3147 4062 3212 4102 eo
3233 4046 3387 4118 quod
3415 4046 3531 4101 ausi
3552 4045 3805 4103 fuerintnmt

2278 4132 2557 4202 baptizatis
2582 4135 2819 4203 parvulis
2841 4136 2969 4194 dare
2992 4139 3188 4208 quietis
3214 4150 3268 4195 et
3299 4139 3491 4195 salutis
3516 4141 3675 4196 locum
3695 4138 3800 4195 etiam

2278 4238 2475 4298 praeter
2518 4245 2741 4299 regnum
2772 4233 3055 4290 caelorum.
3083 4254 3101 4287 ι
3141 4235 3292 4292 Unde
3326 4238 3457 4291 satis
3488 4230 3800 4294 verisimilem

2277 4320 2549 4375 laudatum
2586 4337 2847 4379 canonem
2898 4340 3087 4397 reapse
3114 4328 3277 4384 fuisse
3312 4329 3379 4384 ab
3408 4329 3659 4384 Africanis
3681 4335 3797 4395 syno-

2279 4412 2365 4467 dis
2394 4424 2696 4469 exaratum.
2740 4416 2874 4471 Illud
2924 4434 3052 4473 vero
3092 4422 3486 4476 observandum
3531 4421 3679 4483 venit,
3713 4414 3796 4468 idea

587 4514 749 4570 etiam
783 4515 859 4568 sic
890 4514 1103 4578 amatis,
1139 4522 1195 4567 ut
1221 4529 1327 4568 non
1367 4514 1437 4569 ibi
1472 4529 1614 4579 esse,
1644 4529 1749 4569 non
1781 4516 1970 4569 saltem
2005 4517 2177 4573 levem
2208 4504 2262 4562 D
2288 4504 2474 4561 Patres
2497 4523 2721 4576 negasse
2748 4510 2907 4563 alium
2945 4512 3135 4565 alicubi
3164 4515 3353 4580 locum,
3379 4515 3496 4584 quia
3526 4516 3623 4566 duo
3645 4516 3794 4562 tantum

587 4618 803 4674 poenam
832 4604 1067 4659 credatis
1094 4605 1327 4659 hominis
1357 4618 1500 4667 esse.
1534 4605 1629 4660 sed
1652 4606 1876 4659 nullam.
1903 4625 1921 4657 ι
1957 4606 2109 4672 Quod
2131 4610 2176 4662 si

582 4696 855 4768 Pelagiani
886 4708 1036 4753 extra
1064 4712 1284 4767 regnum
1316 4697 1409 4751 Dei
1435 4696 1632 4749 dabant
1660 4697 1894 4765 parvulis
1912 4698 2172 4753 visionem

585 4789 701 4853 Dei,
736 4790 871 4841 haud
904 4798 1261 4859 congruenter
1308 4787 1639 4855 Augustinus
1669 4795 1856 4840 contra
1890 4788 2036 4857 ipsos
2086 4791 2172 4843 in-

580 4880 785 4932 ferebat
813 4894 1004 4947 pueros
1037 4882 1245 4935 futuros
1274 4877 1515 4932 infelices
1544 4887 1600 4933 et
1646 4893 1820 4947 paena:
1873 4878 2168 4947 subjectos.

577 4966 710 5021 Nam
750 4969 935 5024 vidi-ns
966 4972 1131 5025 Deum
1186 4969 1425 5039 possidet
1482 4983 1752 5023 sumntum
1804 4970 2025 5036 bonum,
2069 4986 2171 5026 nec

582 5059 692 5112 ullo
726 5069 882 5125 pacto
910 5069 1085 5127 potest
1110 5076 1230 5116 esse
1263 5062 1471 5126 infelix,
1502 5070 1596 5115 aut
1627 5061 1785 5115 alicui
1810 5076 1983 5131 ponite
2011 5062 2171 5117 obno-

576 5150 714 5204 xius.
744 5148 1011 5202 I’rtuterea
1034 5162 1251 5203 sanctus
1272 5149 1449 5214 Pater,
1481 5152 1618 5206 libro
1648 5168 1686 5205 tt
1712 5150 1904 5220 Operis
1928 5152 2166 5220 impert,

574 5258 691 5312 cap.
731 5239 856 5305 115,
888 5238 971 5293 Itis
1000 5241 1162 5294 instat
1187 5240 1397 5297 Juliano
1425 5253 1478 5296 et
1500 5242 1763 5313 collegis:
1798 5261 1816 5294 ι
1854 5244 2041 5308 Dicite,
2074 5244 2170 5298 ob-

572 5350 752 5403 secro,
786 5333 836 5388 in
868 5346 932 5388 ea
991 5330 1252 5386 felicitate
1284 5346 1403 5399 qua:
1428 5344 1585 5388 extra
1646 5334 1740 5389 Dei
1768 5351 1989 5405 regnum
2040 5337 2163 5399 erit,

575 5430 791 5483 ullusne
821 5423 1070 5496 regnabit
1100 5437 1168 5477 an
1205 5421 1426 5477 nullus?
1466 5424 1509 5477 si
1546 5426 1751 5490 nullus,
1802 5426 2021 5482 liberior
2060 5428 2165 5479 erit

572 5519 756 5589 procul
782 5517 946 5573 dubio
967 5517 1083 5571 sine
1106 5515 1215 5571 ullo
1244 5528 1369 5585 rege
1393 5514 1479 5566 illa
1509 5513 1765 5579 felicitas;
1794 5516 1836 5569 si
1876 5517 2002 5570 Vero
2027 5515 2161 5569 nllus

571 5612 622 5663 in
654 5627 717 5665 ea
745 5612 1012 5679 regnabit,
1044 5610 1166 5681 quis
1193 5610 1318 5678 erit,
1343 5622 1435 5662 rex
1464 5607 1752 5678 imaginum
1784 5610 1897 5677 Dei,
1931 5609 2019 5679 qui
2055 5626 2158 5662 non

569 5701 668 5755 erit
704 5699 882 5753 Deus?
910 5720 929 5753 ι
966 5704 1033 5757 At
1066 5702 1120 5756 in
1144 5702 1231 5756 illa
1267 5700 1498 5756 secunda
1526 5686 1783 5758 felicitate
1831 5702 1979 5763 nueri
2013 5704 2157 5755 frue-

2283 4595 2398 4673 Ioca
2433 4600 2778 4651 nominantur
2818 4598 2870 4651 in
2908 4601 3080 4655 sacris
3125 4603 3337 4671 litteris,
3381 4619 3567 4674 nempe
3589 4602 3739 4656 dextra
3760 4600 3794 4645 el

2279 4688 2498 4741 sinistra
2524 4689 2743 4757 judicis,
2779 4691 2920 4745 unde
2960 4707 3211 4749 asserunt
3236 4710 3433 4766 pueros
3468 4697 3657 4751 futuros
3683 4686 3793 4744 insi-

2279 4780 2466 4845 liiSU'a.
2498 4790 2552 4835 et
2577 4796 2645 4835 ex
2678 4786 3030 4853 consequenti
3081 4790 3355 4857 participes
3386 4792 3493 4861 [ore
3528 4784 3713 4841 diaboli.
3755 4778 3791 4829 Ιῖι

2274 4872 2461 4925 eodem
2489 4872 2624 4929 libro
2652 4874 2718 4928 de
2740 4876 2957 4945 Origine
2980 4879 3193 4942 animae,
3220 4897 3338 4951 cap.
3364 4884 3417 4948 9,
3443 4880 3791 4936 scribitsanctlls

2276 4960 2435 5017 Pater
2462 4982 2473 5015 :
2507 4965 2650 5019 «Non
2674 4966 2954 5034 baptizatis
2980 4972 3216 5035 parvulis
3240 4987 3396 5025 nemo
3420 4971 3668 5040 promittat
3692 4964 3791 5015 inter

2279 5053 2683 5110 damnationem
2726 5072 3057 5127 regnumque
3087 5061 3346 5116 etnlurum
3379 5062 3581 5131 quietis,
3614 5054 3681 5109 vel
3710 5047 3788 5102 feli-

2272 5146 2446 5200 citatis
2491 5160 2827 5211 cuwsueer,
2872 5153 3033 5215 atque
3061 5164 3322 5219 UBILIBET,
3357 5151 3505 5221 quasi
3534 5155 3708 5203 IIEDIUI
3729 5150 3792 5189 L0-

2273 5251 2399 5290 cuu.
2422 5236 2533 5289 lloc
2559 5236 2699 5289 enim
2723 5240 2800 5292 eis
2816 5239 2975 5292 etiam
3002 5238 3221 5297 haeresis
3246 5243 3522 5311 Pelagiana
3540 5230 3787 5309 promisit-t

2270 5329 2446 5396 Quare
2472 5344 2594 5382 cuin
2626 5330 2712 5383 illa
2744 5332 2927 5400 Opinio
2949 5332 3012 5385 de
3031 5335 3178 5401 quasi
3208 5336 3373 5387 medio
3396 5337 3525 5398 loco,
3554 5319 3790 5392 nempe”

2274 5431 2352 5474 ter
2389 5421 2677 5473 inferorum
2723 5437 2908 5489 poenas
2939 5434 2990 5473 et
3019 5424 3209 5491 gaudia
3240 5425 3388 5493 regni
3418 5421 3655 5478 crelestis.
3684 5411 3790 5465 iulcr

2272 5526 2483 5565 errores
2528 5511 2747 5565 ha-resis
2792 5513 3091 5581 Pelagiana:
3134 5517 3458 5584 Augustinus
3492 5498 3787 5568 reccnsucnt.

2270 5612 2477 5657 constat
2519 5604 2759 5657 eamdem
2800 5615 2852 5657 et
2895 5606 2961 5658 ab
3002 5604 3268 5661 Africanis
3300 5607 3559 5669 Patribus,
3589 5612 3666 5667 qut
3693 5603 3789 5644 con-

2273 5706 2350 5750 tra
2389 5694 2536 5750 illam
2571 5694 2816 5750 haeresim
2848 5696 3251 5765 diligentissime
3279 5697 3587 5757 cxcubuere,
3612 5686 3769 5743 damna
