3892 6304
112 304 201 362 643

1261 300 1579 360 ΥΙΝΒῘΟΙίΕ
1620 300 2181 359 ΑυϐυΞοΤΙΝΙΑΝᾸΕ.

3260 308 3366 366 646
3390 374 3393 375 ν

112 428 205 471 tam
253 419 429 481 luisse,
479 415 614 485 (ιιιυά
662 430 727 469 ex
778 412 1017 468 dicendis
1055 415 1350 470 clarissime
1387 413 1679 484 apparebit.
1712 422 1759 476 Α
1788 413 2160 483 episcoporum
2190 413 2405 467 numina
2432 424 2743 471 cunctorum
2770 416 3083 473 dicebantur
3111 421 3163 474 in
3189 421 3361 490 titulo,

174 507 261 560 His
287 506 475 560 addam
499 506 759 576 synodum
794 505 1193 576 Byzacenorum
1223 507 1436 561 Patrum
1468 507 1520 560 in
1548 505 1676 560 Sar-

109 597 288 649 diniam
320 612 348 650 a
378 596 785 651 'fbrasnmundo
816 611 941 665 rege
972 595 1335 651 Vandalorum
1360 598 1561 651 Ariano
1590 610 1675 650 re-

108 687 384 755 legatorum
425 687 770 741 sententiam.
802 686 933 740 Cum
977 685 1444 755 Constantinopoli
1485 699 1674 756 graves

107 780 167 832 de
202 776 373 830 dit-ina
403 779 574 847 gratia
612 779 734 832 lites
764 778 1120 846 agitarentur,
1153 778 1394 832 nonnulli
1419 776 1671 831 monachi

106 885 196 936 pro
242 867 430 921 iisdem
480 868 867 937 componendis
918 869 1145 923 Romam
1197 868 1443 938 profecti,
1495 868 1673 921 audita

106 958 467 1012 Africanorum
512 958 810 1012 antistitum
845 959 896 1012 in
928 956 1178 1013 Sardinia
1220 959 1465 1014 exsulum
1511 958 1672 1022 fama,

106 1036 409 1118 legationem
450 1050 516 1102 ad
567 1050 785 1104 eosdem
835 1050 1213 1116 destinarunt;
1271 1051 1463 1104 librum
1512 1052 1672 1104 etiam

105 1139 347 1192 miserunt
377 1138 443 1192 de
475 1138 844 1193 InCarnatione
886 1139 1098 1193 Domini
1136 1147 1193 1194 et
1235 1138 1415 1192 divina
1443 1139 1613 1207 gratia
1645 1154 1675 1191 a

104 1231 284 1299 seipsis
308 1231 700 1299 conscriptum,
727 1239 979 1298 rogantes
1009 1239 1067 1284 ut
1095 1230 1165 1284 de
1191 1230 1381 1285 eodem
1410 1230 1673 1299 judicium

104 1322 316 1377 ferrent.
343 1323 603 1394 Byzaceni
628 1325 697 1377 Pa
708 1332 972 1387 tres,cum
991 1326 1262 1376 communi
1284 1324 1530 1387 consilio,
1550 1324 1673 1393 quid

102 1413 403 1467 memoratis
449 1413 726 1467 monachis
764 1415 1167 1467 rescribendum
1216 1415 1353 1469 foret
1383 1415 1667 1470 deliberas-

100 1512 232 1567 sent,
278 1502 565 1571 Fulgentio
593 1503 849 1571 episcopo
882 1502 1148 1571 liuspensi
1182 1503 1462 1571 injunxere
1491 1515 1546 1557 ut
1575 1505 1672 1558 de-

99 1607 233 1649 creta
266 1610 295 1648 ιι
323 1596 570 1650 Patribus
614 1596 666 1647 in
709 1594 743 1648 li
773 1602 912 1649 teras
956 1595 1224 1661 mitteret,
1264 1596 1364 1663 qui
1391 1612 1420 1649 e
1452 1598 1674 1665 vestigio

99 1685 285 1739 librum
314 1686 557 1740 exaravit
582 1685 891 1753 inscriptum
912 1684 977 1738 de
998 1684 1371 1741 lncarnatione
1398 1694 1454 1740 et
1477 1688 1669 1755 gratia.

1780 504 1875 557 sed
1907 505 2075 557 solius
2107 505 2165 557 Β.
2202 503 2474 573 Fulgentii
2512 520 2692 561 sermo
2721 509 3004 562 tenebatur
3053 510 3104 563 in
3148 513 3313 580 stylo.
3341 532 3388 564 ι⁴

1778 592 1956 658 Quare
1984 608 2045 647 ea
2074 596 2323 650 omnibus
2374 596 2585 667 Byzaeii
2634 599 2915 668 Patribus,
2973 616 3200 671 quorum
3256 617 3366 659 tum

1781 686 2038 753 temporis
2084 686 2350 741 Dacianus
2382 698 2498 741 erat
2527 690 2752 759 primas;
2775 692 3044 745 sententia
3069 693 3238 747 stetit.
3264 692 3367 747 lla-

1776 773 1967 829 bemus
1990 775 2148 829 etiam
2173 777 2455 844 epistolam
2479 778 2789 847 synodicam
2818 781 3128 851 earumdem
3160 783 3368 835 antisti-

1782 874 1914 929 tum,
1966 864 2107 918 inter
2156 881 2293 933 quos
2345 874 2521 922 tamen
2556 869 2871 939 Fulgentius
2899 886 3004 925 non
3036 873 3363 938 nominatur,

1777 971 1938 1024 quam
1991 957 2282 1023 publicavit
2323 958 2666 1026 Sirmondus,
2693 969 2745 1015 et
2776 962 2915 1016 inter
2938 962 3111 1031 Opera
3140 963 3365 1031 Fulgen-

1781 1045 1859 1111 tii,
1896 1056 2028 1098 tom.
2081 1046 2142 1099 Vl
2191 1047 2330 1101 Bibl.
2373 1046 2615 1117 Patrum,
2651 1050 2782 1103 edit.
2833 1049 3166 1117 Coloniens.,
3221 1066 3364 1105 anno

1778 1134 1915 1190 lGl8
1966 1147 2299 1202 recensetur,
2346 1138 2398 1191 in
2449 1138 2603 1207 cujus
2649 1154 2770 1209 cap.
2800 1138 2834 1192 8
2862 1142 3051 1196 eadem
3096 1140 3363 1197 sententia

1778 1227 2029 1282 traditur.
2063 1228 2236 1283 Verba
2267 1228 2492 1284 inferius
2519 1231 2782 1286 recitabo.

1815 1319 1985 1382 .V’olo
2028 1320 2112 1374 bic
2140 1320 2419 1377 evidenter
2459 1321 2748 1377 ostendere
2788 1322 3084 1392 antiquitus
3131 1324 3183 1379 in
3227 1325 3367 1379 Alri-

1777 1427 1911 1466 cana
1949 1411 2216 1479 Ecclesia,
2270 1413 2321 1466 in
2370 1428 2473 1481 qua
2522 1414 2902 1484 quadringenti
2948 1417 3224 1487 sexaginta
3267 1432 3361 1471 sex

1780 1507 2021 1575 episcopi
2054 1506 2499 1575 numerabantur,
2544 1508 2681 1562 adeo
2709 1517 2913 1563 certum
2952 1508 3138 1574 fuisse,
3170 1524 3366 1578 pueros

1775 1600 1891 1652 sine
1914 1599 2182 1665 baptismo
2209 1598 2492 1653 defunctos
2517 1600 2692 1667 puniri
2725 1601 2777 1654 in
2802 1601 2988 1655 inferis
3012 1616 3167 1670 pmna
3194 1602 3365 1657 sensi-

1778 1688 1891 1754 bili,
1942 1698 1999 1742 ut
2030 1689 2082 1741 id
2115 1689 2254 1743 inter
2305 1689 2431 1742 lidei
2477 1689 2727 1759 dogmata
2758 1692 2981 1745 relatum
3012 1692 3188 1746 fuerit.
3228 1691 3361 1747 Cum

96 1774 146 1826 ln
172 1790 238 1828 eo
261 1784 441 1829 autem
474 1774 747 1843 Augustini
775 1774 1038 1829 sententia
1071 1774 1139 1828 de
1176 1776 1347 1843 pernis
1380 1792 1667 1844 puerorum
1705 1783 1748 1843 Β
1776 1780 1967 1833 Petrus
2014 1779 2303 1846 diaconus,
2361 1780 2444 1833 vir
2493 1782 2857 1847 doctissimus,
2909 1791 2966 1837 ut
3012 1798 3079 1838 ex
3122 1782 3364 1851 ejusdem

93 1866 435 1932 apertissime
500 1864 766 1929 traditur;
830 1866 1028 1919 etenim
1081 1880 1200 1936 cap.
1261 1869 1326 1922 14
1384 1869 1669 1935 inquiunt:

101 1956 267 2022 «Quae
294 1956 498 2026 justitia
538 1964 641 2022 est,
672 1964 731 2010 ut
779 1958 954 2026 imago
1002 1957 1119 2021 Dei,
1170 1974 1289 2027 qua:
1331 1960 1479 2015 nihil
1504 1961 1677 2029 potuit

99 2061 185 2113 per
233 2046 464 2115 seipsam
515 2046 828 2114 delinquere
859 2086 877 2112 ,
940 2046 986 2100 si
1044 2062 1150 2101 non
1211 2050 1508 2104 redimatur
1552 2065 1695 2107 ειιηε

98 2137 244 2205 gnine
308 2136 427 2191 Filii
496 2136 629 2202 Dei,
699 2138 751 2201 in
824 2152 1051 2206 regnum
1118 2138 1214 2194 Dei
1284 2156 1389 2196 non
1450 2141 1673 2210 permit-

99 2235 228 2280 tatur
291 2226 546 2281 intrare?
605 2226 723 2292 Quo
780 2226 962 2294 utique
1023 2228 1266 2297 quisquis
1327 2246 1432 2284 non
1494 2232 1673 2300 ingre-

100 2315 252 2381 ditur,
278 2330 772 2370 INTERMINABILIIUS
793 2331 925 2373 IGNIS
953 2334 1158 2372 aream
1190 2335 1535 2375 CRUCIABITUR
1557 2338 1670 2377 Nl:-

102 2422 188 2462 tus.
222 2408 335 2472 Qua
367 2408 528 2477 igitur
569 2408 770 2475 justitia
824 2408 966 2463 Deus
1004 2409 1189 2487 justus
1225 2412 1516 2469 infantibus
1550 2414 1671 2469 sine

102 2506 308 2565 peccato
333 2498 682 2569 nascentibus
707 2499 904 2568 ingerit
934 2515 1171 2569 ptenam,
1201 2502 1253 2556 in
1282 2506 1475 2573 quibus
1496 2521 1670 2574 preme

100 2604 190 2642 non
222 2591 427 2657 invenit
464 2591 717 2644 causam?
742 2607 761 2640 ›
793 2589 923 2644 Item
946 2605 1064 2659 cap.
1091 2592 1161 2645 '50
1184 2593 1298 2645 haec
1324 2596 1658 2649 scribuntur:

104 2698 119 2729 ι
139 2680 416 2745 Quomodo
439 2680 747 2745 infantibus,
766 2682 855 2749 qui
874 2681 1211 2749 baptizantur
1232 2689 1286 2737 et
1306 2683 1360 2736 in
1379 2684 1566 2738 eadem
1590 2686 1679 2739 ιιι-η

102 2771 244 2825 lautia
274 2775 602 2836 moriuntur,
619 2772 785 2827 donat
800 2784 1056 2828 arternam
1078 2775 1326 2839 salutem,
1347 2790 1571 2844 quorum
1587 2777 1673 2831 bn-

103 2876 205 2916 nam
227 2877 325 2915 nec
339 2871 637 2929 exspectat,
663 2877 765 2917 nec
787 2862 991 2916 invenit
1016 2864 1367 2919 voluntatem?
1387 2866 1515 2919 ltem
1539 2867 1670 2921 alios

100 2954 349 3021 quomodo
376 2952 496 3008 sine
526 2954 841 3022 baptismate
862 2963 1102 3011 mortuos
1129 2972 1369 3010 ismarus
1387 2971 1670 3011 caecum-

102 3060 182 3098 sus
195 3046 430 3111 damnat,
447 3061 568 3100 cum
594 3048 646 3101 in
661 3047 739 3101 eis
758 3048 957 3102 nullam
974 3048 1183 3118 culpam
1204 3051 1359 3104 malae
1377 3050 1669 3106 voluntatis

1779 1868 1917 1923 labro
1946 1869 2014 1923 de
2045 1870 2417 1926 lncarnatione
2457 1881 2510 1926 et
2539 1874 2711 1942 gratia
2740 1882 2971 1937 constat,
3002 1874 3055 1928 in
3084 1874 3362 1930 Orientem

1780 1962 2196 2017 transmissurus
2222 1975 2391 2028 esset,
2441 1967 2648 2034 rogavit
2702 1981 2797 2035 per
2853 1967 3060 2023 litteras
3114 1979 3361 2025 sanctum

1776 2049 2138 2119 Fulgentium,
2168 2064 2224 2108 ut
2254 2056 2472 2111 brevem
2507 2057 2627 2111 lidci
2657 2058 2939 2113 catholica:
2977 2062 3253 2129 synopsim
3291 2064 3357 2116 ad

1776 2155 1838 2194 se
1877 2142 2137 2210 mitteret,
2184 2145 2270 2198 cui
2300 2158 2359 2199 se
2390 2145 2729 2201 conformare
2776 2158 2998 2216 posset:
3029 2152 3363 2223 intelligebnt

1774 2233 1915 2285 enim
1966 2233 2142 2301 plures
2186 2234 2420 2289 haereses
2458 2238 2656 2304 passim
2702 2245 2816 2292 toto
2860 2240 3080 2296 Oriente
3105 2240 3359 2311 grassari.

1785 2322 2093 2393 Fulgentius
2116 2325 2307 2379 librum
2335 2326 2508 2381 eidem
2533 2328 2678 2383 misit
2708 2330 3022 2405 inscriptum
3047 2333 3116 2387 de
3140 2332 3268 2387 Fide
3288 2333 3356 2386 ad

1773 2410 2013 2481 Petrum,
2049 2431 2150 2484 qua
2188 2418 2254 2471 de
2278 2433 2338 2473 re
2369 2418 2481 2472 dixi
2516 2419 2610 2473 lib.
2642 2436 2680 2476 ιι
2713 2422 2850 2477 Hist.
2884 2412 3091 2493 Pelag.,
3122 2438 3241 2493 cap.
3270 2426 3357 2481 19.

1775 2503 1828 2558 In
1851 2522 1917 2559 eo
1937 2516 2117 2563 autem
2144 2508 2417 2564 volumine
2440 2511 2790 2582 quadraginta
2810 2515 3059 2585 dogmata
3084 2517 3152 2571 ad
3173 2519 3361 2573 catho-

1776 2597 1930 2650 licam
1973 2599 2132 2652 ﬁdem
2163 2604 2486 2669 pertinentia
2518 2607 2728 2672 recitat,
2753 2621 2925 2676 eaque
2956 2610 3009 2662 in
3039 2612 3247 2679 singula
3277 2627 3361 2667 ca.

1778 2685 1883 2753 pita
1902 2686 2119 2755 digerit,
2140 2704 2259 2755 qua:
2294 2693 2367 2744 ita
2400 2693 2759 2749 inchoantur:
2793 2696 3117 2752 Firmissime
3144 2709 3280 2768 tene,
3310 2712 3358 2754 et

1776 2776 2069 2831 nullatenus
2100 2779 2322 2835 dubites.
2356 2781 2592 2837 Primum
2633 2784 2823 2854 dogma
2866 2789 3119 2843 recitatur
3156 2806 3277 2859 cap.
3301 2790 3358 2845 4.

1774 2865 1907 2922 Cum
1934 2874 2212 2951 vero_cap‘.
2244 2872 2313 2927 26
2354 2875 2625 2942 posuisset
2662 2877 2853 2947 dogma
2883 2896 3013 2935 mn
3042 2881 3111 2936 de
3144 2892 3364 2951 peccato

1775 2957 2045 3026 originali,
2074 2943 2269 3031 'capite
2316 2962 2619 3033 insequenti
2668 2943 2757 3019 27⁷
2781 2969 2898 3024 haec
2941 2943 3168 3026 scribit:
3202 2991 3221 3025 ι
3246 2973 3362 3027 Fir-

1774 3049 2012 3106 missime
2034 3060 2181 3118 tene,
2202 3062 2257 3108 et
2272 3056 2581 3125 nullatenus
2598 3057 2831 3126 dubites,
2846 3046 2963 3116 non
2977 3063 3153 3117 solum
3180 3064 3358 3125 homi-

103 3137 356 3192 inveniat?
393 3138 587 3194 Nonne
631 3139 763 3194 istos
813 3141 1059 3195 inimicos
1089 3144 1276 3211 gratiae
1304 3144 1421 3210 Dei,
1446 3159 1544 3200 nec
1572 3146 1665 3200 de-
1694 3146 1742 3210 C
1773 3138 2003 3208 0851301
2034 3144 2245 3197 raliolle
2276 3152 2507 3221 υιεηεθει
2556 3161 2742 3223 verum
2784 3150 2945 3204 ﬁliam
2990 3152 3239 3221 paI‘VIthS
3265 3154 3375 3223 aliis

103 3227 319 3284 lensores
347 3228 592 3293 humani,
623 3230 719 3284 sed
748 3229 1066 3299 deceptores
1096 3233 1304 3287 arbitrii
1336 3235 1401 3287 ad
1434 3236 1535 3291 hoc
1562 3252 1658 3291 sua

103 3322 400 3385 perversitas
430 3321 600 3390 cogit,
630 3329 686 3375 ut
720 3321 882 3375 Deum
931 3329 1117 3391 putent
1165 3324 1407 3394 iniquum
1436 3326 1488 3381 in
1517 3328 1664 3383 obitu

101 3411 313 3465 omnium
344 3412 717 3480 parvulorum,
752 3412 841 3466 ubi
873 3413 1013 3466 nulla
1039 3415 1427 3471 interveniente
1456 3418 1538 3473 vel
1572 3418 1666 3473 bo-

100 3500 243 3554 nitate
299 3501 381 3556 vel
446 3500 651 3557 malitia
710 3501 1032 3568 voluntatis,
1086 3503 1222 3558 alios
1271 3506 1457 3559 vident
1510 3508 1665 3573 potiri

99 3604 275 3660 regno,
337 3593 489 3648 alios
535 3608 928 3647 mrsuurmuru
979 3611 1285 3651 DEPUTATOS
1326 3600 1613 3652 INCENDIO?
1643 3618 1663 3651 ι

98 3680 326 3738 llicliber
352 3685 506 3738 inter
528 3684 797 3738 volumina
830 3684 1000 3738 sancti
1033 3684 1293 3754 Fulgentii
1326 3698 1665 3756 recensetur,

99 3771 214 3835 quod
242 3772 307 3826 ab
336 3775 466 3842 ipso
497 3772 731 3827 dictatus
772 3772 893 3841 fuit,
925 3781 981 3826 at
1008 3777 1256 3831 eumdem
1290 3792 1321 3831 a
1350 3779 1556 3847 synodo
1577 3795 1669 3848 ap-

98 3863 369 3933 probatum,
400 3877 479 3917 ac
506 3864 574 3918 ad
609 3863 905 3918 monachos
941 3864 1161 3919 Romam
1195 3866 1412 3922 missum
1438 3879 1583 3937 patet
1603 3886 1669 3926 ex

101 3950 187 4004 hoc
213 3952 445 4021 ejusdem
479 3952 659 4019 initio,
703 3952 792 4007 ubi
824 3954 1061 4024 episc0pi
1094 3956 1355 4025 Byzaceni
1388 3960 1670 4015 nominan-

108 4051 213 4095 tur:
256 4045 675 4100 rDilectissimis
718 4056 772 4099 et
814 4046 867 4100 in
913 4046 1109 4101 Christi
1153 4048 1257 4103 ﬁde
1299 4060 1461 4119 atque
1498 4054 1667 4121 gratia

107 4134 362 4199 plurimum
385 4137 780 4206 amplectendis
803 4137 1002 4193 sanctis
1026 4140 1297 4206 fratribus,
1323 4140 1481 4196 Petro
1502 4143 1675 4197 diaco-

110 4238 187 4288 no,
217 4227 422 4295 loanni,
448 4228 680 4283 Leontio
710 4235 766 4282 et
793 4229 898 4281 alio
921 4227 1131 4296 Joanni,
1153 4232 1467 4301 ueterisque
1491 4232 1667 4288 fratri-

111 4311 339 4381 buS,etc.,
358 4320 647 4385 Dacianus,
667 4318 1008 4385 Fortunatus,
1033 4320 1493 4387 Boethus,Victor,
1510 4325 1670 4380 Scho-

110 4402 324 4473 lasticus,
375 4411 654 4473 Orontius,
699 4410 1059 4477 Vindicianus,
1107 4413 1308 4478 Victor,
1350 4415 1664 4483 Januarius,

1773 3227 1886 3283 sive
1909 3230 1961 3283 in
1985 3231 2151 3294 uteris
2174 3242 2435 3309 matrum,
2457 3235 2570 3291 sive
2596 3251 2718 3293 cum
2742 3239 2807 3293 de
2829 3241 3091 3297 matribus
3113 3245 3218 3297 nati
3241 3244 3378 3309 sine,

1770 3328 2108 3375 sacramento
2137 3324 2308 3377 sancti
2334 3323 2696 3396 baptismatis,
2727 3331 2867 3398 quod
2891 3332 3045 3386 datur
3064 3333 3118 3388 in
3141 3336 3361 3390 nomine

1771 3408 1965 3476 Patris,
2018 3421 2071 3465 et
2122 3413 2271 3479 Filii,
2322 3425 2378 3468 et
2416 3416 2646 3483 Spiritus
2696 3423 2889 3485 sancti,
2938 3424 3004 3477 de
3036 3425 3359 3487 hocsmculo

1772 3507 2070 3567 transeunt,
2120 3517 2254 3557 torus
2301 3521 2508 3560 Αιτειιιιιι
2561 3523 2895 3566 εειιῐιιτιειικο
2946 3529 3215 3571 supeucro
3261 3536 3358 3573 ιύ-

1772 3603 1914 3642 uuam
1934 3604 2017 3653 os,
2064 3592 2211 3657 quia,
2236 3592 2365 3645 -etsi
2415 3594 2641 3661 propriae
2673 3598 2901 3652 actionis
2931 3613 3205 3670 peccatum
3234 3608 3357 3659 nul-

1771 3679 1879 3733 lum
1923 3679 2242 3743 habuerunt,
2297 3684 2571 3753 originalis
2623 3699 2800 3742 tamen
2829 3696 3031 3758 reecati
3060 3696 3360 3753 damnatio-

1774 3789 1900 3828 nem
1949 3777 2151 3830 carnali
2193 3782 2546 3849 conceptiOne
2584 3793 2636 3837 et
2681 3785 2957 3843 nativitate
3004 3798 3300 3846 traxerunt.
3334 3813 3353 3843 ι

1774 3864 1884 3919 lloc
1914 3881 2039 3919 sxw
2069 3867 2280 3937 dogma,
2317 3884 2431 3935 seu,
2467 3887 2515 3925 ut
2550 3874 2640 3928 ille
2669 3874 2926 3947 loquitur,
2956 3880 3248 3948 capitulum
3290 3883 3367 3939 det

1774 3956 1878 4011 ﬁde
1921 3956 2081 4012 Petro
2109 3960 2437 4016 credendum
2472 3966 2773 4032 proposuit,
2807 3974 2999 4023 etcum
3027 3980 3209 4038 postea
3232 3976 3358 4028 reli-

1771 4062 1872 4116 qua
1913 4049 2144 4117 capitula
2192 4052 2495 4119 recitasset,
2548 4054 2663 4110 haec
2703 4057 2866 4112 habet
2894 4075 3015 4129 cap.
3046 4061 3154 4116 44:
3185 4081 3205 4116 ι
3234 4064 3358 4120 llzcc

1772 4138 1988 4194 interim
2036 4143 2388 4213 quadraginta
2432 4147 2667 4211 capitula
2694 4148 2759 4202 ad
2793 4152 3030 4220 regulam
3061 4169 3203 4211 vene
3234 4157 3357 4212 ﬁdei

1773 4228 2076 4285 ﬁrmissime
2120 4226 2439 4300 pertinentia
2484 4235 2713 4293 ﬁdeliter
2748 4241 2930 4307 crede,
2972 4242 3181 4299 fortiter
3209 4255 3351 4313 tene,

1771 4323 2031 4376 veraciter
2058 4322 2426 4393 patienterque
2447 4324 2699 4383 defende.
2731 4329 2800 4384 Et
2825 4332 2869 4386 si
2900 4347 3058 4402 quem
3088 4338 3366 4397 contraria,

1772 4415 1855 4469 his
1886 4416 2249 4484 dogmatizare
2274 4425 2613 4489 cognoveris,
2650 4433 2899 4495 tanquam
2930 4438 3134 4497 pestem
3160 4430 3279 4500 iuge
3300 4442 3354 4487 et

110 4490 430 4553 Victorianus
450 4541 465 4566 ,
516 4499 773 4553 Photinus
795 4540 810 4563 ,
856 4500 1280 4569 Quodvultdeus,
1334 4504 1662 4573 Fulgentius,
1700 4527 1743 4585 ι)
1774 4517 2025 4578 tanquam
2056 4509 2366 4567 haereticum
2400 4514 2589 4584 abjice.
2624 4516 2702 4572 ita
2727 4490 2867 4573 enim
2899 4490 3000 4576 ista
3024 4537 3143 4591 qua:
3170 4490 3353 4591 posui-

110 4578 241 4639 Felix
266 4598 316 4642 et
336 4588 645 4653 Januarius,
677 4590 727 4643 in
755 4589 982 4646 Domino
1019 4591 1267 4647 salutem.
1298 4613 1317 4645 ι
1353 4594 1664 4661 Quindecim

111 4669 249 4737 igitur
264 4678 499 4748 episc0pi
532 4678 829 4733 doctissimi
858 4695 921 4734 ac
946 4684 1267 4738 sanctissimi
1298 4685 1353 4738 in
1384 4686 1663 4769 Augustini

114 4771 405 4824 sententiam
432 4771 660 4839 pedibus
681 4771 850 4827 ivere.
874 4771 985 4827 Nec
1012 4775 1188 4829 obstat
1209 4776 1481 4832 laudatum
1508 4779 1683 4839 volu-,

114 4869 215 4908 men
257 4858 414 4915 lir'Sse
447 4861 713 4929 Fulgentii
746 4877 904 4916 manu
934 4875 1234 4931 exaratum,
1262 4867 1355 4936 qui
1385 4870 1662 4937 Augustini

112 4940 257 5000 Patris
284 4953 603 5005 sententiam
636 4936 907 5008 mordicus
938 4956 1222 5020 tuebatur;
1258 4972 1380 5010 nam
1410 4958 1463 5012 in
1494 4963 1665 5013 omni-

112 5028 193 5085 bus
216 5041 428 5105 synodis
455 5043 543 5095 uni
576 5043 730 5096 alicui
754 5043 825 5096 ob
846 5044 1198 5101 eruditionem
1230 5057 1282 5101 et
1308 5048 1662 5117 eloquentiam

112 5118 278 5191 insigni
322 5128 525 5201 injungi
563 5132 725 5199 solet,
761 5142 817 5187 ut
846 5135 1056 5203 publica
1088 5136 1304 5192 Patrum
1336 5137 1548 5195 decreta
1584 5144 1663 5196 lit-

115 5213 224 5301 teris
268 5221 502 5275 mandet.
547 5222 758 5278 Scribit
802 5224 1099 5294 discipulus
1140 5228 1423 5300 Fulgentii,
1451 5247 1569 5301 cap.
1596 5233 1666 5289 90

111 5299 167 5352 de
197 5303 302 5361 Vita
351 5311 588 5378 ejusdem
618 5332 629 5366 ε
663 5315 833 5369 «Post
879 5299 1279 5374 deliberationis
1323 5299 1667 5376 autemvlou-

112 5393 329 5457 gissimas
370 5419 572 5473 moras,
619 5406 874 5477 quidquid
919 5406 1161 5464 deﬁnitio
1187 5415 1485 5493 communis
1511 5414 1679 5481 inve:

115 5504 266 5584 uerat,
312 5501 622 5572 eloquente:
672 5507 1016 5579 allegandum
1048 5512 1293 5568 sensibus
1324 5526 1661 5584 ceterorum,

114 5577 249 5638 beato
293 5588 576 5661 Fulgentio
616 5577 1005 5655 dimittebatur.
1041 5621 1059 5653 ι
1106 5601 1176 5656 Ει
1223 5614 1447 5673 postea:
1481 5626 1499 5658 ι
1534 5577 1665 5663 Pro;

116 5682 275 5737 Pterea
330 5686 752 5762 quandocunquc
806 5695 1175 5752 rescribebant
1229 5700 1657 5768 consulentibus,

1773 4616 1890 4654 mus
1915 4600 2039 4656 ﬁdei
2063 4602 2345 4659 catholicae
2372 4619 2694 4678 congruunt,
2729 4621 2786 4665 ut
2814 4613 2858 4666 si
2888 4613 3009 4679 quis
3041 4629 3146 4666 non
3175 4616 3348 4671 solum

1772 4691 2040 4759 omnibus,
2065 4711 2162 4749 seu
2186 4713 2349 4753 erum
2372 4713 2606 4756 smcuus
2631 4703 2863 4757 voluerit
2887 4706 3174 4771 contraire,
3207 4710 3257 4762 in
3286 4724 3351 4765 eo

1771 4784 1913 4851 quod
1961 4786 2184 4857 singulis
2228 4789 2418 4845 borum
2450 4795 2840 4848 contumaciter
2866 4809 3149 4864 repugnat,
3180 4811 3235 4856 et
3266 4803 3349 4859 his

1770 4877 2034 4929 contraria
2063 4878 2259 4932 decere
2285 4896 2389 4934 non
2411 4882 2636 4947 dubitat,
2663 4884 2947 4939 hmreticus
2967 4897 3020 4941 et
3040 4889 3349 4951 christiana

1772 4964 1898 5018 ﬁdei
1927 4966 2202 5032 inimicus,
2231 4978 2389 5037 atque
2415 4987 2479 5025 ex
2513 4973 2613 5027 hoc
2642 4975 2893 5031 erunibus
2919 4981 3195 5040 catholicis
3223 4995 3358 5041 ana-4

1776 5056 2198 5111 thematizandus
2219 5070 2495 5128 appareat.
2523 5082 2541 5114 ι
2568 5063 2749 5134 ltaqne
2779 5076 3005 5126 testatur
3038 5073 3367 5146 Fulgentius»

1774 5148 2025 5213 parvulos
2069 5163 2189 5202 eum
2235 5150 2353 5203 solo
2379 5152 2625 5221 originali
2660 5170 2879 5226 peccato
2905 5166 3195 5222 morientes
3218 5171 3351 5238 ignis

1772 5237 1949 5290 απενηὶ
1994 5240 2299 5307 sempiterno
2336 5246 2589 5312 supplicio
2612 5250 2914 5318 puniendos,
2944 5267 2999 5310 et
3025 5258 3074 5311 id
3104 5261 3173 5311 ad
3194 5237 3348 5329 regu—

1775 5328 1878 5380 lam
1909 5345 2041 5382 verte
2073 5332 2195 5397 ﬁdei
2232 5335 2501 5401 pertinere,
2534 5348 2581 5391 et
2604 5347 2845 5411 tanquam
2885 5345 3177 5400 Ita’relicum
3216 5328 3348 5421 abji-

1775 5422 2031 5489 cieudum,
2059 5426 2147 5494 qui
2177 5425 2350 5480 eidem
2374 5428 2517 5483 dicto
2539 5432 2756 5488 voluerit
2784 5439 3059 5492 contraire.
3089 5439 3213 5495 Hazc
3242 5456 3347 5497 non

1771 5517 2007 5585 indigent
2047 5518 2359 5590 interprete,
2394 5523 2487 5577 sed
2518 5533 2721 5580 tantum
2750 5530 2974 5583 lectore.
3004 5531 3133 5596 Quis
3161 5543 3344 5590 autem

1769 5623 1835 5663 ex
1860 5608 1942 5663 his
1970 5626 2074 5666 non
2108 5612 2371 5682 intelligat
2398 5615 2707 5671 Africanam
2739 5618 3030 5676 Ecclesiam
3064 5624 3353 5695 Augustini

1772 5702 2092 5775 sententiam
2119 5701 2199 5759 tle
2240 5703 2413 5773 poenis
2456 5705 2739 5763 infantium
2780 5709 2920 5766 inter
2948 5711 3073 5770 ﬁdei
3101 5714 3346 5786 dogmata
