3892 6314
539 307 640 360 647

1430 295 1982 353 SUPPLEMENTUM
2026 293 2114 347 AD
2155 291 2378 348 OPERA
2419 292 2475 348 S.
2519 292 2910 348 AUGUSTINI.

3648 297 3725 354 6l8

540 413 912 475 recensuisse?
950 410 1138 480 Neque
1177 409 1319 466 enim
1359 410 1597 464 omnium
1630 409 1876 462 Afrorum
1907 405 2116 474 episco-
2147 417 2199 477 Α
2224 403 2344 457 dius
2373 403 2546 457 hacin
2570 402 2932 472 disputatione
2970 399 3159 456 adduci
3204 403 3386 470 possit.
3418 403 3523 472 llic,
3563 406 3610 460 in
3643 412 3722 477 epi-

540 522 728 579 porum
761 505 1104 560 doctissimus
1130 517 1195 556 ea
1221 502 1271 555 in
1301 514 1360 554 re
1381 500 1638 567 deceptus
1669 498 1773 552 dici
1807 505 2001 565 potest,
2034 496 2120 548 vel

539 603 675 656 alios
725 599 958 654 voluisse
997 596 1268 662 decipere,
1321 592 1562 660 proprias
1603 589 1980 658 Opiniunculas
2027 602 2122 656 pro

539 691 872 748 inconcussis
899 688 1156 743 Ecclesia:
1186 685 1523 754 dogmatibus
1550 683 1893 738 venditando.
1937 682 2120 747 Qualis

539 799 665 838 vero
694 792 992 852 quautusve
1024 778 1184 834 fuerit
1214 778 1526 845 Fulgentius
1566 792 1629 830 ex
1673 776 1911 845 ejusdem
1957 776 2120 843 gestis

539 885 702 944 patet.
735 876 857 928 llaac
887 872 1116 926 sulficiat
1140 885 1202 924 ex
1234 884 1352 938 eap.
1381 868 1452 924 20
1476 869 1600 923 libri
1632 868 1699 922 de
1735 865 1848 921 Vita
1879 866 2118 935 ejusdem

537 966 741 1020 dixisse
769 983 780 1016 :
818 983 838 1017 ι
867 964 1152 1032 Sexaginta
1184 962 1382 1031 quippe
1411 968 1466 1014 et
1493 975 1558 1014 eo
1580 959 1808 1026 amplius
1833 958 2117 1025 episcopos

538 1068 664 1112 tunc
705 1066 892 1110 catena
941 1055 1141 1122 ligabat
1187 1053 1382 1117 exsilii,
1422 1066 1647 1120 quorum
1681 1051 1857 1119 lingua
1891 1058 1944 1102 et
1974 1048 2119 1115 iuge—

538 1150 685 1203 nium
726 1148 914 1201 beatus
947 1145 1256 1211 Fulgentius
1295 1144 1583 1214 episcopus
1615 1143 1727 1196 fuit.
1765 1162 1780 1192 I
1829 1142 1933 1195 Tot
1977 1139 2120 1207 ejus-

537 1240 658 1294 dem
711 1240 833 1293 libri
884 1238 1013 1293 editi
1069 1238 1320 1292 eximiam
1355 1235 1520 1304 ipsius
1562 1235 1862 1288 doctrinam
1907 1232 2118 1286 abunde

539 1328 904 1384 manifestam.
950 1327 1082 1381 Vide
1129 1342 1247 1395 quae
1291 1325 1360 1380 de
1408 1326 1595 1380 eodem
1633 1323 1742 1378 dixi
1781 1325 1873 1378 lib.
1911 1339 1944 1376 ll
1979 1323 2114 1376 illst.

541 1421 746 1488 Pelag.,
775 1435 896 1488 cap.
927 1419 991 1470 ﬁl
1029 1417 1194 1472 etii.

615 1509 729 1562 lloc
779 1510 949 1577 ipsum
988 1507 1257 1576 colligitur
1284 1520 1348 1560 ex
1387 1505 1701 1574 Augustino,
1753 1506 1840 1573 qui
1878 1506 1970 1558 lib.
2007 1519 2020 1557 ι
2052 1505 2118 1559 de

538 1607 879 1669 peccatorum
913 1599 1116 1653 Meritis
1157 1607 1210 1652 et
1252 1597 1571 1651 remissione
1599 1611 1718 1666 cap.
1745 1597 1837 1661 28,
1867 1612 2117 1651 asseren-

540 1705 618 1749 tes
642 1710 831 1764 pueros
864 1694 1070 1749 futuros
1114 1696 1164 1748 in
1209 1693 1386 1746 medio
1415 1692 1644 1760 quodam
1689 1693 1809 1744 loco
1841 1701 2112 1758 nuncupat

537 1787 669 1839 male
700 1787 980 1839 credentes.
1017 1783 1158 1838 Idem
1193 1784 1243 1835 in
1273 1783 1365 1836 lib.
1395 1783 1462 1836 de
1489 1780 1966 1834 Pratdest'natione
1994 1794 2118 1831 san-

545 1887 775 1942 ctorum,
812 1891 932 1944 cap.
966 1874 1050 1938 12,
1080 1875 1188 1928 ait:
1229 1893 1247 1924 ι
1273 1871 1403 1926 Cum
1433 1872 1732 1925 moriuntur
1756 1870 2002 1931 infantes,
2026 1877 2118 1922 aut

537 1965 727 2019 merito
776 1962 1209 2031 regenerationis
1257 1970 1538 2014 transeunt
1565 1975 1630 2013 ex
1664 1960 1818 2013 malis
1847 1959 1912 2012 ad
1953 1960 2113 2023 bona,

542 2064 636 2109 aut
664 2055 854 2109 merito
879 2054 1104 2124 originis
1137 2058 1415 2106 transeunt
1438 2065 1502 2103 ex
1533 2049 1688 2104 malis
1720 2065 1787 2102 ao
1808 2064 1972 2102 nam.
2003 2047 2114 2101 lloc

536 2145 797 2200 catholica
846 2145 976 2200 ﬁdes
1008 2145 1172 2198 novit.
1202 2161 1219 2193 ι
1256 2142 1542 2206 Prmtcrea,
1577 2141 1667 2194 lib.
1698 2155 1728 2192 v
1758 2151 1946 2193 contra
1971 2138 2110 2202 Jul.,

535 2238 729 2307 Operis
768 2236 977 2308 imperi.
1024 2250 1140 2305 cap.
1170 2234 1262 2299 6i,
1293 2235 1409 2287 ait:
1445 2251 1463 2284 ι
1503 2233 1642 2286 Inter
1683 2232 1942 2300 reprobos
1987 2237 2111 2283 sunt

534 2339 680 2384 certe
707 2330 918 2397 plurimi
948 2329 1038 2399 qui
1077 2329 1123 2383 si
1163 2343 1228 2383 ex
1269 2331 1367 2382 hac
1397 2327 1501 2380 vita
1529 2326 1910 2394 ahriperentur
1939 2324 2112 2378 infan-

535 2431 638 2487 tes,
673 2420 968 2476 secundum
1011 2421 1197 2475 falsam
1235 2427 1469 2474 ve~tram
1504 2419 1748 2471 hmresim
1796 2416 2007 2486 penitus
2045 2416 2114 2469 ab

533 2514 699 2580 omni,
750 2513 1041 2568 secundum
1087 2521 1265 2566 autem
1296 2509 1617 2564 catholicam
1650 2508 1806 2562 fidem
1835 2523 1864 2561 a
1892 2507 2109 2561 damna-

533 2605 680 2660 tione
723 2604 1036 2674 gravissima
1069 2603 1400 2657 tollerentur.
1434 2616 1458 2653 ι
1491 2601 1707 2654 Certum
1737 2608 1821 2654 est
1849 2613 1967 2653 eam
2003 2612 2115 2665 pm-

534 2711 656 2749 nam
695 2709 725 2749 a
760 2695 1017 2749 catholica
1052 2693 1155 2749 tide
1186 2693 1239 2747 in
1267 2691 1505 2761 parvulis
1543 2690 1732 2754 asseri,
1774 2703 1931 2759 quam
1966 2689 2116 2742 Pela-

534 2787 674 2854 giani
721 2786 1132 2851 inliciebantur;
1177 2795 1229 2838 at
1258 2783 1309 2836 lii
1356 2796 1566 2851 pcenam
1616 2781 1822 2845 damni,
1871 2781 1972 2834 hoc
2009 2790 2109 2844 est,

533 2877 898 2932 exclusionem
928 2892 956 2930 a
988 2891 1152 2946 regno
1183 2875 1443 2930 calorum
1469 2873 1700 2927 libenter
1727 2871 2110 2926 concedebant.

536 2967 669 3022 lline
691 2968 831 3021 dixit
859 2968 1208 3036 Augustinus,
1245 2978 1410 3017 serm.
1441 2962 1507 3016 Η
1530 2962 1596 3016 de
1627 2961 1815 3016 Verbis
1842 2961 2109 3028 Apostoli:

538 3076 556 3110 ι
591 3059 799 3113 Videris
841 3057 982 3111 enim
1024 3056 1116 3109 tibi
1159 3053 1489 3118 misericors,
1541 3051 1663 3120 quia
1702 3066 1807 3104 non
1849 3050 2024 3102 aufers
2063 3048 2112 3101 ei

532 3151 716 3213 vitam,
755 3162 962 3202 DAMNAS
995 3158 1198 3209 tamen,
1228 3159 1385 3215 quem
1427 3157 1648 3212 separas
1671 3157 1702 3195 a
1735 3157 1902 3210 regno
1942 3141 2112 3194 caelo-

532 3255 667 3295 rum.
694 3240 929 3302 Danaas,
953 3252 1056 3291 non
1083 3253 1150 3292 eu
1176 3254 1204 3288 ιι
1235 3237 1487 3304 percutis,
1515 3234 1609 3288 sed
1634 3235 1686 3287 in
1712 3247 1958 3287 exsrut'n
1987 3248 2109 3285 MIT-
2144 3216 2190 3278 C

531 3346 635 3386 TIS.
669 3331 750 3385 En
782 3329 1053 3400 Pelagiani
1095 3340 1288 3396 pueros
1333 3341 1434 3379 non
1483 3323 1854 3394 percutiebant,
1884 3323 1983 3376 hoc
2007 3335 2110 3385 esu,

532 3437 691 3494 poena
718 3435 908 3477 sensus
935 3419 1056 3473 illos
1097 3429 1433 3487 nequaquam
1478 3412 1824 3476 muICtabant,
1871 3411 1964 3464 sed
2003 3425 2116 3478 poe-

536 3528 603 3569 na
633 3521 838 3567 tantum
869 3509 1075 3574 damni,
1106 3508 1159 3562 in
1188 3507 1437 3562 exsilium
1469 3505 1589 3560 illos
1610 3502 1891 3558 mittendo.
1915 3501 2114 3568 Quare,

538 3606 842 3674 Augustino
871 3612 1032 3670 teste,
1072 3601 1338 3658 catholica
1367 3599 1497 3652 fides
1529 3597 1694 3651 tradit
1721 3597 1975 3666 parvulos
1999 3612 2114 3664 per-

533 3699 661 3764 cuti,
692 3706 746 3753 et
772 3711 876 3751 non
909 3704 1111 3750 tantum
1143 3692 1195 3746 in
1219 3690 1462 3746 exsilum
1488 3690 1645 3752 mitti,
1675 3689 1814 3758 quod
1851 3688 2114 3757 Pelagiani

535 3789 676 3843 ultro
717 3787 1039 3842 fatebantur.
1092 3784 1296 3837 Rursus
1341 3790 1495 3833 tract.
1523 3779 1586 3832 67
1629 3779 1681 3832 in
1715 3779 1973 3833 Joannem
2003 3780 2117 3832 haec

536 3880 613 3932 ait
638 3896 649 3930 :
682 3895 702 3928 ο
733 3876 965 3932 Proinde
997 3871 1285 3941 respuendi
1310 3882 1434 3923 sunt
1461 3883 1489 3921 a
1514 3867 1676 3921 corde
1698 3868 2001 3923 Christiano
2025 3869 2112 3937 qui

533 3977 722 4037 putant
748 3967 871 4020 ideo
890 3965 1089 4018 dictum
1117 3963 1314 4017 multas
1337 3975 1457 4016 esse
1482 3959 1807 4028 mansiones,
1824 3962 1947 4029 quia
1961 3971 2111 4016 extra

536 4070 760 4125 regnum
793 4056 1054 4110 caelorum
1084 4052 1190 4107 erit
1217 4050 1419 4118 aliquid
1455 4050 1545 4104 ubi
1573 4061 1819 4104 maneant
1851 4050 1994 4105 beati
2027 4051 2113 4105 in-

534 4153 792 4202 nocentes
824 4145 914 4214 qui
951 4145 1067 4200 sine
1095 4144 1361 4212 baptismo
1387 4158 1451 4198 ex
1486 4142 1584 4197 hac
1611 4144 1716 4197 vita
1758 4143 2108 4212 emigrarunt,

533 4238 660 4308 quia
703 4238 821 4291 sine
857 4236 947 4290 illo
977 4237 1027 4289 in
1061 4249 1226 4305 regno
1253 4235 1517 4289 caelorum
1554 4235 1756 4288 intrare
1785 4250 1889 4288 non
1922 4243 2110 4303 potue-

533 4339 680 4387 runt.
714 4330 841 4385 llaec
869 4329 1021 4393 fides,
1051 4343 1158 4382 non
1182 4337 1262 4382 est
1288 4327 1453 4393 fides;
1475 4328 1726 4397 quoniam
1755 4343 1859 4381 non
1883 4335 1964 4382 est
1986 4341 2108 4380 vera

534 4434 591 4480 et
625 4425 886 4479 catholica
934 4423 1084 4478 fides.
1119 4441 1139 4475 ι
1173 4422 1239 4476 Et
1269 4431 1444 4476 tamen
1474 4423 1718 4478 videmus
1749 4425 1925 4492 plures
1953 4423 2112 4477 scho-

533 4515 751 4571 lasticos
782 4514 1172 4570 beatitudinem
1217 4516 1516 4569 naturalem
1561 4514 2002 4583 perfectissimam
2034 4517 2109 4567 ci-

532 4618 611 4661 tra
640 4607 852 4660 dolores
897 4613 953 4659 et
997 4605 1271 4660 tristitiam
1322 4606 1557 4674 parvulis
1604 4606 1916 4673 promittere
1961 4617 2110 4658 extra

529 4716 751 4773 regnum
789 4699 903 4763 Dei,
936 4705 1162 4768 quorum
1190 4699 1451 4753 sententia
1484 4699 1660 4751 minus
1688 4697 1902 4750 tolerari
1936 4704 2112 4763 potest

532 4807 691 4861 quam
742 4792 831 4845 illa
869 4792 1298 4860 Pelagianorum,
1337 4789 1459 4857 quia
1492 4787 1576 4840 isti
1606 4785 2000 4840 contendebant
2030 4787 2111 4840 in-

532 4883 712 4936 fantes
752 4897 872 4937 esse
919 4885 1234 4938 innocentes
1278 4891 1332 4936 et
1366 4879 1510 4934 nulla
1535 4879 1690 4946 culpa
1713 4880 2105 4949 coinquinatos,

532 4973 676 5026 unde
699 4987 804 5025 non
837 4974 973 5028 adeo
1001 4991 1163 5044 grave
1194 4975 1484 5029 absurdum
1514 4972 1793 5029 videbatur
1822 4971 2106 5043 quamdam

528 5061 730 5119 eisdem
756 5061 1065 5119 felicitatem
1091 5081 1413 5135 praeparare,
1430 5081 1550 5121 cum
1576 5076 1750 5118 tamen
1775 5064 2104 5129 scholastici,

531 5169 633 5210 nec
657 5153 942 5223 ignobiles,
973 5167 1218 5210 asserant
1261 5172 1381 5210 cum
1414 5157 1654 5211 Ecclesia
1689 5157 1947 5210 catholiia
1982 5171 2111 5225 pue-

531 5262 624 5303 ros
652 5259 777 5301 esse
806 5246 1057 5316 originali
1106 5247 1226 5300 labe
1269 5246 1528 5313 infectos,
1579 5248 1676 5300 sub
1707 5255 1968 5314 potestate
1995 5247 2108 5299 dii}-

531 5341 731 5403 monis,
756 5339 894 5394 filios
917 5340 1033 5404 iraa,
1061 5353 1159 5392 nec
1184 5347 1364 5406 postea
1391 5339 1636 5393 dubitent
1666 5340 1866 5394 eisdem
1898 5339 2106 5393 beatam

527 5431 813 5501 quamdam
845 5431 1004 5485 vitam
1037 5431 1366 5500 promittere.

601 5523 709 5576 Sed
747 5538 810 5577 ex
855 5522 1043 5577 eadem
1077 5522 1250 5577 Africa
1302 5524 1366 5576 ad
1415 5522 1709 5578 Romanam
1757 5525 2104 5594 apostolicam

534 5611 717 5662 sedem
766 5623 985 5666 evectus
1029 5622 1245 5666 sanctus
1285 5612 1532 5667 Gelasins
1571 5629 1702 5683 papa
1751 5616 1886 5668 adeo
1923 5622 2107 5682 aperte

532 5695 975 5766 Augustinianam
1007 5706 1326 5758 sententiam
1358 5705 1716 5769 continuavit,
1744 5716 1802 5760 ut
1825 5707 1952 5760 nihil
1977 5706 2105 5759 soli-

2150 1830 2192 1888 Β

2144 4591 2188 4646 Ι)

2223 291 2378 348 ἘΒΑ
2419 292 2475 348 S.
2519 292 2910 348 AUGUSTINI.
3648 297 3725 354 tus

2224 403 2344 457 dius
2373 403 2546 457 hacin
2570 402 2932 472 disputatione
2970 399 3159 456 adduci
3204 403 3386 470 possit.
3418 403 3523 472 llic,
3563 406 3610 460 in
3643 412 3722 477 epi-

2223 495 2358 549 stola
2385 495 2450 549 ad
2476 496 2757 565 episcopos
2787 509 2882 564 per
2911 495 3164 549 Picenum
3199 505 3378 550 contra
3405 497 3636 553 Senecam
3658 503 3726 556 de-

2223 584 2378 638 lirum
2405 600 2586 640 senem
2615 585 2952 648 Pelagianum
2985 586 3159 648 missa,
3189 587 3370 641 scribit
3398 605 3410 640 :
3440 607 3457 640 ι
3489 590 3555 644 De
3581 606 3726 648 narru-

2222 584 2378 638 lirum
2405 600 2586 640 senem
2615 585 2952 654 Pelagianum
2985 586 3159 648 missa,
3189 587 3370 641 scribit
3398 605 3410 640 :
3440 607 3457 640 ι
3489 590 3555 644 De
3581 606 3726 659 parvu-

2223 677 2287 731 lis
2336 686 2514 732 autem
2561 678 2707 746 quod
2753 676 2967 740 asserit,
3016 678 3136 732 sine
3183 679 3490 747 baptismate
3528 697 3610 751 pro
3643 686 3726 738 solo
3847 705 3855 786 Ι

2221 767 2466 836 originali
2486 777 2702 837 peccato
2721 783 2825 821 non
2849 783 3004 836 posse
3023 769 3279 838 damnari,
3302 773 3426 826 satis
3456 788 3602 840 ιιιιηι,
3629 779 3727 832 satis

2222 856 2441 923 profana
2473 857 2764 925 propositio
2791 866 2892 912 est.
2919 876 2938 910 ι
2972 861 3039 912 At
3070 860 3334 930 Pelagiani
3365 878 3609 932 nunquam
3643 868 3728 922 sine

2223 948 2489 1016 baptismo
2540 964 2764 1019 regnum
2794 953 3049 1007 caelorum
3078 955 3256 1022 pueris
3289 957 3634 1025 promiserunt,
3659 963 3728 1016 sed

2223 1042 2406 1094 uestio
2438 1057 2598 1110 quem
2633 1045 2844 1098 tertium
2898 1047 3070 1099 locum
3102 1048 3243 1101 inter
3277 1051 3462 1104 coelum
3486 1062 3535 1105 et
3560 1053 3728 1110 inferos.

2222 1133 2486 1187 Audiatur
2522 1134 2771 1190 laudatus
2804 1137 3048 1191 Gelasins
3080 1155 3092 1191 :
3132 1157 3150 1190 ι
3176 1138 3315 1194 Nihil
3357 1150 3434 1194 est
3481 1157 3594 1212 ergo
3625 1146 3730 1214 quod

2221 1224 2402 1279 dicant
2457 1227 2598 1294 quod
2649 1243 2754 1281 non
2813 1232 2987 1283 renati
3051 1231 3282 1286 infantes
3322 1237 3654 1287 tantummodo
3693 1238 3730 1290 iu

2221 1331 2442 1385 regnum
2477 1320 2734 1373 caelorum
2764 1322 2843 1375 ire
2871 1338 2974 1375 non
3001 1323 3234 1389 valeant,
3267 1339 3371 1379 non
3400 1336 3562 1380 autem
3592 1343 3733 1396 perpeo

2223 1331 2442 1385 regnum
2477 1320 2734 1373 caelorum
2764 1322 2843 1375 ire
2871 1338 2974 1375 non
3001 1323 3234 1389 valeant,
3267 1339 3371 1379 non
3400 1336 3562 1380 autem
3592 1343 3733 1396 perpeo

2223 1419 2312 1464 tua
2345 1412 2688 1468 damnatione
2717 1415 3026 1482 puniantur.
3064 1435 3082 1467 ι
3119 1417 3218 1472 Ubi
3241 1433 3359 1472 cum
3386 1421 3599 1488 pontilex
3627 1437 3731 1489 pre-

2223 1510 2305 1528 ιι.-
2352 1504 2716 1528 Αηλι..,.ε,.........
2770 1521 2792 1528 Α
2850 1523 3011 1528 ,-..---
3077 1509 3278 1528 ,μι--.·
3367 1527 3371 1528 ,
3437 1527 3459 1528 η
3518 1527 3525 1528 ,
3563 1521 3572 1528 .

2222 1510 2305 1555 ter
2350 1504 2718 1560 exclusionem
2769 1521 2795 1558 a
2850 1523 3017 1574 regno
3071 1509 3302 1575 caelesti,
3357 1527 3468 1579 qua!
3505 1521 3578 1566 est
3619 1529 3734 1580 petua

2219 1593 2421 1659 damni,
2453 1597 2706 1650 decernat
2735 1613 2926 1666 pueros
2968 1613 3215 1667 perpetuo
3252 1605 3560 1656 duinnatione
3586 1607 3732 1672 puniri,

2223 1685 2394 1754 palam
2435 1685 2493 1738 ﬁt
2515 1687 2765 1740 eumdem
2795 1689 2996 1756 August
3021 1693 3071 1743 ni
3103 1693 3420 1746 sententiam
3451 1695 3735 1761 approbasse,

2221 1787 2272 1832 et
2298 1778 2611 1832 concludit:
2647 1798 2664 1830 ι
2696 1781 2881 1833 Dicant
2917 1782 3078 1850 igitur
3107 1785 3157 1836 in
3190 1795 3364 1838 morte
3395 1797 3620 1851 pvrpetua
3645 1802 3739 1839 con-

2220 1867 2413 1931 stituti,
2452 1868 2495 1921 si
2546 1883 2650 1921 non
2701 1870 3030 1924 :cstimeutur
3075 1887 3196 1926 esse
3247 1873 3498 1930 damnati.
3547 1876 3742 1928 Totam

2220 1973 2356 2012 Ειιςο
2385 1974 2452 2011 DE
2486 1974 2649 2014 MEDIO
2680 1975 2862 2015 NESCIO
2887 1977 3041 2023 -QUEI
3072 1978 3164 2018 IPSI
3191 1981 3454 2030 TERI‘IUI,
3482 1981 3606 2028 οιτειι
3630 1982 3740 2020 ιιιιει·

2221 2064 2423 2103 ιιιεκιιιε
2450 2066 2700 2104 ranvuus
2724 2067 2948 2107 FAClUN‘l’
2973 2067 3165 2107 Locuu.
3189 2072 3206 2104 ι
3253 2059 3325 2108 lla
3348 2057 3513 2126 arguit
3535 2054 3741 2124 pontifex:
3844 2043 3848 2122 ἱ

2219 2138 2376 2193 Pueri
2412 2151 2536 2194 sunt
2579 2142 2835 2206 damnati,
2868 2158 2996 2213 ergo
3025 2145 3214 2198 tollant
3249 2147 3332 2200 ‘de
3365 2149 3532 2202 medio
3557 2150 3742 2212 tertium,

2219 2244 2378 2298 quem
2411 2231 2743 2300 decipiendis
2787 2235 3023 2300 parvulis
3073 2235 3287 2291 faciunt
3326 2238 3513 2292 locum.
3556 2240 3621 2293 Ex
3659 2240 3745 2308 qui-
3843 2135 3849 2344 ‘

2219 2322 2315 2344 I---_
2345 2333 2484 2344 --ι-ι
2519 2325 2567 2344 3..
2607 2327 2854 2344 -..-ΑΑ-Ι-
2907 2328 2941 2344 ιο
2985 2328 3027 2344 I,
3116 2329 3128 2340 ο
3177 2331 3214 2344 ιι
3269 2330 3282 2344 ι
3351 2332 3361 2342 ι
3495 2332 3506 2344 I
3586 2331 3599 2344 ι

3837 1547 3846 1858 Ι

3839 1869 3848 2040 l

2218 2244 2378 2298 quem
2411 2231 2743 2300 decipiendis
2787 2235 3023 2300 parvulis
3073 2235 3287 2291 faciunt
3326 2238 3513 2292 locum.
3556 2240 3621 2293 Ex
3659 2240 3745 2308 qui-

2219 2322 2317 2377 bus
2345 2333 2488 2392 patet
2519 2325 2572 2377 in
2602 2327 2941 2381 antecedenti
2985 2328 3130 2395 loqui
3174 2330 3452 2385 Gelasium
3479 2332 3541 2386 de
3570 2331 3744 2385 damna-

2221 2416 2362 2469 tione
2389 2417 2527 2480 apud
2561 2419 2782 2482 inferos,
2811 2435 2913 2489 qua
2944 2423 3093 2489 pueri
3128 2434 3426 2493 perpetuae,
3461 2425 3551 2481 hoc
3578 2434 3661 2491 est,
3687 2439 3746 2479 se-

2217 2507 2403 2561 cundae
2432 2511 2620 2563 mortis
2653 2511 2914 2579 supplicia
2954 2514 3255 2581 sustinent,
3285 2518 3424 2573 unde
3465 2527 3594 2573 recte
3622 2516 3745 2572 infer-

2220 2607 2304 2651 tur
2334 2599 2626 2652 tollendum
2654 2615 2776 2654 esse
2799 2600 2865 2655 de
2897 2602 3078 2656 medio
3105 2605 3332 2660 tertium
3362 2608 3544 2662 locum.
3592 2612 3650 2662 At
3678 2621 3745 2661 cur

2221 2705 2461 2744 'rsnrtun
2505 2692 2654 2757 dicit,
2715 2693 2815 2747 nisi
2867 2703 2924 2747 ut
2978 2695 3086 2749 duo
3137 2705 3350 2752 tantum
3401 2700 3508 2754 loca
3551 2713 3652 2754 esse
3682 2699 3747 2752 dc-

2220 2781 2410 2852 claret,
2457 2797 2652 2850 nempe
2705 2786 2906 2839 cmlum
2954 2787 3138 2841 sedem
3193 2789 3494 2855 beatorum,
3526 2803 3571 2846 et
3595 2791 3747 2844 inferos

2219 2886 2492 2927 carcerem
2539 2874 2956 2929 damnatorum?
3005 2877 3157 2942 Quod
3212 2883 3526 2937 defensores
3551 2881 3747 2952 Augusti-

2221 2964 2393 3017 niana:
2441 2968 2722 3020 sententiae
2781 2977 3013 3023 tortores
3065 2985 3355 3038 puerorum
3397 2991 3426 3029 a
3471 2971 3748 3030 scholasticis

2219 3067 2613 3124 nuncupantur,
2666 3057 2820 3127 longe
2859 3061 3090 3129 graviori
3129 3077 3364 3121 censura
3401 3066 3602 3122 eosdem
3630 3064 3749 3121 Gela-

2220 3144 2334 3198 sius
2365 3147 2616 3215 perculit,
2647 3148 2772 3201 dum
2819 3149 2938 3203 illos
2981 3151 3281 3220 deceptores
3326 3159 3632 3226 parvulorum
3656 3170 3748 3224 apo-

2220 3235 2392 3289 stolici
2421 3237 2532 3290 oris
2561 3241 2824 3292 sententia
2855 3243 3243 3310 pronuntiavit,
3275 3248 3470 3318 quippe
3489 3249 3571 3318 qui
3593 3246 3748 3302 eisdem

2221 3326 2472 3380 secunda;
2494 3325 2760 3380 felicitatis
2785 3330 2961 3384 locum
2989 3331 3130 3386 inani
3156 3339 3551 3392 asseveratione
3577 3338 3750 3406 promit-

2224 3413 2424 3468 tebant.
2471 3417 2583 3470 imo
2627 3417 2824 3471 ibidem
2873 3422 3086 3475 tertium
3136 3422 3286 3478 illum
3331 3428 3501 3482 locum
3540 3424 3782 3496 explodit,.

2221 3512 2398 3560 motus
2428 3507 2618 3561 eodem
2667 3511 2977 3565 testimonio
3007 3528 3280 3570 sacrarum
3313 3518 3620 3584 litterarum,
3648 3517 3751 3585 quod

2223 3596 2377 3650 initio
2399 3614 2464 3652 cx
2494 3599 2790 3669 Augustino
2819 3604 3157 3660 adduximus.
3191 3609 3400 3662 Etenim
3441 3611 3618 3665 scribit
3657 3621 3754 3676 pon-

2222 3688 2346 3743 t.fex
2375 3708 2384 3740 :
2420 3707 2440 3741 ι
2469 3691 2686 3746 Tollant
2716 3709 2844 3762 ergo
2875 3695 2942 3749 de
2970 3697 3147 3750 medio
3171 3699 3353 3752 nescio
3382 3716 3538 3769 quem
3568 3701 3656 3769 ipsi
3681 3709 3756 3751 ter-

2221 3779 2348 3832 tium
2387 3794 2546 3848 quem
2585 3782 2916 3850 decipiendis
2959 3787 3194 3852 parvulis
3235 3787 3443 3843 faciunt
3493 3792 3678 3846 locum.
3717 3788 3758 3842 Et

2217 3871 2338 3939 quia
2370 3886 2474 3923 non
2508 3873 2607 3926 nisi
2638 3873 2911 3928 deitteram
2939 3887 3140 3943 partem
3172 3878 3399 3947 legimus
3423 3893 3475 3935 et
3499 3885 3750 3942 sinistram.
3854 3857 3855 3924 ἦ

2217 3977 2321 4016 non
2355 3963 2474 4017 illos
2499 3963 2695 4019 faciant
2722 3982 2773 4019 ta
2806 3981 3044 4022 SINISTBA
3077 3985 3306 4026 necnon:
3337 3971 3455 4026 sine
3483 3973 3757 4044 baptismate
3854 3965 3855 4010 ἐ

2218 4071 2552 4127 permanere,
2566 4058 2657 4113 sed
2675 4058 2964 4128 baptizatos
2979 4060 3160 4115 sinant
3173 4063 3239 4117 ad
3255 4063 3496 4119 dextram
3513 4067 3755 4120 salutarem

2216 4160 2367 4202 sacra
2397 4150 2804 4217 regent-ratione
2836 4151 3171 4206 transferri.»
3203 4154 3380 4220 Quare
3400 4156 3635 4212 Gelasius
3657 4167 3754 4224 papa

2217 4256 2322 4296 non
2355 4243 2514 4297 modo
2544 4244 2717 4298 sancti
2744 4243 2980 4300 doctoris
3011 4249 3360 4319 sententiam,
3406 4265 3588 4306 verum
3631 4250 3754 4303 etiam

2214 4330 2455 4400 ejusdem
2483 4349 2698 4404 quoque
2727 4337 2994 4390 rationem
3035 4338 3370 4406 approbavit.
3408 4341 3572 4395 Porro
3602 4335 3755 4394 delini-

2217 4425 2322 4477 tiva
2352 4425 2440 4479 illa
2473 4428 2736 4482 sententia
2771 4437 2892 4482 est:
2919 4428 3129 4482 Tollant
3165 4447 3283 4501 ergo
3327 4432 3392 4485 de
3441 4433 3598 4486 media
3626 4427 3754 4483 nescio

2214 4533 2362 4585 quem
2382 4519 2482 4586 ipsi
2507 4522 2732 4584 tertium,
2770 4537 2919 4589 quem
2956 4523 3275 4593 decipiendis
3322 4525 3552 4590 parvulis
3596 4523 3753 4593 faciunt

2217 4607 2405 4659 locum.
2435 4607 2490 4660 In
2522 4609 2714 4677 quibus
2767 4610 2890 4664 dum
2947 4613 3074 4666 dicit
3127 4617 3299 4669 nescio
3349 4634 3517 4686 quem,
3559 4614 3754 4669 declarat

2216 4711 2317 4752 nec
2346 4699 2486 4752 scire
2516 4713 2576 4752 se
2603 4714 2702 4753 nec
2724 4700 2999 4769 inquirere
3020 4718 3266 4773 quamam
3296 4719 3388 4761 aut
3412 4708 3614 4761 ubinam
3641 4709 3753 4757 esset

2214 4788 2448 4843 secunda
2483 4789 2710 4846 felicitas
2739 4792 2970 4860 parvulis
2993 4808 3020 4846 a
3053 4795 3352 4865 Pelagianis
3387 4782 3650 4866 promissa,
3679 4788 3751 4844 sed

2214 4878 2285 4933 ob
2313 4880 2365 4933 id
2397 4895 2582 4935 eorum
2623 4885 2814 4953 dogma
2859 4885 3138 4955 damnare,
3183 4891 3326 4957 quod
3361 4894 3570 4946 tertium
3610 4891 3749 4940 locum

2214 4971 2453 5026 facerent
2497 4973 2637 5028 inter
2684 4991 2903 5043 regnum
2935 4978 3216 5043 caelorum,
3248 4982 3390 5048 quod
3436 4981 3651 5034 dandum
3691 4983 3752 5026 est

2215 5061 2280 5115 iis
2308 5063 2397 5132 qui
2426 5072 2583 5116 erunt
2636 5066 2685 5116 in
2716 5065 2956 5131 dextera,
2985 5075 3039 5120 et
3065 5067 3255 5122 inferni
3293 5087 3498 5138 prunas,
3528 5085 3635 5137 ﬂllil'.
3656 5066 3750 5118 des-

2218 5153 2457 5207 tinantur
2501 5155 2566 5207 iis
2607 5157 2695 5223 qui
2736 5167 2892 5210 erunt
2929 5159 2980 5211 in
3014 5160 3246 5214 sinistra.
3285 5165 3359 5216 Ex
3388 5164 3597 5230 hisjure
3622 5157 3750 5211 Gela-

2213 5247 2326 5300 sius
2374 5247 2673 5314 appellatur
2711 5263 2741 5301 a
2783 5250 3030 5306 Gabriele
3077 5254 3338 5323 Vasquez,
3385 5257 3548 5324 prima
3597 5260 3745 5320 parte.

2213 5342 2350 5410 disp.
2371 5341 2460 5408 9i,
2477 5359 2625 5396 num.
2642 5345 2730 5408 75,
2751 5361 2839 5414 per
2862 5348 3030 5399 omnia
3044 5346 3464 5417 Augustinianus.
3484 5351 3544 5402 Et
3568 5344 3748 5414 quidem

2215 5434 2268 5487 in
2293 5435 2532 5489 eamdem
2563 5435 2866 5502 epistolam,
2899 5448 2956 5492 ut
2976 5439 3106 5493 alias
3143 5441 3458 5507 notavimus,
3494 5438 3638 5493 totius
3667 5439 3750 5485 An-

2215 5525 2755 5592 gusﬁnianancontra
2804 5529 3118 5598 Pelagianos
3157 5531 3413 5585 doctrinae
3451 5541 3650 5584 succum
3678 5538 3752 5573 va-

2216 5615 2502 5669 lentiorem
2544 5618 2828 5670 coiitraxil.
2881 5618 3031 5673 Unde
3075 5634 3196 5673 cum
3228 5635 3289 5674 ex
3320 5618 3602 5674 Clementis
3629 5617 3750 5678 p0"!-

2214 5713 2322 5772 opt.
2347 5718 2486 5757 max.
2515 5704 2717 5760 indulto
2738 5707 2975 5776 ejusdem
2999 5712 3166 5764 sancti
3191 5710 3452 5780 pontificis
3470 5699 3749 5762 memoriam
