3892 6332
146 336 248 390 649

1308 327 1622 385 ἮΝΒΙΟΙᾹΞ
1664 327 2222 384 ΑυΟυδΤεΝΙΑΝΑΞ.

3305 329 3409 382 63ἱο

151 444 440 514 quotannis
468 444 847 513 Augustiuiana
882 443 1074 498 familia
1107 441 1376 498 recolendi
1417 441 1717 496 facultatem
1753 447 1798 504 Α
1831 452 1992 512 atque
2045 443 2331 501 minorum,
2383 440 2470 508 qui
2513 439 2629 495 sine
2678 440 2992 510 baptismate
3035 458 3251 498 cursum
3286 446 3415 498 vitm.

151 539 514 604 impetrasset,
543 538 681 592 inter
706 552 922 608 precum
969 537 1142 590 officia
1174 536 1410 604 ejusdem
1444 535 1567 587 vitae
1595 549 1728 603 syn-

143 627 258 694 opsi
317 625 579 694 insignem
628 626 826 680 Gelasii
872 641 996 696 erga
1030 627 1198 680 sancti
1234 626 1404 679 Patris
1443 625 1725 693 Augustini

128 717 458 770 doctrinam
515 717 712 772 cultum
760 718 1008 773 inseruit.
1055 718 1250 772 Gelasii
1300 717 1486 771 Iaudes
1534 717 1729 770 recitat

119 787 129 852 ί
161 809 445 879 Dionysius
467 807 706 876 Exiguus
730 810 782 862 in
812 808 1035 877 epistola
1067 808 1132 863 ad
1159 807 1422 862 Julianum
1454 809 1729 877 presbyte-

148 914 290 962 rum,
325 898 379 950 in
411 914 513 966 qua
541 897 780 966 ejusdem
824 899 1092 968 pontificis
1119 898 1436 962 doctrinam,
1475 899 1728 967 pietatem

156 1001 216 1039 ac
255 986 568 1041 exautlatos
625 1002 719 1054 pro
765 988 1060 1041 orthodoxa
1118 988 1224 1042 fide
1275 988 1485 1042 labores
1535 988 1729 1043 eximie

147 1076 510 1130 commendat.
542 1077 651 1131 llas
677 1077 882 1132 litteras
914 1078 1059 1147 leges
1092 1078 1143 1131 iu
1175 1079 1321 1132 calce
1346 1078 1540 1146 prioris
1564 1077 1731 1147 partis

147 1166 486 1220 collectionis
510 1167 760 1221 Romamn
784 1168 939 1222 Lucae
955 1168 1238 1222 lIolstenii.
1266 1169 1330 1222 Et
1351 1167 1564 1237 quidem
1589 1182 1734 1222 com-

147 1271 360 1310 munem
393 1257 447 1309 id
481 1259 738 1326 temporis
783 1258 950 1316 fuisse
997 1259 1321 1313 sententiam
1366 1258 1418 1312 in
1466 1258 1728 1321 Ecclesia,

144 1363 340 1416 [ueros
370 1352 488 1403 s‘ne
511 1350 783 1419 baptismo
819 1350 1146 1404 decedentes
1175 1351 1227 1404 in
1257 1350 1458 1404 inferos
1493 1349 1727 1414 detrudi,

140 1452 281 1507 patet
305 1458 372 1494 ex
405 1443 592 1497 libello
621 1444 743 1497 fidei
769 1459 929 1512 quem
954 1443 1222 1514 Pelagiani
1249 1443 1486 1514 episcopi
1517 1443 1732 1500 concin-

139 1542 371 1598 riarunt;
420 1534 493 1588 ibi
536 1535 678 1589 enim
731 1536 893 1589 veluti
939 1536 1131 1606 ingens
1162 1535 1447 1591 absurdum
1506 1553 1732 1608 exagge-

128 1631 257 1675 .rant
283 1637 484 1693 pacatas
515 1625 801 1679 seusibiles
835 1639 1142 1694 puerorum.

126 1713 282 1770 Idem
321 1716 605 1785 Augustini
634 1725 881 1768 assertum
923 1715 1134 1769 Patrum
1164 1732 1225 1768 ac
1267 1718 1490 1785 plurium
1529 1719 1727 1772 theolo-

246 1801 438 1852 gorum
478 1787 631 1838 etiam
660 1788 994 1838 recentiorum
1026 1787 1328 1839 auctoritate
1355 1789 1618 1857 probatur.

213 1873 423 1942 Agmen
456 1875 687 1940 Patrum,
716 1885 770 1928 ut
803 1891 896 1944 par
923 1887 1023 1942 est,
1057 1877 1415 1947 Hieronymus
1434 1878 1610 1942 ducet,
1637 1880 1728 1946 qui

144 1967 368 2031 propius
422 1965 476 2017 in
530 1963 813 2019 Palaestina
874 1982 996 2020 cum
1055 1968 1270 2038 Pelagio
1325 1969 1486 2023 veluti
1537 1971 1732 2024 collato

139 2053 280 2119 pede
328 2054 577 2108 certavit.
631 2053 810 2108 Edidit
852 2056 942 2110 ille
987 2055 1234 2125 Dialogos
1274 2069 1456 2111 contra
1487 2061 1731 2116 eumdem

149 2141 583 2205 hmrcsiarcham,
620 2145 672 2196 in
703 2145 898 2220 quibus
924 2147 1022 2201 sub
1051 2148 1268 2202 nomine
1290 2149 1548 2202 Critoboli
1576 2151 1732 2205 Pela-

137 2240 307 2302 ginm,
357 2235 460 2290 sub
507 2237 727 2291 nomine
775 2254 905 2292 vero
955 2238 1117 2294 Attici
1179 2241 1352 2294 virum
1402 2243 1727 2298 catholicum

145 2327 510 2396 colloquentes
544 2328 771 2383 induxit.
804 2330 984 2401 Itaque
1007 2331 1316 2387 Critobolus
1337 2332 1520 2401 objicit
1549 2334 1598 2386 in
1626 2334 1730 2390 fine

149 2418 278 2469 tertii
326 2418 451 2471 libri
497 2436 508 2469 :
569 2435 587 2469 ι
628 2419 736 2475 Oro
782 2428 867 2487 te,
915 2422 1041 2491 quid
1097 2421 1343 2476 infantuli
1385 2425 1729 2492 jpeccavcre?

145 2506 249 2562 Nec
292 2508 634 2564 conscientia
684 2510 763 2565 eis
809 2511 988 2568 delicd
1045 2513 1294 2579 imputari
1354 2523 1567 2582 potest,
1630 2529 1730 2570 nec

146 2598 466 2665 ignorantia,
500 2600 590 2667 qui
625 2601 774 2668 juxta
801 2600 988 2656 Jonam
1021 2604 1335 2671 prophetam
1361 2620 1576 2658 manum
1599 2606 1731 2660 dex—

145 2695 282 2743 tram
316 2689 569 2741 nesciunt
599 2697 652 2742 et
681 2689 975 2746 sinistram.
1009 2691 1240 2745 Peccare
1270 2707 1374 2745 non
1411 2703 1653 2760 possunt,
1679 2701 1734 2746 ct

143 2784 371 2841 possunt
398 2776 598 2844 perire,
639 2792 810 2846 genua
854 2779 1056 2846 labant,
1081 2782 1289 2849 vagitus
1318 2780 1479 2834 verba
1512 2797 1614 2836 non
1641 2797 1733 2836 ex-

149 2863 362 2929 plicant,
399 2864 701 2919 balbutiens
746 2867 924 2935 lingua
954 2867 1177 2934 ridetur,
1210 2879 1265 2923 et
1305 2885 1546 2925 ASTERNJ:
1578 2887 1731 2926 IIISE—

151 2971 246 3032 me
273 2972 574 3012 CILUCJATUS
616 2960 825 3014 miseris
867 2962 1250 3029 praeparantur.
1283 2981 1301 3012 ι
1360 2963 1434 3015 En
1481 2963 1726 3032 Pelagius

151 3049 424 3114 exprobrat
459 3051 741 3106 catholicis
774 3053 932 3107 veluti
963 3054 1088 3121 quid
1115 3055 1404 3108 absurdum
1435 3071 1726 3123 puerorum

1833 533 2117 603 prmsentis
2148 534 2200 585 in
2235 530 2548 585 infidelitate
2579 543 2981 596 consummant,
3003 544 3256 599 quantum
3290 537 3410 585 alti-

1832 635 1922 676 net
1945 624 2009 675 ad
2033 622 2464 676 dommunionem
2497 621 2774 689 originalis
2808 622 3032 688 peccati,
3068 635 3168 674 una
3201 631 3301 674 est.
3336 623 3409 674 Ex

1834 716 1932 768 hac
1966 715 2176 782 utrique
2207 714 2360 767 ibunt
2392 714 2444 765 in
2478 714 2650 782 ignem
2676 723 2956 780 aiternum,
2988 714 3076 780 qui
3097 722 3309 780 paratus
3331 726 3416 769 est

1832 808 2045 860 diabolo
2073 815 2130 859 et
2157 806 2360 873 angelis
2388 806 2524 873 ejus,
2569 806 2689 877 quia
2747 807 2799 860 in
2853 808 2931 860 eis
2974 808 3408 874 chirographum,

1833 914 1938 966 quo
1963 897 2060 951 sibi
2087 912 2180 950 eos
2203 898 2509 963 deceptoris
2563 898 2796 965 nequitia
2827 898 3083 960 subdidit,
3117 897 3413 952 Salvatoris

1833 990 2003 1054 gratia
2038 1003 2142 1042 non
2175 987 2392 1042 delevit.
2435 1006 2452 1038 ι
2493 989 2557 1040 Ει
2587 990 2766 1042 statim
2799 1004 2813 1041 :
2850 1007 2865 1039 ‹
2899 989 3103 1044 Reddet
3132 990 3413 1058 unicuique

1835 1079 2129 1134 secundum
2163 1093 2329 1149 opera
2349 1094 2465 1146 sua,
2493 1090 2550 1134 ut
2581 1097 2685 1134 non
2706 1082 2875 1135 solum
2909 1098 3006 1150 pro
3034 1081 3271 1151 originali
3291 1097 3414 1151 pec-

1834 1183 1952 1226 catu
2000 1187 2239 1226 ιετειικιε
2286 1187 2487 1228 IGNIBUS
2535 1188 2777 1228 ARDEANT
2822 1176 3035 1244 (quibus
3076 1191 3259 1229 ARSURI
3290 1185 3416 1230 sunt

1836 1262 1951 1315 sine
1998 1263 2315 1331 baptismate
2358 1266 2649 1321 morientes
2701 1268 2860 1320 etiam
2911 1268 3136 1335 parvuli,
3161 1267 3251 1336 qui
3282 1268 3414 1322 nihil

1836 1352 1958 1405 boni
1992 1362 2080 1404 aut
2113 1353 2234 1405 mali
2265 1354 2539 1423 egerunt),
2573 1356 2666 1409 sed
2700 1358 2859 1408 etiam
2891 1371 2987 1424 pro
3015 1372 3108 1410 sua
3143 1358 3415 1411 volunta'c

1835 1444 1971 1495 mala
2026 1453 2174 1496 tanto
2219 1445 2460 1499 deterius
2515 1456 2882 1515 torqueantur,
2936 1458 3138 1515 quanto
3183 1448 3414 1515 amplus

1833 1536 2074 1602 propria:
2094 1536 2388 1603 iniquitatis
2409 1537 2685 1605 adjiciam.
2721 1557 2740 1589 ι
2773 1539 2833 1590 IIi
2863 1538 3128 1608 Fulgentii
3156 1538 3276 1592 libri
3304 1538 3416 1591 eai-

1838 1627 1942 1680 mie
1968 1629 2418 1681 commendantur
2449 1643 2475 1682 a
2505 1629 2754 1682 Patribus
2802 1629 3069 1683 Africanis
3092 1629 3142 1682 in
3172 1629 3414 1682 Sardfnia

1837 1730 1936 1784 pro
1966 1715 2068 1769 fide
2094 1715 2394 1770 orthodoxa
2426 1717 2816 1783 exsulantibus,
2863 1718 2915 1770 in
2945 1719 3170 1787 epistola
3200 1719 3414 1786 synodi-

1759 1818 1808 1880 Β
1835 1824 1916 1869 ca,
1951 1823 2068 1877 cap.
2102 1809 2187 1862 18.

1913 1897 1982 1949 At
2010 1897 2210 1950 sacculo
2248 1898 2440 1950 eodem
2500 1898 2805 1963 desinente,
2864 1907 3080 1951 sanctus
3129 1898 3417 1968 Gregorius

1839 1990 2059 2057 Magnus
2077 2033 2089 2055 ,
2112 2001 2162 2043 et
2183 1991 2478 2058 insequenti
2503 1990 2717 2044 ineunte
2738 2001 2950 2044 sanctus
2971 1990 3203 2044 Isidorus
3231 1991 3416 2060 Ilispa-

1842 2078 2007 2132 Iensis
2064 2077 2344 2146 Augustini
2391 2079 2714 2132 sententiam
2771 2081 3165 2146 approbarunt,
3224 2083 3418 2148 quippe

1837 2184 1958 2236 quae
1981 2170 2285 2222 communis
2317 2177 2427 2220 tum
2468 2169 2722 2236 temporis
2755 2170 2804 2222 in
2834 2170 3064 2223 Ecclesia
3102 2172 3414 2223 habebatur.

1825 2259 2146 2326 Gregorius,
2195 2259 2288 2312 lib.
2341 2275 2394 2312 tx
2445 2261 2653 2326 liloral.,
2690 2276 2808 2330 cap.
2845 2262 2927 2326 I2,
2973 2263 3023 2316 in
3052 2264 3141 2316 illa
3171 2263 3270 2317 Job
3305 2281 3318 2317 :
3352 2262 3417 2316 Et

1836 2351 2204 2421 multiplicabft
2233 2350 2443 2404 vulnera
2467 2367 2575 2404 mea
2604 2353 2758 2405 etiam
2796 2353 2904 2406 sine
2939 2369 3111 2414 causa,
3151 2357 3262 2407 huic
3286 2356 3416 2407 srri-

1837 2440 1912 2494 bit
1943 2455 1955 2492 :
1997 2458 2014 2490 ‹
2055 2439 2309 2494 Nonnulli
2339 2444 2537 2495 etenim
2558 2443 2705 2510 prius
2727 2457 2753 2494 a
2779 2445 3031 2510 praesenti
3067 2446 3182 2496 luce
3203 2443 3416 2497 subtra-

1835 2529 2054 2595 huntur,
2103 2547 2260 2599 quam
2291 2531 2355 2584 ad
2404 2532 2716 2600 proferenda
2763 2533 2906 2594 bona
2961 2535 3165 2588 malave
3225 2536 3416 2588 merita

1839 2622 2028 2673 activa}
2059 2622 2179 2673 vitae
2225 2625 2560 2688 perveniant.
2609 2625 2752 2687 Quos
2801 2624 2921 2690 quia
2951 2639 2979 2676 a
3008 2625 3157 2692 culpa
3195 2625 3417 2691 originis

1836 2719 2172 2762 sacramenta
2207 2711 2394 2762 salutis
2426 2727 2531 2765 non
2563 2712 2811 2774 liberant,
2863 2723 2911 2766 ct
2963 2713 3047 2765 hic
3088 2728 3153 2766 ex
3204 2712 3418 2780 proprio

1837 2800 1970 2854 nihil
2003 2810 2252 2869 egerunt,
2283 2812 2333 2856 et
2357 2803 2481 2856 illuc
2508 2820 2573 2856 Αυ
2605 2818 2887 2858 Tenues“
2918 2821 3269 2859 penveswxr.
3294 2806 3418 2872 Qui-
3451 2844 3454 2846 -

1834 2892 1937 2946 bus
1959 2908 2122 2946 unum
2155 2893 2343 2946 vulnus
2371 2901 2474 2956 est,
2500 2894 2926 2962 curruptibiliter
2946 2896 3112 2960 nasci,
3137 2895 3276 2949 aliud
3301 2911 3415 2949 car-

1837 2983 2030 3037 nalier
2061 2985 2248 3037 emori.
2286 2984 2391 3038 Sed
2416 2985 2537 3052 quia
2572 2994 2692 3051 post
2723 2995 2950 3039 mortem
2981 3000 3194 3054 quoque
3216 2995 3416 3039 mterna

1837 3089 1983 3127 mors
2032 3080 2292 3142 sequitur,
2353 3077 2564 3128 occulto
2613 3076 2695 3128 eis
2741 3075 2999 3143 jnstoquc
3023 3077 3228 3144 judicio
3256 3078 3415 3131 etiam

153 3139 199 3190 1"
222 3139 549 3238 alie"3_"il3
580 3144 879 3238 _CI‘UC_i3WS-
913 3144 1046 3238 Quid
1089 3145 1420 3238 Ιιίευτθβοηῖί
1467 3146 1726 3216 Hieron)“
1755 3174 1799 3232 ο
1835 3167 1950 3218 sine
1980 3180 2137 3218 causa
2159 3167 2375 3218 vulnera
2396 3166 2846 3234 multiplicantur;
2875 3183 3152 3222 PEBPETIIA
3177 3170 3415 3238 (quippe)

153 3244 276 3294 mus,
311 3247 376 3283 an
403 3232 548 3287 ferte
580 3233 671 3286 illa
704 3233 898 3287 Annali
929 3234 1085 3288 verba
1116 3251 1129 3286 :
1166 3234 1426 3301 Negamus
1464 3238 1722 3290 crudelem

152 3324 584 3390 consequentiam?
606 3323 720 3376 Lib.
749 3324 780 3375 8
798 3324 879 3378 sui
905 3325 1208 3391 Augustini.
1233 3338 1349 3393 cap.
1379 3327 1428 3389 1,
1455 3341 1572 3395 pag.
1597 3324 1720 3378 858.

153 3409 285 3463 llaud
320 3413 593 3480 equidem,
627 3413 719 3467 sed
751 3428 812 3468 ex
845 3415 1006 3467 Paulo
1037 3415 1278 3483 apostolo
1310 3426 1587 3484 peccatqu
1613 3416 1724 3470 oriv

151 3502 313 3568 giuale
362 3507 581 3572 probat,
620 3513 680 3564 ut
713 3505 891 3574 pueris
914 3515 1175 3565 tormenta
1207 3523 1312 3559 non
1338 3506 1531 3574 injuste
1554 3507 1720 3575 infligi

151 3591 434 3648 rideantur.
474 3594 684 3649 Eadem
729 3609 884 3664 paena
923 3595 1195 3650 sensibilis
1223 3596 1502 3650 infantium
1527 3598 1725 3650 asseri-

149 3689 228 3735 stur
267 3699 293 3738 a
335 3697 526 3742 sancto
578 3687 759 3752 Avito,
818 3689 1058 3741 antistite
1104 3688 1414 3751 Viennensi,
1454 3686 1543 3756 qui
1586 3703 1725 3744 anno

148 3772 313 3828 'Slltiin
343 3777 766 3832 Calliistloruit.
807 3777 1023 3835 Etenim
1053 3778 1103 3834 in
1149 3778 1388 3836 carmine
1428 3778 1493 3832 ad
1538 3777 1722 3834 Fusci-

154 3879 261 3918 nam
288 3882 537 3923 sororem
569 3870 683 3947 tunc
704 3869 977 3937 eleganter
1011 3869 1252 3935 scrip~itz

218 3976 453 4049 ()nmibus
486 3981 548 4032 id
577 3995 692 4031 vero
725 3980 947 4048 gravius,
980 3980 1023 4031 si
1049 3981 1188 4049 fonte
1215 3980 1406 4034 lavacri

214 4045 373 4117 υἱυὲηι
401 4058 669 4117 expertem
700 4045 928 4102 tene-rum
959 4045 1093 4102 mors
1138 4050 1308 4101 inuida
1339 4059 1510 4100 natum

219 4116 537 4186 l’ra'cipitat,
573 4121 702 4170 dura
727 4130 1020 4187 generatum
1047 4129 1177 4170 sorte
1199 4135 1480 4180 GKHENNAS,

218 4187 306 4255 Qui
332 4205 446 4241 mox
467 4199 531 4241 ut
557 4189 733 4241 matris
761 4189 966 4241 cessarit
999 4190 1137 4255 [ilius
1160 4205 1290 4249 esse,

221 4254 536 4311 Perditionis
569 4260 695 4321 erit;
733 4261 899 4310 tristes
932 4254 1052 4309 tunc
1080 4260 1218 4309 edita
1249 4258 1447 4322 uolunt,

222 4324 338 4388 Qua,
365 4343 601 4381 FLMINIS
631 4339 831 4380 tantum
861 4339 1142 4396 genuerunt
1171 4331 1385 4396 pignora
1414 4336 1615 4388 "intres.

159 4429 262 4485 Fuit
289 4449 454 4492 autem
492 4441 737 4493 Alcimus
769 4441 954 4493 Avitus
1003 4440 1197 4508 pra-sul
1251 4440 1611 4504 doctissimus,
1661 4455 1722 4493 ac

1830 3272 2112 3311 manus“
2146 3271 2453 3316 veneratum
2488 3257 2621 3327 (qui)
2653 3258 2784 3312 nihil
2817 3274 2879 3314 ex
2903 3261 3114 3329 propria
3141 3263 3414 3321 voluntate

1831 3355 2209 3413 peccaverunt.
2247 3366 2266 3398 ›
2304 3347 2368 3400 Et
2397 3359 2580 3416 postea
2618 3366 2630 3400 :
2669 3367 2688 3399 ι
2741 3348 3027 3410 Districtus
3077 3352 3261 3418 juilex,
3313 3368 3414 3421 qua

1829 3453 1923 3493 eos
1972 3439 2447 3493 animadversione
2497 3441 2747 3502 trucidat,
2803 3457 2938 3509 quos
2977 3443 3136 3510 culpa
3185 3448 3416 3513 propria:

1828 3529 2059 3580 actionis
2087 3529 2330 3590 damnat,
2362 3529 2404 3581 si
2436 3538 2488 3580 et
2529 3529 2651 3582 illos
2706 3545 2756 3582 IN
2809 3546 3071 3592 anausim
3131 3548 3410 3597 PERCUHT,

1830 3631 1965 3682 quos
1997 3617 2411 3670 reatusarbilrii
2448 3633 2550 3672 non
2580 3617 2815 3670 addicit?
2846 3638 2871 3671 ,ι
2910 3620 3034 3672 Ilaec
3082 3622 3216 3675 adeo
3271 3623 3411 3675 clara

1828 3717 1955 3762 sunt
2007 3717 2063 3761 ut
2112 3707 2378 3764 Moraines
2411 3709 2551 3762 dicat
2596 3707 2916 3776 Gregorium
2947 3725 3008 3763 ea
3029 3724 3138 3762 non
3164 3727 3228 3764 ex
3255 3726 3412 3769 sensu

1831 3799 2107 3866 Ecclesia,
2137 3799 2228 3853 sed
2257 3814 2318 3854 ex
2344 3800 2557 3867 propria
2586 3799 2838 3868 opinione
2854 3801 3412 3861 asseruisse.Sanctns

1790 3953 1807 3965 I
1831 3893 2084 3958 Isidorus,
2122 3891 2211 3946 lib.
2249 3907 2284 3944 II
2317 3890 2499 3945 Differ.
2535 3892 2734 3960 spirit.,
2769 3907 2913 3945 num.
2957 3891 3047 3957 2‘5,
3083 3893 3220 3947 idem
3249 3893 3407 3946 tradit

1831 3985 2076 4050 inquiens
2108 4002 2120 4037 :
2159 4004 2176 4035 ε
2217 3984 2348 4038 Illuil
2381 3995 2555 4038 tamen
2596 3984 2884 4038 tenendum
2930 3993 3033 4051 est,
3069 3986 3408 4050 parvulorum

1835 4077 2042 4140 animas
2071 4092 2214 4130 nexu
2251 4076 2451 4145 peccati
2500 4074 2787 4145 originalis
2835 4089 2955 4129 esse
2996 4075 3262 4141 astrictas,
3296 4090 3413 4144 quin

1831 4167 1934 4219 nisi
1973 4167 2273 4234 percipiant
2303 4158 2632 4234 baptismatis
2677 4173 3094 4230 sacramentum,
3122 4166 3270 4235 regni
3294 4181 3408 4220 ca:-

1832 4258 1981 4310 lestis
2005 4273 2037 4324 p
2075 4259 2292 4324 rticipes
2323 4271 2442 4309 esse
2474 4272 2577 4308 non
2610 4264 2851 4322 possunt,
2891 4256 2983 4308 sed
3013 4271 3131 4307 cum
3157 4270 3324 4311 carne
3355 4267 3408 4309 et

1830 4361 2115 4402 commune
2146 4345 2418 4400 habebunt
2446 4356 2745 4412 peccatum,
2764 4355 2814 4399 et
2843 4347 2955 4412 pari
2981 4344 3181 4411 judicio
3208 4360 3407 4403 oausa-

1829 4453 2036 4490 nuuruu
2065 4452 2114 4489 IN
2140 4452 2296 4490 163E.“
2345 4453 2628 4500 anausim.
2673 4456 2690 4488 ι
2721 4435 2782 4489 Ει
2821 4439 2910 4489 lib.
2946 4451 2959 4488 ι
2990 4436 3403 4495 Sententiarum,

161 4533 344 4587 syrtium
366 4530 677 4598 Epaunensi
701 4532 927 4600 aliisque
960 4532 1384 4599 pra-seditalluic
1403 4545 1576 4587 an=cm
1599 4548 1724 4600 sup-
1759 4531 1951 4596 Dcap.
1983 4529 2070 4589 ‘29.,
2098 4527 2168 4580 ait
2203 4545 2213 4579 :
2259 4547 2272 4576 σ
2311 4529 2411 4579 Pro
2460 4529 2574 4579 solo
2604 4527 2848 4595 originali
2881 4535 3029 4579 reatu
3063 4525 3212 4577 luunt
3240 4538 3295 4582 ,tiv
3331 4539 3405 4584 ta-

165 4626 323 4677 t-arcm
353 4624 490 4676 dabo
531 4635 772 4676 sanctum
795 4623 1134 4692 Fulgentinm
1159 4624 1494 4692 Ruspensem
1514 4623 1721 4691 episco-

162 4718 290 4772 pum,
319 4717 401 4781 qui
432 4717 615 4770 eidem
647 4716 805 4770 Avito
825 4717 1085 4770 convixit.
1118 4715 1214 4770 Hic
1241 4717 1292 4768 in
1338 4717 1427 4770 lib.
1476 4715 1542 4769 de
1594 4716 1724 4769 Fide

163 4798 440 4858 adl‘etrum
472 4809 760 4872 diaconum
811 4807 1130 4860 sententiam
1190 4806 1436 4859 eamdem
1471 4815 1719 4872 tanquam

165 4887 220 4940 de
250 4895 342 4948 title
368 4898 653 4952 tenendam
688 4899 870 4952 docuit
917 4914 1034 4967 cap.
1064 4898 1161 4965 27,
1190 4900 1340 4963 cujus
1372 4900 1530 4952 verba
1561 4915 1723 4968 supe-

167 4979 263 5031 rius
289 4986 638 5044 laudavimus.
677 4989 841 5054 Idem,
875 4989 968 5044 lib.
1001 5005 1016 5042 ι
1046 4989 1114 5044 de
1166 4988 1403 5042 Vcrilate
1448 4991 1720 5056 prmdesti-

166 5074 375 5134 nationis
402 5093 453 5132 et
497 5083 704 5153 gratim,
751 5098 869 5151 cap.
926 5082 1014 5145 t2,
1062 5083 1180 5135 ait:
1222 5100 1241 5133 ι
1279 5082 1432 5135 Nulla
1459 5083 1618 5150 igitur
1639 5093 1720 5139 est

173 5175 328 5220 cans-ie
357 5171 635 5228 diversitas
661 5175 713 5227 in
747 5173 1058 5238 infantibus,
1080 5189 1196 5242 qum
1217 5174 1369 5229 faciat
1394 5189 1554 5227 unum
1573 5175 1717 5243 eligi,

175 5254 376 5313 alterum
407 5268 700 5333 reprobari.
745 5266 802 5321 Si
841 5280 971 5320 vero
1016 5276 1292 5334 parentum
1348 5267 1722 5322 consideretur

177 5352 417 5418 Voluntas,
467 5359 538 5419 illi
570 5358 657 5428 qui
707 5357 998 5412 Christiani
1038 5369 1183 5421 sunt,
1235 5367 1294 5410 ut
1344 5372 1532 5411 eorum
1583 5357 1721 5416 filius

182 5433 530 5513 l1aptizaretur,
564 5449 793 5502 sollicite
819 5447 1124 5512 voluerunt,
1157 5445 1540 5500 instantissime
1571 5460 1723 5499 cura-

187 5535 388 5594 verunt;
418 5550 640 5602 quor-um
674 5547 851 5591 tamen
883 5537 1022 5590 filius
1053 5546 1333 5604 antequam
1365 5536 1726 5604 baptizaretur

185 5624 336 5670 morte
367 5637 677 5692 praeventus,
714 5641 953 5680 ETEBNIS
994 5640 1090 5680 esr
1122 5639 1322 5680 IGNIBUS
1355 5624 1659 5693 deputatus.
1700 5644 1720 5678 ›

185 5698 349 5769 Cabite
386 5713 538 5766 etiam
589 5717 654 5770 14
701 5716 887 5770 scribit
931 5731 944 5768 :
994 5733 1012 5766 ε
1059 5714 1230 5770 Causa
1281 5727 1409 5768 vero
1459 5711 1722 5781 majorum

400 5827 656 5898 Ρλτειυι.
708 5832 956 5896 XLVII.

1829 4633 2000 4671 nemo
2029 4633 2199 4684 nuper
2231 4619 2335 4670 nati
2371 4617 2612 4669 infantuli
2644 4629 2854 4670 ιιοεκλε.
2897 4633 2916 4666 ι
2952 4614 3079 4666 Erat
3106 4629 3232 4681 ergo
3253 4625 3402 4670 certa

1826 4707 1878 4760 in
1921 4708 2107 4760 Latina
2139 4708 2375 4765 Eci-lesia
2412 4707 2497 4759 illa
2518 4708 2745 4759 assertio
2772 4707 2838 4758 de
2889 4704 3062 4772 pinnis
3095 4719 3399 4768 pueroruru.

1825 4813 1982 4868 quam
2038 4798 2386 4867 Augustinus,
2441 4796 2751 4864 Fulgentius
2800 4808 2862 4846 ac
2905 4794 3105 4861 Synodi
3143 4793 3196 4846 itt
3226 4794 3399 4847 Africis

1827 4890 2112 4953 docebant,
2161 4904 2319 4956 quam
2369 4888 2613 4940 Gelasius
2662 4900 2723 4938 ac
2764 4883 3053 4951 Gregorius
3081 4884 3399 4939 sanctissimi

1830 4982 2111 5050 pontifices
2165 4981 2215 5031 in
2264 4979 2412 5030 Italia
2465 4977 2766 5043 tradebant,
2793 4992 2949 5044 quam
2977 4987 3187 5031 sanctus
3214 4979 3395 5032 Avitus

1829 5073 1879 5137 iu
1913 5071 2104 5132 Gallia,
2136 5077 2190 5121 et
2222 5076 2438 5122 sanctus
2470 5067 2700 5121 Isidorus
2735 5068 2790 5121 in
2843 5068 3092 5137 Ilispania
3135 5070 3266 5123 citra
3303 5073 3391 5123 du~

1827 5165 1972 5218 b'um
2028 5162 2359 5216 asserebant.
2411 5160 2665 5214 Eamdem
2710 5177 2838 5215 vero
2883 5162 3080 5216 diutius
3121 5178 3285 5230 usque
3331 5166 3392 5214 ait

1827 5253 2270 5310 scholasticorum
2319 5260 2530 5304 artatem
2587 5254 2820 5321 viguisse
2865 5254 3140 5308 existimo.
3173 5255 3394 5308 Sanctus,

1827 5342 2171 5405 Prudentius,
2219 5343 2500 5408 episcopus
2556 5341 2913 5409 Tricassinus,
2945 5345 3033 5412 qui
3062 5342 3393 5394 ﬂoruitanno

1829 5435 1953 5498 850,
1980 5435 2030 5486 in
2065 5432 2202 5486 libro
2227 5432 2292 5486 de
2327 5431 2817 5500 Praedcstiuatione,
2838 5449 2956 5502 cap.
2981 5433 3065 5492 16,
3092 5431 3167 5482 ait
3191 5448 3204 5482 :
3228 5447 3246 5479 ‹
3270 5429 3394 5497 Qua-

1833 5527 2035 5597 puuitio
2087 5525 2329 5579 bifariam
2385 5525 2669 5589 dividitur,
2719 5537 2772 5579 et
2805 5537 2946 5577 nunc
2983 5525 3033 5576 in
3062 5521 3395 5578 absolutionc

1825 5620 2020 5671 anima:
2051 5632 2080 5668 a
2108 5630 2205 5669 suo
2229 5630 2454 5682 corpore
2501 5625 2808 5682 comparata
2851 5614 3005 5679 hujus
3045 5613 3228 5681 prima:
3262 5628 3395 5680 prte—

1829 5709 2168 5774 varicatjonis
2201 5709 2414 5772 merito,
2461 5707 2602 5788 quod
2646 5707 2714 5762 ab
2773 5707 2882 5776 ipsa
2923 5705 3104 5760 radice
3144 5706 3196 5764 in
3239 5720 3396 5773 omni:

2895 5818 2967 5886 2,1
