3892 6308
464 375 556 426 bii!

1352 338 1908 398 SUliPldiMENTUM
1954 339 2040 394 AD
2081 333 2306 392 OPERA
2349 335 2404 390 S.
2449 333 2840 392 AUGUSTINI.

3630 340 3721 393 (ΡΞπὲ

465 463 797 542 ι.υ;ηιυιὶι;ιιίε
846 460 960 528 ejus
1012 468 1180 525 genus
1235 452 1566 506 transfusum
1621 461 1778 515 atque
1812 451 2049 502 innatum
2084 452 2129 508 Α
2159 449 2434 516 Augustini
2469 449 2698 502 lectione
2738 445 3056 514 Gregorium
3111 445 3401 511 superavit.
3458 446 3608 501 lianc
3659 453 3720 506 illi

469 573 569 625 est,
621 568 670 610 et
717 550 1054 622 postmodum
1115 545 1213 615 (in)
1271 559 1538 607 CEHEN’NA,
1595 557 1714 610 quae,
1765 550 2055 610 tamurtus

473 666 632 720 quam
692 647 915 699 aliorum
973 636 1365 704 multiplicitate
1431 632 1717 684 criminum
1777 630 2055 684 libidinosa

479 739 716 810 pen-eisi
747 745 830 788 ate
881 736 1280 784 contractorutn
1339 724 1600 792 acquisita
1644 733 1746 777 est.
1774 742 1792 773 δ
1828 723 1895 776 Et
1925 723 2057 776 infe-

476 835 583 886 rius
627 831 692 880 de
744 821 976 894 ptrvulis
1034 816 1221 872 scribit
1257 834 1266 865 :
1306 831 1324 865 ι
1361 812 1519 866 Extra
1555 813 1799 882 baptismi
1834 815 2054 881 gratiam

477 921 789 979 morientes,
821 929 924 966 non
954 924 1070 971 suo,
1134 905 1227 960 sed
1275 904 1585 973 protoplaSTi
1619 914 1835 972 peccato
1867 920 2058 957 renes-

476 1028 576 1065 'll',\
611 1019 876 1061 rLi-zxtose
905 1013 1240 1054 nummum.
1277 1014 1294 1046 ι
1334 996 1407 1049 Ex
1440 995 1626 1064 Anglia
1659 996 1834 1050 veniat
1869 994 2059 1049 Ansel-

481 1114 618 1159 inus,
659 1096 744 1163 qui
777 1095 828 1144 in
861 1092 950 1142 lib.
983 1088 1051 1142 de
1076 1087 1348 1154 Conceptu
1367 1087 1509 1151 \‘irg.
1536 1095 1590 1140 ct
1618 1101 1732 1153 rce.
1764 1087 2055 1154 orig.,cap.

479 1189 569 1248 1‘2,
605 1186 717 1236 tunc
747 1181 926 1234 docuit
960 1195 974 1232 :
1006 1197 1025 1229 ‹
1064 1177 1169 1234 Sed
1197 1193 1316 1230 cum
1369 1191 1526 1231 nemo
1577 1176 1782 1230 dubitet
1813 1177 1932 1244 quia
1966 1190 2059 1244 par

482 1291 634 1342 ptena
671 1289 774 1326 non
808 1279 1059 1339 sequetur
1114 1267 1336 1336 imparia
1392 1275 1630 1335 peccata,
1660 1266 1710 1318 in
1745 1265 1846 1318 hoc
1879 1275 2054 1317 tamen

484 1365 674 1416 similis
697 1371 779 1414 est
813 1369 865 1414 et
895 1357 1193 1428 personalis
1224 1365 1280 1410 et
1303 1355 1576 1424 originalis
1605 1356 1806 1423 peccati
1842 1356 2058 1407 damur.-

487 1459 579 1518 tio,
616 1456 736 1524 quia
763 1452 942 1505 nullus
975 1449 1274 1502 admittitur
1301 1447 1363 1500 ad
1399 1461 1618 1514 regnuzn
1652 1445 1768 1508 Dei,
1821 1445 1884 1497 ad
1920 1444 2058 1513 quod

484 1545 653 1595 laetus
683 1551 767 1593 est
797 1541 974 1602 homo,
1014 1537 1114 1590 nisi
1157 1551 1250 1603 per
1298 1547 1522 1588 mortem
1556 1533 1780 1593 Christi.
1812 1536 1927 1586 sine
1959 1547 2062 1599 quo

485 1651 585 1686 tzon
621 1633 861 1687 redditur
885 1629 1022 1697 quod
1053 1644 1144 1696 pro
1175 1629 1303 1681 Λιιω
1331 1635 1548 1695 precatu
1602 1625 1844 1686 debetur,
1881 1641 2063 1690 qnam-

486 1726 563 1775 vis
593 1739 696 1777 non
726 1735 911 1775 omnes
942 1720 1140 1788 pariter
1171 1719 1222 1771 in
1251 1717 1458 1771 inietuo
1484 1716 1715 1784 torqueri
1737 1729 2060 1769 mercantur.

2160 537 2367 591 laudem
2405 539 2544 591 ultro
2575 538 2904 592 recentiores
2937 535 3196 590 tribuunt.
3216 535 3412 588 Dicitur
3438 551 3465 588 a
3499 537 3720 608 Vasqutz

2161 629 2276 689 1-2,
2311 630 2446 698 disp.
2482 630 2600 693 185,
2635 645 2780 683 ιιιιιη.
2806 631 2889 694 15,
2922 631 3152 698 apprime
3174 631 3223 680 in
3249 630 3520 698 Augustini
3547 632 3720 686 ddtlt‘i-

2161 737 2224 772 na
2253 731 2501 773 versatus.
2539 723 2579 772 A
2611 720 2863 773 Vandero
2892 719 3190 788 appellatur
3218 719 3290 771 vir
3318 720 3661 789 doctissimus,
3687 733 3724 776 et

2159 814 2203 863 si
2225 813 2336 880 quis
2358 813 2491 864 alius
2523 811 2770 865 doctrina:
2790 811 3178 881 Augustiniana’
3201 813 3572 878 perstudiosus,
3599 815 3722 884 disp.

2164 903 2186 954 1
2221 901 2286 954 de
2317 901 2522 954 Liberi.
2555 900 2670 965 Dei,
2707 917 2854 954 num.
2908 900 2997 954 25.
3047 900 3211 955 Addit
3262 901 3483 955 Fasolus
3517 915 3649 969 part.
3681 906 3725 973 1,

2162 1009 2214 1060 q.
2244 993 2333 1052 25.
2369 1001 2470 1046 art.
2509 993 2556 1056 1,
2594 993 2718 1046 dub.
2755 991 2811 1056 5,
2848 1007 2998 1046 num.
3033 993 3124 1058 51,
3155 996 3304 1064 cujus
3336 993 3452 1046 libri
3471 998 3726 1064 Augustini

2162 1085 2552 1137 auctoritatibus
2576 1094 2619 1138 et
2643 1085 2905 1137 sententiis
2921 1085 3109 1154 passim
3132 1085 3412 1138 abundant.
3445 1087 3587 1141 Idem
3613 1105 3728 1142 nun-

2162 1187 2386 1241 cupatur
2413 1189 2439 1227 a
2470 1174 2766 1245 Raynaudo
2797 1175 2948 1228 Itonia
2972 1177 3024 1228 in
3052 1175 3322 1245 Augustini
3370 1178 3587 1230 lectione
3632 1195 3724 1232 ιγν-

2163 1263 2466 1316 satissimus.
2499 1264 2554 1316 ln
2583 1279 2730 1317 cens.
2767 1261 2914 1316 inoﬂ.
2945 1249 3096 1335 ἔμ’ιο
3155 1263 3342 1336 Valer._
3393 1265 3728 1338 Celaeneus]

2164 1368 2311 1406 cens.
2349 1369 2493 1404 nutu.
2527 1353 2580 1404 ‘2.
2619 1353 2853 1421 Denique
2905 1353 3247 1421 Decampsius
3284 1354 3474 1407 scribit
3509 1373 3522 1406 :
3563 1375 3580 1406 ι
3616 1356 3730 1412 Gre-

2167 1444 2351 1510 gorius
2384 1443 2764 1506 Ariminensis,
2810 1458 2967 1512 quem
3014 1459 3118 1497 non
3143 1446 3264 1497 vita:
3296 1454 3503 1498 tantum
3537 1447 3732 1502 institu~

2167 1546 2252 1596 to,
2294 1535 2388 1589 sed
2442 1537 2603 1588 etiam
2648 1535 2886 1588 doctrina
2934 1535 3288 1603 Augustinum
3338 1536 3507 1591 fuisse
3557 1548 3731 1593 uorut

2166 1641 2374 1690 omnes,
2402 1626 2490 1694 qui
2526 1627 2607 1678 vel
2635 1627 2864 1679 strictim
2893 1628 3008 1694 rjus
3037 1627 3201 1680 libros
3231 1627 3546 1697 attigerunt.
3587 1651 3603 1683 ι
3630 1632 3731 1689 Lib.

2166 1719 2309 1769 inde
2345 1717 2544 1769 "teresi
2574 1715 2747 1782 Jai:s.,
2781 1716 3007 1783 disp.‘3,
3060 1731 3178 1786 cap.
3227 1717 3318 1773 20.
3352 1719 3486 1784 Qum
3513 1723 3732 1778 consulto

485 1819 614 1865 Mm
650 1821 767 1879 post
789 1810 929 1864 diem
960 1809 1143 1878 iudicii
1178 1809 1352 1860 nullus
1381 1816 1482 1859 erit
1518 1807 1764 1875 angelus,
1788 1817 1876 1859 aut
1905 1807 2063 1859 homo
2099 1806 2139 1864 Β
2171 1806 2252 1857 hic
2283 1805 2504 1867 inserui,
2538 1814 2591 1858 ut
2617 1805 2829 1872 planum
2857 1805 2946 1858 lial
2975 1819 3230 1874 quantum
3265 1808 3383 1862 fidei
3419 1810 3727 1875 Arimineusi

481 1915 577 1950 sisi
627 1915 727 1950 aUT
773 1915 818 1950 ιε
870 1913 1040 1950 nemo
1073 1897 1189 1957 DL‘I,
1227 1912 1327 1950 AL‘T
1370 1911 1417 1948 IN
1468 1910 1714 1949 menso.
1759 1915 1774 1944 ι
1815 1895 2062 1962 Explndtt

465 1990 696 2046 ,tertium
729 1989 874 2040 illum
907 1990 1078 2042 locuzu
1111 1985 1382 2039 felicitatis
1425 1986 1696 2046 Secundze,
1725 2001 1879 2054 quem
1908 1985 2064 2052 pleri-

484 2095 586 2144 que
643 2079 877 2147 parvulis
930 2079 1265 2146 promittunt.
1319 2077 1545 2131 Ultimus
1588 2079 1810 2131 accedat
1851 2091 2064 2132 sanctus

485 2171 765 2231 Aelredus,
801 2172 970 2223 sancti
1008 2169 1863 2235 B‘rnatdicontcniporaneus,in
1896 2169 2063 2223 libron

443 2261 694 2326 'SpeCnIi
739 2261 1038 2325 charitatis,
1090 2275 1206 2326 cap.
1265 2259 1350 2311 15$.
1405 2259 1534 2310 Cum
1584 2259 1682 2310 sibi
1733 2259 2060 2326 obiecisset:

490 2372 506 2403 ι
549 2353 804 2406 Paivnlos
839 2368 956 2418 qua:
991 2353 1124 2403 ratio
1162 2350 1360 2403 adduit
1414 2349 1769 2413 dantnationi,
1805 2363 1939 2417 quos
1965 2365 2064 2402 nec

485 2443 687 2495 t-reatio
714 2444 905 2505 malos,
939 2457 1035 2495 nec
1067 2443 1276 2509 propria
1311 2441 1559 2493 voluntas
1604 2441 1730 2495 fecit
1753 2441 2009 2508 injustos?
2042 2460 2058 2492 ι

487 2537 789 2603 llespondet
843 2553 854 2586 :
911 2553 927 2582 ι
986 2533 1121 2599 Quid
1180 2532 1358 2586 enim?
1408 2531 1666 2600 Injustutn
1727 2533 1961 2587 mstitnas
2010 2543 2065 2586 ut

481 2625 682 2693 lignum
714 2625 897 2679 inutile
927 2635 979 2678 et
1029 2624 1416 2677 infructuo~nm
1463 2625 1597 2692 ignis
1658 2623 1944 2692 deposcat?
1975 2624 2066 2678 Co-

481 2721 611 2786 gita,
643 2732 848 2787 quaeso,
884 2726 1052 2771 totum
1106 2716 1394 2770 humanum
1449 2731 1615 2784 genus
1667 2716 1817 2784 quasi
1867 2715 2064 2784 lignum

487 2811 719 2874 aridum,
755 2810 952 2877 lignum
987 2807 1401 2872 infructuosum,
1426 2804 1624 2874 lignum
1659 2805 1710 2858 in
1749 2807 1862 2874 ipsa
1889 2806 2068 2860 radice

488 2902 756 2964 vitiatum,
786 2909 968 2966 utpote
1005 2913 1210 2952 veneno
1233 2896 1436 2965 antiqui
1459 2896 1726 2964 serpentis
1749 2896 2066 2963 iniiciatum,

480 2993 777 3060 justissiinc
807 2990 1074 3043 addictum
1106 2988 1356 3050 ﬂammis,
1405 2988 1510 3055 igni
1542 2989 1887 3052 destinatum,
1918 2989 2068 3056 adju-

481 3083 714 3135 dicalum
746 3078 1094 3133 damnationi.
1115 3077 1251 3142 Quid
1278 3078 1444 3144 ergo?
1475 3078 1738 3140 ingratum
1760 3088 1810 3130 te
1835 3081 2062 3144 prwhes,

2168 1896 2526 1964 pt‘ﬁ‘Slattdttltl
2550 1898 2637 1959 sit,
2673 1897 2760 1950 ubi
2792 1898 2858 1950 de
2892 1899 3173 1967 Augustini
3217 1911 3396 1955 mente
3421 1903 3731 1970 disputatur.

2168 1987 2336 2039 Video
2366 1986 2508 2039 enim
2539 1988 2677 2040 hunc
2724 1987 2983 2056 insignem
3011 1988 3284 2044 doctorim
3329 1976 3616 2062 plerasque
3631 2011 3731 2048 sen-

2169 2079 2362 2132 tcntias
2385 2086 2636 2146 tanquam
2661 2093 2786 2132 vere
2818 2081 3237 2148 Augustinianas
3281 2083 3598 2150 defendere,
3621 2071 3732 2155 quas

2169 2179 2344 2222 tamen
2378 2171 2593 2224 reCenti:
2619 2185 2705 2222 res
2735 2170 2892 2224 veluti
2924 2181 3168 2239 portenta
3212 2188 3272 2226 ac
3302 2176 3576 2243 paradoxa
3607 2195 3730 2246 pror.

2168 2274 2259 2312 sus
2282 2260 2816 2327 anti-Augustiuiana
2848 2261 3115 2330 rejiciunt.
3147 2263 3238 2317 llic
3269 2266 3449 2332 itaque
3475 2271 3559 2322 vir
3582 2270 3730 2324 subl?-

2167 2349 2402 2402 lissimus
2423 2350 2700 2418 Augustini
2717 2353 3089 2407 auctoritatem
3114 2358 3383 2411 communi
3414 2360 3564 2414 illius
3585 2365 3731 2416 anatis

2167 2440 2609 2495 seltolasdcorum
2669 2445 2847 2496 sensui
2904 2447 3213 2512 prmposuit.
3274 2449 3534 2504 Alhertus
3593 2454 3730 2506 etiam

2169 2532 2411 2598 Magnus,
2444 2533 2494 2584 in
2520 2533 2764 2598 Summa,
2791 2543 2945 2588 tract.
2981 2537 3066 2604 18,
3104 2538 3436 2606 probabilem
3477 2545 3728 2612 Augustini

2170 2623 2496 2676 sententiam
2531 2622 2748 2688 fatetur,
2777 2626 2849 2678 uti
2874 2626 3033 2680 etiam
3067 2627 3368 2696 Polmanus,
3398 2631 3595 2687 doctor
3624 2635 3729 2688 Dua-

2170 2715 2367 2779 censis,
2392 2715 2442 2766 in
2474 2715 2618 2769 calce
2651 2715 2904 2768 Breviarii
2932 2716 3237 2786 theologici,
3271 2736 3420 2775 num.
3470 2723 3588 2778 ἴθι).
3610 2722 3729 2778 Con-

2171 2806 2409 2859 sentiunt
2441 2805 2700 2868 Sannius,
2730 2816 2883 2859 tract.
2916 2808 2981 2862 de
3015 2808 3270 2863 Extremo
3293 2811 3535 2880 Judicio,
3577 2831 3678 2884 cap.
3707 2815 3731 2864 li

2171 2907 2222 2949 et
2257 2897 2319 2961 7;
2357 2898 2568 2964 Driedo,
2606 2899 2695 2951 lib.
2721 2915 2736 2950 ι
2763 2899 2831 2954 de
2853 2899 3037 2954 Gratia
3058 2910 3108 2954 ct
3135 2902 3302 2956 lihero
3323 2905 3572 2972 arbitrio,
3599 2915 3728 2962 lrac'.

2170 2987 2220 3050 5,
2243 3002 2361 3055 cap.
2390 2987 2444 3052 2,
2482 2996 2619 3056 part.
2679 3005 2714 3041 ι.
2764 2990 2834 3042 Ex
2884 2992 3269 3058 Augustiniana
3314 2993 3521 3048 familia
3567 3007 3732 3065 pra-ter

2171 3077 2483 3144 Gregorium
2511 3078 2628 3132 fuse
2647 3079 2889 3132 eamdem
2913 3085 3233 3135 sententiam
3262 3091 3483 3138 tuentur
3511 3085 3732 3156 Augusti-

481 3189 512 3221 o
548 3171 744 3237 lignum
778 3168 1000 3220 inutile!
1031 3160 1170 3233 quod
1196 3167 1408 3232 quidam
1434 3167 1722 3218 ramusculi
1754 3181 1781 3217 a
1813 3175 1898 3219 tua
1934 3183 2065 3232 prae-
2093 3157 2138 3216 C
2174 3183 2271 3220 ntts
2300 3168 2525 3221 Musmus
2560 3168 2610 3222 in
2657 3171 3010 3241 Apologetiro
3038 3177 3100 3226 ad
3131 3175 3346 3229 Paulum
3399 3177 3491 3242 Ill,
3550 3179 3732 3249 Alipitts

482 3271 689 3310 mortua
725 3257 933 3324 prtecisi
965 3255 1144 3307 radice
1177 3253 1476 3321 eripiuntur
1506 3253 1780 3320 incendio,
1801 3263 2063 3322 quatenus

482 3348 646 3416 stipiti
670 3346 882 3401 cuidam
914 3345 1189 3399 fructuoso
1212 3338 1397 3398 inserti
1440 3345 1678 3413 pristina:
1706 3345 1932 3399 libertati
1965 3346 2062 3399 do-

486 3448 698 3493 nentur.
743 3459 760 3490 )
799 3437 967 3505 llujus
995 3437 1164 3492 sancti
1197 3436 1449 3504 llegulam
1503 3437 1618 3506 lege
1668 3436 1806 3505 apud
1863 3436 2065 3492 llolste-

483 3533 655 3595 nium,
685 3547 803 3600 pag.
841 3530 964 3596 187,
997 3539 1146 3599 parte
1194 3546 1229 3583 ιι
1276 3527 1621 3585 Collectionis
1669 3529 1941 3583 Romanas.
1983 3529 2062 3583 Ex

482 3625 571 3678 his
602 3635 745 3691 patet
773 3639 928 3690 quam
964 3623 1098 3677 lalso
1139 3622 1337 3675 dixerit
1387 3621 1623 3676 Adamus
1673 3637 1843 3674 omnes
1887 3619 2065 3674 Patres

481 3728 660 3770 rontra
693 3717 1036 3787 Augustinum
1068 3725 1221 3767 stare.
1253 3714 1412 3768 Certe
1447 3729 1619 3782 neque
1660 3714 1818 3769 Pater
1845 3714 2062 3780 Suarez,

483 3823 658 3875 neque
692 3807 846 3859 Pater
879 3805 1119 3868 Vasqtn-z
1151 3820 1271 3857 eum
1323 3803 1619 3871 Augustino
1646 3820 1706 3858 ea
1741 3806 1790 3857 in
1831 3820 1886 3858 re
1935 3820 2063 3859 con-

485 3897 723 3955 veniunt,
747 3905 802 3947 at
829 3896 960 3947 bene
985 3888 1224 3947 sanctum
1277 3895 1550 3948 doctorem
1591 3895 1756 3949 secuti
1787 3905 1911 3950 sunt
1932 3910 2048 3949 om-

481 4001 577 4038 nes
609 3983 777 4035 Latini
821 3984 1027 4046 Patres,
1071 3984 1160 4050 qui
1204 3987 1628 4038 controversiam
1680 3985 1822 4038 illam
1854 3999 2066 4053 quoquo

484 4071 644 4124 modo
689 4070 998 4138 attigerunt,
1048 4072 1100 4124 in
1129 4087 1354 4141 quorum
1391 4074 1627 4129 lectione
1659 4074 1895 4128 Adamus
1924 4084 2065 4130 totus

482 4159 679 4225 hospes
711 4157 829 4211 fuit.

553 4248 677 4302 llaec
707 4247 888 4316 itaque
913 4250 1147 4317 antiqua:
1179 4251 1526 4306 Ecclesize‘ac
1561 4255 1780 4307 sanctis
1821 4255 2064 4309 Patrihus

475 4339 548 4393 de
580 4337 858 4391 infantium
893 4340 1063 4406 pcenis
1096 4343 1357 4395 sententia
1390 4346 1559 4408 stetit,
1603 4345 1773 4398 donec
1826 4355 1944 4414 post
1969 4347 2066 4400 du-

479 4436 830 4490 centesimum
879 4448 1038 4497 supra
1089 4434 1433 4488 millesimum
1485 4453 1684 4491 annum
1739 4437 2062 4492 Christianae

2169 3259 2364 3329 [leylof
2391 3261 2568 3328 Belga,
2606 3262 2700 3316 lib.
2737 3279 2826 3317 vtu
2856 3266 2922 3318 de
2954 3267 3142 3320 Anima
3184 3269 3248 3321 ad
3299 3281 3542 3326 mentem
3587 3273 3731 3327 sancti

2170 3350 2342 3406 Patris
2367 3352 2672 3421 Augustini,
2703 3370 2820 3422 cap.
2854 3358 2909 3423 9.,
2967 3358 2992 3428 §
3040 3362 3131 3423 15;
3167 3361 3387 3416 M’chael
3423 3364 3728 3428 Paludanus,

2167 3443 2394 3513 insignis
2422 3443 2614 3498 doctor
2648 3446 3016 3517 Lovaniensis,
3061 3453 3113 3506 in
3157 3455 3377 3522 ep3stola
3410 3458 3480 3511 ad
3503 3461 3731 3512 Courium

2168 3536 2629 3607 archiepiscopum
2673 3540 3090 3610 Thuamensem,
3122 3563 3238 3614 qua:
3264 3549 3460 3618 legitur
3495 3552 3548 3606 in
3577 3552 3734 3605 limine

2169 3625 2290 3680 libri
2322 3628 2563 3696 ejusdem
2589 3632 2768 3685 Conrii
2801 3649 2924 3687 mox
2957 3635 3228 3691 laudandi.
3259 3639 3500 3707 Denique
3529 3642 3732 3697 Carolus

2168 3715 2382 3770 Moreau
2415 3718 2620 3786 Gallus,
2656 3731 2800 3776 tomo
2832 3725 2845 3776 Ι
2876 3725 2956 3777 sui
2989 3724 3323 3791 Tertulliani,
3365 3741 3508 3797 part.
3546 3749 3600 3797 ιι,
3632 3749 3731 3802 pag.

2167 3804 2234 3858 89
2259 3816 2311 3860 et
2343 3821 2478 3876 seq.,
2515 3811 2599 3862 ubi
2630 3811 2704 3863 ait
2740 3831 2749 3864 :
2787 3831 2804 3863 ι
2839 3817 3130 3871 Attendunt
3153 3826 3208 3870 ct
3237 3818 3287 3871 lii
3324 3822 3410 3885 qui
3443 3825 3616 3877 solam
3641 3839 3734 3894 put-

2169 3910 2290 3949 nam
2315 3896 2493 3951 damni
2530 3900 2579 3952 in
2613 3903 2690 3954 eis
2721 3902 3028 3971 admittunt,
3063 3923 3120 3960 se
3144 3907 3212 3961 ab
3241 3909 3459 3976 an'iquo
3499 3915 3734 3968 ECtlESiil!

2167 3995 2220 4038 et
2248 3985 2460 4040 Patrum
2496 4003 2655 4043 $803“
2687 4007 2807 4045 esse
2829 3996 3239 4054 remotiSsimos.
3270 4017 3286 4049 ι
3327 3999 3400 4053 lbi
3428 4005 3579 4057 enim
3606 4005 3733 4072 plura

2167 4072 2383 4128 Patrum
2417 4078 2721 4134 testimonia
2741 4081 2941 4151 laudat,
2967 4101 3087 4153 quze
3111 4096 3287 4142 tamen
3312 4089 3379 4142 de
3401 4091 3736 4148 damnatiuie

2165 4169 2414 4234 generice
2443 4181 2654 4240 sumpta
2689 4173 3066 4244 intelligendos
3103 4195 3223 4234 esse
3273 4181 3426 4236 facile
3455 4186 3733 4240 adversaiii

2165 4258 2380 4325 dicent;
2409 4276 2584 4330 neque
2617 4265 2760 4317 enim
2791 4265 3008 4330 Gelasii,
3043 4271 3205 4333 Aviti,
3240 4271 3445 4336 lsidori,
3478 4273 3736 4329 Prudentii

2163 4348 2508 4419 aliorumque
2538 4357 2884 4410 auctoritates
2907 4359 3176 4424 produxit,
3208 4377 3341 4430 qttas
3372 4380 3470 4422 nos
3507 4371 3735 4436 superius

2170 4442 2462 4498 attulimus.
2498 4446 2595 4498 llic
2626 4459 2801 4504 tamen
2840 4449 3258 4521 Angustinianos
3318 4459 3610 4522 plurimum
3658 4460 3736 4512 dr-

480 4526 697 4595 epoclnn
728 4540 878 4579 novte
906 4524 1187 4592 opiniones
1216 4540 1242 4576 a
1285 4518 1626 4582 scholasticis
1655 4545 1895 4598 procusa:
1917 4541 2058 4586 sunt.
2096 4508 2140 4565 θ
2165 4534 2291 4588 bere
2321 4536 2491 4590 fateor
2518 4539 2842 4595 dOCIiSsitttiS
2871 4543 3179 4614 Seraphicte
3217 4548 3433 4602 fainilim
3480 4551 3733 4615 Patiibtn,

482 4617 580 4682 Qui
610 4617 655 4668 si
689 4615 738 4668 in
765 4613 994 4666 Patrum
1029 4613 1394 4667 voluminibus
1423 4623 1623 4669 tantum
1647 4616 1808 4671 studii
1829 4633 1892 4672 ac
1915 4619 2062 4673 labo-

483 4706 558 4760 ris
608 4703 936 4773 posuissent,
991 4713 1248 4770 quantmn
1290 4702 1561 4756 Aristoteli
1600 4705 1919 4774 explicando
1959 4710 2057 4763 im-

485 4795 742 4862 pendere,
777 4797 1020 4864 profecto
1050 4795 1219 4848 sancti
1267 4793 1550 4861 Augustini
1601 4797 1922 4852 sententiam
1956 4816 2059 4854 non

487 4886 859 4950 obduxisscnt,
920 4902 1088 4954 neque
1136 4902 1320 4940 eorum
1371 4885 1610 4954 plerique
1651 4886 2060 4956 Pelagianorum

487 4972 814 5038 opinionem,
874 4976 1014 5042 quod
1069 4977 1365 5031 naturalem
1399 4975 1541 5028 illam
1573 4991 1858 5044 puerorum
1893 4979 2060 5036 Leati-

486 5069 648 5114 tatem
673 5061 879 5126 attinet,
899 5064 1172 5119 hominum
1202 5066 1471 5121 mentibus
1494 5077 1597 5120 tant
1617 5067 1722 5121 alte
1741 5068 2056 5125 inﬁxissent.

487 5155 686 5207 Verum
715 5161 857 5205 tanta
892 5155 988 5206 fuit
1023 5157 1100 5209 vis
1126 5161 1388 5227 veritatis,
1442 5175 1504 5215 ac
1550 5171 1750 5216 tantum
1783 5164 2058 5233 Augustini

485 5247 779 5300 auctoritas
807 5245 994 5311 valuit,
1029 5253 1084 5299 ut
1115 5249 1358 5319 plerique
1407 5253 1569 5307 etiam
1621 5254 2057 5313 scholasticorum

487 5336 712 5404 pedibus
743 5336 795 5389 in
828 5337 1107 5403 Augustini
1139 5342 1460 5394 sententiam
1503 5345 1697 5400 ierunt.
1727 5346 1932 5402 Primus
1964 5350 2060 5403 fuit.

485 5431 782 5496 Gregorius
810 5428 1190 5498 Ariminensis,
1224 5432 1602 5488 subtilissimus
1631 5438 1861 5506 antiquae
1915 5441 2060 5495 Pari-

477 5519 686 5573 siensis
716 5519 913 5574 schola:
943 5519 1154 5584 doctor,
1186 5523 1272 5591 qui
1326 5536 1510 5590 poenas
1563 5527 1846 5582 sensibiles
1899 5532 2063 5584 infan~

475 5609 616 5659 1mm
645 5612 905 5665 acerrime
934 5614 1185 5666 sustinuit
1220 5617 1270 5668 in
1298 5613 1331 5666 9.
1364 5615 1784 5683 Sententiarum,
1819 5621 1945 5676 dist.
1971 5626 2055 5690 ΞΟ,

481 5709 678 5761 qnmst.
713 5701 764 5751 5.
802 5701 984 5756 Nu'lus
1014 5715 1188 5758 autem
1239 5715 1476 5764 veterum
1525 5699 1966 5768 scliolasticmum
2003 5718 2052 5771 in

2166 4628 2383 4681 totidem
2432 4632 2574 4684 enim
2628 4649 2722 4698 pro
2783 4634 3173 4703 Augustiuiana
3204 4643 3496 4707 sententia,
3530 4653 3656 4712 quot
3679 4658 3732 4694 et

2167 4720 2380 4781 nostris,
2433 4731 2575 4775 stare
2627 4725 2801 4778 video.
2860 4727 3166 4793 Alphonsus
3197 4744 3225 4781 a
3257 4729 3468 4795 Castro,
3524 4732 3738 4801 insignis

2167 4811 2464 4879 theologus,
2501 4813 2550 4866 in
2577 4814 2667 4868 lib.
2701 4817 2956 4871 adversus
2988 4820 3204 4884 hteres.,
3237 4837 3289 4874 v.
3324 4821 3648 4890 Baptismus,
3672 4825 3737 4873 ait

2169 4915 2360 4969 pueros
2383 4905 2629 4972 originali
2659 4908 2884 4961 infectos
2913 4926 3033 4964 esse
3061 4917 3304 4979 gehemtw
3331 4915 3596 4970 obnoxios.
3625 4917 3736 4967 Mat-

2172 4993 2308 5049 thias
2342 4995 2610 5051 llauzerus
2643 4999 2779 5052 idem
2815 4999 2970 5054 docet
3020 5011 3152 5057 tom.
3213 5003 3257 5057 ll
3305 5005 3603 5060 Anatomia:
3635 5007 3734 5059 Au-

2169 5087 2502 5153 gustiuianm,
2555 5105 2672 5157 pag.
2724 5089 2844 5142 7554.
2896 5092 3039 5147 idem
3093 5096 3254 5150 etiam
3285 5097 3483 5152 docent
3510 5099 3734 5152 Joannes

2171 5177 2396 5230 Pnncins
2431 5180 2714 5242 llibcrnus,
2752 5181 2891 5250 disp.
2950 5185 3014 5237 18
3071 5187 3269 5241 Cursus
3299 5189 3604 5258 theologici,
3638 5199 3734 5240 tota

2169 5271 2466 5335 qut‘stione
2493 5272 2545 5332 6,
2582 5284 2632 5324 et
2667 5272 2718 5324 in
2772 5276 3172 5331 Commentario
3206 5281 3254 5332 in
3284 5281 3319 5332 2
3350 5283 3731 5336 Sententiarum

2164 5359 2332 5421 Scoti,
2363 5360 2489 5412 dist.
2524 5359 2623 5425 53;
2661 5363 2716 5415 1⁵.
2748 5363 2988 5432 Macedo,
3020 5367 3111 5420 lih.
3149 5385 3197 5421 tv
3227 5371 3292 5424 de
3320 5371 3597 5434 Clavibns,
3621 5385 3726 5437 cap.

2161 5450 2252 5513 '18,
2282 5459 2454 5502 contr.
2479 5451 2546 5505 de
2578 5450 2804 5509 Peccatn
2831 5457 2991 5525 orig.,
3011 5469 3143 5512 sect.
3169 5459 3231 5524 Ei;
3255 5476 3480 5532 quorum
3509 5463 3730 5517 omnium

2165 5541 2338 5593 studia
2372 5543 2489 5594 vicit
2513 5542 2816 5600 Florentius
2841 5551 3091 5614 Courius,
3110 5553 3550 5622 archiepiscOpus
3572 5553 3714 5606 Tliua

2166 5633 2383 5693 mensis,
2420 5635 2625 5704 integro
2651 5653 2699 5705 pi
2716 5653 2747 5690 ο
2770 5637 2939 5694 sancti
2967 5643 3244 5708 Augustini
3269 5645 3563 5699 assertione
3586 5645 3727 5695 volu-

2166 5723 2306 5775 mine
2337 5724 2608 5790 evulgato,
2641 5729 2689 5780 in
2725 5744 2829 5796 quo
2875 5730 3146 5788 fusissime
3175 5751 3235 5789 es
3271 5737 3438 5790 sacris
3471 5734 3656 5790 litteris
3683 5750 3711 5786 ε
