3892 6306
146 377 238 429 0313

1261 359 1460 415 VlNDlt
1476 356 1580 410 ΜΞ
1623 352 2180 410 ΛυϐἱἻΞΤᾸΣΗᾹΝᾸΞ.

3280 347 3382 412 (Ζὅῷ

145 481 424 547 Augustino
457 477 740 533 sensibiles
769 474 1046 530 infantium
1079 485 1265 540 pmnas
1296 468 1701 522 demonsuavit.
1737 474 1781 530 Α
1812 463 1875 514 iis
1937 462 2166 514 ltlirt'l'iis
2220 473 2350 531 quas
2398 457 2446 510 in
2505 467 2688 511 natura
2731 473 2862 526 pura
2903 456 3184 520 subiisset;
3217 473 3386 527 quare

147 577 349 628 Patrum
367 579 545 624 tamen
577 568 884 621 testimonia
907 564 1108 627 omisit,
1129 573 1264 614 unus
1293 559 1434 613 enim
1457 558 1706 626 Angusti-

143 682 234 719 nus
264 667 425 718 instar
449 663 688 716 omnium
721 660 795 711 illi
842 658 958 711 fuit.
1003 656 1096 709 llic
1142 661 1318 706 autem
1353 666 1471 704 cum
1520 664 1639 716 cap.
1671 649 1706 701 ‘2

143 756 399 808 retulisset
451 753 736 820 plerosque
786 762 852 801 ea
901 748 951 801 in
982 745 1235 814 Opinione
1267 740 1620 809 Augustinum
1653 737 1704 789 in

140 857 382 898 excessus
437 841 743 909 prolapsum
800 840 1130 896 sentientes,
1177 848 1294 901 qtta:
1349 828 1705 883 recentiorum

139 934 395 987 cantilena
425 939 526 993 est,
551 929 691 980 haud
722 927 822 979 sibi
851 935 1148 992 temperare
1176 921 1344 990 potuit
1372 919 1495 987 quin
1525 917 1704 969 excla-

141 1034 299 1080 maret
334 1042 345 1076 :
385 1043 401 1073 ι
438 1023 482 1076 Ο
536 1035 719 1074 vocem
771 1033 875 1071 non
927 1017 1099 1070 solum
1149 1015 1299 1068 imirre
1353 1008 1709 1065 animositatis

142 1120 364 1183 plenam,
392 1113 485 1167 sed
520 1111 725 1180 injuria:
755 1110 806 1163 in
839 1110 1213 1176 Augustinum,
1239 1103 1465 1171 ejusque
1496 1107 1708 1153 sanctos

139 1208 556 1274 tuimmgistios,
581 1213 634 1256 et
669 1203 719 1255 itt
752 1203 918 1270 ipsam
969 1199 1151 1254 sedem
1184 1194 1534 1264 apestolicam
1576 1190 1708 1243 inite

139 1287 526 1366 |iLritissititaittl
568 1314 587 1347 ι
628 1292 794 1348 Video
823 1292 963 1345 hunc
1012 1289 1383 1342 doctissimum
1412 1284 1706 1338 antistitem

137 1391 307 1443 vocari
336 1406 362 1439 a
393 1387 655 1439 Morainio
699 1397 960 1437 novorum
1008 1381 1274 1449 dogmatis
1301 1393 1448 1430 arum
1481 1373 1710 1441 prodro-

139 1496 300 1543 mttm,
331 1493 450 1532 cum
483 1487 658 1527 tamen
689 1471 1116 1540 antiquisimam
1150 1469 1360 1521 Patrum
1390 1464 1706 1517 sententiam

136 1569 570 1640 propugnaverit.
631 1572 695 1618 At
750 1562 889 1633 quod
937 1564 986 1615 in
1034 1562 1213 1614 limine
1259 1557 1372 1611 libri
1428 1555 1705 1624 Augustini

136 1677 328 1716 nomen
358 1655 652 1724 inscripsit,
686 1669 745 1706 ac
790 1652 1129 1721 peregrinum
1185 1646 1606 1702 Jcricliontintun
1658 1645 1708 1696 in

134 1757 238 1807 aiio
288 1748 560 1802 volumine
603 1743 912 1809 descripsit,
961 1741 1010 1793 in
1051 1754 1158 1806 quo
1208 1738 1452 1789 humana:
1509 1745 1711 1784 natnrm

1808 566 1928 604 cum
1991 563 2263 618 peceatum
2316 548 2535 616 originis
2581 563 2676 615 per
2727 563 2785 601 se
2825 547 3100 601 sustulerit
3129 548 3385 614 justitiam

1809 643 2141 711 originalem.
2177 656 2272 710 per
2294 639 2545 694 accidens
2577 640 2781 692 induxit
2814 639 3075 693 miserias.
3100 638 3246 692 lianc
3278 655 3391 693 res-

1817 733 2130 800 ponsionem
2160 730 2185 798 ᾗ
2214 730 2248 782 2
2270 744 2419 796 Supct
2437 729 2516 782 ius
2539 728 2884 797 cxplosimus,
2909 743 3067 796 quam
3091 741 3276 780 rursus
3304 728 3390 780 ltie

1812 824 2027 893 egregio
2059 823 2370 876 teStimonio
2402 821 2700 890 Augustini,
2738 821 2830 873 lib.
2859 835 2908 872 ιιι
2942 819 3131 888 Operis
3153 820 3387 886 impert,

1809 935 1927 987 cap.
1961 917 2050 980 '57,
2085 917 2402 970 rel'ellimus.
2445 933 2461 966 ι
2503 915 2708 976 Restat,
2768 913 2954 982 inquit,
3006 923 3060 966 tit
3117 914 3236 976 ista,
3267 928 3389 981 qua:
3426 921 3430 928 '

1812 1026 1953 1063 nunc
2005 1018 2086 1063 est
2126 1009 2352 1081 (scilicet
2403 1023 2549 1060 mors
2597 1006 2883 1080 corporis),
2917 1007 3026 1072 ipsa
3078 1005 3387 1078 novissima,

1812 1101 1914 1155 hoc
1960 1110 2064 1164 est,
2119 1101 2171 1152 in
2206 1101 2308 1153 line
2337 1101 2660 1162 destruatur,
2704 1098 2915 1164 quando
2945 1098 3037 1150 ﬁet
3065 1074 3390 1151 resurrectio

1811 1195 2008 1252 carnis,
2043 1200 2097 1243 ut
2131 1206 2235 1243 non
2265 1189 2331 1243 sit
2364 1204 2523 1258 porro
2573 1190 2811 1253 inimica,
2846 1189 3116 1257 quomodo
3144 1197 3310 1252 esset,
3343 1188 3387 1240 si

1810 1287 2070 1340 naturalis
2101 1287 2171 1339 ita
2203 1294 2365 1348 esset,
2397 1294 2453 1338 ut
2500 1286 2724 1351 pmaalis
2776 1300 2880 1337 non
2930 1294 3102 1348 esset;
3160 1283 3390 1352 poenalis

1811 1385 1986 1430 autem
2029 1381 2126 1430 δυ’»
2171 1375 2320 1443 justo
2371 1387 2423 1429 et
2479 1375 2848 1444 omnipotente
2898 1355 3214 1442 Dt'ojndice
3246 1375 3390 1426 ιιιιιτυ

1810 1478 1967 1536 pacto
1997 1475 2159 1528 essm,
2197 1467 2295 1520 nisi
2350 1467 2555 1519 meritis
2607 1467 2807 1534 precati
2863 1464 3169 1519 acridLsset.
3203 1481 3222 1515 ι
3259 1463 3390 1518 Cum

1811 1567 1987 1611 autem
2015 1573 2161 1610 mors
2191 1557 2417 1624 poenalis
2449 1557 2661 1621 dicito",
2695 1572 2798 1609 non
2834 1556 2955 1611 ideo
2992 1556 3188 1610 dicitur
3216 1554 3286 1619 ob
3310 1571 3393 1617 re-

1816 1647 2069 1699 lationem
2133 1663 2290 1714 qnam
2351 1648 2508 1700 liabet
2561 1647 2624 1700 ad
2659 1647 2890 1715 culpam,
2924 1646 3075 1716 enjus
3101 1645 3212 1714 ipsa
3241 1660 3394 1714 poena

1820 1740 1906 1805 sit,
1937 1738 2028 1791 sed
2065 1739 2270 1805 pugnale
2297 1738 2555 1804 accipitur
2585 1739 2650 1789 ab
2716 1737 3033 1804 Augusuno,
3065 1735 3203 1803 quod
3237 1735 3397 1788 inl‘crt

133 1856 306 1896 suus
352 1843 497 1908 juxta
545 1835 822 1904 Augustini
873 1841 1104 1884 mentem
1157 1828 1371 1894 egregie
1421 1823 1704 1890 explicuit,
1743 1827 1783 1883 ι]
1813 1830 2108 1881 cruciatum
2143 1837 2193 1880 et
2227 1827 2490 1891 antorem,
2521 1828 2659 1879 unde
2690 1837 2741 1879 et
2773 1841 2928 1893 pinna
2977 1825 3077 1878 alia
3125 1823 3394 1892 estjusta,

135 1936 258 1985 hinc.
282 1940 336 1983 et
369 1944 485 1996 nnps
509 1928 600 1989 ris,
645 1938 778 1992 quos
809 1922 1063 1989 appellat,
1115 1915 1452 1982 dogmatistis
1480 1927 1712 1982 pta-enr-

136 2040 221 2076 sor
249 2025 429 2084 datus,
463 2027 665 2071 tantum
691 2012 890 2067 Conrio
931 2013 1082 2064 stetit
1132 2008 1482 2084 Augustinum
1528 2003 1712 2059 delen-

138 2116 299 2168 disse.
338 2112 398 2163 Ili
425 2123 551 2177 ergo
582 2104 946 2160 subtilissimae
973 2099 1169 2154 schola:
1211 2082 1564 2164 professores,
1591 2092 1714 2144 lcet
1743 2084 1745 2086 ’

139 2206 263 2259 alias
291 2203 455 2256 Scoto
486 2195 861 2256 addictissitni,
884 2207 1001 2245 cum
1049 2189 1354 2258 magistrum
1387 2186 1437 2238 itt
1466 2181 1712 2252 pra-senti

135 2290 497 2350 (ἰοειιιίινιὶΐδίὶὶ
529 2304 646 2342 cum
682 2285 978 2352 Augustino
1011 2281 1189 2333 minus
1216 2275 1507 2330 convenire
1553 2271 1711 2325 intel—

141 2389 381 2456 l‘.gerent,
418 2378 658 2449 religioni
685 2376 954 2430 duxerunt
980 2371 1200 2424 Scotum
1246 2365 1544 2435 Augustino
1574 2377 1711 2430 pm:-

141 2454 354 2547 pnnere.
396 2475 503 2527 lino
530 2486 594 2526 eo
626 2470 761 2522 laeto
794 2466 957 2534 ipsius
981 2461 1150 2528 Scoti,
1179 2460 1222 2514 si
1257 2473 1359 2511 non
1390 2454 1708 2516 doctrinam,

140 2546 322 2623 saltem
352 2565 656 2632 exemplum
700 2559 868 2614 secuti
918 2562 1063 2610 sunt.
1097 2551 1304 2607 Etenim
1335 2546 1715 2603 subtilissimus

143 2663 226 2714 ille
257 2663 540 2713 doctorum
575 2662 780 2706 tantum
827 2646 1121 2715 Augustino
1169 2642 1378 2701 detulit,
1429 2647 1484 2689 ιιι
1531 2637 1717 2688 Patres

143 2755 398 2812 Minores,
426 2751 478 2800 in
505 2745 686 2800 libello
719 2739 940 2809 supplici
967 2732 1205 2790 exhibito
1243 2728 1448 2784 senatui
1477 2725 1737 2792 Castellce,

143 2857 276 2897 anno
308 2840 468 2903 l628,
501 2852 604 2906 quo
629 2835 993 2902 juramentum
1039 2822 1480 2881 Salmanticensis
1535 2818 1722 2871 acade-

145 2939 258 2990 inire
291 2946 388 3001 pro
419 2924 747 2982 defendenda
795 2920 1038 2976 doctrina
1089 2915 1259 2970 sancti
1310 2913 1555 2974 'l'liomm,
1581 2907 1721 2975 quod

149 3024 586 3094 diligentissimus
644 3012 922 3085 Augustini
973 3007 1268 3076 discipulus
1317 3004 1435 3067 fuit,
1472 3013 1722 3070 tanquam

154 3118 346 3172 doctori
401 3112 586 3168 subtili
643 3107 956 3176 injuriosum
992 3099 1330 3161 deferebant,
1364 3095 1476 3148 lucc
1504 3081 1735 3160 scripse—l

1817 1919 1917 1972 alia
1951 1917 2142 1986 injusta
2183 1933 2412 1984 :nempe
2470 1917 2662 1985 injusta
2715 1925 2818 1981 est,
2869 1931 2986 1984 qua:
3026 1916 3142 1968 sine
3196 1917 3396 1983 praevio

1816 2010 2082 2065 dcmerito
2117 2010 2386 2064 innocenti
2419 2027 2444 2062 a
2477 2019 2703 2078 tyranno
2733 2009 3006 2077 inﬂigitur.
3038 2008 3104 2060 At
3131 2023 3271 2060 mors
3304 2021 3398 2059 ne-

1818 2103 1930 2169 quit
1963 2116 2081 2156 esse
2100 2100 2383 2162 naturalis,
2411 2109 2466 2152 nt
2494 2113 2596 2151 non
2626 2100 2691 2152 sit
2715 2098 2961 2166 prnnalis.
2987 2099 3193 2153 Etenim
3217 2097 3391 2149 anima

1818 2205 1845 2244 a
1873 2205 2102 2258 corpOre
2145 2189 2382 2256 separari
2417 2204 2519 2241 non
2555 2197 2749 2255 potest,
2787 2188 2885 2241 nisi
2939 2188 3150 2254 prteviis
3195 2186 3398 2240 morbis

1817 2292 1869 2336 et
1897 2273 2327 2344 doloribus,sive
2361 2282 2392 2334 ii
2427 2278 2564 2352 longi
2592 2279 2719 2342 sint,
2744 2280 2858 2333 sive
2888 2279 3111 2342 breves;
3141 2277 3228 2346 qui
3251 2276 3396 2331 enim
3425 2285 3429 2290 ‘

1817 2375 2007 2428 breves
2061 2382 2187 2426 sunt
2241 2372 2416 2442 magni
2477 2383 2620 2428 sunt.
2683 2372 2823 2439 Ergo
2861 2385 2926 2424 ex
2970 2379 3154 2424 saneto
3178 2370 3400 2422 doctore

1819 2466 2000 2535 nequit
2027 2480 2170 2520 mors
2192 2480 2320 2519 esse
2350 2466 2610 2519 naturalis
2637 2464 2738 2516 sub
2774 2463 2919 2532 justo
2941 2471 3000 2516 .et
3032 2461 3400 2529 omnipotente

1821 2555 1952 2618 ilco,
1984 2556 2069 2623 qui
2108 2565 2358 2622 tanquam
2388 2554 2568 2622 justus
2599 2570 2703 2608 non
2727 2553 2988 2621 inﬂigeret
3010 2552 3205 2604 malum
3232 2565 3404 2616 pmnze

1823 2641 1938 2694 sine
1969 2643 2144 2708 culpa,
2182 2651 2432 2709 tanquam
2465 2644 2804 2708 omnipotens
2835 2655 2940 2692 non
2983 2637 3183 2692 sineret
3212 2640 3279 2692 ab
3298 2638 3403 2690 alio

1824 2732 1918 2783 tot}
1954 2730 2226 2784 innocenti
2260 2742 2460 2784 natura:
2493 2733 2676 2799 intligi.
2712 2731 2845 2784 lline
2868 2731 3060 2783 clamat
3091 2729 3279 2783 eodem
3309 2730 3402 2783 lib.

1827 2837 1894 2885 γι,
1933 2837 2050 2890 cap.
2085 2822 2156 2875 20
2187 2839 2199 2875 :
2233 2842 2248 2873 ι
2285 2824 2468 2892 beqne
2496 2825 2637 2877 enim
2667 2822 2768 2876 sub
2800 2823 2907 2875 Deo
2930 2823 3072 2888 justo
3102 2820 3267 2874 miser
3288 2835 3407 2875 esse

1826 2911 2128 2978 quisquam,
2170 2910 2268 2964 nisi
2297 2925 2587 2974 mereatur,
2620 2918 2816 2978 potest.
2852 2928 2869 2960 ι
2925 2909 3206 2976 Quomodo
3233 2919 3408 2965 autem

1829 3001 2018 3064 Adam,
2055 3001 2179 3053 licet
2199 3015 2263 3055 ex
2295 3001 2576 3055 cientcnlis
2605 3011 2658 3056 et
2689 3015 2916 3069 corpore
2947 3000 3162 3054 animali
3191 3015 3414 3068 compo-

1829 3095 1987 3158 situs,
2015 3094 2309 3148 moriturus
2341 3110 2444 3159 non
2478 3094 2680 3159 fuisset,
2703 3095 2915 3164 egregie
2947 3095 3178 3162 explicat
3201 3103 3413 3160 sanctus

153 3214 251 3264 rint
283 3227 296 3263 :
329 3227 348 3260 ι
387 3207 582 3261 Scottis
611 3199 744 3254 adeo
761 3193 1170 3264 Augusdniana:
1197 3187 1456 3242 doctrina:
1486 3183 1728 3237 addictus
1760 3186 1804 3246 C
1835 3183 2024 3236 doctor
2055 3184 2276 3250 ibidem,
2328 3200 2448 3254 cap.
2508 3185 2597 3240 59.
2631 3186 2758 3250 Sed,
2789 3185 2872 3239 bis
2899 3185 3135 3249 omissis,
3168 3175 3420 3240 cominus-

155 3302 262 3363 lnit,
289 3310 346 3354 ut
373 3301 425 3353 in
457 3295 592 3351 solis
616 3288 931 3357 tlicologicis
951 3279 1349 3339 commentariis
1375 3275 1727 3342 octingenties

155 3407 210 3447 ac
235 3389 547 3461 quindecies
574 3394 815 3438 sanetum
845 3375 1197 3446 Augustinum
1231 3370 1281 3423 in
1305 3380 1517 3422 suarum
1555 3377 1724 3417 asser-

156 3484 343 3536 tionum
389 3488 585 3534 testem
620 3469 917 3542 protulerit,
983 3486 1000 3518 ι
1049 3474 1154 3518 etc.
1190 3462 1317 3528 Qua:
1347 3459 1518 3511 aliave
1547 3455 1727 3522 legere

156 3574 343 3641 poteris
402 3581 555 3625 tomo
611 3564 774 3634 priori
818 3558 1074 3615 Historia:
1108 3549 1510 3621 Attgttstinianm
1541 3546 1731 3609 lliSpa-

155 3636 261 3717 iiice
281 3663 501 3729 scripta:
528 3671 553 3707 a
589 3656 747 3709 Petro
776 3651 842 3703 de
867 3648 1092 3714 Campo,
1142 3642 1235 3694 lib.
1269 3654 1347 3699 ιιι,
1407 3649 1522 3702 cap.
1557 3636 1646 3696 '51,),
1682 3641 1734 3683 et

159 3755 283 3819 apud
309 3726 514 3806 Lucam
549 3745 870 3809 Wadingum
905 3739 957 3792 in
993 3737 1104 3789 \‘ita
1150 3733 1317 3794 Scoti,
1347 3739 1489 3784 tomo
1538 3727 1551 3777 Ι
1599 3726 1734 3794 Ope-

156 3843 558 3909 rnmejusdem,
583 3849 701 3904 cap.
732 3835 821 3896 15,
855 3843 1000 3883 num.
1027 3827 1113 3881 69.

157 3943 321 3996 ΤΙιεεῐε
348 3941 408 3992 de
426 3935 663 3993 sensibili
693 3930 967 3999 infantium
993 3924 1220 3999 ῃωιιτι-ἱη
1242 3921 1428 3999 inlitis
1456 3915 1736 3999 l‘diiOiliP‘iIS

219 3984 482 4066 ειῖἱῖιιειυῖ.
528 4006 640 4067 Qua
666 3984 929 4054 occasione
970 3984 1251 4067 ostenditur
1300 3984 1584 4067 Ecclesium
1636 3984 1735 4065 lio-

221 4055 419 4134 inai'rim
452 4055 597 4131 inter
620 4087 822 4139 precum
847 4063 1274 4139 ofﬁciarumdem
1316 4059 1476 4139 sancti
1516 4055 1737 4106 doctoris

222 4128 527 4205 sententiam
556 4128 788 4196 reiitare.
825 4128 1140 4206 Augustinus
1181 4140 1322 4183 vorat
1365 4128 1515 4206 illam
1543 4140 1738 4194 pinnam

224 4198 568 4275 ἱιὶὲὶὶὲέἷηῖἀηι.
594 4212 850 4266 Statuitur
876 4198 1020 4276 pitert
1037 4221 1061 4257 ε
1087 4217 1150 4257 cat
1171 4216 1315 4269 pwna
1345 4198 1516 4252 damni
1539 4208 1737 4267 gravem

224 4291 475 4346 tristitiam
509 4285 639 4354 pati.
1722 4336 1726 4340 ,

234 4391 333 4446 Sed
365 4405 462 4445 nec
502 4387 704 4438 desunt
737 4385 1045 4448 argumenta
1076 4371 1207 4426 satis
1227 4368 1398 4422 valida
1427 4380 1545 4436 qua!
1572 4363 1738 4417 sancti

167 4481 434 4552 Augustini
465 4473 802 4533 sententiam
849 4482 953 4520 non
980 4463 1144 4519 modo
1174 4459 1530 4529 probabilem,
1558 4469 1739 4509 verum

1832 3274 2008 3326 datam
2036 3276 2442 3342 responsionem
2476 3290 2745 3344 oppugno.
2781 3277 3002 3330 Etiamsi
3047 3276 3206 3329 homo
3231 3276 3284 3328 in
3316 3289 3414 3326 na-

1836 3374 1946 3417 tura
1982 3381 2109 3431 pura
2142 3365 2355 3419 futurus
2379 3365 2567 3419 fuisset
2619 3365 2684 3418 iis
2728 3366 2959 3420 miseriis
2986 3365 3259 3434 subjectus
3296 3379 3417 3433 quat

1834 3470 1896 3508 ex
1923 3455 2301 3522 complexione
2326 3454 2740 3516 elementorum,
2792 3456 2985 3522 quibus
3030 3464 3238 3508 constat
3281 3464 3335 3506 et
3364 3454 3418 3508 in

1842 3543 2037 3609 quibus
2072 3545 2223 3604 vivit,
2260 3553 2434 3594 ortntn
2462 3543 2684 3607 dutunt,
2707 3543 2884 3596 multm
2919 3552 3040 3595 sunt
3071 3543 3189 3594 alia:
3217 3544 3418 3610 gravis!

1839 3632 1990 3694 δῑιιιιε
2023 3631 2253 3683 miseria:
2283 3645 2414 3697 quas
2449 3631 2608 3682 itomo
2640 3645 2705 3684 ex
2731 3645 2827 3682 sua
2860 3640 3044 3683 natura
3073 3646 3182 3688 non
3203 3631 3415 3700 patitur.

1842 3721 2050 3774 Etenim
2086 3721 2400 3790 plerumque
2433 3722 2582 3790 pueri
2613 3737 2640 3774 a
2673 3722 2919 3776 dmmone
2976 3722 3317 3788 invaduntur,
3371 3735 3425 3779 et

1839 3813 1903 3864 ad
1940 3824 2164 3868 mortem
2215 3829 2382 3882 usque
2428 3812 2754 3876 cruciantur,
2788 3813 2874 3867 illa
2905 3823 3081 3866 autem
3115 3828 3271 3882 [)(Blla
3305 3829 3408 3867 non

1840 3906 2013 3956 oritur
2039 3921 2101 3958 ex
2137 3904 2447 3958 conditione
2480 3906 2738 3960 nateritn.
2780 3903 2941 3973 Urget
2983 3904 3084 3957 hoc
3139 3918 3422 3972 argument-

1845 4003 1952 4048 tum
1983 3994 2306 4062 Augtntinns
2340 3994 2428 4048 lib.
2456 4010 2505 4046 γι
2537 4004 2721 4048 centra
2745 3993 3242 4060 Julianum,cap.ti.
3281 3993 3418 4062 «Tn,

1846 4089 2036 4156 inquit,
2072 4105 2278 4153 assere,
2311 4089 2356 4141 si
2387 4099 2556 4156 potes,
2594 4091 2865 4158 quomodo
2903 4089 3000 4142 sibi
3037 4104 3138 4143 una
3171 4089 3422 4152 obscure,

1844 4181 1935 4233 sed
1971 4195 2156 4248 aperte
2181 4171 2412 4232 vindicet
2456 4182 2723 4246 parvulos,
2749 4196 2882 4249 quos
2912 4180 3172 4234 imnundi
3203 4183 3423 4250 Spiritus

1851 4281 2071 4325 vertant.
2123 4272 2179 4325 Si
2227 4271 2274 4323 ei
2311 4271 2536 4324 traditos
2569 4271 2725 4335 dicis,
2759 4273 3002 4326 videmus
3032 4271 3189 4324 ambo
3221 4272 3425 4339 suppii-

1852 4363 2014 4425 cium,
2046 4370 2101 4415 tu
2147 4361 2233 4414 die
2275 4363 2554 4422 meritum;
2605 4361 2762 4414 ambo
2797 4361 3064 4414 cernimus
3102 4373 3336 4425 poenam,
3369 4370 3426 4411 tu

1850 4455 1937 4520 qni
1971 4455 2111 4507 nulla
2145 4452 2281 4506 maia
2318 4453 2503 4505 merita
2530 4448 2742 4506 dieisex
2778 4451 3088 4522 parentibus
3116 4449 3274 4511 traixi,
3301 4464 3424 4502 eum

467 4527 567 4533 --.η
1177 4527 1189 4529 -

168 4575 316 4626 etiam
374 4575 538 4638 longe
589 4560 1006 4633 probabiliorem
1059 4551 1380 4614 ostendunt;
1429 4539 1548 4601 nam
1603 4544 1741 4614 quod
1779 4551 1825 4608 Ι)
1856 4546 2020 4600 Deum
2049 4545 2250 4614 justum
2281 4527 2438 4596 ambo
2467 4543 2738 4606 fateamur,
2775 4543 3079 4596 demonstra
3127 4539 3224 4591 ista
3270 4552 3428 4606 poena

166 4664 391 4733 synodos
413 4670 467 4716 et
500 4659 695 4712 Patres
725 4653 938 4715 attinet,
968 4661 1092 4701 vera
1124 4653 1206 4698 cst
1251 4640 1488 4711 ejusdem
1533 4646 1743 4692 senten-

174 4757 256 4808 tia.
287 4754 533 4808 Primum
557 4754 932 4817 argumentum
966 4749 1047 4795 est
1093 4756 1104 4792 :
1150 4739 1428 4791 Peccatum
1486 4731 1744 4801 originale

173 4847 376 4901 induxit
395 4840 686 4899 sensibiles
716 4836 962 4892 miserias
995 4845 1276 4901 puerorum
1303 4826 1578 4895 prznsentis
1601 4825 1744 4886 vita),

173 4950 290 5004 ergo
317 4943 370 4989 ct
422 4931 642 4987 easdem
691 4941 786 4996 per
843 4933 1007 4977 totam
1059 4917 1409 4972 aeternitatem
1458 4912 1747 4966 distendet.

177 5027 427 5080 Probatur
471 5033 835 5088 consequens,
887 5017 1006 5083 quia
1069 5024 1240 5079 pinnae
1271 5005 1549 5059 sensiliiles
1581 5004 1740 5069 ltnjus

181 5122 293 5170 vita:
313 5133 416 5170 non
442 5121 572 5170 sunt
586 5108 918 5165 subicientes
937 5103 1002 5155 ad
1030 5093 1459 5154 satisfaciendum
1480 5105 1571 5160 per
1593 5091 1750 5164 satis-

185 5209 476 5273 paSsioucm
510 5217 607 5271 pro
640 5196 848 5252 macula
897 5191 1100 5261 peccati
1133 5183 1428 5255 originalis,
1455 5190 1508 5234 et
1537 5187 1751 5249 quanta:

183 5310 386 5364 quantm
414 5307 561 5358 sunt,
589 5295 735 5363 juste
767 5291 1056 5342 humanum
1088 5296 1255 5352 genus
1272 5277 1494 5333 easdem
1527 5273 1750 5344 patitur;

189 5406 311 5460 επεέο
338 5393 564 5444 durante
597 5384 782 5440 eadem
811 5380 1020 5434 maru'a
1054 5373 1256 5440 peccati
1291 5385 1385 5436 per
1416 5376 1578 5420 totam
1601 5373 1753 5430 teter-

194 5483 583 5549 titatem,juste
608 5479 660 5530 in
694 5483 952 5528 mter-num
985 5467 1134 5536 pueri
1165 5462 1407 5531 orig'nali
1439 5459 1554 5511 labe
1576 5454 1752 5508 infecti

193 5578 402 5628 easdem
458 5573 749 5640 patientur.
807 5560 1153 5628 Respondent
1201 5550 1557 5609 communiter
1607 5544 1763 5598 selin-

199 5664 359 5718 lastici
417 5663 660 5716 miserias
707 5670 826 5710 esse
872 5665 1058 5722 pmnas
1104 5646 1309 5717 peccati
1358 5639 1633 5710 originalis
1675 5650 1764 5703 per

194 5753 467 5815 accidens;
496 5764 611 5803 nam
641 5745 845 5817 justitia
870 5738 1150 5811 originalis
1188 5733 1461 5791 eximebat
1492 5725 1762 5790 hominem

1854 4637 2090 4705 dignam,
2119 4637 2160 4688 si
2195 4643 2370 4703 potes,
2405 4633 2454 4686 in
2489 4633 2776 4686 infantibus
2802 4629 3033 4698 culpam.
3069 4628 3148 4680 An
3172 4641 3300 4679 vero
3323 4642 3430 4679 non

1855 4730 2100 4800 agnoscis
2128 4729 2288 4782 ctiam
2323 4727 2424 4780 ltnc
2453 4725 2518 4777 atl
2563 4723 2692 4777 illud
2741 4737 2892 4791 grave
2921 4722 3108 4787 jugnm
3143 4717 3430 4783 pertinere.

1855 4823 1993 4890 quod
2024 4829 2104 4873 est
2125 4837 2180 4871 sn
2190 4835 2278 4885 per
2299 4817 2435 4885 ﬁlios
2459 4816 2617 4867 Adam
2641 4829 2671 4863 a
2694 4811 2777 4861 die
2797 4809 2962 4862 exitus
2983 4808 3046 4858 do
3066 4815 3238 4858 ventre
3259 4810 3434 4860 matris

1855 4928 2025 4965 rerum
2054 4909 2276 4976 (δυβιαε.
2307 4905 2432 4970 XL)?
2458 4912 2562 4954 etc.
2602 4919 2620 4949 ι
2667 4899 2791 4952 Ideo
2819 4893 2960 4948 enim
3012 4894 3286 4949 daemones
3312 4909 3432 4963 per-

1859 5004 2144 5053 mittuntur
2194 4995 2353 5047 tantis
2403 4989 2726 5043 cruciatibus
2778 4994 3274 5052 puerostorquere,
3307 4985 3431 5052 quia

1862 5091 1946 5144 isti
1974 5096 2097 5142 sunt
2127 5093 2347 5154 [:crcato
2399 5079 2688 5143 detunati.
2748 5078 2932 5146 Itaque
2977 5078 3202 5131 durante
3248 5075 3436 5131 eodem

1862 5189 2011 5235 reatu
2037 5177 2178 5244 jnste
2208 5174 2420 5227 daemon
2448 5171 2641 5236 poterit
2672 5168 2792 5223 illt-s
2819 5167 3077 5234 aliiigerc.
3129 5167 3334 5220 Rursus
3357 5179 3439 5216 ret-

1857 5271 2039 5338 j’t-itttr
2088 5266 2275 5319 eadem
2327 5259 2626 5328 responsio.
2670 5259 2725 5312 Si
2776 5259 3005 5312 miseria:
3058 5271 3150 5323 per
3191 5252 3440 5306 accidens

1862 5364 2266 5424 consequuntur
2293 5351 2646 5422 privationem
2670 5350 2896 5417 iustitia:
2919 5346 3194 5416 orig‘nalis
3227 5345 3277 5396 in
3303 5351 3441 5403 statu

1867 5447 2144 5516 przrsentis
2175 5446 2321 5506 vitas,
2355 5456 2449 5496 cur
2479 5440 2638 5493 etiam
2669 5441 2718 5492 in
2749 5439 2921 5491 altero
2941 5444 3081 5488 statu
3108 5432 3308 5486 eaedem
3337 5431 3440 5484 mi-

1870 5539 2021 5591 seriae
2053 5536 2234 5587 itidem
2269 5533 2455 5585 saltent
2507 5544 2603 5595 per
2636 5528 2886 5581 accidens
2914 5539 3019 5576 non
3047 5528 3444 5586 consequentur

1873 5619 2580 5696 privationem'originarite
2629 5612 2983 5669 innocentite?
3033 5608 3278 5664 Profecto
3322 5624 3441 5671 cum

1871 5701 2150 5798 peccatum
2176 5715 2226 5768 in
2260 5711 2434 5782 pueris
2464 5710 2515 5762 in
2546 5706 2797 5782 praesenti
2831 5716 2997 5772 aeque-
3028 5715 3089 5763 ac
3124 5697 3303 5765 futura
3331 5699 3436 5770 vita
3482 5703 3490 5709 ‘
