3892 6322
456 373 563 431 655

1347 386 1902 444 δυρριειιιί-Ντυιι
1948 385 2035 437 Αἵ)
2075 383 2299 439 ιλῐἚΙὶᾹ
2345 386 2401 441 S.
2446 385 2834 441 AUGUSTINI.

3612 383 3728 441 6716

453 513 750 569 remaneat,
775 506 955 561 nescio
977 506 1238 560 nndenam
1266 502 1843 569 divinamjustitiamin
1869 502 2036 554 altero
2068 505 2112 561 Λ
2147 503 2410 571 Apostuli,
2439 503 2633 569 fuimus
2676 511 2724 554 ct
2767 518 2855 554 nos
2904 500 3182 571 aliquando
3221 509 3407 551 natura
3461 499 3555 566 ﬁlii
3605 501 3724 563 int,

451 593 649 647 επιουιο
705 595 933 649 fututam
982 613 1104 665 erga
1154 594 1385 648 infantes
1433 593 1703 646 mitiorem
1749 580 2031 655 deducant,

450 702 573 742 eum
610 686 662 742 in
700 690 870 743 aliena
902 686 1009 739 vita
1058 686 1298 738 severius
1350 690 1658 747 peccatores
1714 682 1912 749 puniat.
1971 679 2037 733 Et

452 781 679 848 quidem
709 784 750 834 si
781 780 922 833 Deus
952 776 1210 830 Adamum
1263 781 1384 840 post
1436 782 1710 839 peccatum
1742 772 1900 825 morti
1929 786 2033 824 non

460 874 807 931 destinasset,
839 878 893 923 et
921 867 1004 920 hic
1036 874 1295 917 internum
1340 861 1481 915 inter
1509 860 1754 914 miserias
1782 875 1883 914 una
1912 875 2032 915 cum

442 960 688 1031 posteris
706 959 945 1021 vixisset,
980 954 1155 1009 nullus
1175 951 1434 1021 judicium
1466 952 1556 1006 Dei
1587 951 1801 1021 culpare
1833 959 2029 1019 posset,

458 1051 548 1121 qui
594 1050 871 1105 inimicum
923 1059 1093 1112 genus
1144 1058 1206 1097 ac
1254 1043 1412 1097 sorde
1451 1043 1707 1113 pollutum
1740 1044 1909 1112 poenis
1940 1042 2033 1095 ad-

458 1139 698 1193 dixisset.
751 1136 890 1201 Ergo
934 1136 984 1187 in
1033 1131 1118 1187 illa
1155 1133 1435 1204 hypothesi
1467 1133 1535 1187 ob
1575 1133 1747 1188 solum
1778 1132 2033 1201 originale

457 1227 711 1280 delictum
734 1224 882 1293 pueri
916 1244 942 1276 a
964 1232 1171 1278 ternum
1200 1223 1347 1293 juste
1392 1239 1574 1292 poenas
1605 1223 1868 1278 subirent.

531 1316 789 1371 Probatur
807 1317 1061 1373 secundo.
1089 1318 1229 1371 Deus
1244 1317 1365 1371 odi'o
1397 1317 1554 1371 habet
1586 1331 1779 1386 pueros
1802 1317 2033 1384 origina-

456 1409 530 1458 ria
562 1406 679 1461 labe
703 1407 951 1475 pollutos,
978 1407 1082 1459 illis
1122 1416 1203 1460 est
1233 1409 1397 1461 iratus
1425 1418 1582 1475 atque
1616 1406 2031 1472 inimicus,ergo

452 1502 593 1567 jnste
625 1508 797 1565 potest
837 1514 1087 1553 exercere
1124 1507 1306 1553 contra
1354 1497 1570 1552 eosdem
1616 1508 1765 1551 actus
1812 1496 2031 1565 justitie

458 1587 807 1651 vindicativm,
838 1597 993 1657 prout
1024 1587 1137 1642 haec
1156 1596 1239 1642 est
1269 1587 1523 1642 indictiva
1542 1602 1712 1656 pmna:
1741 1586 2027 1640 sensibilis.

452 1678 789 1734 Antecedens
828 1677 1091 1746 colligitur
1138 1693 1202 1732 ex
1240 1678 1396 1735 .loan.
1447 1694 1524 1741 ιιι,
1568 1677 1634 1732 3G
1666 1694 1678 1727 :
1716 1677 1818 1743 Qui
1864 1685 2031 1730 autent

452 1778 747 1831 incredulus
775 1787 845 1831 est
879 1777 1031 1839 Filio,
1058 1793 1156 1829 non
1186 1777 1231 1827 ri
1259 1776 1371 1828 'ebit
1400 1775 1581 1841 vitam,
1600 1774 1687 1827 sed
1702 1773 1781 1825 ira
1812 1771 1905 1826 Dei
1932 1788 2032 1825 ma-

2138 601 2355 660 pcssent
2376 600 2644 659 utcunque
2673 590 2839 654 eludi,
2872 591 3024 643 nobis
3052 588 3262 642 interim
3287 602 3365 640 sat
3394 597 3479 642 est
3500 589 3721 642 easdem

2136 686 2345 738 recitari
2377 686 2443 737 ab
2475 684 2709 737 Ecclesia
2737 683 2975 736 Romana
3001 683 3141 735 inter
3170 682 3344 735 officia
3389 698 3608 749 precum
3646 683 3723 738 fe.

2135 777 2210 828 ria
2242 791 2292 828 tv
2320 776 2609 830 Dominica:
2640 793 2690 829 tv
2719 776 3172 845 Quadragesimm,
3204 775 3254 828 itt
3298 776 3527 829 let-tione
3556 775 3725 844 priori

2134 866 2483 935 expositionis
2514 867 2807 935 Evangelii.
2840 866 2924 921 Uti
2951 867 3091 919 enim
3119 876 3326 921 certum
3356 874 3442 920 est
3469 866 3725 934 Augusti-

2134 971 2259 1009 num
2292 971 2356 1010 eo
2380 957 2481 1010 loci
2519 958 2672 1025 juxta
2710 958 2978 1025 propriam
3009 957 3328 1010 sententiam
3371 955 3439 1010 de
3479 957 3725 1011 sensibili

2136 1061 2420 1113 puerorum
2454 1061 2608 1113 ptena
2639 1046 2692 1099 in
2739 1046 2983 1114 gehenna
3015 1046 3252 1099 locutum
3281 1059 3425 1107 esse,
3452 1044 3523 1098 ita
3567 1047 3722 1112 ejus-

2134 1135 2257 1189 dem
2289 1135 2527 1191 doctrina
2556 1137 2665 1191 suis
2695 1137 2943 1205 preeibus
2967 1135 3037 1190 ab
3091 1135 3328 1190 Ecclesia
3369 1136 3593 1200 inserta,
3642 1135 3728 1190 in-

2133 1226 2277 1296 genti
2339 1226 2674 1281 auctoritatis
2716 1228 2952 1296 pondere
3002 1226 3251 1290 fulcitur;
3310 1226 3504 1280 saltem
3572 1228 3723 1282 omni

2133 1330 2355 1372 censura
2387 1317 2660 1383 liberatur,
2685 1317 2828 1386 quod
2855 1332 3017 1370 unum
3049 1317 3135 1370 hic
3165 1316 3499 1371 intendimus
3526 1316 3726 1371 adver-

2132 1423 2224 1464 sus
2246 1408 2571 1464 recentiores
2588 1408 2824 1475 criticos,
2844 1422 3097 1464 excessus
3123 1409 3424 1477 Augustino
3452 1407 3722 1477 objicien-

2135 1510 2213 1554 tes
2222 1538 2235 1552 .

2206 1591 2465 1646 Probatur
2532 1591 2707 1646 tertio.
2748 1590 2902 1645 Pueri
2968 1589 3330 1658 prredestinati
3378 1604 3444 1645 ex
3512 1590 3723 1646 meritis

2131 1680 2326 1733 Christi
2364 1680 2634 1733 habebunt
2664 1681 2715 1733 in
2739 1680 2837 1732 alia
2882 1679 2988 1732 vita
3021 1678 3156 1732 bona
3182 1678 3445 1744 corporis,
3474 1691 3603 1746 qua
3632 1680 3721 1732 do-

2136 1782 2205 1825 tes
2236 1787 2263 1824 a
2309 1770 2572 1839 theologis
2599 1778 3000 1839 nuncupantur;
3032 1785 3159 1837 ergo
3191 1768 3340 1836 pueri
3377 1769 3599 1836 repr..bi
3630 1784 3724 1837 pa-

452 1881 537 1925 net
565 1887 717 1939 super
739 1887 871 1923 eunt.
906 1871 1075 1935 Quam
1126 1866 1443 1921 sententiam
1491 1865 1723 1934 parvulis
1773 1878 1879 1917 non
1916 1877 2033 1917 cre-
2069 1870 2110 1928 Β
2139 1861 2335 1915 tientur
2371 1862 2423 1914 in
2450 1861 2552 1914 alia
2592 1861 2697 1914 vita
2727 1862 2864 1914 mala
2892 1860 3133 1928 corpOris
3155 1875 3219 1913 ex
3251 1859 3532 1913 denteritis
3564 1859 3721 1913 Adae.

449 1962 697 2016 dentibus
724 1961 949 2029 applicat
978 1969 1189 2013 sanctus
1218 1960 1406 2013 doctor
1426 1957 1517 2011 lib.
1547 1956 1652 2011 tde
1685 1968 2027 2024 peccatorum

452 2052 717 2107 Meritiset
733 2052 1069 2113 remissione,
1093 2066 1209 2117 cap.
1227 2050 1317 2102 2t).
1341 2048 1536 2103 Scribit
1560 2042 1717 2102 etiam
1745 2047 2030 2117 Apostolus

450 2144 648 2214 Ephes.
681 2160 738 2209 ιι,
767 2144 799 2196 5
835 2161 846 2197 :
876 2143 1099 2196 Erautus
1128 2154 1313 2195 natura
1342 2141 1437 2209 ﬁlii
1458 2142 1565 2203 iraz,
1602 2154 1792 2208 nempe
1810 2138 1878 2193 ob
1908 2153 2034 2206 pee-

447 2244 626 2290 catum
650 2234 888 2303 originis,
919 2233 1058 2301 quod
1082 2247 1200 2285 cum
1234 2240 1416 2282 natura
1444 2228 1495 2281 in
1530 2229 1733 2295 prolem
1760 2226 2032 2280 tran~fun~

448 2325 611 2389 ditur,
636 2339 740 2392 quo
773 2323 829 2375 fit
860 2335 913 2375 ut
943 2336 1072 2389 puer
1096 2334 1281 2373 recens
1313 2329 1467 2371 natus
1489 2318 1557 2370 sit
1584 2331 1804 2370 aversus
1833 2332 1861 2369 a
1893 2316 2023 2380 De0,

447 2424 500 2469 et
527 2430 592 2469 ex
621 2414 963 2481 consequenti
990 2410 1232 2479 ejusdem
1277 2409 1542 2462 inimicus.
1576 2407 2027 2475 Censeqnentiam

447 2520 574 2561 vero
603 2513 756 2560 acute
783 2504 995 2558 deducit
1028 2501 1349 2566 Augustinus
1382 2508 1535 2551 tract.
1571 2498 1637 2551 Η
1682 2498 1735 2550 in
1768 2496 2027 2550 Joannem

446 2596 723 2665 inquiens:
744 2613 761 2647 ι
779 2594 1063 2663 Apostolus
1081 2603 1234 2646 natus
1248 2594 1298 2645 in
1315 2600 1470 2661 gente
1485 2592 1862 2660 prophetarum
1878 2590 2026 2644 dicit:

447 2686 668 2739 Fuimus
683 2694 728 2739 et
743 2701 833 2737 nos
862 2682 1138 2752 aliquando
1165 2692 1344 2733 natura
1367 2680 1463 2747 ﬁlii
1484 2680 1739 2743 irtv,sicut
1760 2689 1805 2732 et
1840 2682 2026 2733 (interi.

446 2779 505 2833 Si
525 2776 617 2831 lilii
636 2778 747 2841 irae,
770 2776 859 2828 lilii
882 2774 1153 2837 vindictm,
1175 2773 1263 2826 filii
1283 2787 1475 2841 ptume,
1493 2770 1870 2841 filiigehennre.
1890 2771 2033 2838 Quo-

446 2872 609 2923 modo
638 2877 845 2930 natura,
878 2865 977 2919 nisi
1001 2863 1120 2933 quia
1142 2870 1393 2933 peccante
1420 2862 1589 2929 primo
1613 2861 1827 2916 homine
1845 2863 2029 2915 vitium

446 2976 546 3029 pro
577 2969 762 3013 natura
793 2958 1046 3012 inolevit?
1080 2974 1095 3006 ι
1130 2954 1496 3022 Suntoptma:
1519 2953 1791 3007 itlatioues
1813 2992 1827 3017 ,
1860 2968 2031 3023 quan-

447 3049 728 3117 doquidem
754 3048 797 3101 si
834 3048 970 3099 D.:us
1000 3054 1081 3100 ett
1108 3046 1272 3098 iratus
1305 3045 1503 3113 pueris,
1528 3059 1656 3113 ergo
1683 3054 1857 3113 potest
1902 3059 2030 3098 con-

448 3150 527 3194 tra
550 3138 763 3193 eosdem
788 3151 1039 3191 exercere
1060 3142 1232 3188 actum
1252 3134 1474 3201 justitia:
1500 3133 1830 3186 vindicativae
1859 3150 1872 3196 ;
1897 3147 2028 3203 ergo

2135 1952 2324 2006 Simile
2345 1962 2714 2021 argumentum
2740 1950 2951 2019 ponitur
2980 1952 3048 2004 ab
3065 1951 3362 2019 Augustino
3389 1950 3482 2003 lih.
3514 1966 3569 2003 VI
3596 1966 3725 2005 con—
3766 1956 3771 1965 ‘

2134 2050 2212 2095 tra
2246 2041 2380 2107 .lul.,
2409 2056 2527 2108 cap.
2558 2039 2644 2101 10,
2694 2040 2780 2094 ubi
2812 2039 3088 2107 paritatem
3124 2047 3377 2107 negantes
3424 2047 3587 2092 vocat
3627 2041 3724 2091 int-

2133 2142 2400 2201 portunus.
2433 2132 2507 2185 Do
2540 2131 2779 2199 ejusdem
2826 2130 2993 2185 verba
3029 2148 3040 2183 :
3082 2148 3099 2179 t
3144 2128 3273 2184 \‘ide
3323 2144 3473 2197 ergo,
3525 2130 3723 2199 inquit,

2132 2239 2288 2292 quam
2325 2226 2625 2291 importune
2654 2223 2811 2288 nol‘s,
2850 2221 3127 2291 parvulum
3157 2221 3223 2275 de
3267 2221 3444 2276 alieno
3496 2232 3722 2290 peccato

2132 2323 2408 2382 reportare
2440 2315 2658 2378 malum,
2692 2323 2747 2368 et
2781 2312 2911 2368 velis
2939 2327 3060 2366 eum
3089 2312 3156 2366 de
3186 2312 3363 2366 alieno
3393 2324 3548 2368 recte
3576 2312 3721 2367 facto

2132 2418 2410 2475 reportare
2435 2407 2654 2472 bonum,
2686 2421 2789 2459 non
2817 2406 3317 2475 qualecunquech
3347 2404 3438 2460 Dei
3467 2420 3719 2474 regnum.

2134 2497 2378 2552 Alienum
2409 2497 2603 2567 quippe
2635 2512 2767 2565 opus
2796 2506 2899 2560 est,
2925 2511 3043 2549 cum
3074 2496 3244 2549 credit
3269 2509 3363 2564 per
3377 2495 3643 2560 alterum,
3664 2499 3723 2550 sic

2133 2597 2223 2644 cut
2254 2588 2488 2643 alienum
2519 2602 2653 2657 Opus
2682 2587 2800 2652 fuit,
2833 2602 2952 2641 cum
2978 2587 3214 2657 peccavit
3243 2587 3296 2641 in
3322 2588 3514 2643 altero.
3538 2606 3557 2640 ι
3585 2588 3721 2644 Res-

2133 2682 2368 2751 pondent
2408 2681 2649 2751 negando
2689 2680 3006 2750 paritatem;
3040 2694 3160 2733 nam
3195 2680 3317 2734 licet
3346 2680 3535 2734 divina
3565 2680 3721 2735 boni-

2135 2782 2215 2827 tas
2244 2773 2413 2841 possit
2434 2773 2561 2827 dare
2591 2773 2726 2827 bona
2756 2773 2997 2839 corporis
3025 2772 3089 2825 iis
3114 2771 3207 2841 qui
3251 2772 3440 2826 eodem
3489 2787 3719 2842 corpore

2133 2874 2381 2933 tanquam
2408 2865 2761 2918 instrumento
2786 2878 2880 2931 pro
2909 2863 3219 2917 eorumdem
3251 2863 3607 2932 acquisit‘one
3641 2865 3718 2920 ni-

2134 2956 2207 3009 hil
2234 2956 2357 3010 boni
2388 2966 2627 3023 egerunt,
2664 2964 2847 3009 contra
2894 2955 3197 3025 aequitatem
3248 2964 3424 3009 tamen
3474 2966 3560 3009 est
3610 2958 3717 3024 pati

2131 3062 2329 3117 corpus
2368 3047 2510 3102 illius
2539 3048 2625 3117 qui
2658 3046 2844 3102 eodem
2878 3062 3103 3115 corpore
3134 3062 3400 3116 nunquam
3435 3051 3714 3117 peccavit;

2132 3143 2429 3212 praesertim
2463 3157 2581 3196 cum
2614 3156 2769 3210 poena
2792 3155 2983 3195 sensus
3005 3143 3074 3195 sit
3098 3141 3494 3209 proportionata
3524 3140 3591 3196 iis
3630 3144 3715 3199 de-

446 3230 610 3284 etiam
635 3226 852 3282 eosdem
886 3240 1037 3293 ptena
1070 3222 1308 3289 afficere,
1346 3223 1617 3292 ohjectum
1648 3224 1788 3277 enim
1814 3222 2033 3291 justitiae

2139 3234 2511 3289 lectationibus
2530 3233 2913 3303 percatninosis
2931 3246 3049 3301 qua:
3075 3246 3298 3302 corpore
3321 3233 3712 3303 percipiuntur.

448 3320 782 3375 vindicativa:
807 3329 884 3371 est
904 3317 1106 3387 punitio
1121 3315 1193 3370 rei
1213 3333 1226 3381 ;
1247 3330 1373 3384 ergo
1400 3324 1573 3384 potest
1597 3314 1716 3369 illos
1742 3314 2021 3384 gehennae,

448 3412 550 3466 hoc
576 3421 657 3464 est
686 3409 878 3464 inferni
914 3406 1139 3461 tlamtnis
1169 3406 1458 3473 destinare,
1507 3405 1595 3459 ubi
1648 3406 1742 3458 erit
1783 3407 1933 3474 ﬂetus
1981 3413 2027 3456 et

447 3502 639 3554 stridor
669 3500 892 3553 dentium
926 3496 1137 3568 (Matth.
1176 3511 1311 3563 xxn,
1341 3497 1445 3565 l3).
1475 3494 1581 3550 Nec
1620 3496 1786 3561 valet,
1818 3495 1862 3550 si
1883 3493 2029 3550 dicas

447 3600 584 3653 iram
636 3597 729 3652 Dei
783 3596 1007 3666 ejusque
1045 3593 1266 3662 justitite
1321 3590 1609 3644 vindictam
1664 3604 1920 3658 apparere
1974 3588 2026 3642 in

448 3704 606 3758 parua
636 3689 810 3743 damni
836 3702 936 3756 qua
964 3684 1248 3755 puniuntur
1273 3683 1447 3750 pueri,
1473 3695 1571 3734 nec
1594 3690 1843 3749 Oportere
1876 3688 1932 3733 ut
1961 3678 2028 3733 ab

446 3782 631 3834 eadem
670 3778 872 3846 justitia
918 3789 1071 3843 ptrna
1119 3771 1360 3826 sensibili
1415 3769 1762 3838 castigentur.
1815 3769 2023 3823 Etenim

447 3873 595 3941 pueri
624 3881 746 3923 sunt
777 3869 850 3921 rei
873 3864 1115 3933 ejusdem
1148 3861 1367 3915 omnino
1400 3858 1602 3927 peccati
1633 3859 1773 3928 quod
1802 3861 2027 3913 commi-

445 3964 517 4019 sit
537 3962 725 4024 Adam,
753 3960 821 4012 ita
852 3966 907 4008 ut
937 3955 1135 4007 crimen
1163 3950 1375 4020 quodin
1412 3950 1618 4002 Adamo
1650 3951 1747 4003 luit
1792 3951 2022 4016 actuale,

443 4052 673 4110 evaserit
704 4052 755 4103 in
789 4046 1015 4116 posteris
1043 4043 1338 4113 originale;
1371 4040 1510 4095 unde
1557 4040 1690 4095 dicit
1736 4043 2023 4109 Apostolus

443 4145 601 4200 Rom.
636 4156 707 4193 v:
744 4135 809 4191 In
840 4152 941 4207 quo
971 4150 1142 4188 omnes
1189 4140 1553 4201 peccaverunt;
1595 4146 1725 4199 ergo
1763 4131 1920 4184 sicuti
1970 4132 2021 4186 in

443 4235 649 4291 Adamo
703 4238 976 4302 peccatum
1033 4226 1239 4280 actuale
1292 4226 1527 4292 punitum
1578 4221 1678 4277 fuit
1735 4221 2023 4279 indictione

443 4338 617 4397 paenae
648 4319 936 4385 sensibilis,
968 4316 1020 4369 in
1053 4316 1283 4384 posteris
1324 4313 1483 4367 etiam
1525 4312 1713 4368 eodem
1762 4314 2023 4382 supplicio

440 4417 689 4486 castigari
728 4408 959 4482 poterit;
989 4406 1060 4460 uti
1092 4403 1258 4474 pestis
1285 4420 1389 4457 non
1423 4414 1624 4458 tantum
1664 4413 1817 4460 nocet
1863 4405 1935 4459 illi
1967 4406 2020 4460 in

439 4512 590 4579 cujus
613 4518 836 4575 corpore
865 4503 1093 4570 primunt
1126 4496 1384 4558 nascitur,
1419 4508 1601 4549 verum
1655 4496 1817 4550 etiam
1868 4495 2019 4551 alteri

2133 3325 2235 3381 Sed
2267 3335 2450 3380 contra
2480 3334 2581 3392 est,
2608 3325 2729 3394 quia
2770 3324 2924 3379 sicuti
2966 3325 3018 3378 in
3046 3324 3149 3377 alia
3201 3323 3305 3377 vita
3352 3338 3462 3377 non
3503 3326 3713 3393 ponitur

2132 3430 2328 3469 novum
2361 3416 2609 3469 meritum
2641 3423 2730 3468 aut
2752 3414 3093 3471 demeritum.
3123 3422 3245 3468 sunt
3269 3414 3415 3469 enim
3438 3415 3643 3471 anima
3664 3417 3710 3470 in

2133 3508 2385 3570 termino,
2425 3505 2518 3560 sed
2549 3505 2686 3559 Deus
2717 3519 2782 3559 eo
2828 3504 2988 3558 modo
3015 3520 3137 3572 erga
3168 3504 3284 3559 illas
3311 3519 3370 3559 se
3400 3504 3568 3559 habet
3592 3521 3711 3575 pos-

2132 3606 2236 3664 tea,
2270 3612 2331 3651 ac
2356 3596 2568 3665 quando
2595 3605 2953 3661 recesserunt,
2981 3612 3102 3649 cum
3132 3598 3280 3664 pueri
3308 3598 3424 3651 sine
3446 3597 3710 3668 baptismo

2129 3687 2365 3742 defuncti
2397 3698 2747 3745 numerentur
2774 3689 2825 3741 in
2858 3686 3055 3740 familia
3084 3686 3303 3749 diaboli,
3337 3688 3497 3743 sicuti
3523 3704 3556 3744 e
3584 3704 3705 3745 con-

2130 3788 2210 3833 tra
2240 3780 2433 3834 mortui
2480 3788 2730 3847 suscepto
2758 3787 3096 3833 sacramento
3144 3777 3196 3831 in
3246 3777 3444 3833 familia
3490 3779 3707 3847 Christi,

2127 3884 2336 3938 acquum
2368 3878 2534 3923 estut
2562 3870 2701 3924 sicut
2732 3869 2817 3923 isti
2865 3868 2964 3923 sub
3007 3866 3219 3922 Christo
3266 3869 3403 3923 bOna
3468 3874 3707 3941 corporis

2127 3958 2409 4027 recipiunt,
2436 3959 2505 4013 ita
2530 3959 2604 4013 illi
2630 3959 2727 4013 sub
2757 3959 2999 4013 dmmone
3024 3957 3159 4012 mala
3188 3958 3428 4027 corporis
3451 3964 3702 4016 sentiant.

2128 4048 2337 4103 Etenim
2377 4050 2420 4103 si
2450 4050 2501 4104 in
2546 4048 2642 4103 hac
2676 4050 2781 4103 vita
2812 4059 2936 4104 sunt
2980 4049 3080 4103 sub
3108 4057 3373 4118 potestate
3413 4050 3697 4118 daemonis,

2125 4137 2195 4191 ita
2219 4150 2274 4193 ut
2303 4139 2424 4193 illos
2454 4139 2506 4193 in
2525 4153 2749 4207 corpore
2779 4147 3041 4208 torqueat,
3063 4148 3118 4192 ut
3142 4138 3386 4207 superius
3426 4149 3700 4196 ostensum

2126 4238 2226 4294 est,
2253 4244 2349 4283 cur
2378 4230 2430 4285 in
2473 4230 2575 4284 alia
2605 4231 2732 4293 vita,
2766 4228 2818 4283 in
2848 4244 2951 4297 qua
2984 4229 3128 4282 nulla
3159 4236 3242 4282 est
3287 4229 3613 4299 redemptio,
3641 4230 3699 4285 ab

2124 4320 2268 4374 illius
2316 4328 2610 4387 potestate,
2643 4334 2799 4386 quam
2829 4329 2980 4371 antea
3029 4320 3080 4371 in
3120 4319 3429 4373 earumdem
3477 4337 3698 4391 corpora

2125 4414 2374 4481 habebat,
2403 4412 2743 4467 eximentur?
2765 4410 2963 4464 Scribit
2993 4420 3209 4464 sanetus
3236 4411 3426 4465 doctor
3460 4416 3697 4482 proxime

2124 4505 2370 4559 laudatus
2400 4522 2411 4557 :
2444 4523 2461 4555 ι
2488 4504 2603 4559 Jam
2629 4504 2804 4571 itaque
2835 4504 2985 4557 vobis
3008 4502 3136 4570 ipsis
3175 4502 3382 4558 reddite
3410 4505 3693 4572 rationem,

436 4621 525 4673 qui
550 4600 734 4655 eadem
760 4611 853 4665 per
890 4600 1191 4647 contactum
1244 4587 1483 4643 inficitur
1514 4607 1527 4643 :
1561 4590 1629 4642 ita
1681 4604 1870 4657 pueros
1902 4606 2014 4657 poc-
2047 4608 2099 4665 D
2123 4610 2189 4647 ne
2222 4595 2414 4662 putetis
2445 4594 2715 4662 indignum
2745 4603 2801 4647 ut
2844 4593 2935 4662 qui
2971 4607 3075 4646 non
3110 4592 3463 4649 admittuntur
3514 4598 3570 4650 in
3614 4612 3692 4652 re-

439 4696 537 4749 cati
568 4689 761 4763 paterni
789 4685 1086 4753 contagione
1128 4680 1264 4732 mori
1292 4679 1424 4732 dixit
1466 4680 1790 4748 Augustinus
1820 4678 1911 4733 lib.
1964 4695 2011 4733 vt

435 4797 622 4841 contra
652 4780 781 4841 .lul.,
811 4791 931 4843 cap.
981 4772 1036 4827 4.
1089 4770 1201 4824 Huc
1232 4768 1358 4823 facit
1400 4768 1540 4836 quod
1589 4770 1745 4821 docet
1798 4778 2012 4822 sanctus

436 4874 669 4928 Thomas
702 4868 819 4933 1-2,
845 4882 899 4935 q.
934 4864 1023 4927 8|,
1049 4871 1149 4915 art.
1172 4860 1229 4923 Ξ,
1258 4859 1321 4913 ad
1341 4860 1362 4912 ι
1385 4875 1396 4911 :
1420 4877 1436 4907 ί
1475 4857 1866 4926 Ρωητι,ἰη‹ιιιίι,
1892 4872 2012 4912 eor-

432 4963 603 5035 porali
626 4961 887 5013 interdum
908 4956 1111 5023 judicio
1139 4953 1323 5007 divino
1347 4951 1429 5005 vel
1462 4952 1695 5004 humano
1720 4950 2011 5019 puniuntur

434 5053 529 5109 lilii
562 5065 657 5120 pro
687 5047 1011 5116 parentibus,
1045 5046 1098 5098 in
1129 5054 1385 5114 quantum
1416 5042 1553 5096 filius
1576 5049 1659 5096 est
1687 5041 1885 5111 aliquid
1920 5056 2009 5109 pa-

434 5148 532 5201 tris
569 5137 860 5199 sccundum
902 5152 1118 5204 corpus.
1154 5155 1173 5186 ι
1207 5137 1342 5191 Deus
1368 5136 1511 5190 enim
1562 5150 1593 5189 e
1645 5134 1747 5187 vita
1795 5134 2010 5188 sustulit

430 5238 598 5292 ﬁlium
629 5228 816 5292 David,
852 5234 909 5280 ut
939 5226 1102 5290 patris
1132 5224 1450 5280 adulterium
1482 5225 1715 5294 puniret,
1745 5234 1798 5279 et
1828 5234 2003 5279 tamen

427 5326 687 5397 puerulus
708 5334 812 5373 non
829 5324 944 5372 erat
970 5328 1091 5368 reus
1110 5315 1314 5382 paterni
1334 5316 1537 5369 delicti.
1558 5316 1689 5369 llinc
1720 5315 1890 5369 Exodi
1914 5332 2001 5379 xx,

428 5418 485 5482 5,
516 5417 706 5472 dicitur
751 5411 889 5465 Deus
920 5408 1140 5461 visitare
1168 5407 1488 5476 iniquitatem
1516 5418 1719 5477 patrum
1768 5410 1821 5461 in
1868 5408 2003 5476 ﬁlios

424 5511 481 5562 in
508 5510 704 5563 tertiam
732 5513 777 5558 et
828 5506 1059 5571 quartam
1082 5500 1478 5569 generationem.
1506 5497 1622 5563 Quo
1646 5513 1775 5568 ergo
1808 5500 1999 5568 potiori

420 5597 541 5664 iure
568 5597 707 5651 Deus
748 5592 942 5662 poterit
969 5589 1157 5660 punire
1188 5604 1341 5659 paena
1372 5588 1614 5644 sensibili
1648 5604 1853 5655 meros,
1905 5592 1997 5659 qui

424 5698 614 5750 reapse
652 5682 973 5736 contrahunt
1022 5683 1280 5737 maculam
1337 5680 1625 5748 primorum
1686 5691 1966 5750 parentum

418 5772 533 5827 Sed
569 5769 781 5824 etiamsi
811 5767 1073 5821 illationes
1134 5768 1237 5824 illa:
1271 5766 1537 5835 Augustini
1588 5786 1655 5826 ex
1701 5767 1783 5821 bis
1820 5762 1995 5817 verbis

2115 4699 2275 4751 gnum
2309 4682 2418 4743 Dei,
2446 4681 2672 4735 sintsnb
2700 4682 2790 4735 illo
2817 4682 2903 4749 qui
2936 4682 3128 4736 cecidit
3155 4681 3223 4737 de
3267 4698 3432 4752 regno
3466 4684 3596 4751 Dei;
3645 4694 3693 4741 et

2114 4773 2201 4841 qui
2224 4788 2325 4826 non
2348 4772 2541 4825 habent
2559 4773 2740 4836 vitam,
2758 4773 2973 4826 s'ntsub
2991 4772 3081 4826 illo
3102 4775 3189 4842 qui
3211 4774 3444 4842 perdidit
3459 4777 3644 4831 vitam.
3664 4796 3681 4829 ι

2116 4865 2221 4919 Nec
2264 4865 2409 4933 juvat
2457 4866 2596 4934 quod
2630 4864 2775 4930 pueri
2809 4879 3034 4932 corpore
3061 4879 3166 4920 non
3207 4877 3518 4935 peccarunt,
3555 4869 3687 4924 unde

2114 4970 2212 5009 nec
2242 4955 2293 5008 in
2318 4970 2543 5023 corpore
2568 4953 2814 5025 puniendi
2847 4955 3119 5020 videntur,
3147 4971 3266 5009 nam
3298 4968 3578 5026 peccatum
3606 4974 3684 5015 so-

2114 5046 2218 5100 lius
2252 5048 2543 5101 voluntatis
2574 5045 2933 5114 superbientis
2953 5047 3100 5113 juste
3137 5047 3350 5114 punitur
3378 5063 3537 5115 paena
3566 5066 3681 5105 sen-

2113 5155 2227 5205 sus,
2250 5155 2349 5194 nec
2368 5140 2637 5193 daemones
2657 5151 2881 5206 corpore
2904 5147 3212 5207 peccarunt,
3241 5149 3297 5193 et
3326 5149 3505 5196 tamen
3534 5156 3680 5212 paena

2111 5227 2349 5283 sensibili
2379 5229 2704 5296 aﬂliguntur.
2740 5227 2848 5280 lmo
2869 5243 2989 5281 cum
3023 5237 3187 5281 totum
3223 5240 3524 5297 peccatum,
3549 5231 3680 5301 quod

2108 5320 2206 5374 fuit
2236 5320 2441 5375 actuale
2472 5320 2523 5373 in
2547 5318 2738 5383 Adam,
2762 5320 2833 5375 sit
2858 5319 3117 5389 originale
3147 5320 3197 5374 in
3230 5322 3425 5389 pueris,
3461 5334 3520 5378 et
3548 5325 3677 5379 illius

2108 5420 2311 5466 reatum
2333 5426 2394 5466 cx
2419 5418 2532 5464 toto
2558 5411 2804 5477 subeant,
2838 5426 2959 5466 cum
3001 5413 3053 5465 in
3095 5423 3313 5480 peccato
3343 5413 3476 5467 Adae
3527 5414 3675 5469 fuerit

2108 5502 2353 5570 voluptas
2380 5514 2572 5556 sensus
2596 5502 2648 5554 in
2679 5502 3012 5556 comestione
3035 5503 3195 5570 pomi,
3222 5502 3379 5571 hujus
3400 5505 3562 5559 etiam
3589 5520 3673 5558 vo-

2106 5592 2325 5661 luptatis
2354 5604 2541 5660 ptenas
2575 5590 2672 5645 luit
2719 5592 2899 5646 infelix
2933 5592 3235 5660 posteritas,
3285 5594 3437 5662 cujus
3483 5598 3671 5665 pariter

2105 5690 2285 5737 reatus
2306 5681 2359 5735 in
2386 5683 2553 5749 ipsam
2584 5695 2680 5752 per
2701 5683 3099 5754 generationem
3129 5686 3423 5743 transfusus
3446 5697 3548 5743 est.

2178 5773 2277 5831 Hic
2304 5781 2481 5830 tamen
2520 5774 2900 5831 advertendum
2931 5785 3013 5831 est
3040 5777 3391 5847 Augustinum
3435 5795 3670 5837 asserere
