3892 6300
172 322 255 378 357

1310 325 1634 382 VINDICM‘I
1679 323 2242 384 ΑυουδΤιΜΑΝίΕ.

3311 341 3413 396 6ὕὸ

168 430 474 488 mitissimam
497 446 612 486 esse
637 446 842 500 poenam
869 448 1025 504 quam
1058 435 1296 491 infantuli
1317 439 1568 494 ininferis
1591 440 1715 494 sub-
1744 444 1790 500 A
1824 441 1984 497 homo
2014 445 2079 498 de
2112 444 2260 498 turba
2304 444 2696 514 imperitorum,
2741 449 2834 504 sed
2871 449 3008 505 inter
3050 467 3251 520 paucos
3283 469 3410 522 prti-

166 530 295 576 cunt.
341 521 482 574 Illam
527 523 914 578 damnationem
964 527 1193 579 omnium
1237 529 1541 582 levissimam
1569 539 1722 583 vocat

163 615 242 668 lib.
280 628 309 664 v
335 621 513 665 contra
538 613 670 674 Jul.,
696 629 814 681 cap.
848 614 930 680 11,
960 616 1098 683 quod
1120 626 1202 671 est
1225 616 1257 668 8
1291 619 1340 670 in
1361 620 1597 673 editione
1622 619 1721 672 Ba-

162 702 375 766 silcensi,
406 711 460 756 et
491 704 808 756 mitissimam
855 722 974 759 sane
1018 708 1243 760 omnium
1277 724 1477 777 poenam
1505 710 1558 762 in
1617 710 1722 763 En-

160 791 383 855 :hiridio,
415 806 534 859 cap.
566 792 655 854 95,
686 805 738 847 et
767 793 858 847 lib.
892 811 906 848 ι
937 795 1003 849 de
1036 807 1372 863 peccatorum
1424 799 1623 854 Meritis
1667 809 1721 855 et

158 880 474 945 remissione,
508 895 625 950 eap.
665 883 747 936 16.
781 882 910 937 Cum
952 886 1088 954 ignis
1120 886 1418 951 calefaciat,
1451 898 1505 942 et
1531 890 1576 942 si
1625 904 1716 943 ca-

156 986 227 1025 ior
254 973 318 1025 sit
346 971 604 1038 intensus,
649 977 807 1028 etiam
836 977 1136 1041 comburat,
1187 980 1613 1049 quandoquidem
1652 997 1717 1036 ex

155 1064 431 1131 Augustino
456 1078 609 1131 paena
644 1064 730 1118 illa
772 1076 852 1119 est
880 1068 1138 1120 levissima
1165 1083 1227 1122 ac
1273 1071 1564 1135 mitissima,
1617 1072 1718 1125 erit

152 1154 211 1207 ab
236 1153 346 1218 igne
372 1152 717 1210 Calefaciente
743 1171 862 1208 cum
893 1158 1068 1226 aliqua
1097 1159 1340 1213 molestia
1369 1175 1588 1227 pueros,
1621 1162 1716 1216 sed

150 1258 242 1296 non
269 1244 480 1297 eosdem
509 1246 793 1300 ustulante.
823 1248 998 1312 Quare
1038 1249 1192 1303 sicuti
1221 1265 1285 1305 eo
1314 1251 1578 1307 intensius
1627 1268 1714 1306 ar-

147 1332 336 1385 debunt
363 1334 574 1402 reprobi
614 1333 800 1402 adulti,
834 1351 940 1404 quo
986 1339 1137 1406 plura
1181 1342 1383 1393 scelera
1431 1342 1712 1410 admi~ere,

145 1437 256 1475 cunt
286 1427 435 1493 pueri
466 1424 790 1480 hrercditarii
826 1438 1025 1480 tantum
1067 1431 1304 1486 criminis
1331 1434 1405 1486 rei
1452 1433 1577 1499 sint,
1623 1449 1713 1488 ca-

144 1511 251 1568 lore
275 1514 338 1568 ad
363 1515 662 1569 molestiam
693 1530 864 1583 usque
891 1533 952 1570 ac
981 1517 1218 1573 dolorem
1251 1519 1612 1575 incutiendum
1632 1523 1713 1576 in-

142 1614 286 1658 tenso
312 1605 632 1675 alﬂigentur.
671 1606 837 1660 Video
880 1607 1211 1676 Fulgentium
1243 1613 1488 1678 superius
1531 1615 1713 1669 lauda-

140 1706 246 1747 tum
295 1696 533 1750 scribere
579 1711 771 1765 pueros
815 1714 1042 1761 arsuros,
1093 1699 1185 1753 sed
1215 1715 1278 1756 ea
1319 1718 1450 1758 voce
1478 1705 1710 1760 calorem

137 1798 258 1838 cum
290 1785 497 1851 dolore,
529 1788 615 1853 qui
650 1796 826 1840 tamen
857 1802 976 1842 esse
1003 1801 1176 1858 potest
1205 1794 1336 1845 citra
1387 1795 1715 1849 combustio-

140 1890 285 1939 nem,
309 1876 361 1928 in
391 1891 581 1946 corpus
602 1885 844 1945 agentem
873 1879 1210 1948 significavit.
1237 1882 1596 1940 Confirmatur
1614 1887 1713 1940 hoc

135 1966 307 2034 ipsum
338 1982 405 2020 ex
439 1967 530 2020 lib.
565 1984 593 2022 v
627 1981 812 2022 contra
843 1969 976 2036 Jul.,
1007 1973 1182 2039 capite
1227 1977 1467 2041 proxime
1509 1991 1709 2029 memo-

138 2067 269 2121 rato,
301 2059 391 2111 ubi
424 2059 496 2111 ait
540 2075 733 2128 pueros
768 2080 785 2112 ι
825 2062 878 2115 in
909 2062 1254 2120 damnatione
1281 2068 1516 2121 omnium
1547 2068 1712 2123 levis-

135 2148 263 2200 sima
291 2149 516 2203 futuros.
565 2153 714 2218 Quae,
749 2152 923 2219 qualis
963 2164 1015 2207 ct
1060 2165 1254 2222 quanta
1303 2157 1428 2222 erit,
1469 2158 1711 2226 quamvis

135 2237 352 2291 definire
383 2255 486 2292 non
519 2243 740 2310 possim,
771 2258 875 2295 non
909 2251 1083 2297 tamen
1115 2246 1286 2300 audeo
1329 2247 1513 2305 dicere
1566 2249 1709 2317 quod

134 2329 226 2394 eis,
266 2339 316 2383 ιιι
347 2332 477 2384 nulli
512 2343 708 2398 essent,
743 2349 897 2401 quam
929 2347 980 2388 ut
1011 2335 1082 2389 ibi
1114 2348 1317 2401 essent,
1345 2341 1518 2407 potius
1547 2356 1708 2410 expe-

134 2416 284 2470 diret.
326 2437 343 2468 ι
375 2419 526 2484 Quod
571 2423 614 2475 si
662 2423 729 2475 ab
778 2423 898 2490 igne
945 2426 1408 2494 comburerentur,
1469 2429 1709 2498 profecto

133 2507 316 2564 melius
361 2511 463 2563 illis
493 2519 637 2564 8553!.
668 2528 933 2581 nunquam
976 2517 1273 2572 exstitisse.
1307 2517 1380 2571 lbi
1421 2534 1548 2574 vero
1597 2537 1702 2575 non

133 2609 341 2653 recusat
377 2601 604 2656 definire
632 2618 797 2671 genus
842 2620 1012 2671 poeme
1034 2646 1047 2669 ,
1080 2622 1177 2660 nec
1203 2611 1462 2675 speciem,
1515 2626 1706 2678 nempe

130 2701 191 2741 an
221 2689 331 2742 sint
361 2691 413 2742 in
439 2693 558 2759 igne
588 2702 642 2746 et
671 2709 734 2744 an
769 2693 836 2747 ibi
866 2694 1205 2748 solummodo
1230 2698 1483 2751 caleliant
1511 2701 1591 2753 vel
1616 2715 1707 2753 us-

131 2780 383 2845 tulentur,
417 2783 510 2836 sed
544 2793 746 2838 tantum
777 2802 880 2854 quo
911 2788 1073 2854 gradu
1101 2788 1182 2843 vel
1224 2790 1523 2846 intensione
1565 2793 1709 2846 calo-

129 2869 194 2922 ris
218 2869 381 2926 iidem
417 2873 566 2941 pueri
599 2884 962 2944 torqueantur.

194 2979 382 3035 Solent
419 2998 660 3052 quaerere
685 2985 987 3042 scholastici
1021 3003 1087 3044 an
1119 2991 1299 3059 pueris
1333 3005 1486 3060 rmna
1524 2993 1703 3050 damni

132 3073 388 3128 tristitiam
413 3076 655 3133 incutiat.
705 3078 1048 3148 Respondent
1090 3084 1396 3138 scholarum
1437 3087 1701 3156 principes
1726 3075 1742 3086 ’

132 3165 262 3217 nulla
293 3167 505 3220 tristitia
533 3184 724 3237 pueros
755 3172 913 3224 affici.
949 3172 1295 3228 nocentiores
1325 3184 1500 3232 tamen
1535 3181 1695 3246 pleri-
1730 3161 1775 3223 C

129 3267 242 3319 que,
275 3270 408 3324 quos
431 3256 570 3310 inter
597 3259 798 3312 eminet
819 3261 1183 3328 Dellarminus,
1242 3264 1332 3318 lib.
1359 3281 1404 3318 vi
1427 3267 1494 3320 de
1521 3268 1700 3321 Amis-

127 3341 268 3398 siu’ne
296 3355 460 3412 grat.,
491 3357 622 3411 etc.,
651 3362 768 3416 cap.
795 3348 848 3414 6,
877 3351 1138 3404 tristitiam
1173 3355 1222 3405 in
1245 3356 1480 3421 parvulis
1508 3358 1700 3410 admit-

128 3440 254 3497 tunt,
286 3438 426 3503 quod
456 3453 484 3488 a
519 3439 685 3506 gloria
719 3448 916 3494 aeterna
947 3457 1004 3496 se
1027 3444 1274 3498 exclusos
1305 3446 1504 3500 vident.
1531 3447 1700 3502 Pudet

126 3537 202 3575 tne
229 3539 288 3577 ex
323 3527 626 3594 Augustino
652 3514 902 3582 nonnulla
934 3531 1192 3596 recitare;
1218 3533 1416 3586 etenim
1454 3535 1576 3587 inde
1607 3552 1699 3602 pa-

125 3611 220 3666 lam
245 3617 329 3671 fiet
359 3626 464 3672 tam
497 3620 680 3686 procul
711 3621 776 3673 ab
809 3621 1085 3688 Augustini
1125 3623 1387 3675 sententia
1416 3623 1610 3678 abiisse
1640 3625 1701 3677 il-

126 3702 198 3756 los
225 3705 472 3763 doctores
517 3709 607 3779 qui
633 3709 704 3762 ob
733 3710 1094 3764 exclusionem
1128 3727 1154 3763 a
1194 3712 1363 3779 gloria
1407 3713 1604 3767 nullam
1649 3716 1701 3768 in

124 3807 762 3877 puerisnistitiamg‘gni
815 3810 1230 3876 pronuntiarunt
1273 3826 1430 3878 quam
1483 3814 1700 3880 propius

124 3893 182 3946 ad
227 3896 637 3966 Pelagianorum
687 3901 965 3967 lparadoxa
1028 3911 1387 3956 accesserunt.
1451 3903 1700 3959 Profecto

122 4004 320 4049 sanctus
346 3997 548 4052 doctor
575 3997 771 4061 irrisit,
821 3998 931 4052 imo
972 4006 1280 4054 exsecratus
1326 4011 1408 4054 est
1456 4003 1700 4072 Pelagia-

122 4097 208 4139 nos
234 4087 300 4141 ita
325 4093 649 4153 sentientes,
675 4091 824 4159 quasi
852 4092 996 4160 regni
1018 4092 1252 4146 ccelestis
1273 4103 1696 4164 contemptores.

121 4173 300 4232 Scribit
331 4180 423 4235 lib.
459 4195 524 4234 tu
554 4180 743 4248 Uperis
771 4181 1010 4250 imperf.,
1041 4195 1158 4250 cap.
1193 4183 1263 4238 99
1297 4200 1310 4238 :
1347 4202 1365 4236 ι
1397 4185 1450 4238 In
1476 4201 1696 4255 regnum

122 4268 203 4324 Dei
227 4287 324 4326 non
358 4277 572 4329 intrare
597 4275 877 4344 imaginem
905 4276 1019 4342 Dei,
1049 4277 1244 4330 nullam
1269 4291 1388 4333 esse
1419 4289 1696 4336 contume-

122 4358 230 4413 liam
261 4370 477 4431 putatis,
535 4367 703 4431 ipsum
733 4381 955 4433 regnum
985 4368 1144 4420 etiam
1175 4369 1254 4423 sic
1281 4370 1472 4424 amatis
1505 4382 1558 4424 ut
1591 4387 1696 4424 non

121 4450 340 4518 ihiesss,
383 4471 488 4511 ιιοιι
530 4458 717 4510 saltem
754 4457 920 4510 levem
955 4471 1168 4523 poenam
1210 4459 1438 4513 credatis
1466 4460 1698 4514 hominis

121 4554 247 4611 esse,
278 4547 368 4598 sed
394 4564 636 4602 suum.
676 4567 694 4599 ι
724 4548 866 4602 Idem
900 4549 1210 4617 Pelagianos
1259 4552 1492 4619 graviter
1522 4553 1694 4622 arguit

123 4629 206 4687 lib.
233 4651 284 4689 nt
315 4650 504 4693 contra
533 4640 662 4702 Jtil.,
711 4656 828 4711 cap.
864 4641 916 4704 5,
970 4642 1254 4711 inquiens:
1293 4663 1311 4697 ι
1368 4645 1560 4700 Verum
1601 4662 1694 4701 vos

121 4730 542 4787 excellentissimi
574 4743 838 4789 amatores
871 4737 1014 4790 illius
1064 4738 1185 4791 vita:
1220 4754 1351 4808 .qute
1395 4741 1566 4794 futura
1615 4751 1698 4794 est

124 4825 310 4874 teter-na
340 4840 462 4878 cum
503 4827 744 4892 Christo,
800 4844 1006 4882 suum
1060 4845 1256 4884 emam
1312 4833 1504 4897 putatis
1553 4847 1695 4898 esse,

126 4904 392 4978 imaginem
428 4917 522 4968 Dei
557 4917 802 4970 exsulare
828 4933 852 4966 a
886 4933 1048 4985 regno
1081 4920 1194 4984 Dei,
1238 4934 1359 4972 cum
1390 4923 1432 4972 si
1478 4935 1694 4989 parvam

127 5009 318 5062 pernam
351 5020 473 5059 esse
504 5007 778 5068 diceretis,
815 5021 918 5060 non
949 5016 1089 5061 e~set
1117 5007 1231 5061 hinc
1259 5023 1355 5061 vox
1379 5009 1517 5062 beati
1545 5026 1696 5062 ama.

126 5093 242 5144 toris
276 5095 416 5148 illius
461 5098 634 5166 regni.
667 5099 760 5150 sed
801 5113 975 5151 uisset
1023 5114 1445 5175 coarsu‘pronts.
1489 5099 1695 5154 Rursus

127 5178 208 5232 lib.
261 5201 309 5246 v,
338 5201 460 5255 cap.
497 5190 545 5250 1,
599 5189 820 5257 loquens
863 5190 929 5242 de
975 5189 1174 5256 plebeis
1217 5189 1530 5243 Christianis
1580 5191 1695 5243 ait:

129 5273 396 5334 tQuorum
430 5278 476 5331 si
505 5278 784 5346 quisquam
823 5287 1038 5346 gestans
1064 5280 1339 5346 parvulum
1375 5279 1562 5344 filium,
1597 5293 1696 5333 nec

125 5357 225 5410 sine
247 5363 482 5418 clamore
505 5365 791 5432 invidioso,
815 5373 870 5420 et
900 5366 950 5419 in
981 5375 1129 5433 parte
1149 5367 1236 5420 ubi
1260 5367 1438 5420 nullus
1461 5367 1690 5430 audiret,

125 5451 460 5516 compellaret
489 5462 543 5507 et
590 5454 792 5509 diceret
821 5471 836 5509 :
863 5456 972 5522 Ego
1001 5469 1063 5511 ea
1085 5465 1284 5522 mente,
1310 5455 1684 5524 intelligentia,

129 5537 338 5606 ratione,
370 5542 421 5595 in
453 5558 556 5611 qua
586 5559 704 5599 sum
737 5544 906 5601 factus
926 5546 993 5600 ad
1023 5546 1308 5614 imaginem
1337 5547 1452 5614 Dei,
1486 5555 1688 5602 tantum

124 5637 235 5681 amo
258 5645 480 5700 regnum
507 5633 619 5700 Dei,
645 5646 700 5692 ut
718 5637 946 5693 hominis
969 5638 1426 5705 nxoantjudicem
1468 5653 1687 5703 νοειιιιιι,

126 5715 164 5769 si
187 5730 248 5772 eo
277 5736 548 5791 nunquam
598 5728 766 5795 possit
813 5728 1029 5784 intrare.
1086 5730 1229 5783 Itane
1284 5742 1412 5783 vero
1455 5737 1530 5795 tu,
1581 5745 1685 5785 non

1726 4519 1777 4578 D

1827 535 2167 589 dentissimus
2195 538 2344 606 regni
2377 537 2520 593 illius
2549 550 2776 607 amator,
2809 551 2956 598 tanto
3011 545 3190 613 utique
3220 548 3414 601 ardvu-

1827 625 1951 690 tior,
1980 635 2178 693 quanto
2205 628 2372 696 magis
2402 639 2452 684 te
2479 630 2888 699 ﬂagrantissima
2923 649 3211 702 paucorum
3240 637 3412 691 socie-

1829 724 1908 767 tas
1937 717 1986 770 in
2011 717 2138 770 illud
2161 721 2431 783 accendit,
2461 707 2560 777 nec
2590 723 2716 778 facit
2755 726 2880 780 inde
2912 734 3217 794 torpescere
3259 729 3410 796 frigi-

1824 803 1942 856 dior
1959 805 2263 870 multitudo,
2285 824 2641 876 responsurus
2672 829 2732 869 es
2767 815 2990 880 homini,
3034 824 3193 886 atque
3233 817 3408 870 dictu-

1804 908 1914 946 rus
1943 911 1956 946 :
1992 895 2104 949 Non
2131 911 2296 951 SOLUM
2330 916 2502 956 IIAGNA
2532 917 2783 973 noa'es'r,
2845 921 2941 960 sea
2984 922 3156 961 ιιυιιΑ
3210 922 3409 960 oustao

1822 1001 1980 1042 mnu
2025 1003 2122 1041 εδει·
2155 990 2396 1060 imaginis
2424 993 2540 1059 Dei,
2588 1011 2856 1066 nunquam
2907 1012 3063 1067 posse
3106 999 3305 1053 intrare
3357 997 3408 1048 iu

1825 1095 2044 1148 regnum
2079 1081 2206 1134 Dei?
2236 1083 2370 1137 Puto
2400 1085 2538 1153 quod
2571 1103 2668 1142 nec
2713 1088 2803 1142 uni
2835 1089 3061 1154 homini,
3103 1089 3256 1157 cujns
3301 1102 3400 1142 nec

1823 1170 1926 1222 vim
1953 1185 2053 1224 nec
2080 1171 2440 1227 testimonium
2465 1167 2794 1242 formidabis,
2827 1178 2926 1232 hoc
2955 1179 3132 1234 dicere
3155 1177 3397 1234 audebis.

1822 1259 1896 1312 Te
1927 1260 2104 1326 itaque
2135 1262 2248 1316 sive
2274 1266 2632 1331 respondente
2659 1268 2954 1335 quodlibet,
2985 1270 3096 1323 sive
3120 1270 3261 1338 quod
3287 1285 3399 1322 ma-

1821 1350 1899 1419 gis
1923 1366 1952 1404 a
1987 1361 2034 1404 te
2063 1353 2322 1422 exigeret,
2351 1357 2397 1410 si
2441 1373 2546 1412 non
2596 1359 2920 1426 Christiana,
2969 1371 3115 1416 certe
3173 1363 3401 1416 humana

1819 1445 2160 1512 verecundia,
2192 1448 2472 1513 reticente,
2500 1451 2768 1520 ingereret
2797 1453 3098 1522 aspectibus
3139 1455 3245 1508 tuis
3276 1469 3398 1522 par-

1819 1538 1999 1591 vulum
2030 1553 2210 1606 suum,
2252 1560 2270 1592 ι
2305 1549 2408 1597 etc.
2438 1544 2654 1598 Pcenam
2679 1554 2854 1600 autem
2883 1546 2966 1600 hic
2989 1547 3210 1615 intelligi
3242 1555 3400 1614 prout

1817 1638 1901 1684 est
1941 1630 2192 1686 inﬂictiva
2217 1633 2442 1698 doloris,
2473 1650 2577 1690 non
2608 1652 2734 1690 vero
2758 1645 2911 1705 prout
2935 1648 3015 1692 est
3041 1646 3244 1691 tantum
3272 1638 3398 1706 quid

1818 1720 2017 1774 malum
2047 1722 2099 1774 in
2131 1737 2189 1776 se
2218 1723 2442 1779 inferius
2471 1727 2774 1781 ostendam.
2817 1727 2908 1781 Illa
2957 1736 3134 1781 autem
3189 1738 3398 1781 veteres

1747 1808 1794 1866 B
1824 1809 1961 1862 haud
1992 1811 2186 1879 legisse
2207 1814 2443 1879 credam,
2476 1830 2648 1886 neque
2694 1818 2836 1872 enim
2883 1819 3025 1872 illam
3075 1815 3396 1873 sententiam

1818 1901 2028 1969 publice
2055 1903 2382 1970 docuissent,
2411 1922 2570 1976 quam
2603 1921 2669 1961 ne
2695 1923 2723 1961 a
2757 1907 3154 1977 Pelagianorum
3181 1908 3395 1976 quidem

1816 1994 2237 2051 insolentissitno
2259 1998 2474 2054 Juliano
2500 2002 2588 2054 uni
2621 2001 2819 2056 homini
2849 2017 2951 2057 non
2977 2002 3190 2071 quidem
3216 2004 3390 2068 docto,

1813 2087 1907 2141 sed
1933 2088 2001 2142 de
2030 2089 2210 2143 ultima
2241 2090 2370 2146 faece
2401 2094 2537 2162 vulgi
2582 2095 2883 2149 clanculum
2915 2098 3047 2150 citra
3098 2097 3258 2150 ullius
3289 2108 3394 2150 tes~

1813 2176 2089 2232 timonium
2125 2181 2378 2235 inculcari
2408 2184 2644 2250 potuisse
2684 2185 3009 2251 Augustinus
3053 2187 3392 2239 existimavit.

1813 2271 2044 2326 Putasne
2068 2273 2284 2327 Mastrio
2313 2289 2455 2330 cura:
2488 2277 2653 2332 fuisse
2681 2277 2808 2346 quid
2839 2278 2938 2332 hac
2979 2278 3047 2331 de
3079 2293 3134 2330 re
3171 2277 3395 2331 sentiret

1809 2364 2174 2434 Augustinus?
2197 2365 2327 2420 Nam
2358 2367 2426 2421 ab
2447 2369 2636 2423 eodem
2668 2369 2718 2423 in
2741 2368 2774 2420 2
2802 2370 3217 2435 Sententiarum,
3250 2369 3389 2435 disr.

1811 2457 1868 2521 4,
1895 2458 1963 2512 de
1987 2459 2158 2522 hom.,
2188 2475 2239 2528 q.
2285 2461 2338 2525 6,
2369 2476 2513 2515 num.
2550 2462 2672 2528 165,
2701 2461 2983 2516 adducitur
3015 2481 3032 2513 ι
3068 2460 3398 2530 Augustinus

1811 2549 1879 2604 de
1907 2561 2242 2618 peccatorum
2273 2553 2475 2606 Meritis
2500 2563 2554 2607 et
2584 2554 2930 2615 remissione,
2960 2567 3076 2618 cap.
3104 2551 3195 2614 27,
3247 2565 3392 2604 asse-

1811 2653 1934 2692 rens
1954 2641 2179 2693 infantes
2203 2642 2254 2693 in
2283 2643 2446 2695 limbo
2476 2659 2578 2697 non
2602 2644 2801 2696 tristari
2827 2659 2924 2697 nec
2943 2644 3189 2696 dolorem.
3210 2643 3336 2710 pati.
3369 2661 3385 2692 ι

1803 2715 2141 2798 Ἀυειιειίιιυε
2197 2739 2306 2785 tres
2360 2732 2575 2799 scripsit
2621 2732 2787 2785 libros
2815 2733 2882 2786 de
2913 2740 3250 2799 peccatorum
3283 2731 3392 2784 Me-

1811 2819 1929 2873 ritis
1958 2829 2012 2875 et
2039 2822 2380 2886 remissione,
2413 2837 2544 2892 quos
2581 2823 2829 2876 illustrius
2860 2837 2962 2877 non
2994 2822 3290 2891 distinguit,
3322 2825 3392 2876 sic

1810 2912 2030 2980 mulque
2055 2915 2127 2966 illi
2159 2914 2365 2968 affricat
2387 2929 2503 2967 eam
2535 2915 2841 2981 opinionem
2870 2929 3024 2983 quam
3050 2913 3209 2968 veluti
3237 2929 3390 2982 para-

1804 3003 2004 3058 doxum
2033 3005 2328 3060 detestatus
2358 3015 2460 3060 est.
2491 3005 2659 3060 Nemo
2682 3020 2808 3074 ergo
2850 3006 3002 3061 nobis
3031 3006 3163 3059 vitio
3218 3015 3391 3060 vertat

1809 3099 1852 3151 si
1905 3100 2161 3166 majorem
2232 3103 2281 3152 in
2340 3100 2635 3167 Augustino
2684 3099 2908 3168 legendo
2953 3097 3280 3167 diligentiam
3337 3100 3390 3154 in

1805 3190 2140 3244 scholasticis
2169 3190 2553 3244 desideremus.

1882 3281 2150 3336 Moraines
2179 3297 2297 3336 eum
2332 3283 2452 3336 aliis
2482 3283 2770 3351 respondet
2799 3283 3030 3341 futuram
3071 3298 3288 3351 parvam
3319 3282 3386 3336 il-

1806 3374 1909 3425 lam
1943 3373 2212 3426 tristitiam
2245 3388 2531 3440 puerorutn
2581 3375 2650 3427 ob
2699 3375 3060 3429 exclusionem
3105 3389 3132 3427 a
3179 3375 3386 3442 gloria;

1805 3464 1900 3516 sed
1945 3465 2057 3518 haec
2079 3474 2197 3518 erat
2225 3466 2450 3517 aliorum
2481 3466 2883 3532 Pelagianorum
2923 3467 3225 3532 responsio,
3253 3474 3388 3519 teste

1807 3556 2104 3622 Augustino
2143 3556 2238 3608 lib.
2274 3571 2350 3608 ιιι.
2381 3563 2564 3609 contra
2589 3555 2693 3608 Jul.
2717 3595 2730 3616 ,
2761 3571 2879 3621 cap.
2909 3555 2942 3606 15
2971 3572 2982 3604 :
3016 3572 3033 3603 ι
3063 3555 3256 3616 Porro,
3307 3555 3387 3608 in-

1803 3645 1945 3712 quit,
1976 3646 2016 3697 si
2046 3646 2187 3712 quod
2213 3645 2337 3698 huic
2363 3645 2561 3699 sufficit
2584 3660 2760 3698 causa:
2779 3688 2792 3707 ,
2828 3660 3037 3698 tunth
3059 3646 3246 3696 sa'tem
3273 3659 3387 3697 ros:-

1805 3750 1909 3787 aast
1944 3735 2187 3790 fatemini
2212 3749 2352 3797 esse,
2386 3749 2504 3802 quae
2532 3749 2719 3802 magna
2741 3743 2852 3797 est,
2879 3741 2935 3785 ut
2962 3734 3134 3801 imago
3159 3733 3249 3787 Dei
3278 3749 3383 3787 non

1803 3825 2007 3880 s'inatur
2055 3828 2252 3880 intrare
2297 3827 2346 3879 in
2397 3840 2616 3894 regnum
2663 3824 2802 3890 Dei,
2837 3843 2853 3875 ι
2901 3826 3005 3877 etc.
3048 3822 3190 3877 Idem
3224 3839 3384 3887 vero,

1802 3934 1967 3974 scrm.
2002 3920 2064 3973 ll
2098 3921 2164 3974 de
2192 3921 2350 3974 Verh.
2386 3918 2598 3985 Apost.,
2632 3920 2700 3972 ita
2742 3928 2925 3972 contra
2962 3917 3272 3986 Pelagianos
3301 3934 3385 3972 ar-

1801 4020 2185 4079 gumentatur:
2227 4029 2243 4060 ι
2279 4011 2331 4066 Si
2365 4019 2575 4063 amatur
2615 4009 2822 4078 patria,
2867 4023 3055 4080 magna
3106 4023 3295 4077 poma;
3340 4010 3383 4062 si

1804 4112 1982 4156 autem
2028 4117 2132 4155 non
2176 4111 2388 4157 amatur
2429 4101 2628 4168 patria,
2675 4100 2823 4166 pejor
2864 4110 2944 4154 est
2987 4100 3165 4154 eordis
3205 4115 3380 4168 poma.

1802 4193 2030 4247 Parvum
2060 4193 2257 4247 malum
2289 4202 2368 4248 est
2401 4193 2452 4246 in
2484 4191 2714 4244 hominis
2738 4190 2917 4256 corde,
2951 4192 3040 4260 qui
3069 4192 3383 4246 societatem

1802 4301 1908 4340 non
1938 4288 2129 4355 quaerit
2177 4295 2483 4339 sanctorum
2508 4325 2523 4350 ,
2561 4285 2650 4353 qui
2689 4300 2793 4338 non
2842 4285 3112 4339 desiderat
3158 4300 3380 4352 negtium

1800 4374 2099 4428 cmlorum?
2122 4372 2177 4428 Si
2211 4390 2313 4428 non
2345 4373 2650 4440 desiderat,
2683 4389 2838 4440 poena
2880 4383 2960 4427 est
3005 4371 3072 4426 de
3119 4374 3382 4441 perversi-

1802 4471 1945 4529 tate;
1973 4465 2016 4516 si
2050 4472 2228 4516 autem
2252 4463 2545 4527 desiderat,
2571 4479 2722 4530 poena
2749 4472 2833 4516 est
2853 4464 2918 4517 de
2939 4462 3180 4516 fraudata
3206 4463 3381 4514 chari-

1806 4563 1932 4608 tate.
1966 4553 2067 4609 Sed
2097 4555 2161 4620 si,
2191 4554 2331 4622 quod
2364 4555 2464 4618 vis,
2501 4569 2659 4618 parva
2689 4555 2759 4607 sit
2787 4568 2959 4621 prena.
2995 4561 3050 4604 et
3077 4552 3187 4619 ipsa
3218 4566 3378 4618 parva

1806 4660 1995 4715 magna
2025 4656 2130 4709 est,
2172 4647 2214 4699 si
2245 4645 2388 4699 nulla
2419 4646 2571 4716 culpa
2612 4655 2714 4700 est.
2754 4664 2771 4696 ι
2810 4645 2934 4699 lltec
2965 4644 3072 4697 ille.
3106 4642 3213 4695 Nec
3231 4641 3380 4709 juvat

1803 4737 1945 4804 quod
1970 4746 2232 4805 reponunt
2254 4737 2520 4792 tristitiam
2549 4737 2694 4790 illam
2727 4736 2810 4788 vel
2842 4735 3038 4786 nullam
3067 4747 3210 4796 esse,
3238 4735 3378 4800 quod

1805 4827 2026 4879 amissio
2054 4829 2124 4880 sit
2156 4828 2272 4881 boni
2305 4826 2758 4896 supernaturalis,
2789 4822 2927 4889 quod
2961 4821 3088 4888 ipsis
3120 4823 3377 4873 naturali-

1807 4927 1889 4970 ter
1910 4932 2014 4970 non
2042 4917 2359 4980 debebatur,
2401 4917 2481 4967 vel
2517 4914 2705 4965 saltem
2730 4911 2903 4964 levem
2923 4953 2938 4976 ,
2972 4911 3113 4979 quod
3140 4911 3377 4974 videant,

1806 5019 1912 5058 non
1956 5017 2050 5056 sua
2093 5004 2367 5068 ipsorum,
2410 5001 2505 5056 sed
2549 5001 2702 5068 primi
2737 5000 2969 5068 parentis
3018 5003 3172 5068 culpa
3210 5017 3269 5056 se
3307 5003 3375 5055 ab

1802 5105 1998 5150 ceterna
2043 5095 2208 5162 gloria
2256 5093 2475 5161 ejectos.
2506 5092 2715 5146 Etenim
2758 5102 2943 5148 natura
2986 5094 3213 5148 humana
3259 5104 3376 5148 erat

1801 5185 2043 5238 ordinata
2091 5184 2156 5236 ad
2199 5184 2452 5252 gloriam,
2487 5199 2605 5252 qua:
2644 5186 2811 5252 gratia
2852 5187 3101 5240 omnibus
3149 5185 3373 5251 posteris

1804 5275 1934 5329 Adae
1963 5275 2174 5328 decreta
2205 5282 2340 5339 erat,
2370 5288 2398 5326 a
2429 5289 2529 5342 qua
2563 5284 2736 5328 tamen
2769 5289 2888 5327 cum
2918 5291 2976 5329 se
3005 5275 3073 5329 ob
3105 5273 3248 5326 illius
3274 5271 3371 5324 de-

1803 5365 1985 5419 lictum
2012 5365 2272 5420 excidisse
2302 5365 2538 5431 videant,
2564 5364 2748 5432 ingens
2771 5365 2974 5418 doloris
3002 5369 3372 5429 argumentum

1799 5461 2051 5512 occurrit.
2077 5458 2172 5519 Ita,
2197 5457 2242 5511 si
2272 5459 2388 5525 quis
2418 5457 2486 5510 ob
2515 5457 2715 5509 crimen
2740 5457 2880 5508 laesa:
2905 5450 3197 5520 maiestatis
3219 5450 3374 5503 amit-

1797 5554 1873 5599 tat
1902 5546 2038 5599 bona
2070 5545 2169 5600 sibi
2206 5561 2234 5599 a
2278 5545 2516 5614 principe
2551 5553 2706 5596 antea
2750 5545 2983 5604 donata,
3033 5555 3212 5594 nonne
3258 5541 3374 5608 ejus

1796 5636 1890 5689 lilii
1923 5637 2079 5690 toties
2110 5635 2307 5703 ingenti
2339 5636 2550 5688 tristitia
2583 5632 2957 5700 corripientur,
2988 5632 3198 5699 quoties
3232 5648 3370 5700 prte-

1793 5735 2000 5783 sentetn
2047 5725 2352 5796 pauperiem
2402 5741 2524 5781 cum
2566 5725 2760 5780 amissa
2808 5725 3066 5779 bonorum
3097 5722 3369 5779 afﬂuentia
