3892 6302
537 325 638 387 6‘5)

1388 311 1946 385 surrLesieN'ron
1989 330 2078 384 AD
2118 330 2343 389 orem
2383 335 2437 388 s.
2479 319 2865 391 Ancusrtxt.
3670 337 3744 400 660

491 468 498 470 τ
533 447 957 515 tritnparabunt?
985 445 1136 511 Quod
1168 453 1346 498 autem
1387 445 1558 498 aliena
1591 445 1743 512 culpa
1774 445 1826 497 in
1851 459 1972 497 eum
2005 455 2112 497 sta-
2141 449 2187 505 A
2220 463 2410 514 pueros
2445 466 2547 503 non
2581 450 2806 514 tristari,
2831 450 2951 518 quia
2982 449 3031 502 id
3065 465 3166 501 non
3213 460 3390 518 posset
3424 452 3742 520 contingere,

486 561 494 566 ·
531 552 644 592 tum
678 540 1002 601 deciderint,
1042 539 1295 606 pudercm
1329 537 1539 604 quidem
1567 579 1581 602 ,
1613 538 1704 590 sed
1737 552 1838 590 non
1870 537 2108 592 dolorem

535 637 776 697 minuet,
825 635 932 686 imo
976 634 1136 685 istum
1187 633 1303 696 plus
1333 632 1563 696 augebit.
1599 631 1780 684 Pueris
1826 647 1954 686 vero
2003 645 2107 684 non

493 743 500 747 -
536 726 694 776 modo
727 732 878 790 [terra
912 722 1108 774 inﬂicta
1132 730 1210 773 est
1235 762 1249 778 .
1288 736 1468 773 verum
1501 721 1657 774 etiam
1694 723 1824 774 inest
1852 722 2027 789 culpa,
2058 735 2110 776 et

534 825 658 868 sunt
687 830 876 880 reapse
902 822 1228 882 peccatores,
1265 813 1405 866 unde
1435 826 1552 867 CUlll
1581 815 1793 867 tristitia
1823 815 1981 868 etiam
2013 831 2108 883 pu-

532 908 628 960 dor
655 908 706 959 in
732 905 836 958 illis
867 906 1142 973 reperitur.

609 993 952 1062 Respondent
975 993 1064 1044 alii
1090 1007 1282 1060 pueros
1314 995 1509 1046 nullam
1543 994 1815 1046 habituros
1845 995 2106 1061 cognitio-

533 1100 652 1137 nem
678 1085 860 1152 gloria:
883 1093 1120 1147 ueterum,
1146 1083 1287 1151 quod
1313 1084 1424 1138 lucc
1445 1093 1527 1138 est
1547 1085 1987 1152 supernaturalis,
2013 1101 2109 1137 nec

532 1171 759 1223 naturali
811 1185 1098 1240 puerorum
1143 1171 1445 1238 cognitione
1501 1173 1687 1240 attingi
1736 1174 1946 1239 poterit.
2001 1173 2108 1227 Sed

533 1263 647 1314 hazc
679 1263 959 1328 responsio
989 1261 1234 1329 superius
1267 1265 1462 1330 rcjccta
1492 1274 1568 1316 est
1593 1305 1606 1327 ,
1645 1263 1732 1316 ubi
1769 1264 2110 1332 probavimus

531 1365 726 1417 pueros
759 1349 963 1404 futuros
995 1351 1045 1403 in
1079 1351 1290 1403 sinistra
1324 1369 1336 1404 :
1368 1351 1622 1405 videbunt
1647 1353 1789 1406 enim
1832 1368 1861 1406 e
1897 1353 2110 1406 diverso

530 1443 752 1505 electos,
779 1455 979 1509 eosque
1009 1441 1072 1492 ad
1103 1449 1358 1495 mternam
1399 1442 1621 1510 gloriam
1659 1442 1860 1496 vocari.
1893 1443 2109 1496 Interim

530 1531 655 1598 quid
689 1533 769 1584 his
797 1542 1078 1597 reponeret
1103 1534 1455 1600 Augustinus,
1481 1534 1567 1599 qui
1593 1533 1877 1587 absurdum
1907 1535 2110 1601 putavit

533 1636 725 1690 pueros
767 1622 1026 1690 imagines
1059 1622 1150 1676 Dei
1183 1623 1321 1676 haud
1354 1639 1533 1677 amare
1564 1640 1784 1693 regnum
1815 1626 1941 1688 Dei,
1970 1625 2110 1678 scri-

536 1717 666 1767 bens
697 1715 785 1768 lib.
821 1731 867 1766 vt
897 1725 1083 1768 contra
1107 1714 1237 1776 Jnl.,
1285 1731 1406 1780 cap.
1457 1719 1490 1770 4
1527 1735 1536 1767 :
1578 1735 1594 1764 ι
1627 1717 1681 1771 Si
1735 1717 1834 1769 hoc
1883 1717 1960 1770 cis
2005 1735 2107 1770 non

2211 539 2311 591 nisi
2342 541 2546 594 nollent
2574 556 2760 595 carere
2792 541 3136 604 beatitudine,
3163 557 3329 609 neque
3350 557 3478 596 e~se
3500 543 3551 595 in
3573 558 3745 598 carcere

2209 630 2432 696 captivi,
2463 647 2579 699 quae
2611 647 2780 699 paena:
2833 632 2958 699 ipsis
3001 631 3299 685 nolentibus
3342 633 3679 697 accidissent,
3710 646 3746 686 at

2213 732 2337 773 tunc
2369 731 2673 787 peccarent,
2703 722 2822 790 quia
2857 723 3114 775 haberent
3144 723 3467 777 voluntatem
3492 723 3745 776 dillorment

2209 811 2468 864 voluntati
2500 813 2719 865 divinm.
2748 813 2822 866 Ex
2846 829 2949 880 quo
2980 813 3223 868 discursu
3249 824 3388 882 patet
3423 816 3590 869 virum
3619 817 3749 869 subti-

2214 900 2472 954 lissimum
2507 919 2570 956 ne
2600 906 2864 970 ουεὶῑειδμθ
2887 904 3098 972 quidem
3130 905 3196 958 de
3229 905 3442 958 tristitia
3474 919 3591 972 qua:
3615 909 3750 959 oritur

2211 1005 2272 1042 ex
2301 1001 2538 1058 peccato.
2580 994 2684 1045 Sed
2724 1009 2820 1046 nec
2851 996 2985 1047 ratio
3029 995 3115 1046 illa
3143 1035 3158 1058 ,
3205 1011 3363 1062 quam
3421 1005 3545 1048 ante
3573 996 3749 1050 Scotum

2213 1090 2394 1133 uester
2431 1079 2674 1149 Aigidius
2700 1084 2983 1150 produxit,
3016 1084 3302 1151 quidquam
3337 1086 3560 1153 probat;
3590 1085 3750 1137 etenim

2215 1170 2384 1235 pueri,
2414 1185 2531 1223 cum
2563 1171 2669 1224 sint
2718 1180 3063 1238 peccatores,
3113 1172 3307 1225 habent
3335 1172 3649 1227 \‘olutttatezn
3674 1164 3751 1226 dir-

2214 1263 2442 1314 formem
2483 1261 2737 1313 voluntati
2781 1261 3016 1324 divinas;
3057 1273 3177 1315 sunt
3229 1263 3403 1316 aversi
3433 1279 3463 1316 a
3495 1265 3599 1316 Deo
3638 1266 3751 1317 ctail

2213 1360 2512 1406 creaturam
2545 1349 2822 1413 conversi;
2866 1360 2984 1403 sunt
3039 1366 3161 1404 vasa
3192 1352 3286 1403 ira:
3335 1361 3389 1405 et
3420 1355 3750 1415 contumelia;

2215 1452 2339 1494 sunt
2385 1455 2414 1494 e
2467 1454 2690 1492 nurnero
2733 1440 3080 1507 reproborum
3112 1456 3126 1493 :
3158 1456 3262 1493 non
3295 1451 3423 1494 sunt
3470 1444 3752 1495 reconciliati

2217 1533 2325 1585 Deo
2345 1575 2357 1592 .
2387 1533 2477 1585 sed
2515 1533 2652 1585 inter
2677 1531 2916 1600 ejusdem
2953 1532 3200 1585 inimicos
3221 1542 3615 1602 computantur,
3650 1536 3753 1587 unde

2189 1623 2192 1625 ‘
2218 1625 2293 1674 ira
2327 1622 2414 1675 Dei
2441 1632 2619 1675 manet
2649 1638 2808 1689 super
2838 1621 2976 1675 illos.
3003 1622 3208 1675 Habent
3228 1638 3357 1692 ergo
3379 1639 3448 1678 ex
3480 1626 3667 1694 origine
3686 1642 3754 1677 vo-

2217 1713 2472 1765 luutatetn
2503 1712 2807 1765 dilforrnem
2837 1713 3099 1766 voluntati
3142 1714 3355 1768 divitue.
3392 1717 3476 1770 An
3510 1731 3628 1770 vero
3650 1719 3754 1784 quod

533 1805 638 1857 erit
667 1805 883 1867 malum,
913 1821 1016 1857 non
1050 1819 1177 1873 ergo
1205 1807 1455 1858 amabunt
1487 1822 1705 1874 regnum
1733 1807 1822 1860 Dei
1855 1816 1932 1859 tot
1959 1807 2109 1859 inno-
2145 1815 2186 1870 Β
2211 1802 2355 1868 juste
2375 1816 2433 1854 se
2459 1800 2678 1854 videant
2707 1803 2965 1869 torqueri,
3021 1804 3284 1870 patienter
3326 1812 3593 1858 tormenta
3632 1809 3754 1858 sus'i-

532 1903 712 1946 centes
746 1895 1001 1961 itnag'nes
1036 1895 1149 1947 Dei.
1182 1895 1238 1948 Si
1267 1906 1443 1946 autem
1472 1897 1751 1958 amabunt,
1801 1907 1855 1950 et
1903 1907 2107 1950 tantum

511 1987 786 2038 amabunt
817 1996 1073 2054 quantum
1109 1988 1420 2041 innocentes
1451 2005 1631 2042 amare
1665 1989 1860 2042 debent
1889 2003 2108 2058 regnum

533 2075 666 2141 ejus,
699 2092 724 2126 a
754 2092 859 2142 quo
885 2077 948 2127 ad
979 2077 1143 2143 ipsius
1175 2078 1455 2146 imaginem
1501 2088 1772 2142 creantur,
1808 2079 1938 2130 nihil
1984 2080 2108 2132 mali

534 2174 599 2225 de
631 2172 728 2225 hac
759 2173 872 2240 ipsa
912 2173 1247 2238 separatione
1295 2172 1649 2237 patientur?»
1688 2173 1824 2236 Quid
1867 2173 1947 2226 his
1973 2214 1987 2237 ,
2033 2173 2111 2225 in-

534 2279 715 2330 quam,
743 2274 1044 2330 reponeret,
1075 2263 1199 2315 dtnn
1234 2264 1283 2314 in
1316 2262 1516 2315 scholis
1545 2264 1748 2318 audiret
1783 2279 1977 2332 pueros
2005 2282 2108 2318 ιιι-ιι

514 2359 695 2410 -mudo
727 2373 830 2410 non
853 2374 1034 2409 amare
1052 2400 1063 2418 ,
1087 2359 1178 2409 sed
1212 2374 1276 2409 nc
1299 2372 1622 2423 cognoscere
1645 2358 1855 2424 quidem
1891 2373 2106 2425 regnum

540 2451 674 2503 Dei?
705 2451 833 2502 Tam
865 2449 1046 2515 procul
1079 2451 1145 2500 ah
1178 2449 1452 2516 Augustini
1485 2449 1689 2502 semitis
1717 2448 1923 2502 nobiles
1955 2449 2110 2502 scho-

535 2545 701 2596 lastici
740 2544 941 2597 abiere.
981 2543 1173 2595 Verum
1201 2542 1313 2594 ha-c
1344 2543 1448 2595 illis
1476 2543 1860 2604 concedamus,
1893 2542 2109 2595 aliunde

534 2634 804 2687 tristitiam
851 2647 1136 2701 puerorum
1172 2635 1362 2700 probo.
1392 2632 1599 2685 Etenim
1634 2648 1739 2685 non
1767 2633 1937 2685 solum
1987 2642 2112 2685 sunt

534 2725 707 2777 aversi
731 2741 757 2775 a
785 2724 914 2787 Deo,
948 2735 1003 2775 ut
1036 2734 1254 2776 auctore
1285 2738 1365 2789 su;
1387 2723 1706 2787 ernaturali,
1731 2722 1822 2776 sed
1867 2711 2026 2775 etiam
2055 2733 2112 2773 ut

534 2829 752 2874 auctore
781 2829 986 2871 natura:
1019 2836 1030 2870 :
1068 2817 1234 2871 Adam
1267 2817 1406 2869 enim
1457 2832 1551 2882 per
1596 2808 1872 2884 p-7cratum
1923 2815 2110 2868 relicto

518 2909 956 2962 ’inctuntnutabili
991 2909 1128 2960 bono
1157 2909 1379 2961 adita-sit
1415 2910 1552 2958 bono
1581 2917 1781 2969 creato,
1809 2906 1948 2973 quod
1993 2921 2112 2972 pec.

533 3009 710 3051 t-atum
740 3014 858 3052 cum
891 3015 956 3052 ex
990 2999 1195 3066 origine
1224 3014 1252 3049 a
1297 2999 1472 3064 pueris
1513 2996 1782 3060 trahatur,
1819 2997 2110 3049 redduntur

535 3088 706 3140 aversi
734 3103 762 3140 a
792 3089 900 3141 Deo
941 3097 994 3141 et
1024 3088 1268 3139 conversi
1319 3087 1382 3137 ad
1436 3095 1757 3140 creaturam.
1789 3085 1899 3137 Hoc
1937 3086 2108 3152 ipsum

2217 1893 2416 1946 neant?
2461 1891 2770 1959 Respondet
2792 1892 3042 1956 I’oncius,
3069 1908 3214 1945 num.
3246 1888 3338 1957 5i,
3374 1911 3394 1945 ι
3433 1911 3538 1948 non
3559 1910 3666 1949 esse
3683 1897 3754 1947 sibi

2215 1987 2594 2038 inconveniens
2620 1985 2760 2052 quod
2792 1985 2994 2053 parvuli
3039 1986 3090 2038 iu
3138 1985 3346 2040 inferno
3379 1999 3603 2054 peccent
3630 2000 3752 2048 actu,

2196 2078 2332 2128 eum
2363 2076 2505 2128 enim
2540 2074 2770 2128 habeant
2802 2090 2951 2127 usum
2980 2074 3130 2128 liberi
3163 2075 3397 2142 arbitrii,
3433 2087 3488 2132 ct
3518 2078 3755 2146 puniantur

2213 2165 2542 2218 trtcrnaliter
2583 2180 2610 2216 a
2667 2166 2808 2227 Deo,
2868 2174 2975 2217 tum
3007 2166 3241 2219 carentia
3275 2166 3648 2231 beatitudinis,
3676 2178 3754 2220 tum

2216 2269 2369 2322 pmna
2393 2271 2603 2320 sensus,
2629 2267 2770 2308 esset
2800 2271 2927 2308 sane
2959 2256 3192 2308 maxima
3223 2257 3391 2310 virtus
3422 2258 3480 2312 in
3521 2259 3637 2328 ipsis
3656 2273 3753 2311 cor.-

2170 2360 2173 2362 ’
2215 2348 2444 2397 formare
2478 2361 2536 2399 se
2577 2346 2768 2398 divinae
2795 2345 3070 2400 voluntati.
3108 2365 3125 2396 ι
3153 2345 3300 2410 Quod
3336 2349 3379 2400 si
3429 2349 3753 2419 martyrcsin-

2215 2435 2516 2488 teosissitna
2548 2437 2717 2504 gratia
2763 2435 3041 2504 indiguere
3065 2478 3077 2501 ,
3115 2453 3181 2489 ne
3210 2439 3260 2490 in
3292 2440 3574 2492 tormentis
3597 2437 3752 2492 deﬁce-

2213 2538 2350 2590 rent,
2388 2527 2480 2581 sed
2524 2543 2618 2596 pro
2651 2528 2907 2594 rel?gione
2941 2537 3260 2595 pugnarent,
3309 2546 3638 2600 nequaquam
3669 2531 3751 2583 ﬁeri

2215 2636 2374 2688 posse
2405 2621 2614 2674 videtur
2641 2630 2697 2672 ιιι
2727 2619 2873 2687 pueri
2903 2621 3032 2673 solis
3061 2621 3264 2673 viribus
3299 2633 3508 2676 natura:
3539 2633 3690 2675 tantos
3710 2636 3752 2672 ac

2217 2722 2320 2766 tam
2354 2713 2540 2780 longos
2563 2712 2829 2765 cruciatus
2859 2711 3122 2779 patienter
3151 2711 3430 2766 sull'erant.
3467 2713 3572 2767 Nec
3595 2729 3650 2768 ex
3675 2713 3747 2763 alia

2215 2814 2365 2873 parte
2406 2805 2612 2857 videtur
2641 2801 2862 2870 iustitia:
2905 2800 3096 2855 divina:
3120 2816 3418 2856 consmium
3475 2814 3531 2857 ut
3558 2797 3752 2857 hostibus

2214 2896 2346 2960 suis,
2379 2893 2468 2962 qui
2500 2901 2622 2946 sunt
2650 2891 2716 2945 de
2747 2891 2946 2944 familia
2977 2889 3195 2956 diaboli,
3224 2898 3425 2945 tantam
3457 2893 3642 2947 divina:
3664 2907 3751 2960 gra-

2217 2988 2300 3039 tize
2332 2985 2436 3038 vim
2464 2985 2818 3053 impertiatur.

2393 3076 2678 3131 Solvuntur
2700 3076 2969 3129 contrarie
2997 3076 3253 3129 sententia:
3287 3088 3609 3146 argumenta.

535 3177 919 3241 conﬁrmatur,
950 3179 1070 3244 quia
1117 3177 1198 3229 vel
1247 3177 1392 3243 pueri
1437 3176 1632 3229 habent
1674 3177 1906 3244 aliquem
1952 3177 2108 3230 litium

2293 3166 2504 3236 Optime
2545 3166 2814 3233 judicasse
2866 3167 3093 3220 arbitror
3120 3166 3377 3220 Joannem
3421 3167 3750 3221 Ponciumstt-

539 3279 570 3322 ti
593 3270 834 3322 =turaletn
865 3285 970 3338 quo
1002 3283 1249 3336 possessu
1281 3271 1566 3334 satiantur,
1595 3269 1677 3322 vel
1717 3269 1916 3321 nullum
1949 3269 2109 3322 talem

539 3364 698 3414 tinem
726 3371 952 3429 possunt
981 3359 1277 3428 possidere.
1311 3360 1366 3411 Si
1393 3359 1620 3426 primum
1650 3357 1828 3425 detur,
1862 3369 1986 3425 peto
2027 3361 2109 3412 vel

535 3455 635 3505 erit
661 3452 745 3505 hic
771 3451 890 3506 (luis
937 3452 1104 3517 Deus,
1133 3452 1214 3505 vel
1256 3452 1544 3505 creatura?
1575 3451 1620 3503 si
1662 3460 1924 3516 creatura,
1959 3460 2115 3505 erunt

537 3551 696 3615 igillll‘
727 3552 1032 3612 peccatores
1063 3555 1112 3599 et
1137 3547 1306 3600 aversi
1333 3561 1362 3598 a
1395 3545 1502 3600 Deo
1533 3554 1589 3599 ut
1615 3557 1834 3601 auctore
1865 3556 2068 3602 naturae
2098 3566 2111 3611 ;

536 3638 580 3690 si
606 3652 732 3691 vero
765 3637 904 3691 Deus
927 3639 1028 3691 erit
1067 3636 1283 3691 ultimus
1317 3637 1456 3700 linis,
1483 3649 1746 3704 quatenus
1791 3637 2113 3692 abstractive

535 3730 803 3798 cognitus,
832 3745 958 3797 ergo
981 3730 1234 3782 amabunt
1265 3730 1427 3783 Deum
1457 3739 1511 3784 et
1539 3744 1566 3781 a
1597 3730 1703 3783 Deo
1731 3745 1941 3799 quoque
1963 3747 2046 3784 am
2066 3749 2111 3780 ι-

535 3817 765 3882 1»ιιιῑυι’;
817 3822 1085 3888 quomodo
1130 3837 1255 3888 ergo
1303 3822 1379 3873 ira
1429 3819 1523 3873 Dei
1571 3833 1738 3874 manet
1788 3840 1938 3889 super
1999 3823 2114 3874 illo:

536 3909 718 3974 (Joan.
754 3926 842 3972 ιιι,
868 3909 1004 3977 5(3)?
1036 3910 1220 3963 Nonne
1248 3927 1338 3979 per
1389 3919 1660 3977 peceatum
1694 3927 1816 3965 vere
1841 3922 1965 3964 sunt
2015 3913 2113 3965 itii-

535 4001 657 4051 miei
694 3999 826 4051 Dei?
848 4015 946 4065 qtta
975 4001 1130 4068 igitur
1161 4004 1364 4055 ratione
1395 4002 1539 4054 illum
1571 4001 1861 4054 amabunt?
1892 4002 1948 4056 Si
1987 4017 2111 4056 vero

535 4088 663 4140 illud
689 4087 910 4139 alterum
945 4099 1232 4155 asset-ator,
1268 4106 1458 4159 nempe
1503 4104 1697 4158 pueros
1726 4091 1928 4143 nttllurn
1963 4090 2108 4143 habi-

536 4192 688 4231 IIII'OS
730 4177 971 4232 ultimum
1022 4182 1214 4244 linem,
1248 4193 1402 4236 erunt
1430 4196 1558 4252 ergo
1589 4193 1846 4235 aeternum
1889 4181 2070 4234 miseri
2094 4221 2108 4247 ,

536 4277 719 4336 utpote
768 4271 960 4323 summi
992 4270 1112 4322 boni
1145 4275 1483 4339 possessione
1512 4273 1734 4327 exclusi.
1782 4273 1847 4326 Et
1896 4271 2110 4341 quidsm

541 4363 630 4414 vix
665 4375 820 4429 posse
848 4361 1098 4428 explicari
1135 4376 1261 4428 puto
1305 4378 1495 4430 pueros
1529 4363 1670 4417 nulla
1703 4363 1915 4418 tristitia
1945 4362 2105 4428 allici,

527 4454 664 4505 dum
691 4461 936 4514 cernunt,
966 4452 1105 4520 quod
1138 4453 1215 4505 ira
1241 4451 1336 4505 Dei
1357 4464 1524 4506 manet
1546 4470 1698 4523 super
1728 4454 1866 4520 illos,
1898 4453 2021 4506 dum
2053 4469 2110 4505 se

538 4545 723 4598 vident
765 4545 970 4597 macula
1015 4545 1214 4610 peccati
1259 4543 1502 4596 infectos.
1533 4544 1751 4596 Dnlelnc
1791 4545 1931 4610 ip~os
1963 4543 2101 4610 quod
2140 4529 2185 4587 D

538 4638 593 4687 in
623 4645 842 4702 peccato
868 4635 1029 4686 sunt?
1058 4633 1185 4698 Quis
1215 4641 1392 4686 autem
1417 4632 1515 4684 hoc
1544 4633 1733 4698 neget?
1756 4632 1937 4699 Magna
1968 4631 2108 4683 enim

536 4740 663 4780 tunc
687 4727 825 4779 foret
870 4726 1080 4778 illorutn
1115 4723 1430 4789 perversitas
1455 4762 1466 4784 ,
1499 4736 1559 4773 ac
1588 4722 1865 4787 suppliciis
1901 4723 2110 4790 gravio-

538 4817 688 4869 ribus
709 4815 990 4870 addiceudi
1024 4822 1202 4868 essent
1224 4854 1238 4878 ,
1271 4811 1313 4862 si
1355 4809 1421 4863 de
1455 4821 1672 4876 peccato
1697 4825 1799 4862 non
1833 4811 2110 4863 tristaren-

532 4914 643 4955 tur.
675 4905 729 4957 Si
759 4915 933 4958 autem
964 4914 1130 4959 status
1176 4901 1376 4970 peccati
1425 4899 1663 4953 dolorem
1697 4899 1916 4966 ingerit,
1949 4899 2106 4953 iidem

535 4994 696 5047 ctiam
729 4995 1028 5057 tristantur;
1062 4994 1272 5046 tristitia
1316 4991 1455 5046 enim
1489 4998 1570 5044 est
1609 4989 1761 5043 dolor
1797 4990 1864 5044 de
1893 4991 1954 5044 iis
1989 5007 2105 5060 qua:

538 5079 690 5136 nobis
719 5082 1028 5134 nolentibus
1067 5083 1328 5137 accidunt.
1369 5081 1570 5135 Pueros
1611 5089 1788 5134 autem
1822 5082 1962 5134 nolle
1989 5095 2106 5136 esse

540 5176 592 5229 in
625 5179 765 5226 statu
801 5172 1020 5239 peccati,
1051 5179 1252 5224 certum
1284 5181 1432 5239 puto,
1465 5173 1603 5240 quod
1635 5181 1834 5234 tamen,
1866 5172 2107 5238 quamvis

538 5265 844 5325 nolentibus
865 5305 878 5328 ,
905 5273 1176 5319 .a‘ternum
1218 5262 1322 5317 illis
1351 5263 1661 5318 adhaerebit.
1697 5263 1838 5315 Sane
1880 5263 2107 5316 arbitror

535 5357 659 5418 illos
679 5359 768 5428 qui
801 5362 994 5425 negant
1027 5355 1221 5407 tristari
1254 5355 1500 5421 parvulos
1525 5369 1591 5406 ne
1623 5353 1860 5421 cogitare
1893 5353 2107 5422 quidem

535 5456 602 5511 de
632 5453 838 5508 macula
879 5446 1107 5517 peccati,
1135 5459 1254 5498 cum
1281 5455 1454 5498 tamen
1490 5445 1595 5496 sint
1627 5446 1836 5512 proprie
1865 5453 2109 5511 peccato-

541 5555 645 5604 res.
678 5545 966 5614 Pelagiani,
989 5541 1078 5610 qui
1109 5554 1300 5609 pueros
1333 5539 1639 5592 innocentes
1672 5537 1925 5604 putabant
1952 5579 1965 5602 ,
1999 5553 2110 5589 tna-

537 5637 618 5703 gis
660 5643 1048 5700 Consequentur
1102 5630 1343 5683 dicebant
1388 5626 1604 5680 eosdem
1651 5628 1728 5678 vel
1774 5641 1986 5692 parvam
2030 5627 2108 5678 vel

538 5724 627 5776 httl
655 5735 738 5773 am
765 5721 1032 5774 tristitiam
1067 5721 1194 5788 pati.
1237 5719 1483 5773 Profecto
1530 5719 1721 5772 Scotus
1769 5717 1891 5770 inde
1925 5716 2111 5784 probat

2205 3258 2397 3325 perius
2438 3256 2730 3318 laudatum.
2774 3271 2891 3310 cum
2924 3272 3070 3309 num.
3111 3257 3172 3310 l0
3218 3256 3352 3310 dixit
3394 3258 3641 3327 Opposita:
3663 3271 3751 3309 sen-

2222 3351 2398 3403 tentize
2425 3356 2731 3417 argumenta
2763 3362 2883 3402 esse
2924 3349 3067 3417 parvi
3096 3348 3356 3413 momenti,
3388 3349 3538 3416 quod
3567 3349 3751 3402 breviter

2220 3439 2492 3506 apparebit
2523 3454 2584 3491 ex
2616 3437 2856 3506 subjecta
2885 3438 3192 3493 earumdem
3232 3438 3601 3496 dissolutione.
3642 3438 3752 3506 (Πελί-

2218 3532 2364 3583 ciunt
2389 3529 2440 3583 1⁸
2470 3529 2819 3598 Augustinum
2845 3528 2911 3582 de
2936 3531 3109 3596 pmnis
3127 3531 3464 3597 parvulorum
3499 3532 3751 3589 dubitas-e,

2217 3632 2290 3686 ct,
2327 3631 2383 3675 ut
2410 3621 2602 3676 ϐουπειὶ
2647 3621 2824 3675 verbis
2869 3632 3006 3686 utar,
3039 3623 3174 3692 disp.
3208 3625 3236 3677 7
3267 3623 3334 3678 de
3376 3624 3604 3679 Peccato
3629 3622 3753 3686 origi-

2220 3717 2342 3779 nali,
2388 3725 2489 3767 art.
2533 3713 2586 3778 7,
2642 3730 2787 3767 nutu.
2837 3715 2956 3778 1‘50,
2988 3716 3148 3768 fuisse
3177 3715 3385 3768 dubium
3415 3725 3465 3770 et
3491 3717 3684 3769 anxium
3713 3715 3752 3763 in

2219 3812 2312 3860 Iun:
2345 3808 2575 3858 materia.
2611 3805 2739 3859 Nam
2771 3808 2861 3861 lib.
2889 3822 2945 3859 ιιι
2975 3808 3039 3861 de
3066 3807 3255 3861 Libero
3276 3806 3520 3872 arbitrio,
3559 3805 3750 3873 cap.t‘5,

2217 3902 2290 3953 ait
2322 3917 2334 3952 :
2375 3918 2391 3947 ι
2427 3897 2540 3950 Non
2571 3899 2712 3951 enim
2746 3899 3085 3952 metuendum
3117 3909 3196 3951 est
3235 3913 3301 3952 ne
3329 3897 3432 3951 vita
3463 3912 3586 3952 esse
3608 3908 3752 3964 potue-

2218 3991 2286 4043 rit
2333 3988 2503 4042 media
2548 3988 2790 4057 quatdatn
2839 3989 2978 4043 inter
3007 4000 3148 4042 recte
3179 3988 3374 4043 factum
3402 3998 3566 4057 atque
3602 4001 3752 4058 pecca-

2210 4089 2352 4144 tum,
2385 4087 2437 4132 et
2459 4080 2718 4133 sententia
2745 4079 2938 4146 judicis
2973 4080 3143 4133 media
3175 4093 3293 4133 csse
3321 4095 3424 4134 non
3469 4083 3752 4148 possitinler

2220 4172 2490 4237 prmmium
2517 4182 2674 4237 atque
2718 4169 3052 4236 supplicium.
3089 4191 3105 4221 ι
3144 4171 3213 4224 lbi
3245 4179 3420 4224 autem
3465 4174 3530 4225 de
3563 4168 3751 4240 parvuiis

2220 4263 2471 4328 loquitur.
2525 4262 2683 4313 Addit
2741 4261 3088 4314 Deliarutinus
3139 4279 3151 4313 :
3197 4261 3291 4316 Illa
3322 4279 3602 4331 nunquam,
3645 4256 3751 4328 quod

2217 4355 2392 4418 sciam,
2448 4352 2759 4420 Augustinus
2810 4352 3112 4404 rctructnvit.
3163 4352 3368 4405 Omissa
3419 4353 3748 4422 responsione,

2219 4447 2274 4498 I’.
2310 4446 2548 4512 Macedo,
2580 4461 2686 4497 non
2717 4445 2856 4512 quod
2889 4445 3016 4497 falsa
3045 4445 3133 4511 sit,
3172 4444 3264 4499 sed
3294 4447 3434 4514 quod
3465 4449 3646 4501 melior
3665 4446 3750 4494 1ιιιτῐε

2214 4541 2378 4593 altera
2427 4547 2604 4591 nostra
2657 4537 2883 4601 videtur,
2947 4537 3066 4591 dico
3119 4538 3261 4591 Setni
3293 4539 3601 4608 Pelagianos
3651 4537 3748 4587 o'im

2216 4630 2402 4683 eodem
2435 4630 2740 4683 testimonio
2785 4631 2979 4682 abestis
3020 4629 3184 4683 fuisse
3214 4639 3270 4682 ut
3298 4632 3523 4698 gradum
3557 4633 3750 4684 facerent

2214 4720 2278 4771 ad
2306 4717 2693 4788 infringendum
2711 4729 3077 4786 argumentum
3097 4735 3122 4771 a
3150 4721 3379 4788 parvulis
3401 4721 3468 4775 ab
3497 4720 3752 4790 Augustino

2214 4809 2524 4873 deductum,
2557 4821 2611 4862 ut
2645 4810 2873 4878 gratiam
2903 4823 2968 4862 ex
3001 4811 3204 4865 meritis
3248 4813 3612 4879 exploderent.
3653 4810 3749 4862 lla'c

2215 4901 2400 4954 scribit
2429 4899 2658 4953 llilarius
2701 4899 2764 4952 ad
2809 4901 3202 4968 Augustinum:
3263 4920 3280 4952 t
3317 4904 3655 4956 l’arvulornm
3679 4914 3750 4949 are

2216 5001 2320 5045 tetu
2369 5007 2582 5044 causam
2628 4990 2693 5041 ad
2740 4990 3039 5056 exemplum
3073 4991 3332 5057 majorum
3367 5009 3397 5044 ιι
3427 5009 3474 5045 ιιι
3521 4993 3750 5061 patiuntur

2213 5084 2417 5146 ailerri;
2476 5098 2630 5150 quam
2665 5091 2716 5132 et
2765 5089 2906 5132 tuam
2958 5081 3301 5136 Sanctitatem
3335 5083 3519 5137 dicunt
3568 5092 3751 5137 eatenus

2215 5175 2476 5243 attigiSsc,
2509 5184 2562 5224 ut
2609 5186 2873 5224 meamea
2928 5187 3050 5225 esse
3097 5174 3346 5236 Volueris,
3393 5192 3457 5228 ac
3503 5177 3662 5244 potius
3701 5175 3752 5219 de

2213 5279 2395 5318 eorum
2430 5263 2600 5329 pinnis
2624 5263 2874 5314 malueris
2906 5278 3186 5316 DUUTARE.
3215 5266 3364 5328 Quod
3397 5267 3599 5321 inlibro
3623 5262 3750 5316 tertio

2214 5359 2280 5410 de
2306 5355 2496 5408 Libero
2526 5354 2758 5406 Arbitrio
2809 5355 2879 5408 ita
2927 5356 3169 5421 posuisse
3199 5358 3506 5425 meministi,
3550 5371 3600 5412 ut
3641 5358 3750 5406 lianc

2215 5445 2294 5499 eis
2320 5443 2651 5498 occasionem
2685 5445 2914 5511 potuerit
2945 5446 3224 5499 exhibere.
3268 5465 3285 5496 ι
3324 5447 3457 5502 lluic
3493 5446 3750 5503 Massilien-

2218 5537 2352 5588 sium
2385 5534 2668 5601 objectioni
2701 5533 2987 5602 rcSpondet
3033 5546 3250 5591 sanctus
3296 5538 3482 5592 doctor
3513 5541 3560 5590 iu
3590 5537 3668 5590 lib.
3697 5531 3751 5581 tle

2220 5627 2365 5679 Dono
2397 5641 2630 5693 person,
2675 5641 2792 5692 cap.
2829 5628 2916 5690 1'2,
2963 5641 3018 5678 se
3049 5629 3174 5680 olim
3207 5631 3572 5698 presbyterum
3615 5629 3750 5678 lituus

2219 5715 2284 5770 de
2318 5713 2508 5770 Libero
2538 5713 2795 5781 Arbitrio,
2829 5716 3157 5788 quosclaicus
3187 5718 3369 5774 llomte
3399 5719 3680 5780 inchoarat,
3710 5713 3750 5762 HI
