3892 6302
136 337 224 392 661

1279 329 1600 386 ἮΝΒΙΟΙᾸΞ
1644 327 2198 387 AUGUSTlNlANAE.

3267 336 3364 391 66?

134 456 292 509 Africa
322 451 612 506 confecisse
633 491 646 515 ,
701 466 894 518 nempe
939 460 1062 504 ante
1092 465 1288 504 annum
1320 449 1446 504 559.
1491 450 1685 523 Quare,
1719 451 1769 508 Α
1796 447 2208 501 immoraremur
2239 461 2363 501 vero
2392 448 2442 500 in
2481 449 2558 499 eis
2591 465 2705 516 qum
2748 449 3002 501 πόνοι-..υς
3033 451 3167 502 a‘ins
3195 455 3342 504 inimi

135 544 325 600 etiamsi
351 553 475 599 tunc
504 544 571 598 de
600 545 943 613 parvulorum
981 544 1150 613 pmnis
1179 542 1495 604 dubitasset,
1534 559 1551 591 ι
1591 541 1691 594 Ne-

132 653 228 699 mo,
253 636 341 699 ait,
378 635 658 702 ut0pinor,
691 644 834 688 esset
857 643 959 685 tam
995 635 1239 700 iniustus,
1271 643 1431 700 atque
1460 631 1690 695 invidus,

131 728 210 794 qui
239 741 316 778 me
335 726 592 792 prolicere
618 726 946 794 prohiberet,
973 735 1129 794 atque
1158 725 1210 777 in
1239 726 1337 777 hac
1365 725 1692 778 dubitatione

132 815 500 869 rentaneodum
536 816 664 868 mihi
693 829 810 869 esse
835 817 1119 885 judicaret.
1155 834 1173 865 ι
1210 815 1370 883 Addit
1398 829 1502 867 non
1533 829 1693 876 apor-

130 919 232 959 tere
255 905 395 958 credi
447 920 508 959 se
555 921 613 958 ea
663 907 729 960 de
761 921 817 959 re
871 907 1172 970 dubitas8e,
1225 906 1318 960 sed
1348 906 1486 973 quod
1521 905 1688 958 Mani-

126 998 269 1060 chzei,
300 997 550 1066 quidquid
583 1001 648 1052 de
681 999 850 1066 ptBttiS
897 997 1172 1052 infantium
1225 1005 1532 1058 sentretur,
1563 996 1689 1064 reji-

125 1091 284 1143 ciendi
314 1098 483 1154 erant,
519 1105 584 1144 ne
615 1088 836 1144 duarum
870 1099 1200 1154 naturarum,
1235 1105 1428 1158 nempe
1455 1090 1574 1143 mali
1601 1092 1689 1142 bo-

124 1180 270 1246 nique
299 1181 581 1246 permixtio
627 1181 958 1243 crederetur,
991 1190 1046 1233 et
1092 1179 1364 1234 concludit
1410 1196 1424 1232 :
1483 1199 1501 1230 t
1542 1180 1692 1234 Absit

123 1276 174 1321 ut
196 1284 402 1322 causam
438 1270 780 1338 parvulorum
812 1271 889 1325 sic
904 1257 1288 1338 relinquamus,
1311 1279 1367 1324 ut
1389 1283 1507 1324 esse
1535 1270 1690 1324 nobis

121 1359 350 1412 dicamus
397 1361 658 1413 incertum
710 1371 886 1414 utrum
924 1361 974 1413 in
1024 1359 1238 1414 Christo
1277 1360 1596 1428 regenerati,
1643 1362 1686 1413 si

121 1451 405 1503 moriantur
448 1451 677 1518 parvuli,
725 1460 1005 1505 transeant.
1048 1451 1100 1504 in
1128 1461 1386 1504 :eternam
1419 1451 1685 1515 salutem;

121 1559 217 1596 non
257 1558 395 1612 reget
419 1544 554 1598 erati
605 1549 784 1597 autem
816 1551 1093 1597 transeant
1135 1543 1187 1596 in
1219 1551 1451 1597 mortem
1493 1557 1687 1596 secun-

117 1636 254 1700 dam,
286 1643 392 1690 etc.
421 1654 438 1685 ι
471 1634 657 1703 Itaque
683 1643 898 1688 sanctus
920 1635 1105 1688 doctor
1133 1635 1252 1687 ideo
1278 1648 1380 1688 non
1431 1641 1687 1687 retraeta-

121 1726 191 1779 vit
221 1728 362 1793 quod
392 1727 516 1780 olim
547 1726 800 1780 docuerat
851 1727 918 1780 de
945 1727 1119 1794 poenis
1152 1726 1490 1794 parvulorum
1516 1765 1530 1789 ,
1561 1726 1682 1793 quia

1796 556 1888 595 cos
1928 540 2182 594 Eccles’a:
2216 539 2580 605 disputabant.
2625 560 2641 590 ι
2682 541 2996 608 liespnnden
3025 557 3209 594 rursus
3239 545 3345 597 (ire

1794 632 2001 700 gorium
2041 630 2429 683 Naziaan-num
2473 645 2538 683 eo
2589 631 2688 683 loci
2739 631 2835 684 tria
2868 631 3139 684 hominum
3175 647 3368 700 genera

1795 722 1912 776 sine
1942 723 2208 790 baptismo
2231 722 2608 776 decedentium
2639 738 2924 778 recensere
2950 741 2962 776 :
2992 740 3152 778 unum
3185 740 3369 779 eorum

1795 814 1884 881 qui
1912 813 2234 881 baptismum
2278 825 2736 882 tontempscrunt,
2768 817 2991 869 alterum
3045 831 3228 870 eorum
3284 820 3372 886 qu'.

1795 904 1921 958 illud
1951 919 2017 958 ex
2051 905 2372 973 negligentia
2418 907 2730 967 omiserunt,
2782 907 3104 972 po~tretnum
3156 909 3370 963 illorum

1793 999 1882 1066 qui
1916 1011 2014 1051 nec
2040 1012 2104 1052 ex
2158 1007 2465 1066 contemptu
2515 1013 2614 1052 nec
2645 1014 2707 1052 ex
2758 999 3074 1069 negligentia
3122 1002 3238 1055 sine
3283 1003 3372 1055 illo

1795 1089 1990 1142 mortui
2023 1097 2165 1143 sunt.
2230 1089 2517 1156 Comparat
2562 1098 2735 1142 autem
2770 1105 2956 1157 pennas
2988 1091 3302 1146 eorumdem
3359 1110 3372 1145 :

1794 1180 1999 1247 priores
2029 1180 2100 1233 ait
2126 1195 2314 1248 graves
2347 1195 2530 1248 pteuas
2560 1181 2710 1247 dare,
2745 1183 2942 1236 alteros
2975 1183 3208 1237 minores
3243 1187 3372 1251 pati,

1796 1281 2094 1340 postremos
2136 1285 2234 1324 nec
2277 1272 2481 1326 coalcsti
2528 1274 2696 1342 gloria
2729 1273 2936 1338 donari,
2979 1275 3072 1329 sed
3120 1291 3218 1331 nec
3247 1293 3374 1343 sup-

1795 1362 1964 1433 pliciis
1997 1363 2171 1418 addici
2201 1364 2394 1432 quibus
2435 1365 2522 1417 alii
2569 1365 2639 1419 ob
2663 1374 3026 1433 contemptum
3071 1366 3152 1420 vel
3201 1370 3368 1436 negli-

1791 1462 1977 1519 genter
2005 1453 2259 1506 omissum
2302 1453 2621 1522 baptismum
2668 1455 3042 1523 subjiciuntur.
3074 1458 3222 1522 Quod
3275 1473 3368 1509 ve-

1793 1542 2060 1596 rissimum
2092 1552 2194 1608 est,
2230 1544 2302 1596 illi
2333 1544 2474 1598 enim
2505 1547 2710 1598 actuale
2743 1555 3016 1612 peccatum
3049 1550 3368 1600 commisere

1791 1634 1842 1687 in
1876 1633 2273 1687 contemnendo
2322 1635 2402 1688 vel
2435 1635 2729 1690 omittendo
2769 1635 3060 1702 baptismo,
3092 1637 3241 1704 cujus
3272 1638 3369 1689 de—

1790 1721 1900 1778 licti
1933 1739 2053 1778 cum
2085 1726 2233 1792 pueri
2261 1725 2339 1778 rei
2370 1741 2474 1779 non
2504 1726 2610 1779 sint
2632 1765 2644 1788 ,
2676 1740 2849 1793 neque
2876 1724 3147 1794 suppliciis
3175 1725 3362 1779 iisdem

112 1818 178 1872 de
207 1818 393 1872 iisdem
423 1833 524 1872 non
547 1819 900 1872 dubitaverat.
936 1817 1049 1871 lmo
1081 1818 1130 1871 in
1161 1819 1318 1882 epist.
1351 1817 1422 1870 9.8
1456 1817 1522 1869 ad
1555 1817 1680 1871 llie-
1716 1808 1761 1864 B
1791 1813 2026 1882 torqueri
2061 1821 2304 1880 possunt.
2350 1814 2637 1883 Gregorius
2666 1829 2792 1868 vero
2821 1813 3090 1883 Nyssenus
3119 1814 3364 1868 dubitan-

113 1923 412 1978 ronymum,
454 1923 569 1978 qute
606 1909 803 1977 scripta
845 1908 944 1961 fuit
972 1921 1111 1961 anno
1139 1907 1242 1960 414
1266 1949 1281 1973 ,
1313 1922 1433 1961 cum
1462 1907 1686 1960 Orosius

113 1995 160 2050 in
191 1998 365 2049 Asiam
397 1998 804 2059 transmitteret,
840 1995 954 2049 base
985 1997 1171 2050 scribit
1197 2005 1413 2049 sanctus
1445 1996 1600 2048 Pater
1623 1996 1687 2049 de

115 2085 293 2142 eodem
326 2087 419 2141 lib.
469 2102 526 2140 ιιι
557 2089 623 2142 de
669 2087 862 2141 Libero
890 2086 1132 2140 Arbitrio
1169 2102 1181 2140 :
1216 2105 1235 2138 ι
1270 2087 1380 2140 Νοιι
1415 2097 1589 2140 tanien
1619 2087 1685 2140 de

115 2177 448 2232 damnatione
476 2193 662 2232 eorum
693 2178 1058 2246 parvulorum,
1089 2181 1178 2246 qui
1207 2178 1324 2231 sine
1358 2177 1448 2229 illo
1469 2177 1686 2244 (nempe

115 2269 388 2338 baptismo)
417 2284 481 2324 ex
509 2269 607 2325 hac
645 2270 752 2323 vita
792 2271 1076 2338 amigrant,
1127 2277 1253 2322 tunc
1280 2269 1478 2338 aliquid
1501 2268 1687 2322 dicen—

114 2361 230 2413 dam
264 2363 469 2430 putavi,
499 2363 618 2429 quia
650 2377 754 2415 non
782 2361 922 2430 quad
949 2376 1088 2414 nunc
1129 2361 1322 2430 agitur,
1347 2360 1620 2429 agebatur.
1663 2379 1680 2410 ι

117 2454 312 2507 Ezenim
372 2453 699 2524 Augustinus
730 2453 928 2508 ibidem
956 2453 1190 2520 disputat
1222 2459 1425 2505 tantum
1462 2453 1530 2504 de
1575 2465 1687 2519 pae-

116 2545 188 2596 uis
215 2558 348 2612 quas
377 2547 428 2598 in
475 2547 572 2598 hac
615 2544 723 2598 vita
761 2543 966 2612 parvuli
1000 2544 1293 2611 patiuntur.
1328 2541 1460 2595 llinc
1491 2541 1684 2594 laetum

115 2643 188 2687 est
215 2643 271 2686 ut
296 2633 659 2702 Hieronymus
701 2647 821 2686 cum
855 2634 1152 2699 Augu:.t‘no
1179 2631 1441 2691 senserit;
1482 2645 1602 2682 nam
1637 2631 1688 2681 in

113 2722 293 2776 cadem
343 2723 570 2790 epistola
618 2722 816 2774 diserte
863 2721 1048 2773 scribit
1096 2720 1437 2788 parvulorum
1487 2719 1688 2770 animas

115 2811 265 2864 dnnn
305 2812 372 2875 ri,
399 2812 693 2880 lnquieus:
732 2828 749 2862 ι
780 2809 1026 2863 Damnari
1059 2810 1200 2863 enim
1247 2823 1360 2875 eas,
1407 2809 1450 2861 si
1501 2808 1578 2861 sic
1624 2809 1690 2860 de

115 2917 329 2971 corpore
359 2904 610 2965 exierint,
644 2913 697 2956 et
739 2912 920 2956 sancta
967 2901 1236 2968 Scriptura
1261 2943 1276 2965 ,
1307 2909 1359 2953 et
1398 2907 1580 2952 sancta
1610 2909 1692 2952 est

116 2997 255 3047 tusus
304 2996 512 3049 Ecclesi
533 3013 567 3046 ι.
600 3014 618 3045 ι
653 2993 876 3048 Oresius
904 3002 1077 3047 autem
1125 3005 1225 3044 una
1256 3005 1374 3044 cum
1405 2990 1505 3043 hac
1550 2989 1690 3055 epis-

119 3086 212 3138 tola
236 3087 420 3140 detulit
453 3087 507 3140 iu
541 3087 717 3138 Asiam
759 3084 822 3136 ad
865 3083 1246 3151 Hieronymum
1279 3082 1444 3135 libros
1471 3089 1578 3135 tres
1619 3081 1687 3134 de

1793 1914 1874 1957 ter
1905 1903 2156 1971 loquitur,
2204 1919 2324 1957 nam
2355 1903 2550 1958 ibidem
2596 1907 2946 1974 quaestionem
2979 1903 3117 1958 hanc
3153 1905 3220 1956 de
3251 1919 3369 1971 paro

1791 1995 1932 2049 vulis
1958 1995 2076 2048 sine
2101 1995 2366 2063 baptismo
2397 1997 2750 2050 morientibus
2793 2005 2946 2052 vocat
2997 1997 3247 2066 dlﬂirilem
3291 2007 3372 2047 ut-

1793 2101 1890 2152 que
1951 2085 2269 2152 perplexam.
2321 2087 2482 2141 Addit
2525 2089 2735 2143 nescire
2784 2103 2841 2142 se
2893 2074 2957 2142 an
3011 2089 3101 2143 illa
3164 2103 3371 2156 quinque

1792 2178 1964 2229 anima
1980 2178 2206 2249 judicent
2222 2179 2427 2246 videbit,
2447 2181 2688 2235 tribunali
2718 2197 2834 2233 cum
2863 2181 2978 2234 aliis
3000 2182 3244 2236 sistetur?
3265 2191 3368 2234 etc.

1791 2269 1920 2335 Quae
1966 2277 2142 2325 tamen
2173 2272 2352 2325 omnia
2399 2282 2580 2340 postea
2627 2273 2842 2328 definita
2877 2287 3000 2328 sunt
3028 2315 3041 2339 ,
3073 2290 3192 2327 nam
3231 2283 3371 2327 teste

1793 2360 1936 2416 Beda
1969 2363 2018 2414 in
2050 2364 2307 2431 prooemio
2337 2363 2699 2434 Canticorum,
2733 2369 2822 2436 qui
2856 2375 3010 2435 negat
3051 2380 3249 2434 pueros
3288 2366 3372 2434 ju-

1791 2451 2046 2506 dicandos
2091 2455 2394 2507 contradicit
2442 2456 2704 2510 catholica:
2749 2457 2890 2523 fidei.
2934 2455 3178 2511 Gelasius
3207 2455 3368 2509 etiam

1791 2542 1978 2597 deﬁnit
2005 2559 2198 2611 pueros
2225 2547 2275 2598 in
2308 2547 2511 2600 sinistra
2538 2549 2741 2618 regione
2761 2549 2869 2601 sine
2890 2548 3186 2618 baptismate
3207 2565 3373 2602 rema-

1797 2650 1931 2686 nere.
1966 2636 2042 2692 At!
2075 2637 2435 2689 testimonium
2473 2638 2737 2690 Ambrosii
2780 2637 3080 2703 respoodeo
3109 2638 3308 2705 optime
3338 2654 3369 2691 a

1799 2722 2054 2776 cardinali
2091 2723 2411 2777 Bellarmino
2442 2724 2778 2777 observatum
2825 2736 2945 2775 esse
2975 2721 3369 2775 Commentario

1799 2813 1883 2866 illa
1925 2811 1975 2864 in
2009 2813 2273 2880 Epistolas
2306 2812 2450 2866 Pauli
2495 2825 2773 2880 perperam
2826 2810 3107 2865 Ambrosio
3153 2815 3368 2875 ascribi,

1797 2905 1993 2971 passim
2047 2902 2187 2956 enim
2254 2903 2656 2970 Pelagianorum
2719 2903 3008 2957 sententia!
3047 2903 3232 2956 iisdem
3292 2903 3371 2956 iu-

1795 3008 1993 3061 spersa:
2034 3003 2191 3057 sunt,
2219 2995 2356 3062 quod
2388 2995 2500 3048 fuse
2546 3005 2596 3048 et
2627 2993 2833 3047 erudite
2881 2993 3065 3061 probat
3115 2994 3364 3057 Conriue,

1794 3100 1912 3152 cap.
1943 3084 1993 3137 8.
2024 3085 2265 3137 Profecto
2312 3085 2361 3137 in
2388 3099 2502 3152 cap.
2537 3099 2586 3145 ν,
2619 3082 2669 3136 in
2702 3084 2790 3138 illa
2823 3084 3059 3153 Apostoli
3095 3103 3106 3136 :
3141 3085 3200 3138 Si
3239 3086 3372 3137 enim

121 3156 478 3244 peccatorum—
499 3177 702 3231 Meritis
746 3185 802 3230 et
850 3175 1188 3233 remissione,
1237 3175 1286 3226 in
1343 3171 1496 3241 cujus
1526 3172 1688 3239 priori
1718 3163 1762 3223 C
1794 3175 1948 3228 unius
1971 3174 2175 3238 delicto,
2210 3183 2337 3239 etc.,
2372 3176 2444 3227 ait
2475 3187 2490 3226 :
2538 3172 2717 3228 Plures
2767 3175 2899 3228 enim
2927 3176 3150 3244 gratiam,
3201 3193 3374 3230 consc.

123 3284 229 3338 cap.
277 3270 345 3322 23
392 3271 569 3325 locum
621 3269 850 3323 medium
909 3281 1191 3338 puerorum
1224 3265 1482 3334 explodit.
1517 3263 1692 3330 Quare

125 3357 465 3430 Hieronymus
499 3361 567 3413 iis
593 3359 762 3422 lectis,
787 3372 850 3412 ac
882 3359 930 3410 in
959 3358 1106 3410 calce
1131 3356 1469 3424 Dialogorum
1507 3354 1690 3408 lauda-

123 3448 200 3512 tis,
229 3450 524 3520 Augustino
567 3466 629 3505 ea
677 3451 726 3504 in
772 3449 1038 3504 sententia
1069 3446 1328 3511 adhaesit,
1365 3455 1420 3499 ut
1448 3448 1692 3514 superius

123 3547 375 3595 ostensum
409 3549 522 3596 est.

182 3629 443 3700 Objiciunt
481 3632 549 3686 2°
595 3639 807 3685 sanctos
858 3629 1042 3684 Patres
1087 3627 1386 3696 oppositum
1435 3629 1690 3679 sensisse.

125 3717 316 3773 Etenim
345 3720 723 3774 Nazianzenus
773 3721 822 3772 in
855 3729 990 3774 orat.
1038 3719 1088 3771 in
1132 3725 1373 3772 sanctum
1425 3717 1692 3769 lavacrum

121 3809 235 3864 dicit
277 3814 413 3882 qttod
453 3813 614 3884 pueri
657 3829 749 3866 nec
789 3812 972 3865 (mlesli
999 3811 1185 3880 gloria,
1220 3827 1312 3862 nec
1342 3810 1613 3877 suppliciis
1662 3825 1693 3860 a

121 3901 242 3969 justo
280 3905 459 3974 judice
488 3905 812 3972 afﬁciantur.
860 3899 1145 3970 Gregorius
1186 3899 1459 3970 Nysscnus
1497 3900 1688 3952 orat.l

121 3993 287 4047 scribit
313 4011 522 4064 pueros-
545 3995 663 4047 sine
695 3993 958 4061 baptismo
989 3999 1229 4044 mortuos
1265 4004 1424 4057 neque
1464 3987 1518 4040 in
1545 3986 1693 4040 dolo-

123 4083 241 4138 ribus
265 4103 320 4139 σε
363 4088 613 4143 mwstitia
640 4101 765 4139 esse.
813 4084 1028 4136 Addunt
1069 4083 1404 4135 Ambrosium
1435 4082 1486 4133 in
1518 4095 1634 4148 cap.
1663 4081 1696 4131 5

123 4174 176 4227 ad
203 4175 372 4243 Rom,
407 4181 496 4232 ubi
547 4179 619 4228 ait
654 4189 670 4229 :
702 4175 792 4227 Est
823 4185 867 4227 et
904 4176 1010 4227 alin
1034 4190 1189 4237 mors,
1219 4189 1332 4242 qua:
1362 4174 1585 4226 secunda
1612 4173 1694 4224 di-

125 4262 257 4333 citur,
286 4283 434 4334 quant
465 4283 576 4320 non
613 4275 815 4332 peccato
847 4266 972 4317 Atla:
1002 4265 1242 4334 patimur,
1278 4263 1365 4314 scd
1409 4264 1518 4332 ejus
1547 4278 1694 4315 ceca-

132 4354 256 4408 sione
291 4361 507 4428 propriis
554 4357 773 4429 peccatis
820 4356 1124 4424 acquiritur.
1158 4354 1391 4422 Denique
1445 4354 1697 4431 Innocen-

139 4447 228 4499 tius
256 4449 335 4514 lll,
377 4451 470 4504 lib.
523 4466 582 4505 ιιι
631 4450 810 4513 Decr.,
839 4450 919 4501 tit.
955 4448 1019 4500 de
1071 4449 1249 4514 κυρίη
1281 4462 1399 4514 cap.
1447 4444 1694 4515 Majores,

1797 3273 2044 3333 quantur,
2083 3280 2233 3335 quant
2259 3266 2443 3318 mortui
2475 3275 2592 3319 sunt
2620 3266 2804 3320 delicto
2833 3267 2975 3320 Adtr.
3013 3267 3280 3322 Pra'terca
3320 3267 3373 3322 in

1797 3371 1917 3424 cap.
1945 3371 2034 3410 \‘tll
2061 3374 2072 3407 :
2118 3356 2333 3422 l'ocare,
2369 3356 2560 3423 inquit,
2592 3366 2665 3410 est
2686 3359 2988 3428 coyitantcm
3012 3357 3073 3410 tle
3095 3359 3196 3425 [ide
3225 3359 3375 3427 adju-

1796 3463 1932 3500 vare.
1968 3445 2095 3500 Item
2128 3445 2178 3498 in
2205 3460 2322 3513 cap.
2361 3461 2432 3506 Ix,
2468 3445 2533 3497 ad
2582 3446 2670 3496 illa
2709 3462 2720 3496 :
2757 3444 2927 3514 Igitur
2953 3447 3034 3497 cui
3078 3449 3202 3508 uult,
3232 3449 3376 3500 mise-

1797 3544 1957 3597 retur,
1981 3546 2110 3596 etc.,
2132 3535 2317 3587 scribit
2339 3552 2348 3584 :
2377 3533 2458 3586 Ea:
2487 3550 2704 3601 persona
2728 3535 3120 3585 contradicentis
3133 3535 3372 3600 loquitur.

1798 3628 1865 3679 lit
1903 3637 2214 3680 constanter
2244 3626 2404 3679 tradat
2436 3626 2676 3680 homines
2717 3627 2835 3680 illos
2868 3626 2919 3678 in
2966 3625 3369 3681 similitudinem

1799 3717 1926 3770 Adae
1953 3729 2226 3785 peccasse,
2261 3715 2352 3783 qui
2384 3715 2624 3783 ejusdem
2663 3715 2908 3779 exemplo
2935 3715 3098 3768 Deum
3134 3727 3370 3770 contem-

1798 3822 1994 3876 psere,
2038 3821 2154 3875 qua:
2185 3805 2362 3860 omnia
2404 3821 2433 3861 a
2485 3805 2788 3876 Pelagianis
2821 3817 3020 3861 asserta
3071 3820 3214 3863 sunt.
3265 3808 3375 3863 Nec

1797 3899 1973 3953 obstat
2002 3897 2142 3967 quod
2172 3897 2356 3966 objicit
2387 3899 2626 3953 Gonetus
2658 3897 2853 3953 vixisse
2883 3899 3028 3952 illum
3061 3901 3376 3969 scriptorem

1800 3991 1899 4044 sub
1930 3990 2194 4054 Damaso,
2249 3990 2464 4059 quando
2519 3990 2802 4060 Pelagiana
2863 3990 3086 4046 haeresis
3141 3993 3377 4047 nondum

1799 4087 2070 4148 eruperat.
2117 4078 2246 4132 Nam
2298 4078 2567 4146 Pelagium
2615 4078 2895 4132 diutissime
2948 4081 3131 4136 Romae
3185 4082 3381 4139 vixisse

1800 4170 1989 4224 scribit
2037 4178 2254 4223 sanctus
2307 4170 2677 4238 Augustinus,
2711 4186 2814 4237 qua
2859 4171 2926 4226 de
2976 4187 3034 4226 re
3082 4173 3381 4241 legantura

1803 4261 1954 4314 nobis
1982 4261 2125 4312 dicta
2159 4259 2250 4312 lih.
2305 4275 2320 4311 ι
2366 4259 2499 4313 llist.
2537 4259 2739 4328 Pelag.,
2769 4275 2886 4328 cap.
2937 4261 2990 4314 3.
3023 4262 3170 4328 Quod
3223 4264 3377 4318 deni-

1801 4367 1904 4422 que
1939 4366 2003 4404 ex
2036 4350 2297 4404 Decretali
2331 4350 2621 4404 Innocentii
2654 4366 2801 4420 papa:
2833 4354 3136 4420 opponitur.
3181 4354 3375 4405 abhinc

1805 4442 2058 4496 trecentis
2089 4441 2244 4495 annis
2281 4456 2309 4494 a
2351 4441 2609 4511 Gregorio
2641 4442 2965 4498 Ariminensi
3013 4444 3242 4505 solutum
3273 4455 3374 4496 est.

137 4537 303 4591 scribit
333 4557 345 4591 :
377 4540 539 4594 Poena
586 4539 851 4609 originalis
883 4539 1076 4604 percuti
1109 4549 1180 4591 est
1228 4538 1454 4589 carentia
1481 4537 1690 4596 visionis
1725 4522 1775 4581 D
1804 4533 2069 4586 Praeterea
2100 4531 2328 4586 Poucius
2359 4548 2506 4586 num.
2533 4532 2604 4586 28
2625 4535 2699 4587 ait
2725 4535 2861 4602 quod
2889 4534 3124 4602 pontifex
3160 4534 3382 4590 intendit

142 4624 253 4692 Dei;
273 4634 485 4686 actualis
519 4647 640 4686 vero
669 4647 814 4701 paena
856 4634 1047 4701 peccati
1074 4641 1145 4683 est
1172 4631 1414 4700 gehennae
1445 4638 1698 4699 perpetua:

138 4723 388 4774 cruciatus.
445 4723 766 4792 Respondet)
814 4737 874 4775 ea
921 4722 1031 4775 fere
1074 4722 1300 4785 ratione,
1337 4738 1436 4790 qua
1482 4730 1699 4774 sanctus

143 4803 279 4861 Pater
304 4813 474 4879 rapite
504 4813 570 4865 ts
603 4810 669 4864 de
698 4809 1175 4866 Pra'destinatione
1214 4818 1519 4883 sanctorum
1551 4809 1702 4863 satis-

143 4895 248 4951 facit
288 4901 740 4965 Massiliensibus,
785 4903 874 4969 qui
907 4901 1228 4970 objiciebant
1259 4909 1467 4954 veteres
1517 4900 1698 4972 Patres

143 4985 199 5039 de
224 4986 487 5046 hominum
521 4992 1011 5061 praedestinatione,
1044 5007 1201 5046 secus
1232 5004 1294 5042 ac
1320 4991 1694 5059 Augustinum,

145 5084 374 5139 sensisse.
413 5107 430 5138 s
468 5089 608 5152 Quid
650 5087 833 5157 igitur,
882 5087 1072 5155 inquit,
1119 5099 1254 5150 Opus
1285 5093 1368 5137 est
1417 5094 1474 5135 ut
1519 5097 1703 5136 eorum

146 5181 418 5230 scrutemur
439 5181 719 5248 opuscula.
750 5179 837 5247 qui
869 5179 1175 5245 priusquam
1201 5175 1302 5230 ista
1355 5175 1572 5228 ltwresis
1600 5175 1707 5228 ori-

149 5269 300 5328 retur,
329 5282 431 5321 non
462 5270 763 5324 habuerunt
793 5268 1167 5322 necessitatem
1200 5269 1250 5318 in
1284 5266 1385 5320 hac
1407 5264 1607 5318 difﬁcili
1637 5265 1703 5318 ad

149 5352 440 5412 solvendum
469 5363 762 5430 quaestione
785 5359 1010 5422 versari,
1033 5357 1174 5427 quod
1203 5358 1384 5424 procul
1431 5357 1594 5409 dubio
1625 5355 1708 5408 fa-

151 5451 334 5514 cerent,
401 5451 446 5502 si
516 5451 842 5519 respondere
915 5449 1108 5502 talibus
1154 5445 1507 5515 cogerentur?
1559 5444 1707 5499 Unde

155 5529 324 5588 factum
357 5548 437 5592 est
463 5549 524 5594 ut
549 5541 617 5596 de
656 5543 824 5611 gratia
861 5540 952 5594 Dei
985 5539 1178 5610 (dicam
1213 5537 1278 5592 de
1307 5538 1478 5605 poenis
1509 5550 1703 5603 parvu-

156 5618 329 5695 lorum)
361 5632 480 5695 quid
512 5636 794 5699 sentirent,
840 5632 1072 5686 breviter
1115 5628 1430 5697 quibusdam
1472 5625 1705 5692 scripto-

153 5721 256 5764 rum
300 5731 507 5773 suorum
556 5721 728 5788 locis,
778 5731 832 5778 et
879 5734 1260 5786 rnanseusrsn
1308 5730 1702 5781 nrmcsnenr,

1805 4625 2092 4678 ostendere
2121 4639 2224 4677 non
2260 4638 2416 4692 posse
2445 4624 2625 4678 adulto
2660 4624 2944 4678 dormienti
2973 4625 3056 4676 vel
3104 4637 3208 4675 non
3253 4639 3383 4676 cou-

1806 4715 2054 4768 sentienti
2085 4714 2199 4769 dari
2233 4714 2549 4781 baptismum
2572 4754 2586 4775 ,
2618 4716 2736 4784 quia
2785 4722 2909 4766 tunc
2956 4712 3229 4765 tolleretur
3259 4727 3384 4778 pec-

1806 4815 1981 4858 catum
2011 4803 2290 4874 originale,
2325 4814 2376 4858 et
2429 4819 2534 4857 non
2565 4803 2794 4865 actuale,
2827 4810 2879 4853 et
2931 4814 3022 4867 per
3051 4813 3384 4866 consequens

1807 4896 1894 4948 ille
1923 4897 1966 4948 si
2014 4904 2312 4949 moreretur
2356 4910 2460 4947 non
2493 4901 2705 4946 careret
2736 4891 2939 4944 visione
2979 4889 3095 4955 Dei,
3122 4891 3244 4959 quia
3279 4908 3383 4946 non

1807 4983 2030 5036 haberet
2073 4991 2352 5050 peccatum
2395 4979 2690 5048 originale,
2724 4987 2778 5033 et
2809 4987 2986 5034 tamen
3034 4991 3176 5035 esset
3213 4981 3266 5035 in
3315 4984 3385 5037 in-

1811 5072 1981 5135 ferno,
2011 5071 2132 5138 quia
2161 5079 2300 5123 esset
2333 5070 2384 5121 in
2409 5078 2628 5137 peccato
2667 5070 2880 5124 actuali.
2915 5071 3044 5137 Quae
3067 5074 3202 5126 ratio
3243 5075 3384 5127 nulla

1809 5171 1924 5224 est;
1973 5159 2171 5213 ctenim
2222 5160 2380 5212 etiam
2414 5168 2632 5227 peccato
2659 5161 2852 5215 actuali
2892 5164 3117 5218 debetur
3162 5164 3386 5231 privatio

1812 5253 2029 5306 visionis
2048 5252 2159 5305 Dei.
2185 5250 2333 5304 Unde
2355 5249 2538 5305 Glossa
2563 5261 2718 5306 vocat
2739 5253 2882 5306 illam
2913 5255 3175 5308 rationem
3197 5267 3386 5318 super-

1812 5343 2060 5404 ficialem,
2105 5355 2202 5395 nec
2229 5340 2440 5394 videtur
2471 5339 2539 5394 ab
2570 5342 2686 5410 ipso
2738 5343 2988 5408 pontiﬁce
3016 5351 3242 5405 asserta,
3289 5337 3385 5394 sed

1812 5437 1880 5490 ab
1904 5437 2082 5503 aliquo
2107 5449 2212 5490 non
2244 5437 2378 5488 satis
2403 5434 2560 5489 docto
2580 5435 2875 5490 secretario
2902 5434 3100 5486 addita.
3123 5431 3244 5485 ηερε
3272 5431 3386 5488 ille.

1809 5525 1934 5590 Sed,
1969 5526 2068 5578 ista
2089 5508 2438 5594 responsione
2467 5524 2687 5585 omissa,
2722 5523 2876 5575 facile
2895 5521 3015 5574 dico
3041 5519 3181 5588 quod
3224 5521 3382 5574 sicuti

1809 5617 1884 5671 ait
1915 5629 2126 5683 poenam
2175 5612 2397 5667 actualis
2441 5613 2610 5683 culpae
2640 5625 2759 5667 esse
2788 5611 3046 5677 gehennae
3092 5611 3383 5664 cruciatum

1810 5709 1860 5762 in
1884 5706 2086 5772 inferis,
2112 5713 2165 5760 et
2191 5713 2364 5758 tamen
2389 5719 2492 5757 non
2525 5705 2647 5760 in-le
2673 5699 2972 5756 excluditur
2990 5714 3147 5767 poena
3179 5699 3362 5762 damni
