3892 6312
458 278 461 281 λ
496 306 601 371 663

1389 298 1944 368 SUPPLEMENTUM
1990 308 2078 362 AD
2116 306 2339 363 ΟΡΕΒᾹ
2381 306 2441 364 S.
2482 300 2867 365 AUGUSTINI.

3666 294 3769 364 εει

496 437 618 506 quia
652 447 754 487 non
782 434 965 488 inserit
1005 430 1318 502 particulam
1349 428 1729 491 restrictivam,
1758 441 1852 480 seu
1884 424 2071 480 exclu-
2102 431 2148 489 Α
2176 424 2285 479 ltun
2315 423 2471 480 debet
2502 424 2674 492 puniri
2700 422 3002 491 privatione
3034 421 3150 490 ejus
3177 419 3299 476 boni
3327 420 3412 475 cui
3450 422 3766 490 opponitur,

497 528 666 581 sivam
695 533 929 591 tantum,
980 524 1167 587 solum,
1199 521 1270 575 ita
1315 528 1371 574 et
1414 532 1571 586 pcena
1616 515 1887 585 originalis
1933 524 2077 568 recte

498 616 751 670 statuitur
777 614 1013 668 carentia
1047 612 1289 677 visionis,
1322 608 1416 664 sed
1445 624 1549 662 non
1581 606 1718 662 sola.

571 707 847 777 Objiciunt
871 706 949 758 2°.
970 705 1131 759 Pmna
1154 702 1425 758 sensibilis
1446 717 1552 756 non
1576 712 1657 756 est
1682 698 2080 769 proportionata

501 806 722 868 peccato
750 795 1013 868 originali,
1045 811 1176 866 ergo
1200 796 1350 865 pueri
1381 794 1449 849 ob
1472 793 1603 849 illud
1633 807 1738 846 non
1770 800 2082 861 torquentur

502 891 622 957 igne
654 890 707 945 in
738 891 942 946 inferis.
975 887 1212 944 Prohant
1239 886 1585 952 antecedens,
1616 885 1741 956 quia
1771 899 1925 955 pmna
1956 898 2081 938 sen-

501 999 593 1037 sus
624 992 706 1038 est
738 999 831 1053 per
876 982 1178 1051 passionem
1229 980 1387 1051 hujus
1436 970 1768 1051 particularis
1814 992 2079 1047 personae,

502 1085 781 1145 peccatum
813 1083 995 1128 autem
1040 1073 1302 1143 originale
1334 1087 1437 1126 non
1483 1082 1565 1127 est
1593 1070 1937 1128 commissum
1988 1078 2083 1137 per

505 1176 681 1221 actum
725 1166 1013 1220 voluntatis
1045 1179 1288 1233 persona:
1321 1163 1679 1233 particularis,
1714 1162 1808 1217 sed
1855 1162 2084 1216 trahitur

505 1274 601 1328 per
624 1260 960 1315 infectionem
987 1268 1209 1313 naturze.
1247 1257 1564 1325 Respondeo
1591 1255 1834 1325 negando
1864 1264 2081 1307 antece-

506 1352 640 1406 dens
668 1366 788 1406 cum
828 1350 944 1419 ejus
977 1349 1307 1417 probatione.
1358 1346 1567 1402 Etenim
1611 1360 1798 1402 omnes
1842 1345 2085 1399 homines

507 1449 865 1510 peccaverunt
895 1442 946 1495 in
974 1441 1163 1504 Adam,
1197 1450 1252 1496 et
1293 1452 1568 1510 peccatum
1615 1438 1742 1494 illud
1773 1439 1870 1494 fuit
1912 1440 2087 1508 impn-

508 1541 675 1587 tatum
699 1532 919 1601 singulis
946 1548 1010 1587 ex
1041 1534 1229 1588 eodem
1276 1535 1598 1604 propagatis,
1635 1533 1703 1587 ita
1730 1542 1783 1586 ut
1812 1542 2084 1601 peccatum

503 1624 648 1693 quod
678 1626 729 1678 in
762 1622 855 1678 illo
878 1624 973 1678 fuit
1001 1625 1229 1689 actuale,
1255 1624 1519 1692 originale
1551 1622 1711 1678 fuerit
1740 1624 1790 1676 in
1835 1622 2085 1690 posteris.

506 1715 768 1770 Audiatur
795 1719 1119 1785 Augustinus
1147 1716 1239 1770 lib.
1275 1733 1289 1770 t
1323 1718 1388 1771 dc
1420 1724 1757 1784 peccatorum
1786 1715 2006 1779 Meritis,
2036 1725 2090 1767 et

2182 529 2286 568 non
2318 514 2576 583 supplicio
2600 522 2825 578 naturae,
2852 527 3010 581 quam
3037 510 3090 565 in
3120 512 3262 566 nulla
3292 526 3351 567 re
3376 512 3556 567 eidem
3588 514 3769 568 debita

2180 606 2347 662 lzedit.
2380 606 2715 675 ,Respondeo
2764 604 2937 673 primo
2987 602 3233 672 negando
3274 604 3768 673 consequentiam;

2182 713 2303 753 nam
2334 711 2507 767 neque
2539 704 2815 766 peccatum
2865 694 3073 753 actuale
3112 693 3257 749 laedit
3300 696 3568 749 naturalia
3605 694 3767 749 homi-

2182 789 2285 856 nis,
2310 788 2405 844 sed
2434 796 2637 842 tantum
2670 784 2843 856 privat
2871 785 3140 839 hominem
3176 784 3342 855 gratia
3368 785 3771 851 sanctiﬁcante,

2183 889 2237 934 et
2266 889 2441 934 tamen
2474 877 2691 945 punitur
2721 888 2878 944 pinna
2924 889 3134 929 sensus.
3169 875 3280 929 lmo
3324 873 3377 928 in
3408 874 3687 929 sententia
3715 876 3773 929 it-

2184 971 2360 1025 lorum
2388 970 2476 1038 qui
2506 966 2692 1021 dicunt
2732 972 3014 1036 peccatum
3061 964 3358 1020 consistere
3387 964 3697 1019 lormalite-r
3724 967 3772 1018 in

2185 1063 2499 1131 privatione
2530 1061 2753 1131 gratiae,
2806 1060 2921 1113 haec
2968 1058 3196 1127 privatio
3257 1072 3363 1111 non
3416 1065 3599 1125 potest
3652 1072 3777 1111 esse

2186 1160 2366 1221 pmna,
2394 1162 2515 1207 eum
2545 1164 2700 1219 poena
2731 1160 2958 1219 ponatur
2983 1164 3014 1203 a
3064 1148 3337 1202 voluntate
3358 1145 3583 1215 judicia,
3619 1157 3677 1200 et
3706 1147 3775 1201 sit

2186 1251 2372 1296 contra
2402 1242 2723 1295 voluntatem
2748 1240 2825 1294 rei
2843 1248 3088 1308 respectu
3111 1236 3266 1306 cujus
3294 1247 3376 1291 est
3399 1237 3662 1291 inﬂictiva
3682 1238 3774 1289 du-

2188 1337 2342 1392 loris.
2376 1334 2697 1406 Respondeo
2736 1333 2973 1388 secundo
3003 1333 3247 1403 negando
3276 1332 3630 1396 antecedens,
3665 1342 3774 1384 tum

2187 1428 2312 1497 quia
2342 1436 2618 1497 peccatum
2650 1424 2912 1495 originale
2942 1424 3077 1479 tollit
3124 1422 3557 1478 conformitatem
3592 1423 3661 1477 ad
3693 1437 3773 1476 re-

2188 1530 2327 1573 ctam
2360 1519 2646 1582 ratiorrem,
2680 1518 2816 1572 sicut
2857 1516 3134 1587 quodlibet
3171 1525 3450 1585 peccatum
3480 1518 3699 1570 actuale
3723 1525 3775 1569 et

2191 1610 2485 1678 habitnale,
2516 1610 2605 1665 ille
2628 1621 2803 1664 autem
2834 1608 2968 1664 ordo
2990 1618 3071 1664 est
3100 1608 3379 1673 naturalis,
3404 1618 3520 1663 tum
3551 1610 3683 1678 quia
3710 1622 3772 1663 ex

2192 1701 2351 1756 dictis
2387 1702 2413 1773 §
2445 1702 2480 1755 2
2522 1716 2587 1757 ex
2634 1710 2853 1770 peccato
2880 1699 3128 1769 originali
3172 1709 3347 1755 ortum
3379 1700 3547 1753 traxit
3573 1714 3775 1754 concm-

508 1808 855 1871 remissione,
887 1823 1009 1878 cap.
1046 1808 1110 1863 lO
1144 1826 1154 1859 :
1194 1825 1212 1859 ι
1249 1806 1303 1862 Si
1333 1808 1474 1861 enim
1509 1816 1783 1875 peccatum
1815 1806 2091 1861 intellexe-

2202 1793 2473 1861 piscentia,
2508 1808 2629 1860 qua:
2657 1790 2918 1845 naturalia
2966 1789 3199 1845 hominis
3226 1791 3387 1845 laesit.
3423 1789 3560 1843 llioc
3588 1790 3775 1843 scribit

509 1897 605 1966 ris,
630 1900 769 1966 quod
804 1914 899 1968 per
929 1915 1091 1954 unum
1140 1899 1413 1954 hominem
1461 1900 1678 1953 intravit
1706 1900 1757 1953 in
1812 1901 2087 1960 mundum,

509 1988 563 2042 in
602 2004 701 2059 quo
741 2007 914 2045 omnes
946 2000 1279 2059 peccaverunt
1310 1991 1488 2060 (Rom.
1541 1990 1638 2060 Ix),
1682 1998 1885 2045 certum
1918 1991 2091 2044 mani-

508 2080 812 2149 l'estumque
860 2090 946 2135 est
994 2082 1096 2135 alia
1143 2096 1265 2137 esse
1298 2083 1511 2149 propria
1543 2081 1736 2150 cuique
1769 2090 2005 2148 peccata,
2040 2082 2090 2133 in

509 2171 702 2243 quibus
733 2172 784 2225 hi
808 2182 1008 2227 tantum
1034 2182 1256 2240 peccant
1283 2186 1506 2240 quorum
1530 2183 1744 2239 peccata
1770 2180 1923 2237 sunt;
1950 2172 2091 2225 aliud

508 2261 612 2318 hoc
645 2272 830 2328 unum,
864 2263 914 2317 in
944 2274 1050 2331 quo
1074 2276 1262 2316 omnes
1280 2261 1887 2330 peccaverunt,quando
1906 2275 2093 2315 omnes

510 2356 601 2412 ille
648 2373 785 2411 unus
831 2358 990 2411 homo
1038 2357 1272 2411 fuerunt.
1309 2374 1328 2406 ι
1389 2355 1552 2425 Igitur
1612 2364 1889 2425 peccatum
1937 2355 2092 2409 unius

509 2448 607 2503 fuit
634 2458 686 2505 et
711 2448 971 2513 omnium,
1015 2450 1103 2519 qui
1135 2449 1274 2503 idem
1306 2461 1457 2504 erant
1490 2450 1540 2502 in
1573 2463 1700 2503 uno.
1742 2448 1856 2513 Qua
1889 2447 2093 2502 ratione

510 2555 669 2608 pmua
700 2554 890 2595 sensus
915 2549 999 2595 est
1027 2538 1215 2593 eadem
1246 2540 1524 2607 :equaliter
1546 2537 1817 2593 destinata
1847 2538 2094 2593 omnibus

512 2636 566 2684 et
591 2629 845 2700 singulis,
875 2628 967 2698 qui
1008 2630 1147 2684 idem
1178 2630 1325 2685 luere
1353 2631 1405 2684 in
1435 2630 1629 2695 Adam,
1673 2638 1728 2682 et
1755 2628 1850 2682 toti
1892 2638 2096 2682 natura!

512 2730 597 2776 est
622 2720 823 2784 debita,
857 2720 957 2774 nisi
988 2734 1095 2789 qua
1122 2730 1271 2789 parte
1299 2735 1363 2773 ex
1404 2719 1653 2788 baptismi
1696 2719 1869 2789 gratia
1916 2719 2095 2774 eidem

512 2812 849 2867 subducitur.
882 2810 1061 2876 Quare
1088 2812 1246 2865 sicuti
1275 2811 1418 2880 leges
1450 2812 1746 2880 principum
1774 2810 2094 2880 pupillorum

514 2903 822 2957 voluntates
853 2910 1090 2956 tutorum
1131 2902 1385 2957 voluntati
1419 2901 1681 2969 alligant,
1733 2901 1803 2954 ita
1855 2908 1911 2955 ut
1954 2901 2095 2970 quod

514 2995 602 3049 isti
646 2994 834 3047 volunt
864 2993 966 3047 illis
996 3003 1170 3045 ratum
1220 2993 1323 3054 sit,
1376 2990 1479 3046 hoc
1518 3005 1729 3059 quoque
1766 3002 1924 3059 pacto
1958 2989 2098 3044 Deus

514 3085 757 3140 omnium
826 3096 1163 3151 posterorum
1215 3082 1518 3134 voluntates
1576 3080 1763 3134 Adami
1835 3081 2096 3134 voluntati

2194 1885 2521 1953 Augustinus
2549 1883 2640 1939 lib.
2668 1883 2736 1938 de
2758 1882 2955 1937 Natura
2985 1889 3040 1936 et
3062 1882 3253 1952 gratia,
3283 1895 3402 1950 cap.
3430 1879 3462 1933 5
3490 1897 3508 1937 :
3534 1898 3555 1932 ι
3589 1881 3775 1935 Omnia

2193 1976 2407 2044 quidem
2460 1976 2620 2039 bona,
2652 1989 2772 2043 qua:
2820 1972 3055 2046 (natura)
3111 1971 3269 2027 habet
3310 1971 3366 2027 in
3413 1970 3775 2033 formatione,

2196 2068 2321 2130 vita,
2352 2067 2622 2131 sensibus,
2659 2075 2857 2133 mente,
2891 2080 2921 2119 a
2948 2078 3159 2121 summo
3190 2064 3298 2121 Deo
3328 2064 3491 2121 habet
3511 2076 3776 2129 creatore.

2195 2167 2250 2213 et
2277 2158 2486 2213 artilice
2507 2172 2626 2211 suo.
2662 2156 2858 2210 Vitium
2890 2170 3017 2211 vero
3038 2155 3180 2225 quod
3208 2154 3473 2209 naturalia
3506 2155 3611 2209 ista
3647 2156 3777 2208 bona

2195 2249 2546 2302 contenebrat
2592 2256 2647 2301 et
2676 2246 2937 2314 infirmat,
2984 2256 3043 2301 ut
3084 2244 3473 2301 itluminatione
3527 2254 3586 2301 et
3629 2260 3781 2300 curac

2199 2340 2342 2395 tione
2370 2330 2506 2407 opus
2527 2338 2740 2404 habeat,
2773 2354 2876 2392 non
2903 2338 2971 2393 ab
2994 2337 3303 2407 inculpabili
3332 2336 3542 2393 artiﬁce
3568 2349 3781 2393 contra-

2196 2442 2338 2487 ctum
2369 2443 2472 2496 est,
2498 2432 2590 2487 sed
2620 2448 2688 2487 ex
2718 2432 2963 2501 originali
2991 2440 3231 2503 peccato,
3260 2431 3401 2501 quod
3429 2433 3777 2488 commissum

2197 2530 2282 2577 est
2322 2522 2493 2576 libero
2531 2522 2686 2576 arbitr
2702 2522 2774 2576 io.
2826 2523 2907 2577 Ac
2947 2536 3041 2590 per
3063 2521 3165 2576 hoc
3218 2532 3405 2576 natura
3439 2524 3675 2591 pcnalis
3719 2524 3777 2577 ad

2199 2614 2490 2668 vindictam
2539 2613 2893 2681 justissimam
2948 2613 3200 2682 pertinet.
3232 2630 3252 2664 ι
3296 2611 3388 2667 llis
3441 2614 3655 2669 accedit
3695 2629 3779 2681 per

2203 2702 2479 2771 peccatum
2532 2704 2791 2771 originale
2840 2703 3108 2757 hominem
3162 2705 3306 2757 nasci
3360 2704 3641 2758 subditum
3682 2705 3777 2757 dias

2205 2794 2352 2856 bolo,
2384 2803 2439 2848 et
2464 2794 2530 2846 de
2560 2792 2756 2847 familia
2782 2792 3048 2863 ejusdem,
3088 2802 3143 2847 ut
3169 2808 3235 2847 ex
3259 2795 3586 2848 exorcismis
3613 2794 3666 2848 in
3695 2794 3777 2847 ba-

2205 2885 2402 2952 ptismo
2451 2886 2696 2953 superius
2744 2885 3099 2950 ostendimus,
3148 2900 3267 2955 qua:
3319 2900 3451 2941 sane
3500 2888 3777 2955 captivitas

2203 2985 2447 3031 naturam
2472 2976 2704 3031 hominis
2730 2986 2782 3031 et
2811 2986 2970 3032 vexat
3000 2988 3054 3032 et
3081 2978 3346 3045 deturpat.
3374 2978 3449 3033 De
3478 2977 3579 3032 hac
3614 2980 3777 3047 captio

2204 3073 2369 3126 vitate
2402 3080 2521 3139 post
2554 3072 2871 3125 Driedonem
2903 3071 3113 3124 erudite
3151 3071 3260 3141 agit
3302 3085 3530 3141 magnos
3554 3071 3643 3126 ille
3684 3084 3777 3124 no-

514 3174 786 3236 astrinxit,
812 3173 883 3227 ita
906 3182 964 3227 ut
991 3174 1132 3241 quod
1163 3174 1254 3227 ille
1284 3172 1500 3227 fecisset
1528 3173 1777 3227 omnibus
1797 3172 2100 3227 hominibus
2130 3175 2174 3236 ί]
2209 3174 2319 3218 sler
2373 3162 2812 3219 Salmanticensis
2873 3162 3151 3231 theologus
3218 3163 3451 3218 Basilius
3517 3163 3740 3218 Peneius
3763 3203 3776 3226 ,

456 3318 457 3321 η
516 3266 890 3333 imputaretur.
924 3263 1075 3319 Unde
1105 3262 1258 3317 sicuti
1291 3278 1356 3318 ex
1386 3260 1599 3317 defectu
1649 3263 1875 3332 improbi
1905 3263 2100 3317 tutoris

515 3355 705 3425 pupilli
735 3354 1055 3425 quandoque
1082 3356 1405 3411 detrimenta
1452 3355 1721 3420 subeunt,
1755 3357 1825 3410 ita
1867 3370 1931 3411 ex
1979 3370 2101 3424 pec-

516 3455 639 3503 cato
666 3446 799 3501 Adae
828 3448 1120 3503 humanum
1163 3464 1334 3516 genus
1374 3448 1426 3502 in
1461 3448 1703 3504 miserias
1732 3448 1952 3505 decidit.
1988 3448 2101 3504 lmo

517 3548 679 3608 poma
729 3554 920 3595 sensus
968 3542 1138 3611 magis
1168 3541 1380 3598 videtur
1427 3544 1829 3612 proportionata
1886 3551 2103 3612 peccato

517 3628 739 3700 originis
766 3646 927 3700 quam
958 3647 1116 3700 pmna
1145 3632 1358 3699 damni;
1394 3648 1515 3688 nam
1548 3647 1705 3703 pmna
1736 3634 1916 3688 damni
1938 3642 2023 3689 est
2049 3633 2102 3687 in

518 3720 718 3791 anima,
746 3736 902 3790 poena
932 3738 1122 3778 sensus
1166 3724 1218 3778 in
1250 3738 1505 3793 corpore;
1542 3724 1740 3791 posteri
1773 3732 1951 3778 autem
1984 3724 2104 3776 ani-

520 3824 662 3865 mam
684 3827 713 3864 a
746 3813 855 3868 Deo
885 3824 1129 3869 creatore
1183 3816 1470 3884 recipiunt,
1502 3829 1696 3884 corpus
1726 3830 1855 3872 vero
1878 3830 1973 3885 per
2001 3826 2107 3869 tra-

522 3901 713 3954 ducem
744 3901 810 3954 ab
840 3902 1009 3955 Adam
1058 3902 1348 3957 derivatur.
1402 3902 1577 3968 Quare
1623 3919 1742 3958 cum
1789 3904 1882 3959 lilii
1932 3905 2105 3975 puniri

523 3991 730 4059 possint
761 4006 856 4063 pro
887 3994 1122 4059 peccatis
1173 4002 1473 4059 parentum,
1522 3996 1577 4047 in
1618 4006 1872 4064 quantum
1919 4010 2108 4050 secun-

522 4082 650 4137 dum
681 4095 876 4151 corpus
918 4092 1044 4138 sunt
1088 4082 1286 4153 aliquid
1318 4085 1530 4139 illorum
1557 4128 1573 4152 ,
1608 4094 1663 4140 ut
1708 4101 1773 4141 ex
1806 4087 1867 4139 ι).
1900 4086 2106 4141 Thoma

525 4172 783 4239 diximus,
818 4171 1106 4229 humanum
1135 4189 1303 4245 genus
1329 4219 1342 4243 ,
1393 4176 1532 4246 quod
1582 4176 1878 4231 secundum
1911 4191 2107 4246 corpus

524 4276 591 4319 ex
610 4263 806 4318 virtute
834 4262 1079 4320 seminali
1107 4266 1173 4320 ab
1185 4266 1355 4321 Adam
1376 4266 1601 4322 deducta
1618 4266 1814 4336 aliquid
1840 4266 1982 4321 illius
2002 4276 2103 4333 est,

524 4355 719 4427 potiori
746 4356 868 4426 jure
885 4357 1181 4413 secundum
1210 4373 1407 4428 corpus
1435 4360 1632 4429 poterit
1659 4360 1729 4416 ob
1762 4360 1900 4415 illius
1927 4374 2109 4429 pecca-

526 4463 661 4519 tum,
692 4451 832 4521 quod
870 4451 1031 4507 etiam
1061 4452 1331 4521 proprium
1365 4454 1553 4519 evasit,
1586 4454 1801 4523 puniri,
1834 4468 1989 4522 quam
2019 4468 2108 4509 se-

2204 3265 2343 3325 part.
2376 3271 2392 3310 t
2422 3256 2625 3310 Helect.
2653 3257 2719 3310 de
2748 3265 2910 3325 grat.,
2956 3270 3077 3324 cap.
3112 3254 3198 3309 l6.
3232 3255 3473 3324 Denique
3504 3259 3674 3324 gratia
3701 3262 3779 3308 est

2205 3346 2405 3401 donum
2435 3347 2730 3402 liberaliter
2758 3361 2790 3400 a
2839 3346 2951 3401 Deo
2995 3346 3195 3400 homini
3226 3345 3440 3411 datum;
3492 3356 3551 3400 at
3576 3346 3778 3415 quando

2206 3453 2437 3509 persona
2468 3439 2701 3509 graviter
2733 3438 3043 3504 offenditur,
3072 3454 3128 3491 v.
3153 3452 3230 3506 g.,
3262 3451 3357 3493 rex
3388 3438 3619 3493 crimine
3648 3438 3780 3491 las:

2208 3532 2525 3601 majestatis,
2562 3547 2665 3584 non
2696 3542 2779 3585 est
2807 3531 3087 3585 sulticlens
3120 3544 3297 3599 pmna,
3328 3530 3471 3600 quod
3504 3532 3681 3599 privet
3705 3545 3782 3584 re-

2204 3622 2400 3677 bellem
2431 3622 2690 3677 beneﬁcio
2718 3621 2843 3676 olim
2893 3621 3066 3675 eidem
3094 3621 3386 3677 liberaliter
3430 3622 3662 3686 collato,
3694 3619 3781 3674 sed

2209 3711 2313 3765 alia
2345 3713 2505 3767 etiam
2538 3726 2693 3776 paena
2725 3711 2974 3780 exigitur.
3009 3708 3067 3764 ln
3102 3710 3271 3765 Adam
3312 3725 3443 3765 vero
3471 3726 3661 3766 omnes
3693 3726 3781 3779 po-

2208 3802 2341 3857 steri
2365 3816 2390 3853 a
2424 3802 2533 3879 Deo
2564 3802 2913 3867 rebellarunt,
2948 3801 3087 3856 unde
3114 3801 3319 3856 inimici
3351 3801 3444 3857 Dei
3476 3813 3781 3869 nascuntur,

2208 3900 2264 3946 et
2289 3906 2385 3960 per
2407 3892 2633 3960 gratiam
2658 3892 2908 3961 baptismi
2936 3894 3066 3948 tiunt
3094 3893 3274 3959 amici,
3301 3894 3418 3947 sine
3444 3908 3546 3963 qua
3572 3910 3679 3949 non
3702 3910 3783 3947 so-

2210 3983 2316 4038 lum
2368 3992 2495 4037 sunt
2535 3983 2734 4054 indigni
2763 3984 2930 4053 gratia
2978 3984 3269 4040 liberaliter
3311 3984 3658 4051 conferenda,
3695 3984 3783 4040 sed

2209 4072 2351 4144 digni
2385 4074 2556 4142 pinnis
2580 4074 2721 4143 juste
2761 4074 3083 4144 irrogandis.

2280 4186 2551 4255 Objiciunt
2576 4184 2633 4238 4°
2656 4200 2777 4239 cum
2796 4184 3057 4253 Vasquez,
3085 4182 3201 4249 1-2,
3228 4181 3368 4252 disp.
3400 4183 3523 4250 121,
3555 4198 3700 4239 num.
3718 4182 3778 4245 8;

2212 4274 2442 4347 Goneto,
2474 4277 2613 4346 disp.
2644 4277 2702 4340 7,
2747 4275 2838 4330 cit.
2872 4291 3022 4330 num.
3059 4273 3155 4328 I78
3183 4293 3197 4341 ;
3231 4275 3487 4331 Morainio
3518 4285 3572 4331 et
3622 4276 3772 4330 aliis:

2210 4368 2396 4425 Nullus
2423 4369 2595 4438 puniri
2628 4368 2789 4424 debet
2833 4369 2903 4423 ob
2934 4368 2984 4421 id
3018 4383 3112 4437 pro
3143 4383 3249 4437 quo
3278 4382 3343 4422 ne
3380 4368 3666 4437 vituperari
3694 4379 3778 4421 aut

2210 4457 2531 4525 reprehendi
2566 4466 2775 4526 potest:
2805 4467 2859 4510 at
2884 4472 3041 4512 nemo
3070 4471 3164 4524 pro
3196 4464 3415 4524 peccato
3442 4457 3681 4526 originali
3700 4457 3772 4507 vi-

525 4542 760 4597 cundttm
803 4542 1057 4598 animam.
1092 4542 1225 4597 llinc
1250 4545 1295 4597 si
1350 4546 1526 4599 anima
1565 4560 1595 4598 a
1655 4546 1767 4600 Deo
1802 4554 1978 4601 creata
2027 4546 2108 4600 in-
2138 4542 2185 4602 D
2215 4549 2447 4615 tuperari
2479 4556 2692 4617 potest;
2722 4548 2886 4617 igitur
2914 4561 3010 4601 nec
3042 4546 3239 4615 puniri.
3276 4542 3445 4615 Major
3472 4556 3635 4616 patet,
3661 4546 3773 4614 quia

524 4628 844 4693 funderetur
870 4634 1081 4700 corpori
1113 4648 1447 4704 nequaquam
1479 4650 1574 4704 per
1595 4637 1843 4690 virtutem
1871 4637 2108 4691 semina-

526 4720 631 4784 lem
652 4739 727 4780 rex
756 4724 964 4781 Adamo
988 4726 1257 4793 traducto,
1290 4727 1378 4780 illa
1409 4742 1513 4782 non
1546 4727 1889 4784 contraheret
1919 4743 2107 4796 pecca-

527 4824 636 4869 tum
664 4818 956 4886 originale;
987 4832 1152 4888 quare
1197 4818 1249 4872 in
1295 4826 1499 4872 tantum
1535 4828 1807 4887 peccaturo
1855 4820 2105 4888 traducit,

509 4907 579 4959 'iu
598 4920 858 4974 quantum
892 4910 945 4965 in
997 4925 1191 4980 corpus
1240 4925 1306 4965 ex
1339 4910 1540 4965 Adamo
1578 4925 1673 4978 per
1722 4910 2103 4978 concupiscen-

528 4990 657 5048 tiatn
687 5000 961 5053 carnalem
1019 5013 1364 5071 propagatum
1409 5001 1733 5057 immittitur.
1768 5002 1842 5057 Ex
1874 5001 1957 5055 his
1987 5018 2110 5058 con-

528 5084 772 5138 ﬁrmatur
802 5101 987 5141 nostra
1021 5092 1288 5145 sententia
1317 5109 1330 5146 :
1361 5107 1483 5145 nam
1532 5092 1577 5146 si
1607 5105 1733 5146 caro
1781 5106 1875 5161 per
1920 5108 2105 5148 concu-

532 5174 846 5245 piscentiam
900 5179 1077 5245 genita
1130 5191 1211 5234 est
1277 5197 1460 5248 causa,
1512 5198 1609 5238 cur
1661 5185 1839 5238 anima
1892 5194 2109 5252 peccato

529 5267 829 5333 inliciatur,
862 5277 916 5324 et
946 5283 1014 5323 ex
1061 5274 1407 5341 consequenti
1448 5287 1661 5344 poenam
1729 5276 1940 5341 subeat,
1992 5277 2105 5345 ipsa

528 5374 677 5426 caro,
706 5372 826 5431 qua:
855 5360 1020 5416 veluti
1067 5360 1369 5418 vehiculum
1415 5364 1614 5431 peccati
1644 5364 1763 5432 fuit,
1796 5368 2104 5434 neutiquam

529 5456 691 5511 debet
717 5468 836 5511 esse
856 5470 885 5508 a
916 5468 1230 5524 quacunque
1256 5470 1409 5525 pmna
1441 5456 1714 5511 immunis.

578 5546 870 5615 ‘Objiciunt
892 5548 976 5601 5ο.
1004 5544 1285 5601 Peccatum
1316 5546 1538 5615 originis
1563 5562 1667 5601 non
1694 5547 1831 5603 tollit
1861 5550 2101 5603 ordinem

510 5638 848 5702 naturalem,
894 5639 986 5693 sed
1028 5639 1513 5706 supernaturalem,
1559 5654 1755 5706 nempe
1797 5641 2102 5695 conversio-

533 5726 650 5775 nem
679 5724 742 5776 ad
769 5726 931 5777 Deum
958 5742 1051 5795 per
1076 5729 1274 5784 donum
1305 5731 1488 5799 gratia:
1528 5729 1834 5796 habitualis,
1860 5745 1984 5799 ergo
2013 5745 2097 5784 so-

2214 4653 2387 4707 pmnze
2410 4639 2693 4693 sensibiles
2715 4640 2915 4694 habent
2940 4637 3224 4708 quamdam
3253 4638 3359 4691 vim
3389 4638 3772 4708 increpatioois.

2212 4729 2384 4784 Minor
2414 4730 2669 4798 probatur
2698 4744 2763 4785 ex
2814 4729 3101 4785 Aristotele
3130 4745 3187 4783 ιιι
3233 4728 3435 4792 Ethic.,
3463 4745 3583 4799 cap.
3607 4728 3662 4793 6,
3697 4725 3776 4779 ubi

2212 4821 2285 4874 ait
2312 4822 2580 4876 neminem
2604 4835 2723 4876 esse
2745 4820 2963 4890 dignum
2992 4820 3259 4887 vituperio
3274 4827 3330 4872 et
3354 4818 3770 4887 exprobratione.

2214 4912 2314 4966 nisi
2347 4913 2435 4967 illa
2474 4913 2633 4968 faciat
2660 4928 2777 4981 qua:
2824 4910 2997 4978 peluit
3028 4923 3135 4963 non
3167 4907 3380 4970 facere;
3423 4919 3473 4961 at
3508 4910 3655 4977 pueri
3689 4920 3774 4961 non

2216 5012 2441 5071 possunt
2468 5018 2572 5057 non
2611 5001 2930 5057 contrahere
2959 5008 3237 5067 peccatum
3268 4998 3550 5064 originale,
3582 5013 3700 5065 ergo
3718 4996 3775 5048 ob

2216 5093 2348 5147 illud
2394 5093 2533 5147 nulla
2581 5091 2997 5158 reprehensione
3041 5091 3184 5157 digni
3235 5096 3382 5141 sunt.
3426 5086 3777 5156 Respondetur

2216 5184 2458 5252 negando
2488 5185 2775 5247 minorem,
2808 5196 2907 5236 nec
2934 5181 3231 5250 philosophi
3269 5182 3471 5233 dictum
3505 5194 3605 5233 nos
3630 5192 3777 5233 mora-

2215 5280 2318 5335 tur,
2347 5274 2434 5340 qui
2467 5272 2693 5325 actualia
2721 5280 2923 5324 tantum
2962 5286 3022 5323 ac
3054 5270 3349 5338 personalia
3380 5269 3581 5323 deliCta
3603 5280 3779 5338 cogno-

2214 5363 2313 5427 vit,
2350 5362 2596 5429 originali
2636 5362 2778 5415 enim
2829 5370 3045 5427 peccato
3094 5359 3499 5414 Ariston-licunt
3554 5359 3678 5414 illud
3706 5356 3777 5411 di-

2213 5462 2354 5507 ctum
2382 5468 2486 5506 non
2508 5453 2781 5507 convenit.
2809 5451 2876 5504 Et
2899 5450 3114 5519 quidem
3138 5449 3403 5517 Pelagiani
3428 5464 3495 5503 ex
3526 5452 3777 5504 Aristote-

2214 5546 2279 5599 lis
2316 5543 2559 5597 doctrina
2603 5544 2879 5597 tentabant
2932 5542 3120 5595 tollere
3175 5548 3449 5608 peccatum
3504 5539 3775 5609 originale.

2212 5636 2351 5689 unde
2374 5645 2500 5687 sunt
2529 5636 2617 5689 illa
2650 5636 2930 5704 Augustini
2964 5633 3057 5688 lib.
3085 5649 3135 5686 vr
3161 5642 3346 5686 contra
3374 5631 3513 5695 Jul.,
3544 5648 3664 5699 cap.
3685 5632 3773 5685 20:

2216 5749 2234 5781 ι
2256 5731 2332 5784 Ad
2360 5731 2457 5785 hoc
2482 5733 2622 5785 enim
2656 5730 2867 5783 redacta
2899 5736 2980 5783 est
3009 5727 3233 5782 haeresis
3259 5734 3458 5789 vestra,
3487 5734 3545 5779 ut
3574 5729 3774 5794 gemant
