3892 6328
126 317 250 372 635

1321 321 1643 378 VINDICIIE
1689 317 2250 380 AUGIISTINIANzE.

3329 329 3434 389 666

127 445 458 493 sectatores
492 435 656 491 Vestri
690 449 794 490 non
848 435 1074 489 inveniri
1106 433 1412 490 dialecticos
1442 436 1650 503 judices
1692 436 1743 487 in
1775 439 1822 494 Α
1853 436 1952 491 hoc
1982 438 2030 491 id
2061 439 2168 507 egit
2197 437 2491 506 peccando,
2520 439 2660 508 quod
2699 440 2903 510 justitia
2942 445 3174 511 vetabat,
3205 457 3258 501 ει
3289 449 3431 502 unde

129 532 406 586 Ecclesia
435 531 502 584 de
546 531 745 585 scholis
776 529 1253 599 Peripateticorum
1295 540 1383 582 aut
1415 530 1737 595 Stoicorum,

128 639 161 676 a
197 624 415 690 quibus
465 623 683 690 possitis
731 622 956 676 absolvi.
991 639 1010 672 ι
1044 621 1286 675 Julianus
1311 621 1635 688 querebatur
1655 635 1744 674 ca-

128 716 397 769 tholicos
430 716 735 784 episcopos,
786 729 814 768 a
865 715 1058 781 quibus
1097 714 1381 767 damnatus
1429 714 1617 778 luerat,
1650 728 1742 766 ne-

125 805 284 860 scire
321 805 612 859 secundum
663 808 946 875 categorias
979 805 1266 859 Aristotelis
1311 806 1374 859 de
1418 805 1741 874 dogmatibus

124 898 409 959 iudicare.
442 897 585 953 Sane
612 898 654 951 si
685 882 1038 951 Aristotelicis
1071 897 1345 965 principiis
1368 898 1614 950 standum
1646 897 1737 961 sit,

126 1002 436 1055 peccatum
479 989 736 1057 originale
765 988 1063 1057 negandum
1098 997 1209 1051 est;
1245 1001 1414 1054 neque
1443 986 1606 1051 enim,
1649 987 1739 1053 qui

125 1080 418 1143 nascitur,
451 1089 696 1148 tanquam
731 1080 907 1133 tabula
937 1093 1078 1145 rasa,
1124 1079 1361 1132 maculas
1399 1079 1601 1147 antiqui
1635 1080 1740 1131 cri-

127 1169 308 1223 minis
366 1184 442 1225 ex
487 1170 773 1224 Aristotele
805 1179 1016 1239 portare
1060 1178 1254 1238 potest,
1305 1185 1427 1223 cum
1467 1170 1740 1238 generatio

125 1274 275 1326 opus
331 1269 550 1314 naturre
598 1261 686 1322 sit,
741 1275 847 1313 non
893 1260 1206 1327 voluntatis,
1257 1259 1408 1327 cujus
1461 1269 1541 1312 est
1584 1273 1740 1326 posse

125 1366 406 1419 peccare.
441 1352 652 1404 Certum
685 1361 766 1405 est
796 1367 862 1404 ex
896 1352 998 1405 [ide
1034 1351 1199 1404 Deum
1241 1365 1361 1404 esse
1387 1350 1578 1403 iratum
1613 1365 1738 1416 pue-

123 1442 228 1507 ris,
267 1457 407 1495 cum
445 1449 754 1505 nascuntur,
786 1442 856 1494 ob
902 1439 1162 1508 originale
1192 1439 1431 1504 crimen;
1467 1440 1740 1494 nascimur

121 1532 280 1586 enim
313 1541 517 1586 natura
544 1533 640 1600 filii
671 1533 762 1584 irw
810 1545 876 1586 ex
925 1531 1207 1599 Apostolo,
1239 1545 1302 1584 ac
1342 1541 1432 1598 per
1464 1540 1736 1596 peccatum

121 1639 332 1678 sumus
377 1623 561 1676 aversi
610 1637 638 1674 a
687 1621 818 1687 Deo,
873 1632 926 1676 et
959 1623 1099 1676 Deus
1149 1634 1341 1688 pueros
1390 1620 1511 1673 odio
1553 1619 1732 1685 habet,

119 1727 421 1786 quatenus
453 1726 757 1784 peccatores
801 1723 947 1779 sunt,
997 1713 1136 1782 quod
1177 1713 1496 1767 catholicum
1542 1715 1734 1783 dogma

1850 527 1925 580 illi
1953 527 2176 582 liberum
2211 526 2382 580 fuerat
2415 529 2702 584 abstinere.
2735 531 2867 582 Nam
2899 532 2968 598 ei,
3004 537 3088 601 qui
3114 535 3265 602 dixit,
3294 541 3431 604 quod

1849 621 1969 672 nolo
1997 622 2190 672 malum
2219 620 2312 673 hoc
2335 637 2455 689 ago,
2486 622 2756 677 abstinere
2786 623 2909 678 inde
2939 625 3162 678 liberum
3194 642 3296 680 non
3325 639 3427 682 est.

1847 715 1924 766 Ac
1948 727 2041 780 per
2064 713 2163 767 hoc
2185 715 2263 766 sic
2291 714 2388 766 tria
2418 714 2516 767 ista
2554 715 2855 782 discernas,
2888 729 2939 772 et
2970 719 3108 772 scias
3137 720 3279 772 aliud
3308 735 3429 774 esse

1846 813 2147 872 peceatum,
2181 804 2320 857 aliud
2359 820 2569 874 poenam
2608 808 2828 874 peccati,
2865 809 3004 863 aliud
3039 820 3344 880 utrumque,
3377 813 3429 865 id

1847 904 1951 961 est,
1989 896 2058 948 ita
2090 907 2390 964 peccatum,
2429 907 2484 950 ut
2517 898 2689 965 ipsum
2721 901 2788 952 sit
2822 901 2981 953 etiam
3017 916 3166 968 paena
3203 903 3426 967 peceati.

1845 989 2102 1057 intelligis
2129 990 2256 1058 quid
2300 990 2491 1042 horum
2527 993 2683 1044 trium
2727 994 2994 1061 pertineat
3024 995 3089 1046 ad
3125 995 3269 1048 illam
3303 993 3427 1048 deli-

1844 1081 2127 1145 nitionetn,
2156 1081 2283 1133 ubi:
2323 1080 2565 1134 Voluntas
2596 1095 2668 1135 est
2717 1085 2927 1152 agendi,
2955 1084 3093 1152 quod
3116 1085 3323 1153 justitia
3351 1100 3426 1136 ve-

1844 1179 1939 1237 tat,
1971 1179 2016 1223 tt
2045 1176 2176 1224 unde
2212 1172 2428 1224 liberum
2458 1181 2530 1224 est
2576 1173 2847 1226 abstinere.
2885 1174 3163 1227 Peccatum
3197 1189 3428 1242 namque

1844 1260 1948 1315 isto
1993 1261 2153 1314 tnodo
2191 1261 2467 1314 dellnitum
2531 1273 2634 1327 est,
2690 1278 2794 1316 non
2829 1281 2982 1332 pinna
3042 1267 3265 1334 peccati,
3321 1283 3425 1319 non

1844 1358 2150 1419 utrumque.
2183 1368 2201 1401 ι
2265 1350 2332 1404 Ει
2399 1359 2620 1420 postea:
2666 1351 2820 1406 tSCd
2876 1353 3105 1421 pertinet
3166 1355 3426 1421 originale

1844 1452 2116 1511 peccatum
2147 1443 2212 1496 ad
2244 1441 2344 1497 hoc
2366 1458 2533 1512 genus
2559 1445 2795 1510 tertium,
2824 1445 2912 1498 ubi
2939 1446 3016 1498 sic
3041 1457 3312 1514 peccatum
3341 1457 3424 1501 est

1843 1545 1899 1588 ut
1929 1534 2102 1602 ipsum
2145 1534 2216 1586 sit
2260 1545 2313 1588 et
2363 1550 2516 1602 pinna
2553 1537 2778 1603 peccati.
2812 1556 2828 1588 ›
2863 1536 3081 1591 Certum
3133 1538 3290 1605 igitur
3339 1547 3422 1594 cst

1844 1640 2000 1694 posse
2037 1634 2308 1691 peccatum
2342 1626 2596 1695 originale
2621 1642 2740 1682 esse
2771 1643 2896 1683 vere
2923 1638 2974 1682 et
2998 1631 3207 1697 proprie
3236 1644 3424 1698 pecca-

1844 1726 1980 1781 tum,
2013 1717 2223 1771 etiamsi
2251 1732 2354 1770 non
2401 1718 2523 1772 inde
2557 1720 2782 1773 liberum
2830 1719 2898 1772 sit
2926 1719 3214 1785 abstinere,
3248 1730 3300 1774 et
3325 1721 3423 1774 do-

120 1822 214 1868 cst
245 1830 260 1877 ;
296 1814 581 1880 vituperat
608 1811 762 1879 igitur
793 1811 931 1864 Deus
959 1810 1170 1876 vitium,
1202 1811 1343 1877 quod
1376 1810 1489 1878 ipse
1527 1827 1632 1864 non
1665 1814 1737 1865 [ιε-
1771 1808 1813 1864 Β
1844 1810 2069 1863 ctrinam
2118 1809 2262 1861 illam
2317 1810 2562 1862 traditam
2617 1825 2646 1863 a
2701 1820 2888 1864 sancto
2933 1811 3154 1866 doctore
3205 1811 3294 1864 lib.
3352 1814 3420 1865 de

119 1909 202 1962 cit
234 1909 292 1961 in
323 1906 572 1960 homine.
598 1905 746 1959 Adde
777 1902 1007 1958 infantes
1026 1918 1146 1957 esse
1172 1920 1293 1956 vasa
1310 1904 1651 1968 contumelitr,
1683 1914 1738 1957 et

122 2014 192 2054 ex
222 1997 598 2066 consequenti
629 2009 749 2049 esse
777 1994 967 2062 dignos
999 1993 1322 2048 contumelia
1351 2006 1414 2046 ac
1448 1993 1732 2059 vituperio.

123 2089 300 2144 Miror
343 2094 535 2140 autem
566 2085 830 2154 Vasquez,
854 2086 1027 2138 virum
1087 2083 1137 2137 in
1182 2083 1462 2152 Augustini
1496 2082 1737 2138 doctrina

123 2183 265 2238 adeo
292 2191 604 2246 versatum,
631 2189 686 2232 ut
715 2179 927 2232 sodales
956 2177 1365 2245 (Iornplutenses
1395 2179 1736 2247 Augustinum

126 2273 394 2336 alterum,
449 2271 532 2324 vel
573 2270 763 2323 saltem
819 2277 1031 2321 mentem
1087 2283 1146 2321 ac
1185 2268 1414 2336 linguam
1461 2268 1736 2337 Augustini

127 2364 388 2418 eumdem
430 2361 894 2428 nuncupaverint;
925 2359 1108 2423 miror,
1144 2359 1381 2428 inquam,
1408 2359 1537 2413 illud
1577 2376 1735 2431 argu-

126 2464 380 2508 mentum
437 2453 602 2506 veluti
642 2451 872 2506 solidum
919 2449 1207 2518 objecisse,
1252 2450 1392 2518 quod
1442 2459 1617 2504 tamen
1649 2451 1729 2505 di-

128 2553 278 2598 serte
308 2543 383 2597 ab
413 2542 717 2612 Augustino
738 2556 985 2596 eversum
1009 2540 1204 2594 fuerat.
1237 2541 1496 2594 Audiatur
1520 2551 1735 2595 sanctus

125 2637 325 2690 doctor
362 2637 467 2690 lib.
491 2636 559 2689 de
595 2636 842 2700 Corrept.
895 2643 951 2687 et
979 2642 1142 2700 grat.,
1192 2646 1309 2700 cap.
1340 2632 1411 2685 6:
1443 2651 1461 2683 ι
1497 2633 1576 2685 An
1608 2649 1736 2686 vero

127 2729 255 2782 ideo
307 2726 557 2796 pravitas
588 2726 689 2779 ista
745 2723 1081 2792 corripienda
1139 2737 1242 2776 non
1276 2732 1359 2777 est.
1397 2723 1449 2776 in
1497 2723 1737 2788 homine,

127 2817 250 2885 quia
289 2829 402 2866 non
437 2811 560 2881 ejus
582 2813 818 2880 propria,
850 2811 938 2880 qui
964 2809 1271 2878 corripitur,
1319 2811 1412 2865 sed
1437 2812 1737 2867 communis

132 2915 213 2961 est
240 2904 563 2972 jomnibus?
604 2904 712 2954 lino
755 2915 884 2956 vero
923 2901 1243 2968 corripiatur
1289 2909 1342 2952 et
1393 2900 1444 2953 in
1488 2899 1732 2969 singulis,

135 2999 275 3071 quod
311 3005 400 3052 est
460 2997 725 3049 omnium.
777 2994 888 3047 Non
921 2993 1060 3046 enim
1091 3000 1368 3060 propterea
1420 2992 1733 3060 cujusquam

142 3106 245 3145 non
293 3097 380 3142 est
418 3085 565 3154 quod
623 3085 690 3138 ab
731 3098 790 3137 ea
835 3083 1015 3136 nullus
1054 3081 1307 3135 immunis
1352 3091 1454 3134 est.
1511 3083 1730 3135 Peccata

1845 1898 2016 1954 Daah.
2061 1899 2266 1962 Anim.,
2297 1914 2415 1967 cap.
2454 1900 2540 1964 ll,
2570 1915 2728 1968 quam
2775 1909 2893 1968 post
2926 1900 3190 1954 Julianum
3222 1901 3417 1954 t‘llorai-

1843 2007 1940 2044 nes
1970 1991 2174 2059 objicit,
2209 1991 2578 2060 applicandam
2609 2008 2714 2046 non
2747 2008 2867 2047 esse
2899 2007 3115 2060 peccato
3145 1993 3415 2061 originali,

1840 2081 1909 2136 de
1935 2097 2040 2150 quo
2073 2081 2142 2135 ibi
2171 2092 2388 2136 sanctus
2417 2083 2573 2137 Pater
2603 2098 2709 2138 non
2740 2085 3075 2153 loquebatur.
3115 2085 3262 2140 Unde
3291 2085 3419 2139 falsa

1841 2181 1968 2226 sunt
2016 2188 2133 2240 qua:
2179 2182 2360 2240 postea
2414 2173 2553 2227 idem
2612 2173 2876 2229 Moraines
2930 2174 3076 2228 addit
3116 2193 3128 2228 :
3176 2193 3194 2226 ι
3245 2175 3302 2229 Si
3355 2190 3420 2228 ex

1843 2272 2022 2318 mente
2053 2263 2113 2316 D.
2145 2265 2447 2333 Augustini.
2482 2266 2671 2333 inquit,
2710 2265 2816 2320 imo
2847 2282 2909 2320 ex
2944 2280 3102 2320 sensu
3129 2266 3289 2320 totius
3321 2267 3420 2318 Ec-

1841 2355 2018 2408 clesia:
2059 2364 2110 2408 et
2149 2370 2415 2410 consensu
2447 2357 2659 2426 generis
2686 2357 2924 2421 humani,
2955 2356 3299 2426 judicandutn
3339 2367 3421 2410 est

1839 2450 1907 2505 de
1938 2459 2156 2518 peccato
2180 2451 2421 2520 originali
2456 2449 2675 2520 ejusque
2707 2466 2886 2520 ptena,
2911 2451 3195 2505 dicendum
3223 2459 3302 2503 est
3330 2465 3423 2502 ne-

1841 2542 2038 2595 minem
2089 2555 2305 2609 propter
2346 2541 2473 2594 illud
2506 2557 2611 2594 non
2663 2558 2690 2593 a
2738 2556 2796 2595 se
2838 2542 3210 2606 commissum,
3242 2541 3336 2595 sed
3371 2540 3419 2592 vi

1843 2632 2067 2698 Originis
2116 2647 2180 2683 ex
2216 2633 2541 2685 necessitate
2570 2642 2902 2686 contractum
2937 2647 3055 2686 esse
3098 2634 3314 2700 dignum
3344 2647 3424 2685 re~

1845 2720 2198 2789 preltcnsionc
2230 2729 2282 2772 et
2324 2722 2616 2786 vituperio,
2665 2737 2726 2772 ac
2757 2721 2979 2789 proinde
3014 2737 3112 2775 nec
3161 2721 3422 2790 supplicio

1845 2810 2073 2878 positivo
2103 2818 2153 2862 ct
2183 2809 2536 2862 connatura'i.
2571 2828 2587 2860 ›
2626 2809 2799 2876 Falsa,
2844 2811 3078 2878 inquant,
3115 2811 3230 2865 haec
3251 2823 3372 2866 sunt
3406 2830 3418 2865 :

1843 2915 1963 2954 nam
2001 2915 2064 2952 ex
2099 2910 2278 2954 mente
2315 2899 2484 2951 sancti
2515 2899 2752 2953 doctoris
2799 2901 3100 2967 oppositum
3132 2901 3417 2955 dicendum

1841 3004 1950 3052 est;
1986 2990 2143 3044 docet
2198 2991 2340 3044 enim
2392 2992 2721 3061 urguendum
2770 3007 2891 3046 esse
2938 2994 3095 3046 etiam
3137 2994 3284 3047 illum
3330 2995 3421 3064 qui

1842 3092 2026 3151 peccat
2069 3087 2226 3136 tertio
2265 3085 2357 3137 illo
2411 3098 2610 3150 genere
2645 3085 2880 3148 peccati;
2923 3084 3093 3151 inquit
3138 3087 3279 3138 enim
3323 3085 3422 3137 ilii-

141 3181 356 3250 quidem
392 3179 498 3231 ista
530 3174 806 3244 originalia
846 3173 968 3226 ideo
1002 3173 1252 3226 dicuntur
1292 3171 1461 3224 aliena
1496 3172 1636 3240 quod
1669 3186 1729 3223 ea
1763 3175 1806 3235 C
1838 3174 1956 3227 dein
1985 3190 1998 3228 :
2032 3192 2050 3223 ι
2088 3174 2327 3226 Tertium
2375 3188 2502 3228 vero
2554 3188 2746 3242 genus,
2782 3174 2870 3227 ubi
2920 3184 3194 3241 peccatum
3249 3177 3420 3241 ipsum

145 3270 334 3340 singuli
363 3268 432 3324 de
459 3266 774 3336 parentibus
807 3265 1045 3330 trahunt,
1075 3261 1168 3316 sed
1197 3277 1301 3314 non
1329 3262 1445 3316 sine
1467 3276 1624 3315 causa
1655 3262 1735 3315 di-

141 3372 331 3416 cuntur
359 3369 415 3415 et
447 3367 664 3420 nostra,
697 3356 818 3424 quia
851 3356 904 3408 in
952 3355 1044 3408 illo
1069 3370 1170 3407 uno
1209 3369 1398 3420 omnes,
1432 3354 1571 3407 sicut
1608 3354 1736 3407 dicit

141 3457 468 3526 Apostolus,
553 3460 904 3522 peccat-erunt.
969 3450 1337 3505 Conntrtnun
1390 3463 1521 3517 ergo
1578 3463 1736 3501 ontco

145 3561 479 3611 DAHNABILIS,
526 3553 583 3598 ut
615 3559 676 3597 ex
711 3543 898 3596 dolore
927 3540 1282 3607 correptionis
1311 3539 1558 3591 voluntas
1587 3554 1738 3605 rege-

151 3637 439 3691 nerationis
468 3635 698 3697 oriatur,
732 3651 749 3684 ι
783 3642 885 3685 etc.
919 3631 994 3684 Ex
1028 3629 1222 3698 quibus
1263 3636 1409 3696 patet
1454 3641 1612 3696 posse
1642 3627 1736 3679 ho-

151 3731 339 3783 minem
372 3729 580 3795 corripi
613 3728 682 3779 ob
713 3732 987 3794 peccatum
1026 3721 1304 3790 originale.

220 3821 386 3874 instat
431 3819 731 3880 Moraines,
787 3830 937 3869 num.
964 3814 1057 3878 5|,
1094 3829 1198 3866 non
1259 3813 1432 3866 solum
1475 3811 1549 3866 Ar
1573 3821 1737 3868 stote-

154 3909 249 3965 lem
289 3923 380 3966 aut
415 3912 673 3966 ethnicos
705 3907 1056 3977 philospplios
1087 3905 1269 3960 dicere
1319 3905 1587 3958 neminem
1619 3921 1737 3959 esse

154 4002 406 4070 vituperio
435 4010 492 4055 et
545 3998 974 4068 reprehensione
1004 3997 1222 4066 dignum
1259 4006 1475 4065 propter
1506 3995 1555 4049 id
1593 3998 1732 4065 quod

157 4109 252 4146 non
288 4094 454 4148 libere
482 4092 620 4147 fecit
657 4098 750 4143 aut
777 4091 979 4152 omisit,
1025 4088 1118 4141 sed
1150 4088 1389 4141 omnintn
1422 4085 1657 4139 lidelium
1683 4095 1738 4140 et

157 4184 434 4240 infidelium
469 4198 818 4240 communem
851 4183 993 4234 illam
1026 4194 1213 4234 vocem
1255 4193 1399 4246 esse,
1456 4189 1510 4232 ut
1538 4179 1736 4232 contir-

157 4287 256 4329 mat
287 4289 501 4331 sanctus
551 4274 889 4343 Augustinus
938 4270 1032 4325 lib.
1063 4271 1130 4324 de
1178 4269 1388 4323 Duabus
1421 4269 1734 4332 Animabus,

159 4382 267 4435 cap.
293 4371 377 4422 ll.
409 4371 600 4436 Quare
626 4382 743 4419 cum
779 4364 952 4418 nullus
975 4361 1305 4416 commiserit
1331 4371 1606 4429 peccatum
1628 4360 1734 4412 ori—

162 4458 319 4525 ginale
349 4462 536 4525 libere,
578 4457 673 4510 sed
707 4457 837 4509 illud
879 4470 942 4508 ex
977 4455 1264 4506 inl'ectione
1307 4462 1509 4504 naturae
1563 4451 1735 4504 traha-

1839 3275 1940 3330 cst,
1975 3273 2030 3320 et
2061 3281 2214 3333 pinna
2249 3266 2450 3334 peccati
2482 3274 2654 3332 potest
2683 3263 2906 3333 intelligi
2942 3265 2994 3318 in
3034 3282 3098 3318 eo
3137 3267 3224 3334 qui
3250 3266 3418 3321 dicit:

1841 3358 1991 3422 Quod
2024 3359 2141 3411 nolo
2174 3359 2368 3410 malum
2399 3359 2490 3410 hoc
2529 3375 2649 3428 ago.
2687 3358 2765 3412 Ad
2817 3357 2919 3412 hoc
2963 3359 3235 3425 pertinettt
3261 3359 3423 3414 etiam

1838 3449 2040 3510 omnia,
2072 3464 2190 3516 qua:
2218 3465 2308 3516 per
2333 3449 2683 3516 ignorantiam
2708 3463 2828 3500 cum
2857 3459 3089 3514 aguntur
3120 3450 3280 3511 tnala,
3313 3465 3419 3502 non

1840 3552 2094 3608 putantur
2138 3542 2294 3604 mala,
2348 3540 2432 3593 vel
2478 3541 2641 3592 etiam
2673 3547 2927 3608 putantur
2979 3541 3137 3592 bona.
3196 3541 3420 3595 Caecitas

1842 3636 1981 3688 enim
2006 3633 2206 3696 cordis,
2253 3632 2299 3683 si
2329 3641 2602 3698 peccatum
2637 3647 2743 3683 non
2776 3642 2940 3691 esset.
2976 3633 3174 3699 injuste
3223 3647 3415 3699 argue-

1841 3734 2020 3788 retur;
2068 3723 2308 3789 arguitur
2353 3734 2532 3774 autem
2556 3721 2722 3789 juste,
2776 3722 2863 3774 ubi
2896 3722 3126 3776 dicitur:
3159 3722 3423 3774 Phariam:

1840 3833 1989 3879 crrce,
2023 3827 2077 3869 et
2107 3816 2224 3868 aliis
2253 3814 2496 3881 plurimis
2533 3813 2838 3867 divinorum
2878 3814 3173 3880 elogiornm
3207 3814 3361 3869 locis.
3396 3835 3415 3866 ι

1840 3905 1952 3958 lmo
1981 3905 2048 3959 ab
2080 3906 2167 3958 illa
2215 3907 2534 3958 necessitate
2565 3904 3009 3972 vituperationem
3062 3903 3260 3958 destrui
3305 3913 3420 3959 erat

1839 3996 2104 4063 ipsi~sitna
2137 3995 2368 4064 objectio
2413 3994 2613 4049 Juliani
2665 3995 2892 4049 dicentis
2919 3994 3010 4049 lib.
3045 4011 3075 4047 v
3100 3994 3288 4066 Operis
3319 3996 3419 4050 itn«

1839 4089 2000 4158 peril.
2051 4105 2172 4155 cap.
2207 4090 2314 4142 52:
2355 4106 2372 4139 ι
2404 4089 2570 4154 llnjus
2623 4088 2941 4157 vituperatio
2996 4090 3062 4143 ad
3118 4093 3419 4146 necessaria

1840 4195 1945 4234 non
1975 4180 2220 4240 recurrit,
2251 4180 2372 4247 quia
2414 4177 2672 4247 quidquid
2718 4178 2784 4231 ad
2831 4180 3192 4235 necessarium
3227 4197 3420 4251 perve-

1837 4269 1995 4332 nerit,
2045 4269 2220 4336 ipsum
2271 4268 2443 4337 pulsat
2495 4276 2791 4334 auctorem,
2827 4287 2844 4319 ι
2879 4285 3069 4336 nempe
3102 4271 3288 4324 Deum.
3321 4272 3419 4325 Cui

1838 4368 2052 4412 sanctus
2087 4360 2242 4411 Pater
2273 4357 2599 4426 respondet:
2631 4377 2647 4409 t
2675 4358 2919 4429 Nunquid
2952 4361 3050 4413 hoc
3080 4363 3274 4413 malum
3317 4362 3418 4414 ho-

1840 4454 2016 4515 minis,
2056 4452 2142 4505 ubi
2173 4451 2321 4518 dicit,
2354 4453 2492 4521 quod
2536 4453 2658 4505 nolo
2704 4453 2919 4516 malum,
2970 4451 3066 4503 hoc
3093 4467 3211 4521 ago,
3242 4451 3416 4520 ipsum

164 4558 260 4615 tur,
290 4569 443 4607 nemo
471 4561 652 4622 potest
683 4551 750 4603 ob
779 4547 906 4601 illud
937 4545 1226 4613 vituperari
1259 4552 1350 4597 aut
1386 4543 1728 4610 reprehendi.
1765 4542 1810 4599 1)
1841 4541 2071 4594 hominis
2099 4542 2272 4608 pulsat
2297 4543 2614 4595 auctorem?
2643 4551 2697 4597 et
2720 4551 2895 4596 tamen
2924 4558 3044 4596 eum
3070 4543 3156 4610 qui
3199 4542 3276 4595 sic
3307 4543 3418 4612 agit

165 4639 465 4710 ltespondco
497 4642 776 4698 laudatum
826 4637 995 4691 sancti
1029 4637 1266 4689 doctoris
1317 4633 1676 4688 testimonium
1705 4647 1732 4684 a

167 4730 359 4787 Juliano
415 4737 598 4789 eidem
657 4731 952 4799 Augustino
1012 4743 1154 4795 saepe
1212 4728 1408 4794 saepius
1467 4727 1731 4793 objectum

170 4823 338 4888 luisse,
378 4827 471 4879 lib.
507 4843 521 4880 t
554 4824 750 4891 Operis
801 4820 1035 4889 impert,
1095 4835 1214 4886 cap.
1248 4818 1337 4882 45,
1393 4818 1484 4871 lib.
1517 4832 1569 4882 v,
1612 4831 1728 4884 cap.

173 4913 233 4966 45
259 4927 309 4971 et
335 4918 425 4985 ὃὸ,
455 4932 507 4973 et
536 4919 687 4972 alibi.
719 4916 815 4970 Cui
841 4924 1060 4968 sanctus
1095 4914 1252 4967 Pater
1277 4912 1567 4979 respondet
1597 4912 1688 4964 lib.
1716 4928 1730 4965 ι

175 5005 346 5073 Operis
394 5012 631 5079 inuerti,
663 5024 782 5076 cap.
811 5009 879 5060 68
908 5025 920 5059 :
961 5025 978 5056 t
1022 5005 1156 5075 Ipse,
1190 5004 1379 5070 inquit,
1429 5004 1597 5056 Adam
1625 5013 1724 5069 est,

177 5112 319 5164 quem
357 5112 533 5156 nostra
569 5104 656 5156 illa
685 5100 947 5165 deﬁnitio,
979 5113 1096 5166 qua:
1129 5096 1221 5149 tibi
1244 5093 1458 5162 placuit,
1487 5094 1730 5146 intueba-

180 5193 276 5255 tur,
313 5206 427 5246 cum
454 5196 688 5249 dicerem
723 5211 732 5245 :
765 5191 1042 5244 Peccatum
1070 5198 1142 5241 est
1189 5188 1426 5240 voluntas
1456 5185 1725 5248 retinendi,

180 5279 247 5330 vel
270 5289 616 5350 consequendi,
637 5285 770 5353 quod
795 5282 1000 5351 justitia
1022 5289 1169 5342 vetat,
1195 5288 1241 5330 et
1267 5277 1402 5330 unde
1425 5276 1635 5329 liberum
1661 5284 1732 5328 est

182 5367 411 5425 abstinere
460 5374 594 5444 (Lib.
645 5375 707 5427 de
770 5372 938 5426 Duab.
997 5370 1192 5433 Anim.,
1233 5384 1347 5436 cap.
1409 5366 1520 5436 ll).
1563 5366 1729 5419 Adam

184 5457 360 5525 quippe
388 5465 602 5519 omnino
633 5463 844 5534 quando
877 5460 1136 5530 peccavit,
1179 5458 1306 5510 nihil
1338 5457 1390 5509 in
1421 5470 1480 5509 se
1502 5454 1731 5507 habebat

188 5548 319 5612 mali,
345 5567 444 5618 quo
476 5556 659 5610 nolens
703 5563 981 5622 urgeretur
1027 5550 1091 5603 ad
1124 5547 1456 5617 operandutn
1508 5545 1728 5611 malum,

192 5644 240 5686 ει
268 5651 470 5706 βτυῃιει·
494 5647 630 5713 quod
658 5647 862 5700 diceret
885 5660 897 5695 :
931 5640 1049 5695 Non
1070 5640 1208 5709 quod
1237 5638 1348 5691 volo
1369 5638 1502 5707 [acia
1528 5635 1726 5699 bonum,

192 5728 267 5776 sed
291 5733 414 5783 auod
446 5736 558 5788 nolo
589 5739 795 5804 malum,
831 5737 922 5788 hoc
967 5751 1065 5806 ago
1091 5732 1264 5802 (Rom.
1310 5745 1404 5795 vn,
1438 5728 1514 5797 9),
1551 5742 1612 5782 ac
1643 5741 1734 5796 per

1842 4633 2038 4686 malum
2067 4635 2196 4687 satis
2224 4644 2445 4703 apparet
2477 4637 2542 4688 ad
2574 4636 2934 4689 necessarium
2968 4635 3294 4701 pervenisse,
3320 4652 3418 4690 ne-

1837 4727 2087 4780 cessitate
2116 4729 2310 4796 quippe
2338 4729 2447 4797 agit
2476 4728 2616 4797 quod
2649 4744 2752 4781 non
2783 4728 2892 4794 agit
2923 4728 3212 4780 voluntate.
3247 4746 3264 4778 ι

1905 4816 2171 4886 Ohjiciunt
2193 4821 2254 4873 5ο
2285 4820 2474 4873 durum
2505 4819 2694 4882 videri,
2724 4827 2779 4870 et
2822 4817 3012 4870 divina:
3042 4819 3261 4872 bonitati
3306 4819 3409 4872 mi-

1836 4911 1980 4964 nime
2011 4923 2428 4966 consentaneum
2459 4922 2518 4965 ut
2567 4923 2720 4977 poena
2746 4910 2879 4979 ignis
2902 4912 3087 4964 alterni
3121 4913 3300 4979 puniat
3331 4915 3412 4966 in-

1832 5004 2035 5063 l‘antes,
2083 5002 2173 5068 qui
2221 5003 2431 5068 propria
2491 5001 2761 5052 voluntate
2820 5014 2922 5053 non
2982 5013 3286 5069 peccarunt,
3319 5005 3412 5060 sed

1831 5091 2002 5143 aliena
2035 5101 2256 5154 tantum,
2283 5100 2439 5158 atque
2490 5105 2552 5143 ex
2609 5090 2656 5141 vi
2689 5098 2743 5144 et
2775 5092 2984 5146 miseria
3037 5108 3147 5148 suae
3190 5098 3412 5164 originis

1834 5191 2052 5248 peccato
2079 5179 2323 5248 originali
2354 5178 2532 5233 infecti
2561 5190 2705 5234 sunt.
2739 5181 3042 5250 Respondet
3083 5186 3410 5254 Augustinus

1835 5271 1928 5322 lib.
1948 5285 1976 5319 v
2003 5270 2192 5337 Operis
2221 5269 2584 5338 itnperl'.,cap.
2604 5272 2698 5327 l5:
2721 5292 2738 5324 t
2760 5273 2813 5328 Si
2845 5286 3021 5327 autem
3046 5275 3266 5328 crudele
3292 5290 3412 5328 esse

1835 5361 2165 5413 arbitramini
2184 5360 2422 5412 damnari
2452 5362 2854 5431 parvulos,quos
2869 5364 3124 5432 originale
3138 5376 3409 5430 peccatum

1841 5451 2052 5504 trahere
2083 5465 2184 5504 non
2219 5452 2432 5519 putatis,
2457 5452 2675 5506 crudele
2704 5455 2854 5508 vobis
2889 5456 3132 5507 videatur
3163 5469 3266 5506 non
3298 5453 3408 5522 rapi

1840 5557 1900 5596 ex
1934 5542 2031 5594 hac
2059 5541 2165 5594 vita
2197 5544 2443 5608 parvulos
2471 5543 2761 5596 secundum
2790 5558 2883 5596 vos
2929 5543 3130 5596 nullum
3156 5543 3412 5599 habentes

1841 5635 2058 5689 omnino
2077 5641 2370 5702 peccatum,
2397 5648 2532 5702 quos
2561 5632 2701 5686 Deus
2721 5635 2903 5702 utique
2948 5633 3114 5702 novit,
3148 5635 3199 5689 in
3229 5636 3410 5690 multis

1842 5726 2151 5798 magnisque
2205 5727 2436 5797 peccatis
2483 5726 2600 5780 sine
2630 5725 2734 5781 ulla
2790 5727 2840 5780 in
2898 5726 3089 5782 melius
3122 5730 3411 5785 mutatione
