3892 6306
539 248 640 300 657
1415 266 1977 331 SUPI’LEMENTUM
2022 279 2111 336 AD
2150 283 2372 340 OPERA
2416 289 2471 345 S.
2516 294 2907 355 AUGUSTINI.

537 361 841 414 tttOl'iittros.
869 363 997 418 Nam
1024 370 1314 425 secundum
1346 391 1820 438 ltA'rtocrrunomgs
1880 405 1983 443 trust
2002 409 2120 446 rtus

533 450 803 508 crudelius
831 455 1040 512 videtur
1069 475 1173 514 non
1207 462 1458 532 lihcrare,
1492 484 1610 523 cum
1644 478 1831 542 possit,
1857 481 2120 535 tu.llisin-

531 542 808 608 quiuatunt
839 549 1036 615 parvis,
1070 555 1382 622 magnisque
1403 562 1652 626 peccatis,
1680 579 1833 632 quam
1864 569 2116 629 damnare

535 637 841 701 prob-euicto
877 644 1196 708 peccatoris.
1231 646 1398 701 Porro
1426 666 1545 704 curn
1579 655 1705 708 illud
1745 659 1944 722 jnstnnr
1995 679 2116 721 esse

530 739 562 792 q
605 739 634 776 a
668 730 889 794 potestis
916 747 1044 786 voce
1071 736 1336 801 claritatis,
1373 751 1425 793 et
1461 742 1557 797 hoc
1583 761 1699 799 esse
1734 750 1982 817 injustum
2011 773 2112 824 qua

529 816 706 870 fronte
729 821 1112 877 contenditis?»
1147 828 1206 879 Et
1229 831 1442 896 quidem
1471 835 1512 886 si
1537 838 1827 893 secundum
1853 843 2110 901 humanas

521 907 958 965 ratiocinationes
987 916 1286 984 loquamur,
1315 921 1522 977 videtur
1572 928 1731 981 etiam
1763 931 1975 997 durum,
2013 938 2108 990 ho—

519 1000 717 1054 minem
740 1005 809 1055 ob
837 1006 1047 1059 unicum
1070 1025 1290 1077 pravum
1319 1013 1667 1087 desiderium,
1691 1024 1830 1090 quod
1865 1042 2107 1081 momen-

519 1100 572 1141 to
600 1094 834 1158 evanuit,
865 1095 1104 1150 damnari
1137 1099 1187 1151 in
1234 1112 1582 1167 attcrnum,et
1631 1119 1806 1164 tamen
1855 1115 1955 1169 hoc
1999 1117 2104 1172 fide

516 1179 818 1246 credimus;
859 1184 909 1237 in
942 1201 1007 1238 eo
1039 1189 1180 1240 enim
1214 1199 1333 1243 actu
1386 1194 1528 1246 nulla
1583 1212 1773 1253 sensus
1817 1202 2100 1261 delectatio

514 1272 644 1335 fuit,
673 1276 760 1342 qui
794 1283 968 1330 tamen
1021 1294 1175 1346 pceua
1206 1296 1397 1337 sensus
1452 1297 1708 1342 aeternum
1743 1296 2094 1362 torqrrebitur.

511 1364 685 1425 Quare
739 1380 837 1419 nec
888 1367 1081 1422 durum
1135 1371 1300 1426 videri
1358 1374 1518 1432 debet
1564 1395 1756 1446 pueros
1801 1389 2093 1444 secundum

509 1467 722 1506 St'ttSllrtt
755 1459 950 1522 ptrrriri,
975 1461 1062 1527 qui
1088 1475 1250 1516 sensu
1283 1481 1386 1519 non
1419 1483 1794 1539 peccaverunt,
1820 1479 1920 1530 nisi
1962 1496 2094 1547 qua-
2133 1493 2136 1496 '

508 1554 662 1599 tenus
697 1548 830 1599 idem
863 1551 1009 1605 fuere
1030 1569 1150 1606 cum
1181 1556 1406 1614 Adamn.
1438 1561 1703 1618 Prxterea
1741 1585 1860 1623 cum
1890 1573 2090 1640 primus

507 1648 717 1700 parens,
746 1639 789 1691 si
817 1655 1212 1705 perseverasset
1240 1649 1292 1700 in
1323 1650 1484 1714 bono,
1516 1657 1930 1716 transmissurus
1961 1662 2089 1717 fuis-

504 1735 585 1777 set
618 1727 668 1779 irt
698 1733 1225 1801 posterosjttstitiatn
1255 1740 1592 1808 originalem,
1623 1759 1676 1798 et
1720 1750 1900 1802 omnia
1949 1752 2085 1808 bona
2119 1768 2164 1824 Β

503 1822 612 1865 tum
638 1818 798 1869 anirui
830 1827 939 1873 tum
968 1826 1228 1892 corporis,
1260 1839 1316 1880 ut
1348 1829 1503 1883 tradit
1535 1843 1752 1890 sanctus
1806 1838 1962 1893 Pater
1990 1843 2084 1898 lib.

503 1920 558 1958 trt
587 1907 774 1974 Operis
827 1910 1062 1980 imperil,
1087 1931 1206 1984 cap.
1239 1920 1361 1983 199,
1390 1935 1489 1975 cur
1537 1923 1726 1978 durum
1775 1927 2006 1997 videtur,
2041 1933 2085 1986 si

499 1996 876 2058 pra-varicatns
902 2002 1144 2058 miserias
1175 2021 1235 2060 ac
1254 2022 1440 2076 pastas
1463 2014 1696 2078 posreris
1722 2015 2085 2076 hmreditarias

497 2084 655 2138 fecit?

3714 326 3803 379 6"8

2153 401 2193 455 Α
2229 396 2348 450 liter
2369 414 2586 456 sensum
2642 410 2894 465 credendi
2953 415 3186 474 nondum
3247 423 3464 483 habent.
3518 430 3572 485 Si
3635 450 3796 494 autem

2225 500 2507 555 propterea
2536 507 2682 552 recte
2709 499 2894 556 ﬁdeles
2926 519 3181 564 vocantur
3202 519 3455 582 quoniam
3504 523 3665 580 ﬁdem
3718 547 3791 598 per

2221 581 2380 632 verba
2405 587 2724 649 gestantinm
2755 593 3152 660 quodammodo
3181 607 3522 679 profitentur,
3551 631 3654 670 cur
3703 581 3792 675 lion

2221 670 2366 731 prius
2389 674 2549 727 etiam
2581 680 2905 743 ptunitentes
2930 685 3194 746 habentur
3223 709 3342 750 cum
3369 715 3467 767 per
3490 714 3787 771 eortrnrdetn

2216 761 2372 812 verba
2399 766 2719 830 gestantium
2751 770 2962 828 diabolo
2992 787 3046 830 et
3073 778 3195 836 huic
3234 790 3432 842 sacculo
3491 805 3788 859 renuntiare

2214 857 2619 908 monstrantur?
2675 877 2692 908 ι
2750 860 2908 926 Igitur
2959 864 3007 917 si
3061 871 3428 932 rmnitentiam
3486 887 3666 948 pueris
3731 907 3786 945 ea

2212 947 2365 1002 pacto
2415 954 2628 997 sanatus
2679 949 2876 1003 Doctor
2910 957 3124 1022 asserit,
3160 961 3330 1017 adulti
3365 969 3429 1021 ad
3478 947 3786 1041 baptismum

2209 1031 2520 1086 accedentes
2552 1039 2793 1092 camdent
2824 1057 2929 1095 non
2961 1042 3262 1103 habebunt?
3285 1053 3436 1110 Tunc
3489 1031 3619 1131 ergo
3646 1067 3785 1124 dolet

2207 1115 2352 1180 ipsos
2381 1123 2582 1187 peccati
2612 1127 2908 1196 originalis,
2937 1137 3149 1202 quando
3175 1154 3239 1194 ex
3268 1115 3778 1215 Augustiudrenun-

2211 1205 2349 1261 tiare
2375 1225 2433 1262 se
2455 1211 2668 1268 diabolo
2699 1216 2902 1274 dicunt.
3219 1239 3222 1242 '
3260 1287 3262 1290 τ

2270 1323 2570 1392 Antequam
2638 1330 2774 1384 hanc
2813 1333 3229 1402 disputationem
3253 1345 3522 1418 claudam,
3557 1358 3678 1406 voto
3706 1377 3779 1413 τι»-

2196 1411 2361 1467 citare
2376 1415 2727 1482 obieetionem
2751 1415 3000 1480 Gulielmi
3027 1428 3096 1484 de
3125 1432 3386 1503 Ruhione,
3403 1445 3490 1507 qui
3513 1444 3564 1497 in
3585 1445 3641 1513 Ξ,
3658 1452 3774 1504 dist.

2195 1501 2346 1571 52,q.
2364 1503 2419 1570 9.,
2441 1507 2604 1575 artﬁ,
2625 1510 2723 1566 hoc
2745 1528 3058 1582 argumento
3084 1501 3641 1593 impugnatcrusiatus
3660 1555 3770 1606 pne-

2193 1606 2402 1648 rorum:
2427 1615 2444 1648 t
2467 1599 2558 1653 Ille
2573 1602 2660 1667 qui
2683 1614 2767 1658 est
2788 1622 2939 1676 aeque
2957 1611 3215 1668 innocens
3230 1619 3335 1673 alio
3351 1638 3625 1694 peccante,
3645 1634 3772 1688 sicut

2198 1708 2303 1747 non
2327 1708 2598 1765 peccante,
2624 1717 2727 1756 non
2750 1715 2830 1758 est
2852 1707 3189 1780 atﬂigendus,
3210 1731 3308 1772 nec
3327 1725 3496 1791 magis
3515 1727 3662 1794 juste
3693 1749 3768 1798 po-

2195 1794 2293 1836 test
2316 1789 2480 1856 atlligi
2512 1804 2633 1858 post
2663 1807 2938 1862 peccatum
2971 1804 3214 1870 alterius,
3245 1825 3403 1876 qttam
3442 1817 3485 1868 si
3522 1820 3614 1871 ille,
3644 1839 3762 1874 Illitt-

2190 1892 2348 1943 quant
2381 1892 2696 1948 peccasset;
2728 1887 2820 1938 sed
2875 1903 3094 1956 propter
3145 1911 3417 1963 peccatum
3477 1911 3764 1974 primorum

2193 1977 2472 2031 parentum
2499 1984 2685 2026 eorum
2718 1974 2833 2038 filii,
2859 1981 2945 2046 qui
2970 1997 3239 2051 nunquam
3267 2005 3646 2064 pecuareiunt,
3668 2022 3760 2058 tr0n

2186 2066 2311 2111 sunt
2342 2062 2512 2129 magis
2533 2064 2846 2133 culpabiles,
2876 2087 3032 2139 quam
3090 2078 3162 2143 si,
3193 2095 3295 2134 non
3330 2098 3646 2151 peccassent
3674 2098 3764 2162 ipsi

2185 2162 2370 2202 eorum
2430 2163 2706 2220 parentes;
2744 2161 2851 2213 imo
2903 2175 3024 2216 sunt
3072 2181 3224 2234 teque
3280 2172 3616 2246 innocentes,
3653 2161 3764 2251 post

563 2185 833 2255 Ohjiciuut
854 2190 928 2242 ti".
954 2192 1177 2259 Propter
1203 2209 1477 2263 peccatum
1503 2200 1763 2270 originale
1777 2220 1880 2258 non
1899 2206 2079 2274 injun-

492 2275 634 2344 gilur
670 2277 971 2334 honrinibus
1006 2285 1337 2350 baptizandis
1391 2290 1569 2357 aliqua
1625 2295 1955 2361 pmnitentia,
1981 2313 2079 2350 nec

489 2365 742 2433 jubentzu-
773 2370 974 2426 habere
1007 2375 1172 2428 ullum
1230 2377 1470 2433 dolorem
1528 2383 1594 2436 de
1651 2383 1762 2448 illo,
1792 2401 1918 2456 ergo
1970 2405 2079 2452 non

493 2463 885 2528 correspondet
953 2465 1026 2518 illi
1056 2468 1230 2538 aliqua
1257 2487 1414 2539 pruna
1446 2489 1656 2542 sensus,
1686 2478 1842 2532 sicuti
1863 2497 2074 2538 corres—
2114 2482 2126 2492 “

489 2552 688 2617 pondct
710 2555 940 2621 peccatis
972 2559 1291 2615 actualihus.
1321 2562 1640 2632 ltcspoudeo
1689 2573 1860 2638 printo
1885 2574 2074 2630 adrer-

486 2643 646 2696 sarior
664 2661 748 2698 unt
774 2648 1058 2718 plerosque
1080 2654 1168 2720 qui
1195 2653 1296 2709 hoc
1325 2669 1696 2724 argumentum
1730 2675 1919 2733 urgent
1947 2681 2072 2722 corr-

483 2735 680 2789 cedere
731 2739 780 2790 itr
815 2742 1045 2807 parvulis
1078 2745 1347 2814 tristitiam
1402 2749 1470 2803 ob
1511 2751 1798 2806 carentiam
1851 2757 2071 2812 visionis

485 2844 555 2896 qtt
575 2846 642 2880 il“
669 2837 967 2899 patiuntur;
997 2837 1155 2903 igitur
1176 2841 1403 2895 debetur
1430 2859 1650 2910 peccato
1682 2850 1926 2918 originali
1972 2853 2070 2908 do-

482 2921 562 2972 lor
585 2920 826 2985 interior,
860 2929 1068 2980 etiarnsi
1102 2946 1198 2996 pro
1227 2944 1443 2999 peccato
1491 2938 1735 3005 originali
1786 2943 1958 2994 nullus
1987 2945 2065 2997 in-

482 3017 667 3063 ternus
706 3012 859 3066 do’ur
913 3016 978 3067 ab
1031 3018 1265 3071 Ecclesia
1324 3023 1690 3092 pra‘cipiatur.
1746 3029 2062 3098 ltes,ondoo

481 3101 566 3163 ‘2“,
592 3106 711 3157 data
761 3109 920 3173 priori
969 3121 1117 3175 parte
1144 3115 1532 3181 antecedentis,
1567 3120 1811 3186 negando
1869 3139 2059 3179 c-Insc-
2090 3127 2134 3188 C

476 3196 772 3260 quentiarrr,
801 3201 924 3266 quia
955 3215 1076 3254 cum
1109 3204 1338 3259 miseria:
1367 3207 1525 3275 hujus
1551 3213 1671 3263 vitae
1699 3214 1806 3265 sint
1837 3216 2060 3272 eilectus

474 3287 676 3352 peccati
709 3304 756 3340 οι
776 3289 1005 3358 iginaiis,
1042 3309 1136 3347 cur
1166 3311 1307 3360 nova
1337 3312 1490 3366 pecua
1520 3300 1909 3371 imponeretur,
1940 3322 2060 3363 cum

473 3373 766 3432 irtnurnerie
797 3395 890 3448 pro
916 3382 1104 3438 eodem
1153 3386 1308 3440 nobis
1352 3389 1639 3445 subeunda:
1665 3395 1804 3448 sint?
1837 3395 1931 3450 Sat
1979 3407 2063 3454 est

471 3465 516 3519 si
547 3466 751 3522 dieatur
808 3473 1211 3531 citcchumenis
1260 3492 1445 3533 omnes
1503 3481 1748 3539 homines
1773 3486 1823 3539 in
1853 3488 2059 3546 Adamn

470 3572 740 3624 pecvasse,
774 3579 838 3618 ac
895 3567 1120 3634 proinde
1151 3585 1180 3623 e
1210 3572 1455 3625 terresrri
1509 3577 1756 3641 paradiso
1787 3583 2058 3650 expulsos,

469 3656 545 3701 tot
577 3653 842 3722 tantisque
874 3658 1046 3723 poenis
1077 3660 1341 3726 addictos,
1368 3681 1502 3733 quas
1543 3668 1725 3722 divina
1773 3676 1940 3740 gratia
1966 3677 2058 3728 ad-

466 3739 688 3808 juvante
720 3745 930 3801 fortiter
981 3750 1250 3806 sustinere
1305 3769 1609 3822 possumus.
1643 3758 1959 3828 Respondeo
1999 3763 2056 3816 5"

466 3837 711 3899 negando
741 3841 1032 3893 secundam
1077 3854 1280 3908 partem
1308 3850 1696 3916 antecedentis,
1725 3855 1925 3908 ttu‘lum
1955 3859 2049 3909 duo

470 3920 636 3975 Iezcrn
690 3925 888 3994 injnngi
932 3941 1065 3981 caret
1087 3930 1332 3986 humeuis
1363 3937 1432 3989 ob
1461 3950 1738 4005 peccatum
1771 3947 2048 4015 originale:

463 4015 768 4079 oppositum
800 4021 941 4071 enim
968 4034 1222 4088 expresse
1261 4027 1448 4091 tradit,
1475 4031 1582 4084 imo
1618 4033 1769 4100 jubet
1799 4040 2053 4102 Augusti-

465 4118 564 4154 nus
589 4118 707 4172 cap.
739 4107 769 4158 6
792 4113 1038 4176 superius
1071 4114 1287 4184 laudato
1316 4118 1381 4171 de
1409 4121 1825 4189 Correptioneet
1856 4131 2046 4195 gratia,

461 4195 708 4261 inquii-ns
736 4214 749 4248 :
779 4216 798 4247 ι
840 4199 1170 4271 Οοιί·ἰι›ἰ.ιιιιι·
1212 4220 1341 4276 ergo
1393 4213 1544 4279 Origo
1571 4213 1842 4278 damnata,
1873 4225 1925 4270 ut
1983 4234 2045 4271 ex

465 4299 670 4340 nutent:
693 4294 1044 4359 correptionis
1078 4297 1320 4352 voluntas
1355 4303 1776 4368 regenerationis
1803 4313 2043 4373 oriatur;

460 4379 504 4430 si
535 4388 708 4434 tamen
742 4385 859 4450 quis
888 4387 1196 4456 corripitur,
1233 4390 1372 4445 filius
1429 4406 1511 4446 est
1566 4397 1953 4464 promissionis,
1991 4413 2044 4454 ut

457 4470 680 4537 strepitu
730 4476 1086 4540 correptionis
1141 4477 1439 4535 forinsecus
1497 4485 1820 4552 insonantc,
1879 4500 2038 4558 atque
2072 4504 2117 4560 ι)

455 4575 852 4628 κικλοπιιηλκτις,
878 4565 1016 4618 Deus
1042 4566 1091 4618 in
1119 4567 1206 4619 illo
1227 4569 1549 4626 intrinsecus
1577 4577 1782 4628 occulta
1812 4577 2035 4645 inspira-

451 4653 595 4706 tioic
624 4657 1125 4722 Operti-turetvclle.
1168 4675 1185 4708 ι
1238 4657 1427 4714 Nonae
1473 4666 1891 4719 catechumenos
1927 4671 2034 4736 pri-

446 4757 590 4794 nnun
614 4747 884 4798 docendus
913 4757 994 4800 Coi.
1044 4763 1101 4802 se
1132 4749 1213 4802 vel
1260 4750 1328 4802 ab
1359 4761 1477 4804 ortu
1529 4753 1580 4805 in
1613 4768 1832 4822 peccato
1885 4775 2028 4827 esse,

447 4832 716 4888 inimicum
766 4837 857 4891 Dei
887 4880 901 4903 ,
937 4840 1036 4892 sub
1107 4841 1364 4895 dtezttouis
1443 4854 1708 4912 poteSIate
1735 4891 1747 4912 ,
1781 4847 2023 4917 ej-tszleut

449 4925 772 4990 membrum,
808 4931 858 4983 in
914 4934 1153 5001 (‘jllsdt‘lll
1213 4937 1450 4991 fatuilia?
1497 4939 1626 5006 Quae
1672 4939 1761 4995 ille
1807 4945 2028 4998 audiens

446 5014 629 5065 statim
659 5015 846 5071 dolore
870 5025 1179 5090 corripitur.
1208 5026 1349 5094 qrrod
1382 5039 1539 5083 natus
1594 5031 1665 5084 sit
1717 5032 1817 5085 sub
1851 5047 2029 5101 putes-

447 5114 555 5159 tate
578 5105 861 5173 daemonis,
887 5120 1044 5180 atque
1066 5117 1164 5167 sub
1210 5133 1274 5172 eo
1303 5119 1500 5174 diutius
1526 5124 1733 5177 vixerit.
1770 5126 1907 5178 Audi
1928 5138 2028 5178 tllll'

445 5204 660 5248 sanctus
685 5198 1039 5273 Augustinus,
1093 5204 1231 5258 lib.r
1277 5207 1343 5261 de
1399 5225 1738 5277 peccatorum
1798 5217 2022 5278 Meritis,

438 5303 558 5354 cap.
593 5287 656 5341 19
684 5308 695 5342 :
733 5308 752 5340 ι
792 5284 938 5344 Dicet
960 5293 1152 5362 aliquis
1183 5313 1192 5349 :
1229 5298 1510 5365 Quomodo
1539 5320 1667 5374 ergo
1695 5317 1748 5360 et
1793 5307 1896 5375 ipsi
1927 5327 2020 5362 vo-

440 5388 633 5432 cantur
656 5382 706 5435 iu
734 5383 1148 5450 paenitentiam?
1177 5389 1426 5459 Nunquid
1460 5396 1698 5449 lantillus
1727 5410 1899 5466 potest
1923 5406 2020 5454 ati-

437 5471 562 5533 quid
598 5478 891 5538 paenitere?
922 5478 1054 5534 lluic
1080 5484 1436 5548 respondetur
1470 5510 1479 5537 ς
1526 5487 1580 5542 Si
1611 5504 1886 5560 propterea
1915 5512 2023 5562 pce-

445 5558 675 5614 nitentcs
719 5567 928 5621 dicendi
975 5587 1078 5624 non
1113 5580 1237 5625 sunt
1288 5575 1411 5641 quia
1468 5591 1682 5631 sensum
1737 5584 2024 5648 [suauitcndi

437 5644 668 5701 nondum
705 5653 922 5722 habent,
957 5675 1052 5714 nec
1105 5661 1289 5717 fideles
1320 5663 1530 5721 dicendi
1562 5672 1832 5739 suntquia
1863 5674 2020 5728 sitni-

2181 2241 2418 2307 ipsorum
2451 2259 2751 2313 peccatum,
2784 2252 2920 2307 sicut
2972 2255 3200 2315 fuissent
3252 2265 3297 2317 si
3342 2283 3611 2339 nunquam
3668 2277 3760 2344 ipsi

2183 2345 2531 2400 peccassent;
2575 2339 2699 2393 licet
2739 2344 2879 2396 enim
2923 2349 3032 2400 sint
3083 2354 3242 2407 modo
3288 2359 3386 2423 rei,
3422 2377 3570 2432 ergo,
3610 2386 3626 2416 ι
3659 2339 3753 2422 cie.

2177 2420 2342 2489 Negat
2363 2422 2446 2477 hic
2470 2427 2701 2494 scriptor
2728 2435 2985 2488 maculam
3011 2452 3189 2492 veram
3238 2453 3294 2498 et
3321 2420 3587 2517 propriam
3642 2474 3755 2523 qua:

2178 2512 2316 2567 inest
2345 2519 2522 2584 pueris
2550 2529 2673 2575 ante
2704 2522 3053 2592 baptismum,
3085 2532 3135 2583 in
3167 2549 3272 2602 quo
3296 2512 3448 2604 juxta
3504 2512 3754 2602 Ecclesia

2177 2618 2414 2661 canOues
2471 2623 2656 2672 rarum
2711 2619 3061 2674 conformiter
3109 2622 3343 2694 loquitur
3373 2646 3386 2682 :
3420 2643 3566 2700 putat
3619 2644 3754 2693 en'm

2177 2703 2421 2762 posteros
2450 2697 2554 2752 dici
2587 2714 2896 2769 peccatores
2923 2725 3013 2774 per
3039 2697 3528 2776 dcttOtniuationenr
3559 2730 3756 2782 extrin-

2173 2809 2348 2850 secam
2379 2813 2410 2852 a
2438 2802 2591 2868 culpa
2624 2804 2772 2872 Adm,
2800 2817 2858 2860 ut
2887 2818 3030 2877 patet
3059 2827 3123 2866 ex
3155 2814 3240 2884 iis,
3275 2834 3394 2885 qua:
3423 2821 3586 2878 habet
3629 2828 3748 2881 d'st.

2173 2886 2260 2950 50,
2292 2904 2346 2957 q.
2380 2888 2435 2957 ‘2,
2463 2890 2488 2959 §
2514 2889 2578 2944 Et
2600 2894 2734 2960 ideo,
2767 2897 2836 2949 ita
2865 2908 2921 2950 ut
2953 2903 3109 2968 culpa
3129 2902 3296 2982 fuerit
3329 2907 3381 2963 in
3415 2914 3532 2964 solo
3563 2917 3750 2985 Adam,

2171 2987 2348 3031 reatus
2371 2995 2520 3045 vero,
2548 2998 2642 3036 seu
2676 2986 2926 3055 ob'igatio
2955 2990 3020 3043 ad
3051 2980 3283 3061 prauam,
3315 3014 3456 3066 rpite,
3484 3013 3538 3055 ut
3562 3005 3748 3060 ibidem

2169 3067 2263 3130 ait,
2297 3078 2376 3120 est
2403 3071 2572 3139 culpa:
2603 3073 2822 3128 effectus
2851 3087 2904 3131 et
2934 3081 3057 3146 quid
3089 3085 3331 3139 eamdem
3385 3105 3748 3162 consequens,

2170 3159 2220 3209 in
2251 3162 2560 3225 nepotibus.
2592 3166 2657 3216 At
2681 3164 2992 3221 Tridentim
3021 3174 3282 3240 synodus,
3316 3179 3366 3230 itt
3418 3159 3641 3236 decreto
3685 3159 3748 3239 de

2170 3259 2385 3316 peccato
2418 3253 2690 3320 originali,
2717 3258 2956 3313 definivit
2982 3267 3258 3319 anathema
3292 3285 3412 3325 esse
3461 3278 3550 3341 qtti
3607 3277 3748 3332 dite-

2165 3342 2232 3393 rit
2265 3342 2432 3395 Adam
2489 3346 2823 3414 inquinatum
2856 3369 2873 3401 t
2917 3367 3011 3420 per
3042 3341 3416 3414 iuobedientia:
3451 3377 3745 3432 peccatum,

2167 3443 2418 3500 mortem,
2452 3445 2505 3490 et
2551 3453 2734 3505 pinnas
2762 3446 3004 3511 corporis
3034 3456 3234 3502 tantum
3269 3451 3318 3504 itt
3365 3470 3524 3508 omne
3581 3474 3745 3526 genus

2165 3523 2452 3579 humanum
2515 3531 2881 3597 transfudisse,
2953 3551 3058 3590 non
3113 3548 3289 3593 autem
3342 3551 3396 3596 et
3451 3559 3745 3611 peccaturo,

2164 3616 2304 3683 quod
2336 3632 2483 3672 mors
2508 3633 2589 3673 est
2620 3623 2838 3677 animae.
2882 3645 2898 3676 ι
2936 3627 2999 3679 Ει
3039 3643 3174 3682 sess.
3205 3632 3260 3697 6,
3289 3648 3408 3702 cap.
3440 3628 3477 3700 r,
3510 3649 3746 3693 statuunt

2164 3708 2349 3763 Patres
2385 3727 2398 3761 :
2436 3730 2452 3760 t
2484 3712 2685 3767 Omnes
2735 3715 2979 3772 homines
3031 3720 3080 3772 in
3136 3727 3576 3790 praevaricatione
3620 3731 3745 3785 Atla:

2164 3797 2529 3851 innocentiam
2587 3803 2905 3872 perdidisse,
2959 3810 3125 3863 factos
3171 3813 3516 3884 imusundos,
3558 3829 3632 3886 et,
3688 3829 3740 3871 ut

2159 3890 2446 3954 Apostolus
2479 3891 2673 3961 inquit,
2703 3907 2887 3948 natura
2919 3900 3053 3965 ﬁlios
3081 3902 3189 3968 ira’,
3208 3924 3224 3954 ι
3253 3914 3358 3960 etc.
3384 3907 3477 3963 llle
3501 3925 3627 3964 vero
3647 3912 3737 3964 No-

2156 3979 2370 4032 nriualis
2395 3981 2467 4033 ait
2491 3996 2684 4048 pueros
2714 4000 2834 4040 esse
2865 4005 3019 4058 atque
3062 3995 3377 4051 innocurtes
3413 4013 3529 4068 post
3559 4018 3733 4069 pecea-

2159 4079 2267 4122 tum
2329 4073 2910 4140 progenitorum,sicut
2965 4079 3188 4136 fuissent
3245 4087 3289 4140 si
3336 4103 3602 4159 nunquam
3651 4093 3729 4146 i~ti

2158 4174 2492 4227 peccassent.
2519 4165 2694 4230 Quare
2745 4183 2864 4221 cum
2898 4171 3106 4226 Ruhiou
3159 4184 3360 4232 tantum
3422 4181 3730 4238 innecentia:

2157 4257 2338 4319 pueris
2375 4258 2596 4323 tribuat,
2629 4259 2700 4312 nil
2735 4260 2923 4314 rnirunr
2956 4263 3166 4318 illorum
3200 4279 3320 4336 post
3349 4282 3578 4328 mer-tem
3608 4291 3728 4344 sup-

2152 4345 2313 4412 plicia
2351 4350 2555 4416 negari.
2587 4350 2709 4405 llaec
2757 4353 2932 4422 itaque
2991 4370 3301 4424 argumenti
3335 4367 3726 4431 Augustiniane

2150 4439 2430 4491 sententia:
2484 4441 2773 4507 objiciunt,
2808 4458 2925 4511 qua:
2979 4444 3119 4499 facili
3173 4454 3385 4520 negotio
3432 4457 3723 4524 Solvuntur,

2145 4542 2243 4580 nec
2275 4529 2484 4582 illorum
2511 4533 2820 4599 Opinionem
2862 4538 3039 4590 valent
3071 4539 3165 4592 red
3208 4556 3300 4594 ere
3348 4546 3725 4614 Augustiuiana

2149 4620 2584 4686 probabiliorem,
2639 4625 2711 4676 ttti
2770 4635 2917 4680 nutat
2969 4629 3147 4682 Estius
3198 4631 3325 4685 dist.
3378 4634 3468 4701 55,
3509 4637 3619 4705 ξε,
3651 4639 3727 4692 cui

2140 4710 2312 4762 sancti
2372 4710 2542 4763 Patris
2583 4717 2812 4768 assertio
2867 4717 3156 4784 probabilis
3200 4725 3308 4774 visa
3339 4733 3439 4776 est.
3476 4726 3588 4780 Nec
3634 4744 3726 4779 au-

2138 4798 2362 4851 diendus
2405 4811 2490 4854 est
2546 4802 2838 4868 Duvallius,
2875 4816 3027 4860 tract.
3063 4809 3129 4862 de
3175 4811 3318 4873 l’ec.,
3346 4829 3396 4880 q.
3430 4815 3487 4878 4,
3523 4826 3622 4868 art.
3655 4817 3706 4877 5,

2141 4888 2227 4941 ubi
2263 4891 2680 4945 aitscntcntiam
2733 4905 2917 4948 contra
2949 4899 3299 4965 Augustinum
3353 4906 3618 4961 accedere
3663 4910 3724 4960 ad

2143 4984 2320 5049 tidem,
2355 4995 2411 5040 et
2457 4988 2657 5044 habere
2684 4990 2914 5044 rationes
2942 5007 3075 5060 quas
3126 5007 3335 5052 constat
3365 5014 3488 5056 esse
3511 5005 3726 5058 eviden-

2138 5086 2238 5132 105.

2211 5189 2400 5244 Essent
2422 5191 2507 5244 hic
2530 5192 2868 5250 conferendic
2899 5200 3181 5254 sententizc
3213 5203 3278 5256 de
3333 5207 3508 5269 pomis
3539 5225 3723 5278 parvu-

2133 5278 2326 5343 lorum,
2359 5296 2549 5349 nempe
2614 5286 2780 5338 sancti
2839 5288 3152 5355 Augustini,
3190 5293 3605 5364 Pelagianorum
3658 5320 3714 5354 at:

2133 5375 2600 5430 scholasticorum.
2633 5376 2740 5433 Sed
2769 5388 2891 5450 quia
2921 5383 2971 5435 id
2998 5399 3061 5438 ex
3089 5385 3362 5458 hucusque
3387 5391 3546 5446 dictis
3574 5394 3719 5449 facile

2132 5465 2322 5533 conjici
2384 5478 2674 5536 potest,et
2727 5473 2781 5527 id
2837 5483 3049 5530 tentaus
3105 5479 3355 5533 invidiam
3409 5483 3547 5538 forte
3591 5487 3715 5538 mihi

2133 5556 2416 5610 conﬂarem
2445 5602 2458 5622 ,
2498 5562 2667 5617 libens
2724 5566 3074 5632 periculosam
3126 5572 3470 5628 collationem
3503 5578 3708 5629 omitto.

2138 5647 2245 5701 lloc
2273 5647 2398 5702 mihi
2450 5661 2653 5708 certum
2687 5667 2765 5710 est
2799 5658 2849 5712 in
2880 5661 3179 5716 Statuendis
3211 5663 3491 5720 infantium
3545 5671 3710 5736 pomis
