3892 6296
107 334 201 390 669

1229 309 1266 366 κ’
1279 310 1542 368 ικυιειίις
1585 302 1990 361 Αυςυετικιλ
2003 299 2129 355 ΝΕ.

3264 287 3367 345 6ῗο

110 463 206 500 non
230 440 524 497 excessisse
554 435 924 506 Augustinum,
950 429 1040 483 sed
1073 429 1248 497 potius
1270 439 1363 478 eos
1392 420 1675 478 sebolasti-
1708 424 1754 477 Α
1781 415 2070 468 amissione
2098 410 2220 463 boni
2253 407 2393 476 quod
2425 416 2662 469 amatur,
2694 406 2854 458 habet
2902 405 3159 459 rationem
3196 420 3368 473 poena:

109 556 223 600 cos,
246 536 335 604 qui
391 547 582 601 pueros
632 529 858 584 naturali
887 525 1212 581 beatitudine
1244 519 1524 572 donandus
1551 516 1682 569 Scri~

112 635 258 692 bunt,
283 642 343 680 ac
361 624 720 679 felicissimam
749 619 951 686 eisdem
1010 616 1278 680 regionem
1337 609 1678 678 promittunt.

111 723 182 776 ita
211 717 413 774 censuit
433 714 725 770 acerrimus
753 709 1030 766 catholica:
1061 704 1333 774 religionis
1358 699 1552 753 vindex
1579 712 1686 751 car-

110 813 294 866 dinalis
319 806 689 869 Bellarminns,
722 805 834 872 qui,
861 813 900 855 t.
933 801 1022 867 Ill,
1054 800 1146 852 lib.
1191 812 1262 859 Vt,
1295 809 1414 860 cap.
1457 791 1510 857 5,
1549 791 1687 843 hanc

113 915 385 957 censuram
441 898 632 966 ponit:
672 914 689 946 ε
729 895 843 948 Nan
893 894 1070 962 igitur,
1123 886 1316 955 inquit,
1362 883 1690 950 Augustinus

114 994 302 1064 aliquid
328 992 542 1046 humani
573 1003 760 1058 passus
782 1001 899 1040 esse
921 993 1012 1038 aut
1036 981 1329 1036 excessisse
1361 977 1412 1029 in
1444 976 1545 1028 hoc
1563 974 1689 1040 dog—

119 1063 253 1140 mate
279 1082 588 1138 censendus
610 1088 722 1142 est;
748 1078 838 1132 sed
868 1063 1243 1130 illihumanum
1264 1067 1459 1135 aliquid
1488 1067 1692 1134 patiun-

119 1189 200 1230 tur
217 1185 268 1229 et
290 1187 592 1236 EXCEDUNT,
616 1170 704 1237 qui
738 1167 985 1236 parvulos
1006 1166 1058 1217 in
1098 1161 1378 1229 superiore
1409 1169 1557 1220 parte
1588 1165 1692 1206 ter-

107 1282 209 1330 rm,
265 1265 419 1334 quasi
470 1263 522 1315 in
581 1259 828 1315 terrestri
881 1257 1128 1326 paradiso
1180 1252 1463 1311 collocant,
1495 1262 1693 1314 eosque

119 1360 298 1412 beatos
325 1370 389 1410 ac
414 1356 596 1408 felices
641 1354 846 1405 dicunt.
884 1366 900 1398 ι
941 1346 1146 1403 Addant
1195 1343 1354 1395 etiam
1409 1340 1477 1393 de
1507 1339 1691 1390 iisdem

116 1449 364 1517 judicium
426 1442 860 1500 reverendicsimi
919 1441 979 1492 P.
1023 1435 1297 1491 Lanrrn'ii
1365 1430 1608 1484 Brancati
1665 1445 1692 1480 a

111 1542 332 1595 Laertea
364 1581 380 1607 ,
414 1537 685 1590 Vaticana:
736 1532 1076 1586 biblititheea:
1131 1525 1466 1596 priefecti,et
1513 1520 1694 1575 eximii

115 1643 316 1686 nostra:
347 1628 521 1684 aetatis
552 1623 810 1694 theologi,
842 1622 1005 1688 quiin
1035 1617 1394 1674 eruditissimo
1422 1606 1694 1668 Volumine

115 1725 180 1777 de
245 1719 562 1776 Novissimis
590 1760 604 1784 ,
644 1718 781 1784 disp.
837 1716 925 1777 27,
957 1721 1058 1766 art.
1093 1714 1146 1778 7,
1179 1726 1324 1762 num.
1356 1707 1462 1759 152
1489 1748 1503 1771 ,
1561 1706 1630 1758 ait
1679 1722 1693 1756 :

107 1833 138 1864 -ι
173 1814 329 1881 Quod
385 1812 567 1866 dicunt
621 1808 781 1863 nostri
831 1804 1072 1860 moderni
1115 1844 1131 1869 ,
1181 1805 1451 1867 [mensque
1503 1803 1698 1853 censeo

114 1906 296 1969 inane,
331 1917 520 1956 novum
550 1897 936 1964 etridiculum,
968 1908 1161 1962 nempe
1225 1893 1290 1946 de
1321 1892 1570 1950 statione,
1602 1889 1698 1939 lia--

121 1992 355 2046 bitaculo
377 2002 432 2045 et
453 1987 880 2045 deambulatione
903 2001 1066 2054 super
1095 1993 1324 2046 terram;
1355 1980 1496 2034 aude
1529 1979 1576 2032 id
1611 1979 1701 2029 Ita—

125 2085 281 2136 bent?
330 2083 450 2150 quis
479 2081 560 2135 eis
588 2077 878 2134 rcvelavit?
917 2095 934 2127 ›
972 2077 1080 2144 Ego
1108 2083 1282 2126 autem
1335 2070 1516 2124 mirari
1572 2067 1703 2121 satis

124 2185 356 2239 nequeo,
388 2168 601 2239 quando
629 2167 785 2219 video
811 2175 1021 2218 veteres
1057 2161 1407 2216 scholasticos
1460 2167 1701 2212 sanctum

125 2263 403 2329 'l'ltomam,
451 2268 692 2312 sanctum
753 2258 1198 2321 Bonaventnram,
1237 2253 1502 2321 {Egitiium
1527 2292 1540 2313 ,
1569 2251 1704 2304 Sco-

128 2363 230 2404 tum
261 2364 312 2404 et
350 2349 484 2404 alios
515 2364 739 2417 negasse
766 2348 1010 2417 parvulos
1041 2346 1238 2400 tristari
1261 2345 1330 2398 ob
1356 2344 1702 2397 amissionem

127 2442 323 2508 gloriae,
355 2458 475 2494 cum
507 2441 808 2508 appositum
839 2450 943 2492 tam
975 2448 1178 2506 aperte,
1214 2446 1316 2489 tam
1348 2436 1568 2494 diserte,
1598 2445 1702 2484 tam

128 2544 498 2587 asseveranter
542 2532 867 2601 Augustinus
911 2529 1236 2591 asSrruerit,
1263 2538 1316 2582 et
1372 2527 1705 2594 Pelagianos,

128 2626 262 2693 quod
294 2638 452 2678 secus
481 2623 760 2684 seruirent,
782 2622 1041 2676 acerrime
1069 2619 1412 2685 increpuerit.
1438 2619 1560 2670 Seio
1592 2617 1710 2666 illos

131 2733 232 2769 non
259 2715 535 2768 allirmctre
565 2729 774 2782 pmnam
823 2713 998 2765 damni
1028 2726 1146 2764 esse
1194 2712 1364 2763 levem
1391 2710 1470 2761 vel
1515 2707 1712 2759 uellant

131 2804 422 2856 SBtIlntlUlll
481 2815 595 2867 se;
623 2814 890 2870 quatenus
936 2801 1079 2854 enim
1122 2809 1204 2853 est
1265 2798 1490 2866 privatio
1521 2797 1715 2850 summi

134 2896 252 2948 boni
283 2897 521 2961 possessi
550 2897 600 2947 in
631 2894 824 2962 patria,
853 2895 1051 2947 dicitur
1075 2893 1140 2945 ab
1163 2891 1293 2960 ipsis
1318 2881 1580 2943 summdm
1607 2904 1716 2940 nta-

138 2989 386 3050 lnm,cum
405 2987 646 3055 ejusdem
669 3002 754 3055 gra
767 2987 900 3038 vitas
916 2986 980 3038 ab
995 2984 1308 3038 excellentia
1327 2981 1446 3036 boni
1459 3023 1472 3044 ,
1489 2996 1594 3050 quo
1614 2982 1717 3048 pri-

143 3088 244 3136 vat.
271 3087 650 3138 turnsuretur;
678 3076 817 3129 unde
843 3076 1016 3128 minus
1037 3073 1247 3141 proprie
1276 3072 1521 3139 superius
1548 3071 1712 3123 sancti

141 3169 368 3221 doctoris
397 3168 701 3221 testimonia
718 3179 1067 3234 exaggerasse
1089 3164 1406 3227 videbimur,
1428 3162 1517 3214 ubi
1573 3161 1712 3213 idem
1745 3137 1789 3197 Ε

58 3317 60 3320 ν
143 3260 288 3312 tradit
325 3275 427 3311 non
452 3274 572 3312 esse
601 3259 652 3310 in
686 3257 874 3326 patria,
907 3271 1025 3309 esse
1057 3269 1299 3323 magnam
1330 3267 1563 3321 pinnam,
1589 3261 1710 3304 eum

141 3349 186 3398 i.l
218 3349 353 3401 ultro
377 3347 682 3402 scholastici
711 3332 1022 3399 concedant.
1058 3345 1160 3398 Sed
1187 3344 1426 3413 profecto
1451 3359 1552 3396 non
1595 3342 1706 3395 dis-

141 3440 326 3503 putavit
357 3448 586 3492 sanctus
617 3435 801 3489 doctor
843 3449 961 3487 cum
993 3434 1293 3501 Pelagianis
1342 3433 1408 3484 de
1441 3445 1594 3498 paena
1643 3431 1719 3483 sic

145 3528 399 3582 intellecta
429 3547 439 3580 :
473 3528 559 3582 illi
608 3526 746 3579 enim
799 3540 921 3579 cum
965 3522 1256 3576 acutissimi
1289 3530 1490 3582 essent,
1523 3534 1721 3586 nequa-

146 3633 291 3682 quam
323 3620 592 3685 negabant
627 3630 835 3684 poenam
868 3613 1192 3665 etetusionis
1224 3626 1250 3662 a
1272 3609 1709 3676 regnoeoelurnm

151 3721 294 3770 prout
332 3709 455 3762 die]
489 3709 691 3762 ntnlam
720 3705 1067 3774 privationem
1103 3704 1190 3755 Dei
1243 3700 1473 3770 possessi
1523 3700 1573 3751 in
1635 3715 1724 3765 pra.

152 3799 258 3862 lrirt,
289 3814 408 3853 esse
440 3803 492 3854 in
526 3814 590 3852 se
623 3812 870 3866 magnum
896 3795 1110 3855 malum,
1140 3792 1233 3845 sed
1262 3792 1510 3845 dicebant
1551 3789 1720 3841 levem

153 3889 221 3938 vel
252 3891 440 3945 nullam
475 3904 694 3960 pmnam
728 3890 778 3942 in
811 3887 1008 3954 pueris,
1034 3885 1158 3952 quia
1190 3884 1388 3936 nullum
1417 3882 1496 3936 vel
1555 3881 1722 3934 levem

154 3975 374 4033 dolorem
407 3982 597 4048 pueris
627 3979 940 4032 incutiebat.
976 3974 1394 4029 Damnnn’tenitn
1414 3973 1548 4040 quod
1581 3970 1724 4039 quis-

153 4081 246 4151 ευρ
270 4069 404 4123 subit
429 4071 478 4123 iu
508 4070 806 4124 amissione
837 4067 983 4130 boni,
1012 4068 1062 4120 in
1090 4076 1293 4117 tantum
1345 4064 1515 4118 eidem
1567 4063 1725 4114 infert

158 4169 372 4223 Menam,
405 4162 741 4230 inquantum
773 4162 1038 4211 sentitur:
1070 4157 1112 4208 si
1144 4155 1284 4208 enim
1313 4170 1415 4205 non
1444 4151 1720 4215 sentiatur,

162 4246 290 4298 nulla
318 4249 388 4302 illi
422 4265 586 4319 paena
616 4257 716 4313 cst,
748 4257 804 4300 ut
835 4256 979 4315 patet
1009 4247 1058 4298 in
1092 4245 1284 4312 pueris,
1313 4257 1538 4312 quorum
1589 4241 1723 4294 bona

162 4331 532 4406 tlilapidaittur;
579 4341 847 4405 patiuntur
893 4341 1033 4390 enim
1080 4335 1298 4397 malum,
1331 4334 1421 4386 sed
1467 4347 1570 4383 non
1599 4346 1724 4382 sen-

163 4424 308 4490 tiunt,
335 4432 453 4498 quia
483 4450 554 4488 ex
601 4429 811 4484 defectu
855 4425 1172 4497 cognitionis
1216 4425 1344 4476 illud
1395 4438 1499 4476 non
1558 4421 1722 4489 pervio

165 4515 323 4579 Pittnl.
350 4522 508 4577 Poma
544 4539 677 4576 vero
707 4537 733 4573 a
754 4522 933 4590 judice
959 4517 1251 4586 pra-sertim
1285 4517 1484 4568 intenta
1515 4527 1617 4565 non
1649 4511 1728 4563 di-
1759 4495 1805 4550 D

166 4606 432 4666 citntulum
463 4624 624 4683 prout
646 4625 726 4666 est
757 4615 894 4665 nuda
946 4609 1168 4678 privatio
1195 4607 1320 4661 boni
1366 4607 1508 4659 nulla
1555 4603 1730 4656 habita

167 4702 575 4762 consideratione
606 4705 869 4774 subjecti,
902 4703 994 4757 sed
1036 4700 1297 4770 significat
1357 4700 1407 4752 id
1458 4697 1596 4767 quod
1647 4704 1731 4749 ett

169 4789 348 4844 malum
396 4798 548 4851 alteri
590 4836 602 4860 ,
655 4804 912 4863 quatenus
967 4793 1040 4846 illi
1091 4792 1331 4844 dolorem
1387 4789 1580 4858 ingerit
1630 4787 1726 4838 ali-

173 4886 283 4946 ιιιιίιι
333 4899 584 4958 ponendo
616 4895 697 4948 vel
729 4893 987 4954 tollendo,
1023 4892 1162 4958 quod
1205 4903 1328 4942 reus
1354 4888 1535 4941 nollet.
1569 4887 1733 4940 Porro

175 4978 264 5036 huc
302 5002 449 5055 pacto
494 4993 668 5061 accipi
719 5006 924 5054 pinnam
957 4989 1022 5042 ab
1051 4987 1351 5055 Augustino
1383 4991 1584 5038 eertum
1611 4992 1728 5045 est;

177 5085 286 5126 nam
313 5077 460 5134 lih.v1
483 5096 670 5138 contra
693 5083 825 5148 Jul.,
853 5096 968 5147 cap.
992 5079 1074 5142 10,
1106 5077 1216 5129 ait:
1255 5095 1272 5125 ι
1301 5074 1357 5129 Si
1387 5077 1490 5126 hoc
1521 5076 1597 5126 eis
1627 5091 1730 5128 non

181 5164 272 5214 erit
309 5171 541 5241 malum,
596 5190 700 5228 non
741 5188 869 5239 ergo
927 5169 1179 5222 amabunt
1236 5183 1454 5236 regnum
1518 5168 1605 5218 llei
1657 5175 1736 5218 tot

185 5265 476 5319 Innocentes
520 5269 778 5336 imagines
828 5263 940 5319 Dei.
1001 5284 1017 5314 ι
1064 5264 1179 5326 Quo
1227 5261 1448 5314 dimisso
1480 5271 1732 5326 tanquam

190 5340 426 5415 “bs‘l’dot
467 5358 607 5422 Quod
636 5371 903 5424 nunquam
930 5354 1167 5408 Julianus
1193 5352 1695 5412 admisisseninstat
1726 5367 1738 5400 :

196 5442 211 5472 ι
245 5431 295 5483 Si
324 5451 492 5495 autem
541 5447 790 5501 amabunt
815 5484 828 5506 ,
862 5455 914 5498 et
947 5453 1146 5494 tantum
1189 5444 1437 5495 amabunt
1489 5448 1741 5508 quantum

195 5527 486 5605 iuno-entes
533 5547 709 5586 amare
738 5531 934 5584 debent
983 5545 1198 5596 regnum
1231 5527 1346 5595 ejus
1390 5546 1415 5576 ιι
1448 5544 1552 5593 11³³0
1574 5526 1638 5577 illi
1671 5526 1748 5591 il"

197 5613 294 5654 Sttts
319 5611 589 5681 imaginem
618 5633 886 5682 creantur,
914 5620 1114 5672 nihilne
1147 5620 1269 5672 ntali
1298 5635 1362 5672 ex
1401 5618 1495 5670 liae
1529 5619 1639 5682 ipsa
1667 5633 1748 5669 se-

201 5700 454 5756 νίηλιιὶυω
511 5714 804 5773 patientur?
843 5731 860 5763 ι
902 5716 964 5765 At
1015 5710 1208 5763 malum
1257 5710 1394 5778 quod
1427 5712 1653 5763 sentitur
1685 5724 1746 5763 ex

1787 508 2067 576 afﬂigentis
2082 504 2400 571 subjectum,
2433 501 2572 562 uuozl
2598 501 2834 568 privatur
2854 513 2921 551 eo
2951 498 3090 550 bono
3118 499 3258 564 quod
3307 502 3371 548 ab

1788 601 1979 654 eodem
2004 604 2232 648 amatur.
2264 594 2550 655 Praiterea,
2581 605 2744 645 scrin.
2773 590 2838 644 14
2859 590 2926 642 de
2961 589 3152 643 Verbis
3204 590 3370 652 Aph-.-

1791 698 1885 752 toli
1916 711 2035 750 cum
2063 695 2282 748 dixisset
2311 692 2623 761 Pelagianos
2657 705 2760 743 non
2791 698 3068 757 percutere
3100 687 3374 754 parvulus,

1783 788 1892 841 ‘boc
1923 796 2004 840 est
2045 800 2152 840 non
2211 784 2453 853 inﬂigere
2503 783 2608 836 illis
2641 796 2848 849 poenam
2875 792 3064 834 sensus
3089 821 3102 842 ,
3136 776 3230 830 sed
3264 783 3377 826 tau-

1792 898 1901 943 tmn
1933 888 2055 941 illos
2085 888 2138 940 in
2169 887 2415 940 exsilium
2448 885 2680 946 mittere,
2711 881 2955 950 negando
2993 879 3120 948 ipsis
3152 894 3376 946 regnum

1792 980 2070 1042 etelerum,
2105 978 2295 1045 probat
2319 989 2412 1029 eos
2439 975 2544 1041 pati
2580 989 2640 1027 ac
2671 973 2894 1026 cruciari
2919 971 2986 1024 oh
3015 969 3380 1022 exclusinneni

1795 1071 1860 1124 ab
1886 1067 2071 1123 eodem
2099 1081 2264 1133 regno
2292 1084 2302 1116 :
2343 1083 2361 1114 ι
2399 1066 2454 1118 Si
2487 1073 2695 1116 amatur
2725 1063 2918 1130 patria,
2948 1073 3136 1125 magna
3189 1071 3366 1124 νωθὴς

1795 1162 2047 1214 siautem
2099 1173 2203 1210 non
2256 1166 2465 1207 amatur
2505 1153 2672 1220 patria
2703 1191 2717 1214 ,
2758 1151 2909 1219 pejor
2970 1147 3146 1202 cordis
3198 1160 3375 1210 pmna.

1796 1251 2022 1304 Parvum
2057 1247 2251 1300 malum
2283 1256 2364 1297 est
2411 1245 2459 1295 in
2492 1240 2722 1294 hominis
2754 1238 2915 1292 corde
2946 1236 3032 1303 qni
3070 1235 3378 1288 societatem

1799 1364 1901 1402 non
1958 1348 2149 1415 quierit
2198 1352 2528 1407 sanctorum,
2560 1341 2648 1408 qui
2703 1354 2806 1393 non
2858 1338 3130 1392 desiderat
3162 1351 3380 1402 regnum

1796 1438 2159 1496 emlnrum‘?Si
2183 1453 2286 1490 non
2317 1435 2602 1498 desiderat,
2627 1448 2780 1501 pcena
2809 1441 2889 1486 est
2913 1432 2979 1484 de
3005 1429 3347 1498 perversitate
3387 1445 3398 1487 ;

1797 1533 1840 1585 si
1874 1541 2048 1585 autem
2079 1529 2367 1589 desiderat,
2403 1528 2554 1594 pinna
2578 1535 2658 1578 est
2686 1524 2752 1577 de
2776 1523 3014 1576 fraudata
3039 1521 3320 1574 charitate.
3363 1539 3380 1569 ι

1801 1627 1878 1679 Ex
1914 1625 2106 1691 quibus
2131 1631 2312 1690 aperte
2336 1626 2545 1672 constat
2571 1617 2926 1686 Augustinum
2953 1614 3092 1669 velle
3137 1613 3386 1682 parvulos

1801 1725 2027 1779 cruciari
2052 1724 2120 1776 ob
2151 1721 2514 1776 exclusionem
2545 1735 2575 1773 a
2608 1719 2774 1787 patria
2802 1717 3033 1780 caelesti,
3061 1730 3127 1770 eo
3157 1715 3297 1783 quod
3330 1714 3390 1771 il.-

1807 1818 1909 1869 lztm
1963 1824 2142 1868 amant
2191 1825 2244 1867 et
2277 1811 2600 1872 desiderant,
2625 1824 2782 1876 quam
2807 1808 2850 1861 si
2883 1823 2985 1860 non
3022 1814 3284 1868 amarent,
3308 1788 3391 1856 es-

1805 1914 1922 1955 sent
1954 1902 2169 1971 perversi
2196 1908 2250 1953 et
2275 1897 2420 1968 m_a!i,
2443 1899 2639 1967 quippe
2663 1897 2751 1965 qui
2782 1896 3089 1948 societatem
3116 1909 3219 1946 non
3245 1908 3388 1962 qua:-

1807 2003 1990 2049 rerent
2009 2001 2337 2046 Sanctorum.
2363 1993 2432 2043 At
2460 1989 2654 2041 malum
2682 1988 2820 2059 quod
2846 1987 3074 2040 sentitur
3103 1985 3393 2039 amissione

1808 2087 1931 2140 boni
1954 2083 2093 2154 quod
2123 2093 2348 2142 uitiatur.
2373 2089 2456 2135 est
2505 2080 2778 2132 allativum
2832 2077 3030 2132 doloris
3054 2084 3107 2129 et
3130 2075 3388 2128 tristium:

1809 2189 2051 2240 dolemus
2080 2184 2220 2238 enim
2253 2190 2307 2236 et
2332 2180 2605 2235 tristamur
2635 2179 2841 2248 quoties
2865 2186 3039 2230 amato
3064 2177 3394 2244 bonopriva-

1813 2294 1950 2330 ntur.
1991 2276 2106 2330 Jam
2137 2290 2265 2328 vero
2296 2274 2342 2326 si
2370 2272 2586 2325 Patrum
2618 2272 2708 2337 qui
2745 2269 3047 2338 AttgttStino
3078 2267 3252 2321 favent
3283 2267 3394 2320 suf-

1813 2370 1978 2436 fragia
2010 2369 2073 2421 ad
2107 2367 2368 2422 ealculum
2401 2372 2740 2428 reViicentur,
2772 2372 2930 2416 erunt
2963 2360 3014 2413 bi
3040 2358 3223 2429 viginti
3265 2373 3396 2426 qua-

1814 2472 1932 2514 tuor
1955 2461 2193 2514 seriores
2212 2475 2223 2511 :
2243 2473 2364 2511 nam
2393 2452 2967 2528 Byzaeeniquindecim
2987 2451 3134 2505 fuere
3156 2449 3244 2517 qui
3275 2463 3396 2500 san-

1814 2553 1884 2604 cli
1906 2550 2184 2618 Augustini
2209 2548 2529 2602 sententiam
2563 2546 3014 2612 subscripserunt.
3049 2541 3188 2593 Inter
3213 2539 3397 2591 Patres

1819 2641 1914 2693 fuit
1938 2640 2181 2694 Gelasius
2213 2652 2368 2703 papa,
2400 2638 2491 2704 qui
2523 2639 2574 2689 itt
2625 2634 2851 2702 epistula
2904 2631 3156 2684 decretali
3185 2613 3395 2680 tertium

1820 2733 1993 2785 locum
2022 2747 2049 2783 a
2080 2727 2379 2800 Pelagianis
2435 2728 2707 2780 inventum
2761 2725 2828 2776 de
2869 2721 3046 2776 medio
3105 2718 3396 2774 tollendum

1819 2822 2084 2878 decrevit.
2105 2821 2219 2874 Non
2241 2818 2434 2874 desunt
2461 2817 2900 2871 scltolastiCorum
2925 2813 3193 2882 suffragia.
3216 2809 3401 2864 Albcr-

1823 2927 1908 2968 tus
1940 2914 2177 2988 Magnus,
2215 2911 2415 2975 Estius,
2444 2908 2672 2975 Driedo,
2706 2907 2994 2961 Polmanus
3027 2904 3099 2957 uti
3143 2901 3395 2972 probabio

1821 3015 1926 3069 lein
1959 3011 2236 3081 Augustini
2292 3009 2613 3064 sententiam
2643 3005 2960 3061 defendunt.
2988 3003 3141 3059 Stant.
3169 3015 3263 3068 pro
3309 3016 3403 3052 ea-
3471 2991 3484 3004 ’

1821 3106 1941 3162 dem
1973 3106 2106 3158 inito
2133 3103 2336 3157 foedere
2365 3101 2600 3170 quinque
2626 3116 2689 3152 ex
2717 3099 2905 3152 ordine
2933 3097 3212 3156 Minorem,
3246 3103 3300 3147 et
3326 3102 3406 3146 to-

1826 3197 1991 3251 tidem
2029 3194 2405 3261 Augustiniani
2431 3193 2596 3246 neStri
2641 3191 2891 3252 tlteoloei.
2923 3189 2984 3241 Et
3011 3187 3222 3256 quidem
3247 3199 3406 3249 Spero

1824 3289 1934 3341 fore
1958 3297 2014 3340 ut
2044 3285 2422 3354 deinceps,ubi
2456 3287 2568 3338 haec
2592 3296 2775 3337 nostra
2802 3282 3092 3350 disputatio
3111 3280 3312 3347 legetur
3336 3277 3402 3346 (al

1821 3389 1997 3431 tamen
2024 3377 2126 3428 ulla
2158 3376 2346 3429 horum
2360 3376 2677 3442 scriptorum
2707 3388 2831 3426 cura
2858 3372 3088 3438 posteris
3105 3368 3254 3436 erit),
3285 3369 3400 3435 piu-

1827 3483 1910 3520 res
1943 3468 1993 3519 in
2016 3466 2188 3534 sancti
2225 3465 2504 3532 Augustini
2536 3473 2718 3530 partes
2751 3470 3048 3520 transeant,
3076 3461 3160 3513 vel
3215 3459 3404 3511 saltent

1825 3572 1852 3607 a
1884 3557 2130 3607 censuris
2153 3554 2477 3615 abstineant,
2500 3566 2673 3618 neque
2702 3561 2943 3601 sanetum
2995 3550 3266 3599 doctorem
3314 3560 3409 3598 ex-

1825 3659 2008 3697 Cessus
2031 3642 2338 3696 insimulent
2360 3642 2409 3691 in
2434 3655 2493 3691 ea
2518 3637 2780 3692 sententia
2806 3638 3080 3702 tradenda,
3105 3651 3260 3704 quam
3286 3652 3412 3688 una-

1828 3738 1954 3791 nimi
1985 3749 2250 3788 eonScnsn
2280 3731 2580 3800 pontiliees,
2610 3729 2798 3798 synodi
2856 3745 2918 3781 ac
2952 3739 3130 3794 patres
3161 3726 3408 3791 docuere,

1827 3840 1886 3884 ut
1912 3832 2180 3895 hucusque
2205 3825 2501 3880 luenleuter
2529 3830 2888 3894 monstratum
2922 3830 3023 3875 est.

1831 3967 1857 4036 §
1901 3966 1989 4018 Vl.
2031 3964 2106 4018 An
2161 3961 2490 4036 Augustinus
2525 3959 2774 4010 dissrrem
2803 3956 3011 4036 detege
3056 3956 3210 4008 veleri
3239 3962 3414 4006 contra

2315 4031 2618 4100 Pelagianos
2642 4027 2930 4080 excesserit.

1898 4165 2188 4234 Pelagiani,
2220 4181 2284 4217 ne
2312 4162 2535 4233 gratiam
2567 4160 2784 4216 omnino
2815 4161 3056 4230 negando
3085 4160 3413 4213 orthodoxe-

1830 4276 1944 4314 rum
1979 4258 2398 4324 indignationem
2431 4256 2674 4309 subirent
2702 4253 2977 4323 (videbant
3007 4254 3146 4305 enizu
3174 4268 3289 4304 ram
3313 4251 3417 4304 lem

1830 4351 2056 4417 gratiam
2109 4349 2158 4400 iu
2204 4347 2371 4400 sacris
2424 4346 2635 4408 litteris,
2691 4361 2717 4395 a
2771 4344 2937 4398 Paulo
2968 4357 3094 4395 vero
3154 4343 3422 4406 rra-e'pue

1833 4438 2239 4507 commendari),
2268 4439 2450 4492 dixere
2472 4440 2640 4506 legem
2665 4453 2768 4506 qua
2785 4437 2927 4490 Deus
2953 4433 3150 4487 hom’ni
3173 4433 3411 4485 facienda

1838 4533 1919 4586 vel
1947 4531 2195 4602 l'ngienda
2219 4529 2478 4598 pratcipit,
2500 4545 2619 4584 esse
2637 4529 2881 4597 gratiam,
2903 4531 3087 4594 utpote
3113 4537 3272 4590 quam
3298 4522 3423 4572 ,κύω

1838 4626 2062 4693 posteris
2082 4624 2340 4693 profunda
2361 4621 2688 4691 agendorum
2714 4615 3012 4686 ignorantia
3032 4610 3423 4673 laborantibus,

1837 4725 1884 4770 et
1921 4717 2077 4784 longo
2110 4715 2356 4768 vitiorum
2389 4727 2484 4766 usu
2510 4710 2738 4765 naturali
2768 4707 2969 4762 lumine
2999 4719 3134 4772 pene
3158 4703 3335 4756 exstiti
3375 4711 3428 4754 to

1838 4805 2256 4860 misericorditer
2287 4803 2581 4872 prOposuit.
2614 4801 2723 4852 ltth
2754 4798 2922 4864 legem
2974 4800 3160 4844 contra
3201 4791 3424 4860 gratiam

1840 4896 2303 4961 impudentissime
2333 4904 2574 4945 erexi-re.
2620 4887 2827 4940 Etenim
2862 4881 3156 4951 arguebant
3202 4898 3265 4934 ex
3315 4880 3429 4947 lege

1842 4986 2038 5037 nullam
2068 4997 2188 5035 esse
2219 4981 2376 5032 aliam
2410 4980 2627 5041 insuper
2657 4975 2747 5027 Del
2779 4973 3001 5041 gratiam
3051 4970 3427 5026 necessariam.

1847 5078 1968 5131 "ilic
1995 5085 2075 5128 est
2095 5071 2431 5125 ratiocinatio
2450 5078 2595 5123 sexta
2619 5068 2856 5122 Cwlestii
2882 5069 3017 5134 apud
3041 5078 3281 5121 sanctum
3306 5066 3432 5118 dnc-

1847 5179 2014 5221 torem
2046 5179 2163 5230 cap.
2205 5162 2238 5213 5
2285 5161 2352 5213 de
2394 5161 2618 5213 Perfect.
2672 5159 2801 5228 just.
2841 5177 2851 5209 :
2893 5177 2909 5208 ‹
2947 5157 3304 5224 Quaerendum
3353 5163 3436 5204 est

1850 5267 2023 5309 utrum
2049 5261 2368 5322 praeceptum
2394 5250 2461 5304 sit
2493 5249 2693 5304 homini
2739 5249 2856 5302 sine
2887 5259 3104 5316 peet-ato
3133 5260 3271 5299 esse.
3329 5244 3437 5294 Aut

1851 5348 1991 5400 enim
2044 5361 2147 5398 non
2194 5349 2406 5410 potest,
2466 5350 2520 5392 et
2568 5351 2892 5408 prmceptnut
2959 5354 3062 5390 non
3140 5343 3278 5395 est;
3348 5341 3438 5384 aut

1855 5437 1972 5504 quia
2035 5445 2358 5504 l1l'1BCCpllllll
2411 5429 2556 5496 est,
2622 5442 2818 5500 potest.
2881 5449 2896 5479 ι
2962 5429 3026 5478 Et
3082 5427 3132 5477 in
3215 5422 3306 5474 lib.
3372 5423 3441 5477 de

1856 5528 2108 5578 lii-atiaet
2163 5526 2253 5578 lib.
2312 5525 2449 5585 arb.,
2506 5538 2625 5587 Cap.
2687 5521 2772 5581 16,
2826 5517 3012 5571 scribit
3065 5513 3391 5582 Augustinus
3423 5554 3436 5567 .

1863 5635 1880 5664 ί
1921 5618 2159 5682 Magnum
2187 5616 2383 5684 aliquid
2419 5612 2685 5680 Pelagiani
2712 5627 2771 5663 se
2817 5608 2954 5661 scire
2987 5617 3195 5674 putant,
3226 5606 3439 5673 quando

1857 5707 2072 5763 dicunt:
2143 5707 2258 5760 Non
2306 5708 2506 5777 ju'wrcl
2575 5702 2731 5770 Deus,
2781 5698 2916 5767 quod
2962 5698 3111 5750 sciret
3161 5713 3261 5750 non
3291 5710 3440 5764 purse
