3892 6316
507 277 606 331 671

1404 281 1955 340 δυρριειιΕΝτυιι
2000 284 2091 338 AD
2128 284 2357 342 OPERA
2397 288 2452 342 S.
2502 289 2884 351 AUGUSTINI.

3682 308 3777 363 671

501 390 565 444 ob
618 392 819 446 nonnae
872 392 1005 463 ﬁeri.
1052 393 1183 461 Quis
1233 399 1333 448 hoc
1385 398 1625 451 nesciat?
1680 417 1697 450 ι
1750 398 1883 453 lliuc
1935 401 2092 454 hacre-
2118 406 2164 460 A
2196 401 2285 455 do.
2319 400 2520 457 Scribit
2564 420 2683 472 cap.
2721 408 2837 463 ide
2866 409 3111 478 Corrept.
3134 420 3186 468 et
3212 423 3384 484 grat.:
3417 416 3711 475 Declinate
3748 439 3773 476 ι

506 480 595 537 tici
645 481 697 534 in
729 482 912 537 laudes
937 483 1068 553 legis
1094 484 1271 549 eﬂusi,
1300 485 1350 538 in
1380 488 1569 540 eadem
1592 489 1667 540 uti
1692 489 1742 541 in
1764 504 1887 543 arce
1910 505 2089 544 causa:

503 569 572 622 ab
601 571 899 638 Augustino
924 587 982 627 se
1013 582 1155 628 tutos
1203 574 1621 631 arbitrabantur.
1675 579 1935 633 Audiatur
1977 597 2088 635 ma-

499 674 635 728 gnus
664 661 921 716 Ecclesia:
953 665 1227 731 magister,
1263 668 1352 719 lib.
1395 683 1466 733 tv,
1514 670 1579 723 ad
1623 671 1955 726 Bonifacinm
1991 688 2085 742 pa-

499 767 643 820 pam.
693 768 812 822 cap.
846 751 898 817 5,
932 757 1184 809 subdolus
1218 758 1449 813 hostium
1488 771 1711 815 conatus
1759 765 2033 832 publicatis
2067 782 2080 819 :

501 862 521 894 s
553 843 825 911 Nusquam
853 857 1051 910 auten,
1089 848 1280 916 inquit,
1314 850 1397 903 isti
1422 852 1619 906 inimici
1646 855 1833 923 gratia:
1854 856 1917 907 ad
1937 872 2084 910 eam-

493 933 616 988 dem
647 937 872 1002 gratiam
900 936 1270 994 vehementius
1298 945 1709 1007 oppugnandam
1752 948 2080 1003 occultiores

494 1026 786 1078 moliuntur
838 1026 1077 1093 insidias,
1110 1042 1267 1096 q-iam
1314 1033 1401 1086 ubi
1454 1034 1623 1103 legem
1678 1037 1913 1104 laudant,
1960 1055 2081 1110 quae

492 1114 610 1167 sine
654 1114 986 1170 dubitatione
1020 1118 1280 1174 laudanda
1308 1130 1409 1174 est.
1444 1122 1636 1193 Legem
1678 1129 1873 1197 quippe
1897 1129 2075 1185 dit-er.

488 1204 565 1258 sis
597 1205 928 1261 locutionum
961 1209 1135 1264 modis
1160 1220 1212 1264 et
1242 1214 1499 1266 varietate
1530 1217 1809 1271 verborum
1858 1221 1911 1274 in
1955 1238 2076 1276 oni-

489 1294 647 1351 nibus
717 1298 1173 1367 disputationibus
1239 1304 1349 1355 suis
1410 1306 1597 1361 volunt
1654 1309 1873 1382 intelligi
1942 1330 2074 1384 gra-

489 1387 636 1451 tiam,
666 1397 771 1443 etc.
810 1408 827 1440 ι
865 1392 1212 1459 Augustinus,
1246 1408 1351 1459 quo
1380 1395 1718 1465 Pelagianam
1767 1402 2013 1459 hmresim
2043 1421 2075 1461 a

487 1475 847 1533 fundamentis
874 1492 1138 1536 cvi-rteret
1163 1498 1234 1537 ex
1264 1486 1435 1540 sacris
1471 1488 1666 1544 litteris
1696 1502 1747 1546 et
1788 1495 2076 1550 subtilissi-

486 1582 692 1622 marutn
724 1570 987 1625 rationum
1011 1576 1295 1629 momentis
1318 1578 1552 1632 ostendit
1577 1580 1750 1649 legem
1782 1598 1889 1638 non
1914 1587 2073 1642 modo

485 1671 590 1711 non
617 1672 738 1714 esse
764 1662 988 1728 gratiam
1020 1662 1261 1718 homines
1286 1665 1352 1718 ad
1386 1667 1525 1721 bona
1555 1674 1882 1738 capessenda
1914 1675 2071 1745 adju-

2194 496 2336 547 malo
2362 506 2413 549 et
2446 497 2622 554 facere
2676 500 2871 555 bonum
2926 522 2945 553 ι
2979 505 3158 568 nullus
3203 519 3374 576 petesl
3415 513 3533 568 sine
3585 514 3772 582 spiritu

2191 585 2407 654 gratim;
2441 603 2557 655 qua:
2587 591 2631 644 si
2662 592 2820 654 desit,
2851 594 2917 648 ad
2947 596 3047 675 hoc
3076 598 3159 652 lex
3185 601 3337 656 adest
3358 613 3416 657 ut
3456 619 3585 660 reos
3618 605 3771 661 faciat

2188 684 2240 727 et
2266 677 2491 733 occidat.
2524 698 2542 730 ι
2579 680 2753 737 Serm.
2805 684 2857 738 6.
2899 686 2965 740 de
3014 688 3201 744 Verbis
3236 696 3416 760 Apost.
3451 695 3568 749 ait:
3611 714 3631 748 ι
3670 696 3769 753 Lex

2187 763 2326 816 enim
2362 765 2581 832 jubebat
2626 782 2677 822 et
2706 787 2811 825 non
2844 774 3118 843 implebat,
3154 780 3275 847 quia
3320 796 3479 846 caro,
3522 785 3623 839 ubi
3669 803 3765 841 non

2184 863 2298 906 erat
2327 853 2517 922 gratia,
2548 866 2649 911 etc.
2681 861 2960 925 Quomodo
2981 880 3110 936 ergo
3140 868 3225 923 lex
3257 871 3388 924 mihi
3410 873 3765 941 opitularetur

2178 940 2375 1006 jubens
2406 960 2501 1012 per
2533 947 2785 1015 litteram,
2820 960 2874 1006 et
2901 968 3005 1009 non
3036 956 3170 1012 dans
3194 962 3463 1028 gratiam?
3493 981 3511 1015 ι
3545 965 3766 1020 Sermo-

2182 1048 2250 1085 ne
2274 1032 2339 1085 13
2361 1035 2573 1091 laudato
2593 1038 2755 1096 dixit;
2787 1061 2804 1093 ι
2830 1043 2936 1099 Lex
2959 1047 3203 1103 timorem
3228 1052 3392 1106 dedit.
3418 1072 3435 1102 ι
3466 1054 3566 1110 Ubi
3591 1068 3767 1113 autem

2180 1127 2348 1193 gratia
2378 1143 2480 1183 non
2509 1130 2735 1187 infundit
2758 1150 3019 1203 amorem,
3051 1141 3356 1198 observatio
3383 1146 3515 1215 legis
3538 1164 3608 1203 ex
3636 1166 3764 1218 puro

2182 1216 2375 1271 timore
2402 1223 2578 1274 servili
2609 1223 2730 1277 facit
2756 1229 3215 1294 prtevaricatorem
3243 1251 3258 1299 ;
3288 1252 3392 1304 qua
3423 1238 3494 1293 de
3524 1255 3585 1295 re

2178 1305 2265 1374 gie
2290 1308 2399 1375 agit
2424 1309 2476 1364 in
2508 1312 2734 1380 epistola
2762 1316 2883 1381 144,
2904 1320 2970 1372 ad
2998 1320 3362 1381 Anastasium.
3390 1328 3621 1385 Videtur
3642 1305 3766 1403 ergo

2178 1396 2506 1466 Augustinus
2546 1405 2781 1460 sensisse
2823 1407 3068 1465 homines
3117 1413 3235 1482 lege
3284 1419 3464 1488 urgeri
3508 1420 3581 1476 ad
3624 1396 3765 1480 recte

2176 1487 2545 1556 operandam,
2586 1506 2757 1560 neque
2806 1504 2980 1552 tamen
3029 1515 3245 1569 semper
3291 1487 3486 1563 adesse
3537 1512 3761 1579 gratiam

2176 1573 2550 1647 adjuvantem,
2584 1597 2649 1638 ex
2687 1600 2791 1655 quo
2840 1588 3025 1645 inferri
3066 1592 3277 1650 videtur
3320 1607 3445 1655 tunc
3501 1573 3762 1676 praecepta

2176 1665 2269 1722 Dei
2298 1681 2419 1722 esse
2443 1671 2725 1729 observatu
2755 1678 3124 1748 impossibilia,
3156 1699 3277 1740 nam
3304 1689 3421 1745 sine
3440 1665 3621 1762 gratia
3671 1665 3763 1751 im-

482 1756 717 1807 vantem.
742 1749 837 1803 sed
872 1766 996 1806 reos
1026 1760 1227 1805 tantum
1270 1754 1445 1811 facere
1487 1758 1747 1829 jubendo,
1792 1768 2065 1832 terrendo,

2176 1756 2305 1825 pleri
2335 1773 2438 1815 non
2467 1776 2709 1833 possunt,
2738 1783 2841 1836 qua
2871 1779 3048 1827 tamen
3069 1771 3190 1830 illos
3207 1792 3391 1836 carere
3411 1749 3555 1838 idem
3584 1788 3759 1843 tradit.

482 1838 774 1907 puniendo,
827 1857 932 1895 non
983 1843 1506 1911 adjuvando.'Pleni
1576 1863 1703 1907 sunt
1761 1853 2063 1923 hujusmodi

479 1928 763 1997 phrasibus
796 1934 965 1986 sancti
991 1933 1164 1989 Patris
1188 1936 1330 2002 libri,
1358 1943 1654 2007 prtesertim
1680 1944 1814 1999 liber
1840 1946 1908 2005 de
1940 1948 2062 2017 Spi-

487 2022 592 2076 ritu
616 2033 670 2076 et
701 2024 897 2089 littera,
922 2027 1009 2095 qui
1042 2036 1186 2082 totus
1226 2028 1279 2082 in
1322 2032 1424 2085 hoc
1454 2044 1771 2102 argumento
1802 2051 2061 2095 versatur.

479 2114 635 2169 Plura
668 2115 782 2171 loca
829 2118 1023 2172 indicat
1048 2120 1265 2176 Cortina
1313 2122 1370 2175 Ρ.
1399 2123 1642 2189 Macedo,
1666 2128 1730 2179 ad
1757 2127 1946 2183 thesim
1970 2130 2058 2186 48.

478 2206 653 2262 Unum
678 2209 1037 2265 testimonium
1069 2213 1282 2279 profero
1311 2230 1375 2268 ex
1402 2229 1522 2284 cap.
1553 2216 1587 2269 8
1614 2218 1735 2273 libri
1783 2220 1849 2273 de
1880 2220 2063 2277 Gratia

472 2300 670 2356 Christi
700 2320 714 2357 :
752 2321 770 2353 ι
792 2306 866 2357 Ac
882 2305 1109 2371 perhoc,
1134 2305 1323 2373 inquit,
1344 2322 1512 2376 usque
1529 2310 1662 2364 adeo
1678 2312 1819 2364 aliud
1838 2326 1920 2367 est
1946 2315 2058 2385 lex,

472 2393 615 2447 aliud
638 2402 721 2448 est
746 2395 934 2463 gralia,
967 2406 1023 2449 ut
1057 2397 1139 2450 lex
1168 2414 1272 2451 non
1294 2399 1463 2454 solum
1493 2399 1622 2453 nihil
1655 2402 1847 2470 prosit,
1875 2419 2060 2460 verum

471 2486 631 2538 etiam
647 2484 928 2552 plurimum
944 2486 1100 2552 obsit,
1119 2489 1217 2542 nisi
1237 2491 1445 2558 a‘ljuvet
1466 2493 1635 2560 gratia
1656 2510 1670 2554 ;
1688 2502 1740 2547 et
1755 2494 2060 2551 hmcosten-

470 2576 626 2630 datur
645 2577 775 2647 legis
794 2578 1013 2643 utilitas,
1031 2582 1281 2649 quoniam
1300 2597 1433 2651 quos
1457 2583 1582 2637 facit
1603 2586 2057 2653 praevaricationis

469 2682 609 2733 reos,
634 2670 772 2738 cogit
795 2672 1080 2742 confugere
1099 2674 1161 2729 ad
1182 2675 1405 2745 gratiam
1425 2676 1753 2743 liberandos,
1776 2690 1831 2734 et
1851 2692 1905 2735 ut
1925 2697 2059 2736 con-

467 2760 820 2826 cUpiscentias
847 2765 1013 2817 malas
1035 2776 1315 2833 superent,
1350 2767 1703 2836 adjuvandus.
1728 2770 1888 2826 Jubet
1910 2775 2052 2827 enim

468 2850 636 2917 magis
662 2866 819 2918 quam
847 2852 1018 2920 juvat,
1045 2857 1201 2910 docet
1253 2857 1500 2911 morbum
1533 2875 1678 2926 esse,
1723 2878 1828 2916 non
1874 2874 2048 2931 sanat,

390 3002 395 3003 γ
466 2937 576 2991 into
606 2940 767 2995 abeo
799 2945 999 3011 potius,
1049 2948 1188 3014 quod
1242 2962 1346 3001 non
1398 2959 1641 3016 sanatur,
1685 2963 1941 3022 augetur,
1996 2955 2055 3009 ul

466 3032 719 3085 attentius
744 3035 1099 3089 etsollicitius
1126 3038 1313 3104 gratim
1362 3040 1621 3093 medicina
1666 3056 1964 3108 quaeratur.
2023 3066 2041 3099 ι

2172 1848 2304 1904 llinc
2324 1849 2560 1907 Julianus
2586 1854 2699 1911 haec
2725 1860 3017 1929 Augustino
3035 1868 3403 1935 exprobrabat
3426 1871 3523 1928 lib.
3546 1890 3619 1930 ιιι
3640 1877 3760 1946 Ope

2169 1941 2244 1993 ris
2273 1939 2506 2033 impcrf.,
2557 1959 2676 2016 cap.
2707 1948 2848 2005 119:
2884 1970 2901 2002 ι
2940 1953 3115 2010 Taceo
3145 1959 3356 2016 interim
3387 1979 3492 2033 qua
3516 1939 3757 2024 rabievin

2171 2036 2333 2083 totam
2364 2030 2531 2100 legem
2565 2034 2779 2106 tremas,
2812 2054 2971 2109 quam
3003 2046 3178 2101 credis
3199 2064 3260 2103 ea
3286 2030 3593 2121 imperasse
3622 2074 3758 2112 mor-

2169 2116 2385 2206 talibus,
2404 2135 2628 2189 quorum
2651 2128 2789 2194 apud
2816 2136 2909 2184 eos
2927 2133 3126 2190 nullam
3152 2116 3460 2197 facultatem
3485 2146 3750 2206 videret.»

2166 2203 2334 2270 Quam
2362 2212 2634 2280 stropham
2664 2217 2859 2285 s't-pius
2885 2232 3083 2279 cantat.

2236 2294 2352 2351 Duo
2380 2298 2464 2354 hic
2494 2314 2719 2371 possunt
2743 2308 3107 2368 difﬁcultatem
3132 2316 3329 2383 facere,
3364 2339 3490 2379 num
3538 2328 3633 2384 lex
3656 2333 3752 2385 alio

2162 2391 2374 2457 quando
2402 2391 2649 2464 imperet,
2679 2408 2733 2453 et
2760 2401 2979 2471 obliget,
3008 2416 3062 2460 ut
3090 2409 3263 2476 aiunt,
3291 2416 3392 2469 sub
3423 2432 3675 2488 peccato,
3706 2424 3749 2477 si

2162 2478 2301 2534 desit
2322 2484 2491 2550 gratia
2524 2485 2781 2554 adiuvans
2810 2491 2877 2546 ad
2932 2495 3255 2564 implendam
3288 2478 3483 2574 legem,
3513 2520 3569 2562 ut
3601 2478 3748 2567 vide-

2164 2578 2248 2624 tur
2278 2574 2416 2629 velle
2444 2580 2792 2648 Augustinus,
2824 2594 2877 2639 et
2905 2602 2970 2640 an
2994 2588 3045 2643 in
3075 2591 3191 2664 lege
3219 2598 3386 2651 veteri
3430 2599 3601 2656 timor
3634 2614 3745 2659 tan-

2165 2673 2275 2719 tum
2306 2669 2521 2725 servilis
2537 2671 2656 2728 sine
2679 2676 2851 2744 gratia
2877 2692 3144 2748 regnaret,
3169 2687 3308 2754 quod
3326 2692 3579 2747 eumdem
3614 2712 3747 2766 quo‘

2159 2770 2263 2824 que
2288 2759 2524 2815 sensisse
2552 2766 2788 2820 nunnulli
2819 2770 3123 2837 opinantur.
3159 2776 3281 2832 llaec
3313 2781 3458 2836 enim
3488 2783 3603 2840 duo
3631 2759 3742 2842 Aio-

2159 2850 2331 2903 rainio
2346 2850 2493 2907 {orte
2512 2853 2723 2909 duriora
2755 2858 3021 2928 videntur,
3069 2864 3121 2919 in
3161 2866 3355 2935 quibus
3383 2871 3741 2942 Augustinum

2157 2951 2305 2995 extra
2333 2945 2570 2999 veritatis
2599 2947 2792 3002 lineam
2824 2953 3049 3007 saltasse
3078 2965 3259 3024 putat.
3285 2959 3386 3015 Pro
3410 2966 3744 3032 expediendo

2158 3032 2324 3100 priori
2350 3034 2513 3089 dubio
2542 3052 2628 3091 res
2658 3039 2785 3094 mihi
2813 3042 2971 3098 altius
3001 3050 3288 3115 repetenda
3321 3062 3421 3107 est.
3450 3053 3510 3108 lu
3555 3061 3742 3126 primis

469 3125 539 3174 Αι
568 3121 854 3187 Μοηῑιως,
891 3125 1172 3193 Augustini
1205 3126 1271 3180 de
1295 3128 1408 3195 lege
1436 3131 1604 3183 veteri
1632 3132 1771 3185 diem
1813 3138 2044 3191 examini
2081 3122 2124 3183 C
2157 3126 2499 3182 statuendum
2530 3140 2614 3185 est
2639 3132 2927 3187 diSrrimen
2959 3135 3101 3191 inter
3139 3138 3568 3200 observationem
3615 3149 3741 3222 legis

464 3212 776 3276 subjiciens,
800 3218 935 3268 hanc
953 3216 1020 3269 de
1044 3216 1229 3270 iisdem
1251 3219 1569 3273 sententiam
1595 3223 1798 3290 profert
1818 3226 1959 3295 disp.
1980 3228 2051 3282 24

466 3303 886 3371 Anti-lausenii,
911 3323 1058 3363 nttm.
1088 3308 1194 3363 44:
1227 3330 1243 3361 ι
1274 3314 1628 3382 Augusdnum
1654 3318 1892 3386 pluribus
1921 3323 2050 3378 locis

465 3394 651 3451 durius
684 3396 825 3467 loqui
876 3398 942 3455 de
977 3399 1093 3470 lege
1136 3402 1328 3468 veteri,
1379 3405 1471 3458 sed
1521 3407 1657 3461 sicut
1707 3408 1929 3479 ipsemet
1977 3415 2050 3468 ait

462 3487 554 3544 lib.
585 3504 644 3543 Ill
665 3490 732 3544 de
762 3489 1016 3547 Doctrina
1044 3491 1269 3560 Christ",
1301 3510 1420 3564 cap.
1456 3497 1540 3560 10,
1573 3496 1860 3568 Scriptura:
1902 3504 2050 3559 verba

462 3591 672 3653 quando
700 3590 900 3660 aliquid
925 3592 1171 3649 absonum
1195 3595 1426 3650 videntur
1451 3613 1559 3666 prie
1587 3615 1641 3652 se
1665 3601 1823 3670 ferre,
1849 3612 1964 3655 sunt
1994 3605 2046 3660 in

459 3682 727 3752 benignum
763 3692 810 3737 et
839 3687 1161 3740 commodum
1189 3704 1394 3741 sensum
1426 3688 1803 3755 interpretanda
1828 3709 1847 3758 ,'
1892 3696 2046 3762 quid-

459 3772 512 3825 ui
536 3774 697 3827 etiam
731 3776 891 3829 verba
924 3776 1092 3844 ipsius
1141 3778 1444 3847 Augustini,
1488 3783 1913 3853 quotiescunque
1959 3788 2044 3842 Vel

458 3864 634 3916 nativo
666 3863 865 3932 impetu
888 3866 1079 3928 animi,
1103 3865 1186 3918 vel
1205 3877 1337 3919 testu
1359 3867 1735 3933 disputationis
1758 3874 2039 3944 abreptus,

456 3953 664 4005 videtur
693 3952 758 4004 ad
785 3963 1028 4006 extrema
1074 3954 1389 4009 declinare?
1422 3975 1439 4007 ι
1477 3958 1612 4024 Quid
1646 3972 1822 4018 autem
1854 3968 2038 4022 durius

458 4042 527 4095 de
559 4043 673 4107 lege
704 4044 869 4095 veteri
900 4043 1227 4112 Augustinus
1256 4045 1474 4113 dixerit,
1508 4063 1612 4102 non
1637 4055 1738 4104 erit
1790 4054 2040 4125 indagatu

454 4131 507 4185 di
535 4130 692 4196 ficile,
743 4145 864 4186 cum
917 4136 1083 4200 probe
1117 4135 1349 4191 sciamus
1388 4137 1439 4191 in
1479 4154 1586 4209 quo
1639 4143 1809 4197 sancti
1864 4144 2039 4201 Patris

458 4224 700 4278 doctrina
730 4239 759 4277 a
790 4225 1049 4280 Morainio
1074 4228 1321 4295 culpetur
1352 4230 1544 4286 furoris
1585 4241 1640 4286 et
1688 4249 1941 4291 excessus
1985 4238 2036 4293 in

453 4316 795 4385 disputando.
831 4317 967 4372 Dixit
1000 4320 1330 4388 Augustinus
1359 4339 1479 4377 cum
1525 4323 1785 4394 Apostolo
1819 4328 1884 4381 ad
1933 4329 2038 4385 Ga-

454 4413 588 4468 latas
612 4430 689 4480 Ill,
725 4415 1099 4483 legem‘datam
1130 4420 1563 4484 prwvaricntionis
1581 4424 1771 4492 gratia,
1818 4425 1885 4480 de
1931 4442 2036 4496 quo

2158 3214 2212 3270 in
2240 3226 2381 3270 statu
2410 3230 2613 3275 naturae
2640 3222 2942 3280 innocentis
2971 3234 3027 3281 et
3052 3237 3190 3283 statu
3213 3244 3497 3303 corruptae.
3527 3214 3741 3295 Eteniu

2158 3306 2327 3357 Adam
2359 3307 2542 3362 habuit
2585 3312 2847 3369 auxilium
2880 3318 3123 3384 proxime
3152 3322 3424 3378 sufficiens
3452 3329 3519 3381 ad
3550 3330 3739 3386 obser-

2156 3395 2419 3451 vationem
2451 3401 2813 3474 cujuscunque
2844 3412 3097 3478 praecepti
3124 3411 3174 3466 in
3202 3416 3452 3472 omnibus
3474 3430 3529 3474 et
3559 3427 3739 3491 singu-

2156 3484 2222 3539 lis
2246 3489 2614 3546 occasionibus
2646 3505 2699 3547 et
2729 3494 3071 3554 instantibus.
3115 3502 3224 3556 lloc
3258 3505 3585 3576 adjutorium
3617 3528 3739 3567 eru-

2152 3577 2263 3631 dite
2309 3582 2594 3649 exponitur
2640 3585 2708 3639 ab
2736 3586 3033 3657 Augustino
3061 3606 3180 3660 cap.
3218 3594 3277 3647 il
3310 3604 3365 3651 et
3413 3597 3477 3650 l2
3506 3599 3578 3655 de
3607 3603 3737 3658 Cur-

2151 3681 2290 3741 rept.
2322 3685 2375 3730 et
2402 3687 2540 3745 grat.
2574 3678 2772 3733 Dicitur
2802 3683 2871 3737 ab
2899 3683 3086 3739 eodem
3129 3687 3449 3757 a.ljutorium
3475 3695 3589 3748 sine
3636 3715 3733 3766 quo

2149 3780 2273 3829 non,
2310 3782 2414 3821 non
2442 3784 2576 3837 qua;
2609 3786 2731 3824 nam
2760 3772 2929 3828 Adam
2970 3775 3059 3830 illo
3085 3776 3353 3848 adjutorio
3403 3784 3579 3851 posito
3628 3803 3733 3843 non

2148 3858 2326 3911 statim
2372 3862 2714 3930 cperabatur,
2746 3866 2839 3921 sed
2870 3882 2990 3922 cum
3027 3870 3239 3926 volebat
3281 3873 3470 3929 eodem
3516 3892 3733 3947 semper

2147 3960 2411 4019 praesente
2438 3962 2642 4020 poterat
2667 3960 2898 4025 operari.
2930 3978 2948 4013 ι
2983 3961 3112 4016 Tale
3139 3964 3363 4033 quippe,
3412 3966 3584 4037 inquit
3608 3986 3729 4040 cap.

2146 4040 2235 4107 ll,
2268 4048 2384 4095 erat
2411 4043 2754 4113 adjutorium,
2786 4050 2927 4117 quod
2957 4050 3231 4109 desereret
3274 4069 3395 4110 cum
3442 4058 3623 4124 vellet,
3677 4073 3735 4148 εδ

2143 4130 2197 4184 in
2230 4147 2336 4199 quo
2364 4148 2700 4202 permaneret
2723 4140 2767 4192 si
2798 4140 2981 4213 vellet,
3009 4157 3113 4197 non
3143 4160 3250 4213 quo
3280 4145 3434 4201 fleret
3464 4158 3520 4201 ut
3545 4130 3725 4205 vellet'.

2144 4221 2272 4279 lizec
2301 4235 2381 4279 est
2412 4227 2576 4294 prima
2601 4232 2791 4299 gratia,
2817 4247 2942 4301 qua:
2963 4234 3087 4288 data
3112 4245 3193 4291 est
3221 4237 3396 4307 primo
3413 4239 3607 4307 Adam,
3630 4243 3724 4296 sed

2142 4314 2257 4370 hazc
2290 4320 2559 4385 potentior
2585 4331 2668 4376 est
2697 4323 2747 4377 in
2779 4325 3014 4379 secundo
3046 4331 3235 4384 Adam.
3265 4330 3441 4387 Prima
3472 4342 3555 4389 est
3581 4336 3722 4389 enim

2138 4420 2240 4476 qua
2275 4410 2335 4462 lit
2365 4419 2420 4464 ut
2450 4410 2643 4467 habeat
2673 4415 2833 4469 homo
2857 4416 3117 4482 justitiam
3148 4419 3193 4473 si
3225 4422 3373 4488 velit,
3404 4434 3508 4479 etc.
3549 4444 3570 4477 ι
3616 4428 3722 4481 Ad.

451 4507 602 4575 plura
626 4506 843 4561 disserit
864 4521 1025 4561 serui.
1055 4508 1111 4561 ll
1140 4507 1207 4561 de
1234 4508 1422 4565 Verbis
1445 4516 1659 4583 Apost.,
1685 4530 1802 4583 cap.
1848 4516 1881 4568 8
1904 4529 1956 4571 et
1981 4520 2030 4575 9.

2158 4500 2215 4554 lit
2236 4502 2375 4570 quod
2407 4504 2577 4570 primo
2607 4506 2700 4560 illo
2729 4508 2997 4576 adjuturio
3024 4518 3225 4565 ostensa
3251 4522 3324 4566 est
3378 4517 3607 4583 potentia
3659 4519 3720 4571 ti-

452 4598 595 4654 Dixit
618 4601 839 4655 litteram
871 4602 1104 4656 occidere
1143 4618 1263 4657 eum
1295 4605 1485 4660 eodem
1535 4611 1790 4675 Apostolo
1828 4612 1869 4665 ll
1903 4612 2032 4670 Cor.

449 4709 534 4759 tu,
564 4701 723 4763 atque
752 4696 957 4765 integro
982 4696 1250 4751 volumine
1282 4698 1439 4753 verba
1469 4699 1554 4754 illa
1592 4703 1841 4770 explicat.
1890 4705 2035 4762 Dixit

447 4802 568 4841 cum
617 4789 803 4843 eodem
857 4788 1018 4843 Paulo
1072 4790 1226 4843 llam.
1278 4804 1374 4843 tit:
1439 4789 1546 4844 Lex
1591 4792 1915 4861 subintravit,
1963 4807 2032 4851 iul

446 4878 730 4933 abundaret
762 4878 1023 4935 delictum.
1057 4882 1225 4948 Quam
1258 4883 1576 4935 sententiain
1605 4889 1824 4953 exponit
1864 4902 2028 4942 serm.

450 4972 520 5024 15
551 4970 616 5022 de
649 4970 836 5025 Verbis
862 4974 1122 5040 Apostoli,
1150 4983 1204 5027 et
1230 4976 1387 5043 epist.
1421 4976 1511 5041 89,
1540 4992 1593 5045 q.
1625 4976 1677 5032 5.
1714 4977 1933 5033 Vocavit
1955 4981 2032 5035 lc-

447 5077 567 5133 getu
598 5076 717 5116 cum
759 5062 945 5116 eodem
976 5065 1149 5120 Galat.
1208 5082 1284 5129 ιιι,
1329 5067 1662 5138 pa’dagogttm
1712 5071 2030 5127 molestssi-

448 5169 619 5217 mum,
650 5166 711 5206 ac
742 5150 1144 5207 similitudinem
1176 5158 1416 5222 probavit
1447 5175 1698 5215 sermone
1726 5162 1936 5227 eodem,
1976 5173 2031 5217 et

446 5246 606 5313 epist.
642 5240 763 5308 M4,
799 5241 883 5295 ubi
926 5242 1084 5295 etiam
1137 5258 1407 5314 nuncupat
1467 5249 1634 5319 legem
1668 5268 1768 5303 non
1815 5253 2027 5305 absolu-

446 5342 598 5393 tionis
619 5336 961 5411 adjutort'um,
993 5337 1081 5389 sed
1118 5338 1376 5391 vinculum
1424 5345 1672 5396 criminis.
1723 5344 1877 5410 Quod
1922 5346 2031 5399 Au-

442 5431 713 5500 gustinum
768 5429 821 5483 in
853 5442 1167 5482 excessuum
1216 5430 1570 5516 suSpicionem
1606 5432 1783 5498 traxit,
1835 5450 1897 5488 ac
1925 5434 1994 5487 du

446 5524 556 5575 rius
586 5530 847 5576 assertum
879 5520 1110 5585 videtur,
1139 5534 1219 5574 est
1251 5522 1337 5574 ubi
1373 5522 1511 5574 idem
1554 5523 1744 5577 doctor
1790 5540 2025 5593 pronun-

444 5612 593 5663 tiavit
619 5622 819 5665 tantum
850 5611 1039 5667 abesse
1063 5623 1115 5665 ut
1164 5613 1243 5666 lex
1296 5613 1538 5668 homines
1582 5614 1863 5683 adjuvarit,
1896 5620 2021 5686 quin

445 5698 619 5768 patius
651 5715 769 5754 reos
802 5701 984 5757 fecerit
1007 5706 1122 5759 sine
1144 5704 1308 5774 gratia
1337 5705 1597 5774 jubcudo,
1629 5725 1732 5764 non
1764 5709 2023 5778 adjuvan-

2141 4595 2245 4648 beri
2267 4597 2513 4662 arbitrii;
2560 4614 2680 4653 nam
2713 4612 2771 4655 ut
2814 4611 2969 4657 antea
3019 4605 3365 4674 praemiserat,
3411 4607 3551 4663 Deus
3595 4610 3717 4664 illud

2140 4685 2461 4754 adjutorium
2494 4689 2698 4759 reliquit
2719 4693 2770 4744 in
2794 4694 2904 4762 ejus
2922 4692 3085 4747 libero
3105 4696 3337 4761 arbitrio,
3364 4706 3420 4752 et
3448 4708 3504 4752 ut
3526 4700 3606 4753 ait
3628 4701 3712 4753 lib.

2137 4789 2194 4828 ιιι
2228 4775 2416 4843 Operis
2447 4776 2682 4845 impert,
2708 4794 2828 4846 cap.
2861 4780 2986 4847 112,
3022 4781 3286 4836 Ilectarrm
3308 4783 3543 4852 habebat,
3574 4804 3715 4856 quem

2138 4871 2294 4924 libero
2324 4872 2525 4940 reliquit
2547 4875 2780 4933 arbitrio.
2808 4876 2984 4943 Quare
3007 4876 3134 4931 illud
3158 4878 3480 4947 adjutorium
3506 4896 3713 4948 semper

2137 4972 2333 5032 prtesto
2364 4976 2482 5021 erat
2523 4967 2768 5033 Adamo;
2800 4968 2983 5022 scribit
3008 4969 3152 5023 enim
3183 4971 3527 5039 Augustinus,
3582 4972 3711 5043 quod

2136 5067 2384 5121 desereret
2415 5083 2518 5123 cun
2542 5069 2702 5122 vellet.
2729 5067 2890 5121 Paulo
2913 5083 3040 5124 vero
3072 5079 3191 5138 post
3213 5071 3263 5124 in
3287 5071 3477 5126 eodem
3500 5086 3624 5140 cap.
3655 5073 3707 5125 ll

2135 5157 2250 5211 hmc
2283 5159 2476 5211 tradit:
2512 5176 2530 5209 ι
2567 5158 2624 5212 Si
2653 5170 2828 5213 autem
2877 5159 2978 5215 hoc
3021 5160 3341 5229 adjutorium
3390 5161 3474 5216 vel
3523 5164 3709 5231 angelo

2134 5251 2218 5304 vel
2252 5249 2472 5312 homini,
2503 5265 2621 5302 cum
2656 5250 2883 5318 primum
2914 5250 3036 5307 facti
3067 5261 3210 5317 sunt,
3252 5251 3534 5319 defuisset,
3578 5269 3707 5324 quor

2134 5342 2273 5394 niani
2308 5357 2413 5395 non
2447 5342 2563 5396 talis
2591 5353 2775 5397 natura
2808 5346 2946 5400 facta
2983 5353 3099 5399 erat
3143 5353 3202 5398 ut
3232 5345 3348 5399 sine
3389 5343 3579 5399 divino
3625 5345 3708 5401 ad-

2124 5434 2328 5503 jutorio
2357 5445 2536 5503 posset
2567 5450 2783 5490 manere
2811 5436 2854 5492 si
2880 5436 3059 5500 vellet,
3089 5452 3193 5491 non
3210 5437 3406 5505 utique
3432 5452 3528 5491 sua
3556 5438 3706 5505 culpa

2128 5525 2466 5580 cecidissent.
2503 5527 2834 5596 Adjmoriun
2893 5527 3086 5597 quippe
3123 5526 3398 5591 defuisset,
3448 5527 3566 5582 sine
3605 5539 3704 5593 quo

2130 5632 2345 5671 manere
2386 5633 2490 5670 non
2538 5629 2776 5686 possent.
2810 5619 2957 5674 Nunc
2988 5626 3166 5674 autem
3197 5618 3390 5687 quibus
3418 5618 3571 5671 deest
3602 5620 3701 5670 tale

2129 5708 2469 5777 adjutorium,
2492 5709 2598 5778 jam
2617 5725 2769 5779 pinna
2788 5712 2986 5777 peccati
3002 5722 3102 5778 est,
3129 5710 3323 5781 quibus
3340 5719 3515 5764 autem
3531 5711 3694 5779 datur,
