3892 6298
97 347 194 401 675

1262 358 1582 415 ἮΝΟΙΩΙίΕ
1625 363 2185 420 AllGlJSTlNlANAS.

3256 374 3360 427 δτι

93 459 377 512 secundum
409 460 631 529 gratiam
663 463 835 517 datur.
881 486 897 518 υ
950 467 1024 521 Ex
1070 468 1156 524 his
1188 471 1360 526 infero
1396 475 1568 543 primo
1616 479 1665 529 in
1697 489 1743 543 Α
1773 495 1998 547 qum-um
2030 495 2212 534 contra
2243 496 2458 536 carnem
2485 485 2707 550 διιίιίιιις
2743 487 3074 553 concupi~cit
3102 504 3169 541 an
3198 503 3366 544 ACTUS

93 559 225 604 snitu
257 563 460 604 natura:
509 553 671 620 lupSIl‘.
717 573 820 609 non
868 559 1115 614 omnibus
1163 562 1277 616 dari
1317 580 1416 618 nec
1460 580 1675 635 semper

92 651 282 709 praesto
306 656 426 696 esse
458 642 587 697 illud
613 646 956 715 adjutorium,
979 651 1109 704 alias
1132 653 1301 706 oratio
1323 664 1466 708 esset
1491 671 1676 724 super-

91 733 208 784 flua.
241 732 399 796 Nam,
431 746 484 787 ut
517 737 591 789 ait
622 741 950 806 Augustinus
980 742 1072 796 Lb.
1103 743 1169 796 de.
1190 745 1388 798 Natura
1422 755 1475 801 et
1505 759 1671 814 grat.,

91 838 203 889 cap.
232 825 315 890 18,
339 826 462 892 quid
483 828 687 882 stultius
713 847 864 899 quam
895 849 1040 887 orare
1069 848 1122 888 ut
1153 838 1312 906 facias
1341 845 1475 908 quot
1500 840 1552 892 in
1585 857 1673 909 po-

92 924 260 967 testate
291 916 475 971 habeas
506 922 529 971 ?
559 921 620 972 El
654 922 703 973 in
736 925 954 991 epistola
994 927 1062 981 95
1089 945 1099 978 :
1137 926 1261 996 Ipsa
1308 931 1464 998 igitur
1508 934 1675 984 oratio

93 1006 372 1059 clarissima
401 1021 474 1062 est
505 1012 686 1078 gratia?
714 1016 1026 1082 testiﬁcatio.
1059 1018 1175 1071 Non
1208 1036 1457 1089 rogamus
1494 1032 1672 1076 autem

94 1107 143 1149 ut
173 1099 308 1152 Deus
335 1100 430 1154 det
456 1103 597 1170 quod
628 1103 907 1170 habemus,
941 1108 1033 1162 sed
1063 1110 1220 1176 cujus
1268 1114 1504 1166 maxime
1537 1115 1677 1167 indi-

91 1204 303 1256 gemus;
338 1195 537 1247 etenim
570 1210 633 1249 ex
665 1198 823 1263 epist.
857 1197 977 1265 105,
1030 1202 1076 1255 si
1117 1203 1168 1256 in
1227 1215 1478 1270 potestate
1526 1207 1678 1259 habe-

91 1289 238 1345 retur,
265 1296 366 1333 non
395 1285 566 1352 utique
586 1299 896 1354 posceretur.
930 1290 1125 1356 Quare,
1151 1308 1270 1346 cum
1296 1307 1520 1363 urgente
1544 1312 1679 1364 quo-

91 1368 208 1420 libet
236 1383 507 1439 pra-cepto
539 1377 706 1440 possit
749 1377 909 1428 homo
953 1394 1104 1432 orare
1151 1381 1316 1435 Deum
1352 1395 1406 1436 ut
1451 1396 1674 1452 gratiam

89 1459 146 1511 ad
178 1460 322 1513 illius
347 1466 598 1532 praecepti
633 1465 997 1533 impletionem
1025 1472 1297 1539 largiatur,
1337 1478 1546 1544 signum
1593 1489 1675 1534 est

87 1553 301 1617 gratiam
337 1555 482 1608 illam
513 1572 617 1609 non
651 1558 839 1612 adesse
864 1574 1075 1629 semper
1105 1565 1155 1616 in
1188 1567 1433 1620 omnibus
1478 1579 1531 1622 et
1562 1573 1675 1625 sin-

84 1643 644 1710 gulis'mcasionibus.
697 1648 827 1702 llinc
860 1649 1054 1704 factum
1086 1663 1168 1706 est
1199 1666 1252 1707 ut
1285 1672 1403 1711 cum
1433 1659 1673 1717 Adamus

83 1735 306 1799 gratiam
341 1737 487 1789 illam
522 1737 764 1792 habuerit
792 1755 886 1808 pro
923 1744 1168 1798 omnibus
1196 1757 1249 1799 et
1294 1750 1516 1817 singulis
1557 1769 1672 1807 mo-

1779 587 2027 628 siscuuis
2058 590 2301 628 INDIGENT
2347 575 2444 629 Dst
2471 592 2691 641 GRA'I‘IA,
2726 593 2792 631 re
2820 580 3124 644 vincantur,
3151 582 3363 648 qualem

1783 661 2087 717 libertatem
2121 666 2405 717 voluntatis
2428 666 2622 720 habere
2648 678 2891 735 possunt,
2919 669 3006 736 qui
3041 670 3274 722 nondum
3299 671 3369 724 de

1786 763 2049 819 potestate
2080 757 2214 808 eruti
2247 757 2608 819 tenebrarum,
2633 760 2940 822 dominante
2971 761 3246 827 iniqu‘tate
3272 774 3369 814 nec

1779 857 1990 897 certare
2025 858 2319 912 coeperunt,
2355 858 2466 912 aut,
2495 851 2537 900 si
2566 859 2775 902 certare
2797 851 3096 913 voluerunt,
3131 851 3366 904 nondum

1779 934 2016 988 liberatze
2045 937 2332 990 voluntatis
2373 940 2630 993 servitute
2671 940 2976 995 vincuntur.
3018 961 3035 992 ι
3075 942 3174 996 Ubi
3224 941 3366 994 afﬁr-

1779 1036 1887 1078 mat
1913 1026 2135 1101 gratiam
2163 1028 2228 1080 ad
2260 1030 2498 1098 singulos
2520 1041 2670 1085 actus
2697 1032 2904 1086 virtutis
2932 1032 3068 1095 dari,
3095 1046 3266 1099 neque
3290 1042 3367 1086 ta-

1779 1130 1900 1168 men
1943 1119 2190 1170 omnibus
2240 1117 2548 1171 ministrari.
2588 1123 2806 1174 Brevius
2834 1123 2970 1175 idem
3017 1123 3175 1174 tradit
3203 1124 3360 1188 epist.

1781 1206 1903 1273 107,
1953 1209 2018 1258 ad
2068 1208 2291 1261 Vitalem
2330 1228 2341 1261 :
2383 1230 2398 1260 ι
2436 1213 2648 1264 Scimus
2678 1212 2948 1280 (gratiam)
2980 1212 3269 1278 majoribus
3300 1212 3365 1264 ad

1779 1296 2018 1362 singulos
2060 1308 2210 1349 actus
2235 1298 2369 1351 dari.
2405 1299 2614 1353 Scimus
2643 1317 2746 1353 non
2787 1304 3029 1354 omnibus
3062 1302 3364 1354 Imminibus

1777 1385 1912 1437 dari.
1954 1403 1970 1435 ι
2010 1386 2075 1436 Et
2115 1387 2206 1440 lib.
2243 1403 2289 1439 tv
2322 1388 2510 1456 Operis
2557 1390 2770 1454 imperi.
2822 1405 2936 1458 etp.
2974 1390 3096 1453 128,
3128 1391 3316 1443 scribit
3347 1407 3362 1443 :

1782 1494 1799 1525 ι
1826 1477 2049 1530 Proinde
2069 1478 2373 1532 hominibus
2401 1491 2584 1533 natura
2616 1481 2737 1535 Iiliis
2769 1482 2859 1534 ira:
2881 1483 2982 1534 dan
3012 1497 3075 1534 ur
3100 1490 3364 1549 pra-cepta

1778 1570 2010 1636 vivendi,
2040 1571 2163 1638 quia
2195 1569 2348 1624 datur
2380 1583 2434 1625 et
2472 1575 2661 1640 gratia,
2693 1584 2749 1626 ιιι
2777 1575 2862 1640 qui
2906 1576 3076 1640 jubet,
3102 1573 3266 1641 juvet,
3303 1587 3364 1625 ac

1777 1657 1854 1710 sit:
1878 1659 2014 1710 mala
2041 1674 2144 1709 non
2169 1659 2339 1712 Solum
2367 1676 2486 1728 qua:
2505 1663 2774 1714 voluntate
2795 1661 3362 1725 addita,verumetiam

1776 1761 1897 1814 qua:
1943 1756 2068 1798 sunt
2102 1759 2455 1814 congenerata
2490 1751 2791 1802 vincantur.
2825 1750 2977 1814 Quod
3014 1749 3156 1802 enim
3192 1750 3364 1802 homi-

84 1826 278 1878 mentis
308 1827 409 1880 sibi
436 1827 802 1894 inhaerentem,
834 1847 937 1886 non
985 1833 1275 1904 indiguerit
1313 1842 1556 1896 (natione
1603 1844 1670 1897 ad
1706 1845 1751 1902 Β
1780 1835 1936 1887 nibus
1968 1837 2300 1901 impossibile
2343 1846 2442 1898 est,
2475 1837 2584 1890 Deo
2625 1838 2776 1892 facile
2812 1847 2911 1889 est.
2944 1836 3146 1902 Quibus
3184 1851 3362 1891 autem

84 1913 478 1968 observandum
503 1917 663 1970 ullum
691 1929 1035 1989 praeceptum.
1062 1925 1185 1979 Scio
1214 1932 1539 1983 recentiores
1568 1931 1669 1986 hoc

87 2004 322 2059 ultimum
359 2008 435 2060 uti
465 2023 726 2077 nuperum
759 2013 1082 2080 paradoxum
1105 2032 1208 2072 nou
1233 2022 1553 2088 approbare,
1574 2026 1668 2078 sed

90 2097 237 2162 plane
289 2108 374 2151 est
431 2101 768 2168 apertissima
812 2106 1072 2160 sententia
1117 2109 1395 2178 Augustini
1453 2113 1545 2168 lib.
1617 2131 1667 2169 vr

87 2189 266 2256 Operis
297 2192 534 2260 imperf.,
570 2209 690 2262 cap.
725 2196 812 2250 15.
854 2216 872 2247 ‹
921 2198 1220 2265 Dominica,
1277 2203 1464 2273 inquit,
1511 2216 1664 2262 testa-

90 2288 169 2331 tur
196 2283 389 2344 oratio,
426 2284 513 2338 ubi
544 2300 646 2339 non
675 2288 849 2342 solum
884 2291 1134 2360 dicimus,
1173 2295 1382 2350 Dimitte
1404 2301 1549 2354 nobis
1581 2304 1670 2355 de-

88 2377 202 2440 bita,
229 2391 446 2446 propter
468 2381 603 2434 mala
639 2399 755 2452 qua:
785 2384 1028 2452 fecimus,
1047 2406 1228 2444 verum
1248 2393 1434 2458 etiam,
1467 2395 1548 2449 Ne
1574 2414 1669 2451 nos

90 2468 270 2533 inferas
319 2471 372 2523 in
414 2473 763 2539 tentationen,
796 2486 1013 2546 propter
1059 2479 1156 2534 hoc
1201 2484 1379 2552 utique
1413 2501 1478 2539 ne
1528 2489 1666 2540 mala

87 2559 364 2624 iaciamus;
402 2564 546 2617 unde
575 2575 627 2618 et
676 2566 965 2632 Apostolus
1003 2569 1172 2626 dicit:
1236 2573 1457 2626 Oramus
1503 2586 1670 2628 autem

87 2652 146 2702 ad
172 2651 480 2720 Dominum,
515 2670 577 2708 ne
605 2656 727 2722 quid
753 2657 955 2725 faciatis
985 2658 1128 2711 mali.
1164 2661 1312 2724 Quod
1353 2664 1395 2714 si
1435 2664 1503 2716 ita
1531 2673 1674 2716 esset

92 2744 133 2793 in
165 2751 457 2810 potestate,
493 2745 759 2812 quomodo
779 2746 1014 2800 fuitanle
1040 2758 1337 2814 peceatum,
1364 2751 1670 2818 priusquam

94 2843 226 2887 esset
278 2843 470 2887 natura
507 2838 734 2888 lmmana
769 2836 971 2900 vitiata,
1005 2853 1107 2891 non
1137 2839 1316 2905 utique
1336 2853 1672 2894 POSCERETUB

97 2940 318 2990 omnum,
351 2926 447 2980 sed
482 2927 691 2994 agendo
723 2928 899 2995 potius
930 2938 1218 2984 teneretur.
1255 2949 1272 2980 ι

165 3019 358 3085 Quare,
391 3033 513 3072 cum
557 3033 623 3074 ex
660 3019 955 3074 inhaerente
993 3021 1194 3085 divino,
1227 3037 1396 3089 eoque
1423 3023 1535 3093 jugi
1580 3024 1674 3076 ad-

101 3110 277 3177 iutorio
298 3111 469 3165 Adam
494 3110 547 3165 in
577 3111 818 3180 quolibet
839 3124 1110 3168 momento
1135 3117 1386 3180 temporis
1417 3116 1672 3183 potuisset

1773 1941 1876 1979 seu
1935 1942 2104 1979 unus
2152 1928 2340 1995 gratia,
2374 1938 2592 1995 promer
2634 1942 2791 1996 quam
2841 1928 3037 1980 dictum
3081 1937 3184 1992 est,
3240 1928 3364 1990 Quis

1772 2018 1906 2070 enim
1952 2025 2000 2068 te
2051 2018 2332 2069 discernit?
2365 2019 2502 2082 Quid
2533 2028 2700 2070 autem
2729 2017 2881 2069 ltabes
2912 2018 3047 2084 quod
3084 2032 3184 2068 non
3218 2032 3365 2069 acce—

1777 2106 1899 2174 pisti
1928 2104 1976 2175 (1
2015 2105 2131 2159 Cor.
2168 2107 2282 2175 tv)?
2311 2110 2747 2176 praevaricatores
2767 2108 2899 2160 ﬁunt
2924 2107 3363 2174 accedentelege,

1774 2211 1881 2249 non
1909 2197 2058 2264 justi.
2105 2195 2208 2250 Sed
2259 2197 2303 2251 si
2334 2213 2491 2266 quam
2523 2199 2587 2251 ad
2617 2198 2893 2251 utilitatem
2925 2197 3107 2249 vivunt
3140 2199 3365 2249 filiorum

1774 2286 2188 2353 misericordia;
2225 2298 2280 2340 ut
2322 2303 2414 2341 eos
2446 2288 2709 2353 videntes,
2745 2298 2796 2340 et
2824 2287 2949 2355 quid
2995 2285 3095 2341 ειὺὶ
3125 2303 3226 2339 non
3257 2301 3364 2339 me-

1772 2378 1898 2442 rito,
1943 2377 2036 2431 sed
2065 2380 2231 2447 gratia
2264 2379 2518 2442 donetur,
2555 2379 2920 2448 intelligentes
2953 2395 3056 2430 non
3103 2379 3364 2430 extollan-

1772 2477 1880 2531 tur,
1916 2469 2008 2522 sed
2059 2470 2146 2536 qui
2196 2470 2453 2537 gloriatur
2496 2471 2547 2522 in
2602 2470 2830 2522 Domino
2875 2470 3147 2538 glorietur.
3187 2489 3204 2520 ι
3238 2472 3367 2536 Qua:

1771 2561 2054 2612 sententia:
2086 2561 2281 2626 passim
2309 2561 2359 2612 in
2389 2561 2685 2628 Augustino
2713 2569 3019 2612 occurrunt.

1848 2651 2000 2715 Quod
2042 2661 2218 2703 autem
2281 2651 2392 2716 lex,
2422 2654 2486 2703 ad
2521 2652 2621 2702 hoc
2662 2661 2718 2704 ut
2763 2654 2983 2717 obliget,
3022 2666 3126 2703 non
3180 2651 3368 2704 debeat

1773 2721 2076 2806 supponere
2119 2739 2168 2790 in
2217 2749 2472 2805 operante
2507 2741 2799 2804 potentiam
2833 2739 3125 2803 proximam
3178 2740 3243 2791 ad
3294 2742 3367 2791 fa-

1775 2829 2023 2884 ciendum
2056 2845 2189 2898 opus
2233 2829 2374 2897 quod
2404 2828 2719 2896 imperatur,
2743 2839 2822 2884 est
2848 2842 3099 2884 constans
3127 2830 3368 2899 ijnsdem

1775 2922 1947 2974 sancti
1977 2920 2148 2974 Patris
2176 2919 2416 2974 doctrina
2445 2929 2629 2974 contra
2662 2918 2996 2988 I’elagianog
3030 2924 3142 2990 qui,
3177 2921 3252 2975 uti
3284 2923 3368 2974 vi-

1775 3011 1971 3074 dimus,
2005 3026 2069 3064 ex
2106 3019 2496 3078 prmceptorum
2539 3009 2877 3077 impositione
2911 3011 3156 3065 humana:
3185 3013 3372 3066 volun-

1778 3098 1901 3151 tatis
1923 3100 2218 3167 potentiam
2247 3099 2310 3150 ad
2340 3099 2585 3150 mandata
2606 3098 2842 3152 facienda
2867 3115 2984 3154 cum
3010 3101 3370 3172 cujuscunque

100 3203 255 3271 legem
285 3204 530 3270 implere,
568 3203 758 3258 frustra
789 3212 998 3258 orasset
1027 3204 1192 3258 Deum
1223 3213 1282 3257 ut
1308 3205 1449 3258 vires
1477 3206 1578 3259 sibi
1607 3206 1672 3259 ad

1783 3189 1944 3242 divini
1988 3189 2235 3257 adjutorii
2272 3190 2578 3243 exclusione
2611 3190 2997 3258 prmdicabant.
3031 3192 3235 3258 Quibus
3263 3198 3370 3250 Au-

105 3293 330 3347 mandata
366 3294 613 3349 facienda
637 3294 986 3349 ministraret.
1018 3295 1156 3349 Vidit
1179 3295 1279 3349 ista
1307 3296 1676 3366 theologorum

99 3380 239 3450 hujus
253 3385 416 3439 nostri
440 3385 628 3439 saeculi
652 3385 990 3440 acutissimus
1009 3385 1233 3440 Basilius
1249 3387 1496 3451 Peneius,
1516 3390 1604 3456 qui
1630 3390 1678 3442 in

100 3471 472 3530 Reiectionibus
519 3477 586 3531 de
614 3477 801 3545 gratia,
838 3488 974 3546 part.
1009 3493 1046 3544 ι,
1080 3493 1200 3547 cap.
1235 3480 1355 3545 ult.,
1384 3475 1515 3550 pag.
1549 3481 1676 3550 213,

96 3567 258 3620 scribit
286 3584 352 3621 τι(
389 3568 581 3636 Atque
613 3569 714 3622 hoc
743 3580 823 3623 est
854 3569 1201 3639 adjutorium,
1231 3577 1370 3640 quod
1402 3588 1545 3640 saepe
1576 3577 1683 3628 Au-

94 3658 316 3720 guStinus
359 3659 506 3714 dicil
546 3659 810 3714 Adamum
855 3661 1129 3729 habuisse,
1176 3663 1318 3732 quod
1352 3679 1449 3716 nos
1491 3665 1542 3717 in
1585 3663 1685 3717 hoc

103 3755 226 3802 statu
253 3766 353 3805 non
402 3752 699 3819 habemus,
729 3753 848 3822 quia
883 3770 987 3808 non
1035 3755 1293 3810 habemus
1336 3771 1431 3825 pro
1459 3756 1683 3826 singulis

116 3841 464 3897 occasionibus
493 3855 906 3914 perseverantes
929 3847 1275 3916 cogitationes
1296 3858 1350 3902 et
1375 3849 1684 3904 affectiones

110 3928 241 4000 boni,
273 3942 326 3988 ut
353 3944 540 3990 notum
577 3944 680 3989 est.
721 3934 873 3991 Unde
918 3939 1154 3992 Adamus
1205 3955 1308 3993 non
1341 3942 1530 4009 egebat
1558 3956 1681 3994 ora-

111 4021 236 4078 tione
278 4034 331 4080 ut
367 4027 700 4094 adjutorium
750 4027 881 4082 illud
913 4039 1270 4099 compararet,
1304 4035 1424 4098 quia
1450 4033 1557 4099 jam
1593 4028 1682 4087 Dei

113 4128 310 4174 munere
339 4136 458 4176 cum
504 4123 624 4191 ipsa
658 4129 848 4175 natura
878 4123 1172 4191 ingenitum
1202 4135 1338 4190 erat,
1365 4126 1457 4178 sed
1488 4125 1686 4194 gratia-

117 4218 214 4260 rum
243 4213 440 4268 actione
465 4229 568 4282 pro
601 4221 752 4266 tanto
775 4213 1055 4282 beneficio,
1081 4217 1218 4282 quod
1246 4231 1273 4267 a
1306 4217 1415 4269 Deo
1441 4217 1490 4268 in
1516 4218 1682 4283 prima

125 4297 192 4349 sui
219 4302 412 4371 origine
438 4311 748 4371 acceperat.
789 4321 807 4355 ι
839 4303 1021 4373 Neque
1048 4314 1194 4359 recie
1222 4305 1489 4358 diceretur
1516 4307 1682 4360 Adam

129 4387 447 4450 intensiorem
478 4396 710 4466 gratiam
747 4396 984 4463 potuisse
1027 4405 1230 4464 petere,
1259 4404 1317 4449 ut
1357 4395 1561 4449 facilius
1606 4397 1682 4451 le-

130 4493 233 4546 gem
279 4485 541 4554 impleret.
599 4487 810 4541 Etenim
859 4501 1052 4540 vanum
1101 4487 1307 4550 fuisset,
1338 4500 1502 4540 novas
1545 4489 1685 4540 vires

1785 3281 2026 3350 gustinus
2057 3296 2175 3335 cum
2207 3281 2425 3350 collegis
2464 3282 2730 3337 Africanis
2765 3286 3053 3352 respondet
3096 3287 3253 3355 epist.
3281 3288 3374 3355 973,

1786 3373 1852 3427 ad
1914 3375 2280 3428 Innocentium
2312 3389 2502 3442 papam
2540 3393 2552 3427 :
2591 3394 2608 3426 ι
2649 3377 3028 3446 Distinguenda
3074 3387 3156 3432 est
3195 3379 3277 3433 lex
3321 3388 3372 3434 et

1785 3466 1974 3536 gratia.
1999 3467 2104 3520 Lex
2130 3467 2322 3534 jubere
2351 3469 2516 3533 novit,
2541 3467 2707 3536 gratia
2732 3467 2938 3534 juvarc.
2965 3469 3071 3522 Nec
3106 3469 3187 3522 lex
3215 3470 3373 3536 jube-

1787 3563 1889 3616 ret,
1918 3555 2016 3608 nisi
2046 3565 2187 3609 esset
2209 3554 2474 3618 voluntas,
2499 3569 2596 3608 nec
2624 3557 2792 3622 gratia
2819 3557 3048 3624 juvaret,
3069 3558 3110 3610 si
3134 3568 3217 3611 sat
3235 3570 3373 3614 esset

1787 3643 2050 3696 voluntas.
2098 3663 2114 3693 ι
2155 3644 2343 3695 l'ostea
2393 3644 2670 3696 incu'catis
2710 3647 2875 3698 sacris
2926 3647 3277 3710 testimoniis,
3323 3652 3372 3703 in

1787 3733 1977 3801 quibus
1994 3733 2076 3787 lex
2090 3743 2142 3786 et
2164 3733 2335 3786 oratio
2357 3741 2687 3797 asseruntur,
2707 3733 3012 3786 concludit:
3039 3753 3068 3802 t_
3085 3735 3164 3789 Sit
3176 3748 3228 3788 ut
3243 3753 3372 3807 ergo

1786 3825 2126 3894 agnoscimus
2157 3825 2507 3888 voluntatem,
2541 3839 2659 3878 cum
2711 3825 2825 3878 haec
2868 3826 3266 3894 prmtipiuntur,
3299 3830 3374 3884 sic

1787 3927 1842 3972 et
1873 3918 1985 3986 ipse
2016 3925 2270 3986 agnoscat
2291 3919 2513 3985 grat'am
2546 3931 2665 3971 cmn
2697 3928 2965 3986 petuntur.
3007 3938 3024 3969 ι
3058 3920 3232 3986 Quare
3254 3936 3374 3975 cum

1787 4010 2018 4062 instante
2050 4007 2290 4076 quolibet
2318 4021 2581 4078 praecepto
2610 4008 2754 4077 legis,
2795 4011 2953 4063 homo
2986 4026 3088 4064 non
3115 4011 3373 4079 irrisOtie,

1785 4100 1876 4153 sed
1910 4100 2174 4153 veraciter
2199 4099 2362 4153 Deum
2394 4099 2584 4152 debeat
2613 4114 2789 4164 orare,
2816 4109 2872 4154 ut
2899 4101 2998 4153 sibi
3030 4103 3249 4170 gratiam
3281 4104 3367 4158 do-

1787 4199 1877 4243 net
1921 4190 1987 4242 ad
2036 4188 2339 4243 faciendum
2392 4190 2723 4254 mandatum,
2758 4191 2964 4258 signum
3017 4205 3094 4246 est
3142 4194 3374 4254 divinam

1784 4281 2007 4349 gratiam
2046 4281 2402 4335 necessariam
2434 4279 2500 4332 ad
2529 4283 2923 4349 exsequendum
2969 4299 3100 4351 opus
3141 4284 3374 4353 impera-

1787 4384 1897 4426 tutn
1929 4389 2033 4426 non
2079 4374 2268 4426 adesse
2312 4374 2362 4426 in
2406 4373 2652 4426 omnibus
2700 4385 2754 4428 et
2782 4376 3004 4445 singulis
3047 4379 3370 4443 momentis;

1789 4484 1934 4534 nam,
1970 4475 2024 4519 ut
2063 4468 2255 4521 clamat
2313 4468 2506 4536 ubique
2562 4483 2785 4536 magnus
2822 4469 3023 4530 doctor,
3066 4487 3084 4520 ι
3121 4471 3165 4522 si
3219 4470 3373 4524 adest

125 4579 282 4633 petere
303 4575 352 4627 δη
378 4585 518 4630 tam“
547 4591 651 4629 ηοη
673 4577 915 4646 peccandi
937 4578 1204 4646 facilitate,
1232 4588 1289 4632 ιη
1320 4578 1546 4646 loquitur
1565 4593 1686 4631 san-
1716 4557 1766 4615 D
1793 4559 2138 4628 possibilitas,
2169 4559 2348 4628 utquid
2382 4559 2573 4613 orant?
2603 4579 2620 4611 ι
2650 4560 2765 4615 Lib.
2791 4559 2857 4614 de
2885 4561 3080 4613 Natura
3106 4571 3156 4613 et
3183 4562 3370 4630 gratia,

123 4665 223 4712 ctus
242 4661 390 4719 Pater
409 4681 527 4734 cap.
555 4666 644 4719 19..
675 4667 890 4721 Poterat
920 4678 1096 4723 tamen
1121 4668 1286 4724 Deum
1314 4683 1468 4723 orare
1491 4679 1546 4721 ut
1570 4681 1686 4723 ten-

125 4753 323 4807 tatorem
366 4759 550 4824 procul
598 4767 828 4826 arceret,
864 4773 933 4814 ne
961 4758 1026 4813 ad
1077 4759 1274 4812 malum
1323 4760 1680 4827 polliceretur,

123 4841 194 4894 vel
231 4847 446 4904 cadendi
489 4851 734 4920 periculo
765 4851 970 4905 vicinus
1002 4853 1172 4904 fieret.
1206 4852 1274 4903 At
1303 4853 1472 4918 posita
1513 4860 1685 4904 tenta-

125 4929 249 4987 tione
287 4941 618 5009 neutiquam,
648 4941 747 4994 nisi
782 4941 1034 5006 inaniter,
1063 4955 1091 4994 a
1132 4940 1244 4994 Deo
1275 4939 1516 5008 petiisset
1545 4943 1686 4994 vires

125 5022 274 5079 eidem
303 5032 608 5086 resistendi.
646 5033 700 5086 In
730 5041 872 5087 statu
919 5043 1096 5087 autem
1127 5043 1328 5086 naturae
1362 5032 1524 5100 lapsae.
1556 5032 1681 5086 illud

128 5112 417 5180 adl'ttlorium
447 5137 543 5191 pro
574 5123 825 5178 omnibus
852 5133 906 5178 et
954 5123 1179 5192 singulis
1223 5125 1508 5176 momentis
1556 5137 1682 5190 pro-

131 5199 253 5257 xime
295 5212 561 5267 sufficiens
593 5229 698 5267 non
743 5226 956 5282 semper
994 5221 1188 5282 praesto
1228 5221 1310 5266 est
1357 5212 1680 5277 hominibus,

131 5291 254 5347 “nde
278 5304 562 5358 necessitas
589 5305 850 5358 orationis
878 5305 1075 5368 elucet,
1104 5319 1206 5374 qua
1237 5320 1486 5372 rogamus
1515 5304 1681 5359 Deum

136 5390 183 5430 ιιι
205 5390 435 5445 mandata
465 5394 628 5461 ipsius
660 5396 883 5465 implere
913 5395 1197 5463 possimus.
1229 5395 1362 5451 Hinc
1379 5395 1564 5449 scribit
1586 5393 1682 5448 ibi-

139 5466 239 5522 tlem
286 5478 641 5547 Augustinus:
683 5507 700 5535 ι
751 5485 874 5540 Ideo
916 5484 969 5538 in
1022 5484 1126 5538 hoc
1173 5500 1344 5554 agone
1387 5485 1554 5554 magis
1587 5499 1684 5539 nos

142 5556 258 5617 beas
301 5572 461 5627 voluit
509 5576 839 5631 orationibus
887 5587 1095 5631 certare
1123 5593 1281 5647 quam
1311 5578 1530 5644 viribus,
1561 5579 1682 5647 quia

137 5659 184 5703 ει
206 5654 337 5721 ipsas
365 5666 524 5733 vires,
553 5680 776 5738 quantas
806 5670 892 5725 hic
923 5669 1120 5726 habere
1145 5684 1244 5724 nos
1264 5671 1538 5739 competit,
1572 5669 1685 5736 ipse

138 5745 471 5830 Iubmloistrat
515 5763 864 5831 certantibus,
900 5777 1055 5833 quem
1085 5777 1352 5832 rogamus.
1387 5763 1443 5817 Si
1474 5776 1600 5831 ergo
1634 5761 1684 5818 hi

1789 4670 1909 4721 cap.
1941 4652 2030 4707 55.
2064 4653 2185 4706 ιιωε
2215 4653 2475 4716 doctrina,
2501 4669 2618 4722 qua:
2653 4655 2805 4720 plane
2828 4652 3100 4706 verissima
3125 4664 3226 4717 est,
3253 4669 3373 4722 pro-

1788 4745 1944 4798 batur
1973 4760 2035 4798 ex
2066 4743 2271 4814 synodo
2293 4743 2628 4810 Tridentina,
2649 4759 2782 4797 sess.
2817 4745 2848 4795 6
2877 4743 2942 4794 de
2967 4742 3370 4810 Jttstificatione.

1785 4851 1905 4904 cap.
1940 4837 2025 4899 ll,
2055 4836 2142 4890 ubi
2174 4836 2243 4888 ait
2280 4854 2293 4888 :
2331 4854 2349 4885 ί
2389 4835 2529 4889 Deus
2562 4832 2907 4899 imposstb'lia
2940 4846 3043 4885 non
3076 4832 3248 4902 jttbcl,
3279 4835 3373 4889 sed

1783 4927 2020 4996 jubendo
2046 4937 2224 4981 monet
2249 4936 2301 4980 et
2333 4928 2504 4980 facere
2532 4924 2672 4993 quod
2704 4924 2900 4992 possis,
2936 4936 2986 4978 et
3020 4936 3200 4992 petere
3231 4928 3374 4998 quod

1788 5041 1894 5080 non
1929 5025 2121 5092 possis,
2153 5032 2206 5076 et
2235 5022 2449 5089 adjuvat
2481 5032 2539 5074 ut
2571 5020 2760 5087 possis.
2805 5041 2823 5073 ι
2861 5023 2954 5076 Est
2985 5028 3247 5080 sententia
3280 5044 3373 5083 ex-

1785 5119 1982 5186 scripta
2012 5133 2074 5171 ex
2107 5116 2244 5170 libro
2270 5117 2442 5170 sancti
2477 5117 2754 5184 Augustini
2786 5118 2852 5171 de
2881 5118 3076 5174 Natura
3104 5123 3368 5189 etg-ratia,

1784 5226 1902 5278 cap.
1931 5210 2019 5272 4'5,
2050 5217 2105 5262 et
2134 5207 2255 5261 licet
2280 5207 2365 5259 illa
2389 5217 2656 5276 postrema
2682 5208 2861 5274 verba,
2885 5221 2931 5264 et
2952 5211 3158 5274 adjuvat
3187 5223 3240 5263 ut
3264 5227 3373 5277 pos-

1783 5303 1876 5363 sis,
1911 5315 2014 5354 non
2037 5307 2348 5354 asserantur
2378 5299 2626 5366 explicite
2653 5299 2719 5353 ab
2762 5302 3084 5369 Augustino,
3117 5301 3374 5352 subintel-

1786 5394 2057 5463 liguntur;
2097 5407 2215 5444 nam
2247 5391 2291 5445 si
2321 5391 2388 5445 ab
2419 5392 2507 5445 illo
2539 5392 2672 5460 petis
2718 5402 2772 5446 ut
2804 5395 2996 5460 possis,
3039 5391 3244 5459 signum
3290 5403 3374 5445 est

1786 5485 1928 5554 quod
1958 5485 2046 5538 ille
2077 5493 2159 5539 est
2187 5485 2273 5553 qui
2301 5483 2518 5553 adjuvat
2543 5492 2598 5536 ut
2625 5485 2814 5551 possis.
2848 5484 2955 5538 Sed
2987 5484 3194 5551 plenam
3221 5496 3370 5536 eam-

1788 5579 1908 5633 dem
1959 5578 2278 5632 senteutiatn
2320 5593 2383 5630 ex
2419 5586 2574 5631 tract.
2605 5575 2672 5628 55
2704 5578 2755 5628 in
2795 5576 3051 5629 Joannem
3093 5573 3323 5628 exhibeo
3354 5591 3368 5627 :

1799 5689 1815 5722 ι
1851 5668 1957 5723 Sed
1985 5668 2284 5736 audiamus,
2317 5667 2510 5734 inquit,
2557 5666 2835 5720 Dominum
2866 5673 2920 5718 et
2952 5663 3369 5733 prtecipientem,

1790 5776 1844 5816 et
1889 5760 2261 5830 opitulantem,
2291 5757 2648 5828 ctjubcntem
2689 5757 2810 5827 quid
2858 5755 3031 5813 iacere
3057 5754 3366 5821 debeamus,
