3892 6304
529 353 589 403 ϐἷ
601 351 631 402 .‘9'

1423 345 1974 398 Sbl‘l‘lLllllN'l'lﬂll
2018 344 2108 396 AD
2147 344 2373 397 OPICIH
2419 345 2474 399 S.
2521 345 2910 400 AlJGUSTINl.

3708 345 3802 396 (75

516 471 566 512 et
599 460 962 527 adjuvan'cm,
989 468 1041 510 ιιι
1075 457 1291 524 implere
1323 457 1606 524 possimus.
1643 455 1828 506 Prrmo
1867 455 1952 506 illa
1986 468 2104 504 san-
2137 461 2182 518 Α
2212 454 2548 523 Pelagianum
2567 456 2782 508 verbum
2799 454 3183 524 supponitis,et
3208 454 3570 521 qttatrentibus
3592 471 3624 509 ι
3659 459 3800 511 Vol-i1

517 561 615 602 ιιςιι
649 550 841 617 synt'di
875 567 938 602 cx
972 551 1265 616 Augustino
1297 547 1478 607 verba,
1519 557 1564 598 et
1610 555 1776 612 petere
1825 547 1958 612 quod
2007 562 2103 596 ron

521 644 683 708 possis
717 659 735 704 ;
764 657 892 707 ergo
938 641 1060 691 dum
1097 641 1252 705 petis,
1288 639 1369 690 vel
1411 638 1570 690 etiam
1618 647 1900 705 autthtam
1937 648 2102 704 petas,

521 743 632 782 stas
662 732 759 783 sub
794 732 907 798 lege
957 729 1320 795 ριςινιὶιιιιιιιιίι,
1351 738 1404 779 et
1435 728 1664 779 tundunt
1693 726 1854 779 babes
1884 731 2104 793 gratiam

517 819 879 885 adjuvantur",
914 829 1036 870 Iunc
1067 820 1206 870 enim
1259 833 1361 868 non
1417 828 1564 883 potes
1611 819 1784 871 facere
1833 835 1901 882 qu
1942 819 1972 871 d
2022 822 2102 872 lex

515 909 687 976 jubet.
721 909 894 973 Quare
924 918 1169 960 errarunt
1198 906 1484 974 Pelagiani,
1519 907 1605 975 qui
1651 924 1712 960 ex
1765 909 1878 976 lege
1929 909 2013 960 hic
2056 918 2107 960 it

525 1015 666 1051 nunc
710 1000 978 1065 obligante
1003 997 1373 1050 existimarunt
1403 999 1447 1048 1ιι
1475 999 1668 1050 mini-tn
1703 1014 1857 1066 posse
1887 1010 2107 1053 sumnet

527 1089 730 1140 Viribus
758 1088 972 1154 exsequi
1005 1087 1280 1151 imperata.
1320 1087 1442 1139 little
1471 1090 1628 1140 etiam
1659 1089 1966 1156 t‘t-jit'ittnlur
1997 1092 2107 1154 ilu—

525 1195 613 1234 rus
643 1181 900 1248 theoSOgi,
926 1181 1014 1247 qui
1050 1189 1234 1246 putant
1262 1179 1428 1246 legem
1456 1196 1558 1231 non
1587 1194 1739 1247 posse
1769 1181 1854 1234 hic
1885 1189 1936 1232 et
1970 1195 2107 1231 nunc

525 1275 783 1342 obligare,
810 1273 912 1325 nisi
952 1271 1081 1324 adsit
1118 1273 1285 1340 gratia
1331 1271 1622 1336 adjuvans;
1658 1287 1778 1324 nam
1811 1271 1936 1323 dum
1982 1273 2107 1340 petis

528 1378 580 1419 ut
613 1368 798 1435 possis,
829 1367 1067 1433 profectu
1108 1366 1274 1418 sentis
1306 1374 1356 1418 te
1396 1366 1568 1432 urgeri
1617 1375 1903 1432 pra-cepto,
1934 1375 1984 1415 et
2033 1366 2106 1416 si-

521 1458 627 1510 mul
658 1455 936 1524 cognoscis
969 1464 1018 1507 te
1047 1454 1354 1507 desdtutum
1385 1456 1550 1520 gratia
1587 1458 1830 1520 proxime
1861 1467 2108 1506 necessa-

521 1549 596 1600 ria
649 1549 713 1600 ad
757 1563 889 1614 opus
929 1545 1271 1612 implendum,
1311 1546 1449 1597 unde
1481 1559 1603 1597 oras
1634 1555 1688 1597 ut
1733 1545 1973 1598 eamdem
2017 1543 2108 1594 ubi

525 1641 665 1693 Deus
698 1639 968 1706 largiatur.
998 1639 1088 1688 llic
1119 1651 1241 1689 vero
1271 1635 1557 1702 rejirienda
1586 1645 1668 1688 est
1702 1636 1960 1687 sententia
1991 1635 2110 1685 illo-

527 1746 644 1784 rum
671 1732 759 1798 qui
793 1731 977 1782 dicunt
1006 1729 1228 1796 gratiam
1261 1728 1501 1796 proxime
1523 1727 1870 1779 sufﬁcientem
1897 1739 2111 1791 sentt-cr

2210 563 2374 616 quare
2413 558 2655 601 mortuus
2687 549 2756 600 sit
2785 547 3049 609 Christus,
3080 548 3122 598 si
3158 557 3338 598 natura
3369 549 3451 598 vel
3492 547 3582 599 lex
3638 549 3800 600 efticét

2205 640 2398 706 justus,
2424 640 2780 708 respondi-tis,
2807 649 2861 691 ιιι
2885 639 2985 690 hoc
3012 637 3180 706 ipsum
3207 638 3406 704 facilius
3441 638 3618 698 ﬁeret,
3656 641 3797 704 quasi

2217 738 2415 795 posset,
2440 730 2685 797 quamvis
2716 729 3005 796 difﬁcilius,
3037 728 3148 780 fieri
3181 736 3354 780 tamen
3385 728 3496 781 sive
3519 743 3624 794 per
3654 740 3797 781 natu-

2208 837 2342 886 ram,
2368 824 2477 874 sive
2501 836 2594 888 per
2621 821 2809 887 legem.
2831 819 3059 889 (Poteris
3087 819 3432 882 addere,sivc
3455 833 3548 885 per
3575 819 3794 886 gratiam

2207 912 2560 965 sufficientem
2578 925 2868 964 connexam
2893 914 3194 965 necessar’o
3211 927 3330 964 cum
3357 910 3468 978 lege
3482 911 3797 978 obligatur.)

2211 1001 2442 1063 Christe,
2477 1001 2764 1068 responde,
2794 1001 2946 1053 vince
2970 1008 3132 1067 atque
3155 1001 3432 1064 convinco,
3456 1001 3634 1054 clama
3671 1017 3685 1052 :
3715 999 3799 1053 Si-

2211 1111 2272 1146 ne
2303 1109 2378 1146 me
2401 1095 2529 1146 nihil
2559 1095 2764 1165 potestis
2797 1097 2960 1162 facere
2992 1092 3169 1165 (Jonn.
3204 1109 3292 1156 xv,
3316 1092 3391 1162 5),
3420 1104 3475 1146 ιιι
3504 1103 3723 1146 taceant
3744 1095 3791 1145 hi

2211 1187 2297 1251 qui
2327 1186 2556 1238 clamant
2592 1204 2602 1237 :
2635 1186 2743 1238 Etsi
2776 1184 3064 1249 difﬁcilius,
3093 1193 3266 1238 tamen
3300 1199 3584 1252 possumus
3609 1193 3668 1238 et
3688 1185 3793 1238 sine

2214 1285 2263 1328 te
2317 1276 2530 1340 facere;
2573 1287 2664 1329 aut
2711 1277 2753 1328 si
2808 1289 2984 1329 tacere
3042 1291 3147 1329 non
3194 1285 3435 1344 possunt,
3464 1275 3700 1341 seipsos
3745 1276 3792 1328 in

2214 1369 2442 1421 latebras
2493 1370 2695 1436 a’iquas
2743 1370 2966 1430 ducant,
3019 1378 3075 1420 ut
3123 1369 3253 1420 a'ios
3307 1382 3412 1420 non
3454 1367 3732 1422 seducant.
3769 1385 3786 1417 ι

2215 1459 2358 1511 lianc
2406 1471 2638 1512 nostram
2689 1461 3001 1510 sententiam
3033 1457 3243 1512 eiudite
3293 1457 3520 1512 Basilius
3571 1458 3794 1512 Poncius

2213 1551 2446 1603 defendit
2480 1560 2612 1617 part.
2658 1568 2670 1601 I
2705 1549 2907 1602 lleiect.
2955 1551 3022 1604 de
3049 1558 3208 1620 grat.,
3245 1565 3362 1616 cap.
3400 1551 3482 1611 lt,
3516 1551 3609 1603 ubi
3643 1565 3786 1618 argu-

2214 1651 2388 1695 menta
2422 1643 2577 1694 solvit
2604 1644 2818 1704 Snazcz,
2854 1653 2902 1694 r-t
2933 1643 3194 1710 Vasqucz,
3228 1643 3314 1711 qui
3341 1645 3572 1710 ingenue
3608 1646 3788 1699 fatetur

2352 1734 2488 1802 disp.
2522 1735 2639 1794 I59.
2664 1750 2780 1802 cap.
2804 1737 2857 1799 4,
2878 1751 3023 1788 num.
3053 1735 3140 1798 56,
3165 1739 3517 1806 Augustinum
3553 1741 3717 1794 fui-se
3745 1742 3787 1794 in

523 1826 731 1889 adesse,
760 1839 857 1876 ncc
887 1838 1114 1890 unquam
1168 1822 1335 1890 legem
1374 1821 1611 1889 obligare
1645 1819 1743 1872 nisi
1775 1817 1910 1871 adsit
1937 1818 2104 1886 gratia
2139 1830 2182 1886 ῃ
2214 1825 2308 1876 hac
2341 1827 2449 1892 ipsa
2480 1825 2737 1878 sententia
2766 1841 2920 1890 quam
2953 1828 3196 1892 exposui,

525 1917 806 1984 adiuvans,
839 1917 974 1968 alias
1031 1915 1192 1969 homo
1238 1914 1306 1967 ob
1358 1912 1721 1982 impotentiam
1761 1920 2108 1966 excusaretur

529 2010 595 2060 ab
625 2009 1004 2061 observatione
1043 2008 1193 2076 legis.

596 2119 724 2172 Nam
758 2120 800 2172 si
832 2121 935 2184 lex,
973 2130 1029 2173 ut
1065 2120 1283 2187 obliget,
1317 2134 1527 2188 semper
1560 2118 1719 2172 infert
1749 2116 2110 2169 assistentiam

527 2213 710 2278 gratiae
753 2212 1088 2276 sufficientis,
1127 2220 1445 2277 sequeretur
1489 2209 1710 2276 gratiam
1758 2207 2110 2260 sufﬁcientem

521 2304 586 2355 ad
618 2303 1049 2356 tbscrvatiouem
1078 2302 1209 2369 legis
1231 2301 1586 2354 necessariam
1621 2315 1724 2352 non
1759 2299 1921 2351 fuisse
1951 2299 2113 2349 am’s-

527 2407 640 2444 sam
671 2409 733 2446 ex
763 2405 982 2461 peccato
1010 2393 1161 2456 Adte,
1189 2391 1328 2460 quod
1361 2393 1479 2444 licet
1519 2407 1545 2442 a
1583 2390 1819 2458 pluribus
1850 2389 2112 2443 conceda-

524 2494 634 2550 tur,
670 2493 793 2551 puto
837 2497 955 2536 csse
1002 2483 1364 2536 falsissimum.
1408 2483 1666 2535 Probatur
1701 2481 1956 2550 scquela:
1993 2494 2111 2531 nam

520 2574 686 2626 Adam
716 2589 810 2640 per
837 2582 1109 2641 peccatum
1135 2589 1238 2627 non
1261 2573 1459 2627 exemit
1493 2573 1736 2626 homines
1766 2588 1794 2626 a
1825 2573 1938 2640 lege
1961 2580 2112 2622 nata-

521 2662 640 2727 rali,
675 2663 786 2715 haec
815 2664 956 2716 enim
1008 2665 1090 2717 lex
1125 2663 1344 2731 perinde
1377 2663 1594 2731 obligat,
1629 2661 1833 2715 Adamo
1860 2668 2113 2728 peccante

525 2756 606 2806 vel
650 2769 753 2806 non
789 2762 1074 2822 peccante;
1108 2768 1236 2822 ergo
1265 2754 1312 2806 si
1341 2762 1396 2807 ut
1430 2753 1517 2807 lex
1548 2753 1749 2823 obliget
1792 2752 1950 2806 habet
1989 2766 2114 2804 cou-

528 2859 720 2898 nexam
770 2845 1129 2898 assistentiam
1181 2844 1366 2912 gratia:
1403 2844 1738 2909 sufﬁcientis,
1792 2845 1905 2896 hac
1945 2844 2112 2911 gratia

522 2935 817 2998 Sufﬁciens,
846 2935 958 2989 sive
1001 2942 1176 2988 stante
1212 2935 1416 2989 Adamo
1453 2935 1566 2989 sive
1596 2934 1838 2998 cadente,
1873 2948 2112 2987 connexa

523 3036 638 3079 erat
667 3042 786 3079 cum
820 3027 935 3096 lege
978 3037 1135 3095 prout
1164 3027 1430 3096 obligante
1454 3043 1468 3091 ;
1499 3041 1628 3097 ergo
1657 3041 1759 3079 non
1793 3026 1887 3079 fuit
1916 3027 2112 3078 amissa

525 3131 586 3170 ev
620 3126 836 3184 peccatu
864 3117 1021 3184 pritui
1055 3117 1502 3185 parentis.Probo
1530 3115 1688 3169 modo
1720 3116 1860 3168 illam
1891 3116 2110 3184 gratiam

2290 1916 2394 1970 Lex
2424 1917 2581 1985 igitur
2609 1933 2668 1969 ex
2718 1920 3009 1985 Augustino
3038 1920 3232 1972 homini
3265 1920 3382 1972 tl.lL‘I
3414 1932 3492 1975 e5!
3519 1963 3536 1985 ,
3574 1937 3680 1976 non
3725 1936 3771 1977 ut

2217 2024 2333 2062 eum
2365 2010 2531 2078 gratia
2560 2011 2842 2063 sufficienti
2873 2025 3052 2064 secum
3085 2016 3391 2066 necessar’n
3421 2030 3671 2070 connexa
3698 2019 3782 2068 ho.

2216 2104 2301 2155 mi.
2328 2119 2386 2156 es
2413 2104 2736 2171 agendorum
2759 2105 3063 2171 cognitione
3086 2106 3372 2158 instruetos
3391 2107 3454 2158 ad
3481 2123 3649 2176 opera
3676 2124 3774 2177 pne

2215 2208 2293 2253 ce;
2317 2203 2363 2246 ta
2398 2193 2659 2261 implenda
2682 2195 2914 2263 juvaret,
2944 2195 3037 2249 sed
3070 2196 3136 2248 ob
3160 2196 3259 2249 hoc
3286 2197 3404 2249 data
3436 2209 3520 2251 est
3553 2208 3612 2252 ut
3641 2202 3785 2252 homo

2215 2295 2439 2338 conatus
2479 2284 2654 2339 facere
2699 2301 2819 2354 qua:
2858 2296 3118 2354 prmcepta
3161 2297 3332 2350 erant,
3366 2298 3416 2342 et
3445 2304 3679 2344 cernens
3705 2305 3787 2358 per

2226 2386 2399 2429 semet
2433 2377 2517 2430 illa
2549 2378 2765 2446 exsequi
2817 2393 2921 2431 non
2972 2392 3147 2445 posse,
3181 2381 3367 2447 gratia:
3395 2381 3656 2433 auxilium
3700 2382 3786 2434 im-

2217 2468 2469 2534 p‘oraret.
2506 2468 2628 2520 llme
2672 2468 2856 2522 scribit
2901 2468 2965 2521 ad
3009 2469 3351 2522 Anastasium
3385 2468 3619 2535 epistola
3657 2468 3780 2522 Hi:

2223 2577 2240 2608 ‹
2280 2557 2385 2610 Lex
2416 2559 2592 2627 itaque
2637 2559 2879 2612 docendo
2929 2568 2980 2613 et
3021 2559 3257 2626 jubendo
3285 2563 3425 2628 quod
3470 2561 3594 2616 sine
3633 2561 3782 2630 gratia

2219 2648 2426 2714 impleri
2469 2663 2571 2701 non
2604 2658 2797 2716 potest,
2836 2648 3035 2702 homini
3088 2649 3417 2704 demonstrat
3460 2666 3619 2705 suam
3651 2651 3784 2704 inﬁr-

2219 2745 2482 2806 mitatem,
2516 2754 2574 2796 ttt
2603 2752 2806 2811 quierat
2838 2744 3199 2796 demonstrata
3234 2743 3516 2797 infirmitas
3559 2745 3782 2799 Salvato-

2219 2849 2361 2899 rem,
2388 2850 2416 2887 a
2442 2851 2544 2902 quo
2573 2851 2613 2888 s;
2637 2844 2756 2889 nata
2785 2836 3027 2888 voluntas
3058 2835 3243 2904 possit,
3277 2836 3415 2901 quod
3448 2837 3661 2891 inﬁrma
3690 2851 3778 2889 non

2222 2935 2418 2992 ιιιδςει.
2464 2947 2480 2977 ι
2517 2927 2659 2980 Idem
2689 2926 2902 2980 tradunt
2943 2928 3222 2995 Augustini
3252 2927 3527 2996 discipuli,
3578 2929 3779 2998 Fn'gett-

2218 3016 2344 3079 tius,
2378 3016 2469 3070 lib.
2505 3033 2539 3069 ιι
2572 3017 2639 3071 de
2667 3017 2834 3071 Verit.
2871 3020 3142 3086 prmilcst.,
3168 3033 3286 3087 cap.
3318 3017 3387 3070 4:
3427 3037 3445 3068 ι
3487 3020 3625 3073 Dum
3648 3035 3774 3088 ergt.

2219 3111 2312 3174 ait,
2347 3109 2652 3178 prmeipitur
2677 3110 2830 3163 nobis
2855 3120 2912 3164 ut
2942 3111 3186 3173 vcfimus,
3219 3111 3525 3166 ostenditur
3548 3112 3672 3182 quid
3704 3112 3777 3163 ha-

531 3207 887 3262 sufficientem
936 3223 1056 3262 esse
1105 3210 1356 3263 amissam
1402 3217 1716 3277 argumento
1763 3209 1973 3273 eodem,
2008 3223 2112 3274 quo
2141 3185 2186 3246 ί]
2223 3200 2348 3253 here
2378 3199 2694 3254 debeamus.
2747 3201 2854 3255 Sed
2907 3202 3026 3269 Quia
3062 3202 3111 3255 id
3144 3218 3206 3255 cx
3256 3202 3410 3256 nobis
3445 3203 3649 3258 habere
3692 3216 3776 3252 ron

532 3298 728 3353 Paulus
770 3298 834 3352 ad
868 3298 1039 3352 Galat.
1085 3315 1118 3351 ιι
1153 3315 1274 3354 usus
1309 3309 1392 3354 est
1439 3300 1504 3353 ad
1550 3299 1976 3353 contundendam
2025 3315 2113 3352 stt-

533 3390 769 3456 rcrb‘am
803 3404 987 3443 eorum
1019 3393 1106 3459 qui
1138 3392 1384 3444 dict-bant
1414 3392 1579 3460 lcgrm
1610 3405 1766 3459 posse
1793 3390 2107 3458 jtistiﬁeare;

531 3482 707 3552 arguit
743 3481 996 3548 breviter,
1028 3483 1120 3536 sed
1173 3483 1493 3538 solidissimc
1524 3503 1534 3536 :
1567 3483 1627 3539 Si
1657 3483 1790 3536 enim
1838 3499 1926 3549 per
1955 3484 2112 3552 legem

524 3571 744 3640 iustitia,
770 3587 886 3640 irgo
925 3573 1083 3640 gratis
1107 3571 1337 3626 Christus
1380 3581 1608 3626 mortuus
1637 3583 1729 3626 est.
1755 3571 1917 3640 Cujus
1957 3587 2112 3641 argu-

529 3661 696 3716 menti
733 3663 813 3715 vis
845 3672 951 3715 tota
996 3663 1046 3717 in
1081 3665 1180 3718 hoc
1208 3664 1452 3718 consistit
1480 3663 1618 3733 quod
1669 3665 1711 3718 si
1751 3665 1832 3719 lex
1865 3664 1972 3718 sila
2007 3664 2114 3718 διιτ-

530 3753 741 3807 lit-iebat
771 3753 835 3806 ad
869 3755 967 3808 hoc
1001 3764 1057 3807 ut
1084 3753 1327 3808 homines
1367 3753 1704 3808 observando
1749 3763 2010 3822 prteccpta
2057 3769 2112 3806 sc

529 3845 842 3897 innocentes
870 3855 1270 3907 conservarent,
1295 3843 1536 3897 Christus
1564 3844 1726 3912 gratis
1759 3859 1943 3912 passus
1967 3845 2105 3897 dice-

528 3945 700 3987 retur.
727 3933 834 3984 Cur
880 3933 1018 3984 cnim
1048 3935 1191 3986 venit
1221 3935 1271 3986 in
1321 3933 1596 3996 mundum,
1622 3949 1683 3987 ac
1732 3945 1806 3987 tot
1851 3946 2111 3990 tormenta

523 4022 703 4083 subiit,
731 4023 772 4072 si
805 4021 1018 4075 aliunde
1051 4037 1112 4075 ex
1149 4022 1281 4090 legis
1316 4021 1556 4075 doctrina
1591 4024 1836 4078 homines
1869 4036 2113 4092 poterant

525 4125 580 4162 se
606 4109 777 4176 justus
807 4111 1059 4166 servare?
1088 4111 1202 4167 Jam
1232 4128 1357 4167 vero
1380 4113 1621 4169 eamdem
1653 4116 1761 4166 vim
1799 4115 1954 4167 habet
1983 4132 2111 4183 apu-

529 4201 651 4252 sta-li
685 4201 1020 4255 ratiocinatio
1057 4212 1238 4256 contra
1265 4205 1484 4272 gratiam
1513 4203 1865 4258 sufﬁtientcm
1902 4223 1912 4256 :
1940 4203 1992 4257 Si
2025 4221 2116 4271 per

533 4292 699 4356 legem
729 4302 781 4345 et
811 4293 1033 4361 gratiam
1079 4295 1430 4350 sufﬁcientem
1467 4305 1673 4364 paterat
1704 4295 1864 4350 homo
1895 4296 2116 4361 implere

530 4393 693 4437 totam
727 4385 919 4453 legero,
953 4400 1079 4454 ergo
1111 4385 1355 4440 Christus
1386 4387 1551 4455 gratis
1580 4395 1818 4440 mortuus
1855 4395 1958 4440 est.
1987 4386 2114 4439 Res-

529 4479 837 4547 pondebant
867 4479 1134 4555 Christum
1185 4481 1398 4532 venisse
1431 4488 1488 4531 ut
1519 4479 1895 4533 abundantiori
1945 4481 2112 4549 gratia

2219 3305 2525 3358 possumus,
2563 3293 2917 3348 admonemur
2958 3303 3070 3347 uta
3127 3309 3230 3361 quo
3259 3296 3414 3348 nobis
3459 3295 3626 3350 datur
3653 3309 3777 3365 pra!-

2213 3392 2446 3452 ceptum,
2479 3383 2546 3437 ah
2578 3385 2692 3453 ipso
2723 3394 2964 3452 petamus
3013 3385 3288 3439 auxilium.
3328 3404 3345 3435 ι
3384 3385 3448 3438 Et
3479 3385 3712 3456 Prosper
3735 3385 3776 3434 in

2215 3477 2440 3544 epistola
2491 3479 2555 3530 ad
2611 3478 3042 3532 Demetriadem:
3074 3497 3091 3528 ι
3127 3477 3232 3531 Nec
3269 3478 3339 3532 ob
3369 3477 3516 3530 aliud
3567 3495 3638 3532 un
3661 3490 3776 3545 ,uam

2216 3569 2374 3622 datur
2405 3579 2753 3638 pricccptum,
2786 3569 2889 3622 nisi
2920 3578 2980 3622 ut
3003 3579 3274 3638 qtueratur
3303 3570 3671 3640 praecipientis
3701 3585 3777 3620 au-

2221 3661 2430 3713 xilittm.
2475 3679 2492 3712 ι
2530 3660 2692 3730 lgitur
2717 3660 2800 3714 lea
2841 3675 2943 3712 non
2974 3660 3134 3713 infert
3171 3659 3458 3727 potentiam
3493 3661 3774 3727 proximam

2219 3749 2508 3801 voluntatis
2531 3747 2756 3800 faciendi
2786 3748 2928 3816 quod
2973 3747 3206 3815 jubctur,
3240 3756 3294 3801 et
3322 3761 3386 3801 ex
3436 3745 3774 3818 consequenti

2217 3853 2320 3893 non
2350 3838 2503 3892 habet
2541 3851 2801 3891 annexam
2828 3839 3053 3906 gratiam
3081 3838 3322 3905 proxime
3349 3838 3704 3893 sufficientem
3722 3835 3774 3885 ad

2213 3929 2514 3984 faciendum
2537 3943 2670 3997 opus
2693 3929 3034 3996 imperatum.
3066 3929 3392 3998 Augustinus
3416 3945 3480 3982 ex
3509 3930 3774 3998 Apostolo,

2216 4022 2388 4076 Galat.
2424 4037 2499 4083 ιιι,
2534 4030 2686 4076 vocat
2716 4021 2888 4090 legem
2920 4022 3276 4090 paedagogum,
3301 4022 3422 4088 quia
3453 4021 3538 4076 lex
3563 4021 3774 4076 ducitad

2215 4112 2458 4181 gratiam.
2493 4112 2720 4180 Legatttr
2747 4125 2928 4166 sermo
2954 4111 3013 4162 l3
3041 4112 3108 4165 de
3129 4111 3312 4165 Verbis
3339 4115 3373 4163 Α
3386 4115 3610 4178 postoli.
3633 4114 3772 4178 Egre-

2216 4209 2301 4273 gie
2334 4207 2382 4258 in
2420 4207 2508 4258 lib.
2541 4203 2608 4258 de
2631 4205 2834 4271 Spiritu
2866 4213 2918 4258 et
2947 4205 3143 4267 littera,
3171 4218 3286 4271 cap.
3329 4204 3391 4256 i9
3422 4221 3434 4256 :
3469 4224 3486 4254 ι
3529 4206 3639 4260 Lex
3667 4217 3776 4270 ergo

2215 4297 2339 4349 data
2367 4306 2468 4359 est,
2504 4305 2560 4350 ut
2605 4295 2774 4366 gratia
2824 4305 3187 4362 quaereretur;
3218 4293 3384 4364 gratia
3421 4295 3543 4350 data
3586 4307 3665 4352 est
3693 4338 3704 4360 ,
3732 4303 3776 4346 ut

2221 4387 2302 4439 lex
2335 4387 2664 4454 impleretur.
2689 4386 2869 4456 Neque
2893 4388 3033 4442 enim
3059 4401 3157 4440 suo
3181 4389 3310 4441 vitio
3340 4403 3444 4442 non
3479 4388 3776 4459 imple-haun-

2219 4479 2323 4542 lex,
2352 4480 2444 4535 sed
2481 4479 2610 4532 vitio
2645 4478 2937 4547 prudentia:
2967 4479 3168 4532 carnis.
3201 4478 3352 4545 Quod
3382 4480 3569 4532 vitium
3596 4495 3685 4546 per
3713 4478 3774 4530 le-

526 4571 753 4623 httmana
796 4580 983 4622 natura
1016 4569 1312 4624 fulciretur.
1345 4576 1646 4624 instamus:
1681 4570 1841 4636 lgitur
1869 4569 2112 4622 Christus
2147 4565 2194 4623 Ι)
2220 4585 2340 4639 gem
2372 4570 2874 4634 demonstrandum,
2909 4584 3004 4637 per
3039 4571 3263 4637 gratiam
3297 4571 3595 4623 sanandum
3629 4570 3728 4623 fuit.
3756 4584 3768 4613 ι

525 4675 764 4715 mortuus
791 4669 871 4716 est
901 4671 956 4714 ut
988 4659 1190 4715 facilius
1233 4674 1507 4728 possemus
1552 4663 1772 4730 implere
1827 4662 1993 4731 legem
2043 4678 2106 4714 ex

526 4753 682 4806 denis
715 4754 879 4822 ipsius
906 4754 1112 4823 gratiae,
1141 4767 1297 4820 quam
1327 4762 1522 4815 tamen,
1558 4751 1680 4804 licet
1705 4749 1989 4814 difﬁcilius,
2014 4750 2112 4801 im-

529 4847 678 4913 ph-re
735 4855 1040 4913 poteramus
1103 4860 1194 4912 per
1245 4844 1468 4911 gratiam
1530 4843 1879 4897 sufﬁcientem
1949 4841 2107 4894 etiam

528 4938 728 5001 absque
759 4938 922 5002 ipsius
952 4937 1323 5004 Redemptoris
1353 4946 1540 4988 morte.
1563 4933 1639 4987 Ad
1664 4933 1764 4988 huc
1786 4933 1999 4987 verbum
2034 4934 2113 5001 fa-

527 5026 673 5074 rilins
705 5027 865 5077 veluti
897 5027 962 5078 ad
996 5043 1200 5080 sat-ram
1233 5027 1521 5080 ani-horam
1552 5026 1600 5078 in
1645 5035 1961 5094 tempestate
1985 5039 2114 5080 con-

528 5111 800 5180 fugiebant
834 5113 1126 5180 Pelagiani,
1152 5131 1285 5183 quos
1327 5117 1407 5169 bis
1451 5116 1776 5185 Augustinus
1804 5124 2114 5171 exsecratus

527 5219 606 5259 e~t
623 5205 711 5258 ιιι».
737 5219 770 5256 ιι
787 5204 972 5270 Operis
1001 5207 1231 5272 unperf.,
1249 5223 1363 5274 cap.
1389 5207 1505 5271 l98,
1529 5209 1638 5269 ubi,
1661 5208 1898 5262 recitatis
1922 5207 2112 5260 iisdem

530 5301 711 5355 verbis
758 5297 926 5359 Pauli,
954 5297 1062 5350 ait:
1094 5312 1110 5342 ο
1139 5300 1374 5364 Apostoli
1418 5307 1500 5353 cst
1539 5315 1635 5352 vox
1690 5302 1806 5362 ista,
1838 5316 1941 5352 non
1967 5313 2114 5359 mea;

525 5396 636 5462 jam
661 5393 922 5455 rrutnpite
952 5391 1000 5443 in
1029 5400 1292 5457 apertum,
1321 5392 1518 5445 inimici
1552 5395 1721 5446 crucis
1742 5393 1961 5456 Christi,
1988 5393 2110 5460 quid

530 5485 726 5538 timetis
752 5497 1000 5553 magnum
1036 5482 1283 5549 populum
1309 5481 1528 5543 Christi,
1555 5491 1609 5534 et
1635 5481 1832 5535 Christi
1865 5497 2110 5550 magnum

531 5579 782 5642 judicium
813 5595 916 5630 non
951 5576 1179 5630 timetis?
1208 5578 1402 5644 Aperte
1433 5576 1590 5629 dicite
1617 5576 1935 5629 :Jttstilicat‘i
1967 5585 2109 5627 Italu-

529 5680 604 5726 ra,
636 5669 910 5731 iustiﬁcari
940 5669 1053 5733 lege
1076 5682 1386 5734 pessumus,
1409 5668 1570 5735 gratis
1603 5677 1840 5718 rnortuns
1863 5675 1941 5720 est
1964 5666 2109 5718 Chri-

526 5766 660 5808 stus.
695 5755 822 5816 Sed,
876 5757 1219 5810 formidantes
1281 5758 1670 5811 multitudinem
1727 5758 2102 5820 Christianam,

2222 4663 2392 4731 Pergit
2419 4663 2640 4716 ulterius
2667 4672 2884 4717 sanctus
2905 4663 3114 4728 doetor,
3139 4662 3383 4717 scribens
3408 4663 3578 4733 legem
3607 4662 3771 4730 jubere

2217 4754 2481 4813 facienda,
2517 4753 2675 4806 ﬁdem
2709 4768 2837 4806 vero
2869 4755 3150 4822 impetrare
3181 4754 3504 4820 adiutorium
3531 4755 3598 4806 ad
3633 4756 3770 4818 impe-

2221 4860 2334 4900 ra'a
2384 4844 2714 4913 exequenda.
2752 4845 2885 4897 llinc
2933 4845 3148 4898 celebre
3175 4846 3346 4899 evasit
3396 4845 3522 4897 illud
3556 4842 3768 4912 ejusdem

2220 4939 2416 4991 dictum
2446 4954 2456 4988 :
2487 4935 2640 4990 Fides
2670 4935 2906 4999 impetrat
2933 4937 3072 5001 quod
3098 4937 3180 4989 lea:
3209 4937 3445 5004 imperat.
3489 4936 3658 5000 Epist.
3699 4933 3767 4984 ιιι.

2218 5044 2270 5097 q.
2307 5029 2360 5092 2,
2392 5029 2482 5082 lib.
2517 5028 2582 5080 de
2615 5027 2815 5095 Spiritu
2848 5035 2901 5076 et
2935 5026 3129 5088 littera,
3158 5041 3275 5090 cap.
3304 5025 3396 5084 ‘29,
3427 5037 3480 5078 et
3507 5024 3654 5077 alibi.
3685 5024 3767 5071 Alt-

2221 5116 2444 5170 diendus
2475 5127 2558 5170 est
2586 5130 2703 5181 cap.
2742 5114 2804 5165 l5
2829 5115 2946 5167 libri
2981 5117 3221 5181 proxime
3255 5115 3450 5166 laudati
3481 5133 3491 5164 :
3527 5133 3542 5162 ι
3586 5115 3658 5166 Ae
3688 5121 3764 5176 per

2221 5209 2339 5272 hoc,
2376 5208 2559 5275 inquit,
2603 5207 2714 5273 lege
2758 5221 2978 5275 opt-rum
3025 5208 3151 5262 dicit
3185 5207 3320 5261 Deus
3355 5225 3367 5259 :
3402 5207 3507 5261 Fac
3538 5206 3670 5273 quod
3694 5204 3760 5267 jtt-

2220 5301 2348 5353 beo:
2403 5301 2516 5365 lege
2566 5299 2683 5351 ﬁdei
2725 5298 2917 5352 dicitur
2969 5299 3118 5353 Deo:
3153 5300 3222 5352 Da
3269 5299 3408 5367 quoi
3443 5300 3619 5368 iubes.
3667 5297 3760 5348 hch

2219 5395 2360 5446 enim
2391 5390 2544 5459 jubet
2573 5392 2652 5443 lex
2689 5399 2743 5442 ut
2773 5391 3060 5444 admoneat
3090 5391 3212 5457 quid
3239 5391 3392 5444 faciat
3427 5393 3576 5452 ﬁdes,
3611 5389 3656 5440 id
3685 5393 3765 5443 εει.

2221 5492 2277 5534 ιιι
2305 5484 2388 5536 cui
2418 5483 2654 5548 iubetur,
2687 5483 2730 5534 si
2765 5484 2998 5535 nondum
3046 5492 3238 5550 potest,
3278 5485 3406 5535 sciat
3454 5482 3576 5549 quid
3609 5484 3764 5546 petat;

2221 5574 2260 5622 si
2291 5581 2465 5623 autem
2499 5572 2754 5624 continuo
2789 5582 2982 5634 potest,
3018 5582 3071 5624 ct
3101 5572 3416 5626 obcdicutcr
3447 5570 3567 5623 facit
3590 5610 3603 5630 ,
3629 5566 3766 5619 tlt'llPl

2217 5665 2373 5716 etiam
2426 5665 2565 5717 scire
2598 5679 2700 5731 quo
2746 5665 2977 5716 donante
3011 5663 3152 5716 facit.
3205 5682 3221 5713 ι
3278 5663 3352 5716 Ex
3404 5663 3596 5730 quibus
3643 5663 3764 5725 pall‘l

2211 5753 2530 5828 quandoque
2562 5753 2810 5808 auxilium
2837 5754 3079 5821 proxime
3111 5751 3379 5807 sufﬁclens
3415 5761 3606 5820 persto
3630 5759 3762 5804 esse;
