3892 6298
121 328 214 381 ϐῖῚ

1275 338 1598 394 VlNlthl/E
1638 330 2208 401 Aususrtstam.‘

3263 370 3368 427 678

119 446 276 514 inquit
309 449 472 514 enim,
505 450 548 502 si
575 460 741 504 autem
783 466 1047 508 commto
1081 463 1262 526 potest.
1300 456 1430 508 lllud
1465 472 1592 509 vero
1619 472 1681 509 ex
1714 455 1762 512 Α
1791 469 1908 507 cum
1939 467 2112 512 tamen
2162 463 2244 514 lex
2294 462 2535 518 subditos
2565 480 2595 518 a
2638 469 2947 527 criminibus
2991 489 3194 534 arceat.
3224 483 3366 538 Dixit

119 537 406 603 Augustino
455 549 658 594 eertum
704 553 819 605 est,
868 560 1039 612 neque
1088 547 1245 600 ﬁdem
1281 563 1435 615 posse
1467 564 1685 604 movere

117 624 378 680 hominem
411 630 786 698 adpetendum
826 636 1060 690 divinum
1095 640 1369 703 auxilium,
1399 643 1464 701 ad
1497 643 1596 696 hoc
1629 654 1683 696 ut

114 719 276 781 possit
308 721 526 788 implere
555 734 842 793 prmcepta,
875 728 975 780 nisi
1016 729 1152 783 Deus
1181 729 1426 784 infundat
1454 732 1680 804 gratiam

108 812 386 877 actualem,
417 829 520 883 qua
553 816 714 870 homo
755 826 1034 874 moveatur
1061 821 1125 874 ad
1175 823 1458 876 orandum.
1507 824 1681 879 Semi-

111 903 505 972 l‘elagiauorum
559 923 711 963 error
743 910 838 965 fuit
888 927 1046 981 posse
1093 915 1362 970 hominem
1413 925 1595 985 petere
1625 927 1680 972 et

107 990 408 1050 desiderare
450 999 560 1050 suis
598 999 797 1055 viribus
837 1005 1093 1070 gratiam,
1127 1020 1282 1072 quem
1315 1005 1584 1061 damnat-it
1612 1023 1679 1062 cx

117 1084 406 1152 Augusﬁno
437 1089 672 1156 synodus
714 1091 1074 1162 Arausicana,
1120 1111 1325 1151 canone
1366 1098 1430 1162 6;
1480 1101 1677 1160 etenim

107 1171 221 1228 licet
250 1177 370 1242 quis
401 1178 472 1232 sit
501 1179 694 1248 ﬁdelis,
731 1199 833 1235 non
865 1183 1026 1239 habet
1054 1186 1104 1239 in
1136 1188 1359 1256 singulis
1391 1192 1677 1245 momentis

103 1282 328 1333 praiseus
386 1270 622 1324 divinum
678 1273 934 1328 auxilium
987 1279 1227 1343 proxime
1283 1279 1558 1335 sufﬁciens
1611 1283 1676 1337 ad

100 1357 374 1410 orandum.
411 1360 521 1414 lloc
556 1364 751 1428 pas~im
781 1366 832 1417 in
865 1369 1164 1436 Augustino
1187 1369 1433 1424 habetur.
1459 1373 1574 1426 Lib.
1610 1374 1676 1429 de

103 1444 244 1497 houo
268 1462 504 1514 perscv.,
530 1467 646 1520 cap.
674 1453 764 1516 9.5,
789 1453 857 1508 de
884 1454 1356 1527 Serui-Pelagianis
1383 1461 1487 1515 ait:
1512 1481 1530 1512 ι
1571 1464 1674 1518 Nec

101 1536 276 1588 t'oluttl
310 1537 637 1608 inteliigere,
670 1543 830 1597 etiam
864 1543 964 1598 hoc
991 1546 1154 1599 divini
1185 1551 1416 1603 munt-ris
1444 1566 1582 1617 esse,
1618 1561 1674 1607 ut

94 1639 324 1694 oremus,
362 1629 465 1682 hoc
511 1640 614 1690 est,
649 1643 886 1700 petamus
911 1676 926 1698 ,
957 1651 1256 1704 qtmramus
1294 1651 1453 1710 atque
1487 1646 1668 1710 pulse-

92 1730 204 1769 ntus
235 1735 245 1768 :
278 1719 569 1788 Acc'pimus
595 1724 730 1775 enim
755 1726 992 1792 spiritum
1025 1729 1315 1797 adoptionis
1345 1732 1395 1784 in
1425 1750 1524 1802 quo
1555 1735 1666 1789 (Ia-

1793 547 1808 598 l
1839 545 1971 611 Cor.
1998 565 2100 601 xv:
2137 551 2308 604 l'irtus
2356 569 2471 606 vero
2502 560 2694 623 peccati
2725 562 2836 625 (ex,
2872 578 2991 618 cum
3027 569 3106 623 lex
3150 588 3365 639 peccata

1787 635 2090 704 prohibeat.
2124 643 2230 696 llas
2258 654 2433 714 tamen
2471 649 2716 717 loquendi
2759 654 3012 712 formulas
3040 635 3366 731 AungtInus

1785 728 1914 781 locis
1941 733 2189 798 superius
2213 734 2442 790 laudatis
2465 743 2739 808 explicuit,
2769 748 2968 804 uibilve
2994 752 3212 809 absurdi
3237 773 3366 812 con-

1783 816 1956 872 tinere
1997 825 2338 879 monstravit.
2386 827 2440 881 ln
2477 845 2542 884 eo
2581 843 2757 888 autem
2797 848 3016 896 sanctus
3059 844 3246 900 doctor
3279 865 3365 904 re-

1781 910 2156 977 prehenditur,
2189 916 2328 982 quod
2359 919 2503 982 visus
2534 921 2605 976 sit
2630 938 2874 983 asserere
2923 929 3092 1000 legem
3123 947 3360 994 veterem

1781 1012 1904 1051 reos
1933 1001 2125 1056 fecisse
2154 1004 2399 1062 homines
2420 1008 2677 1077 jubendo,
2703 1031 2806 1069 non
2830 1018 3164 1088 adjuvando;
3193 1030 3363 1096 quod—

1780 1100 1846 1140 ve
1875 1102 2033 1155 opera
2069 1091 2206 1169 facta
2236 1094 2286 1148 in
2320 1096 2432 1166 lege
2466 1103 2637 1155 veteri
2666 1116 2876 1171 peccata
2907 1111 3073 1177 dixit,
3103 1091 3224 1171 cuni
3268 1119 3362 1174 Ju-

1780 1174 1878 1229 dtei
1913 1178 2000 1233 illa
2036 1182 2254 1237 fecerint
2288 1190 2480 1246 timore
2522 1208 2724 1259 ptume,
2757 1212 2862 1251 non
2900 1217 3084 1258 amore
3115 1207 3356 1276 justitim.

1778 1262 1947 1319 Judmi
1995 1269 2171 1325 habita
2209 1273 2323 1343 lege
2369 1293 2434 1331 eo
2460 1283 2725 1348 superbire
2755 1286 2956 1355 delapsi
2985 1262 3139 1361 sunt:
3169 1263 3231 1350 ut
3263 1262 3360 1364 pu-

1780 1356 1941 1408 tarint
1973 1358 2142 1413 solam
2179 1361 2347 1431 legem
2380 1367 2445 1420 ad
2488 1368 2756 1425 hominem
2783 1356 3180 1441 justiﬁeandu'm
3211 1356 3361 1439 sufﬁ-

1776 1459 1920 1509 cere,
1957 1464 2129 1516 neque
2160 1459 2512 1511 necessariam
2539 1476 2660 1515 esse
2706 1462 2798 1518 Dei
2827 1470 3050 1536 gratiam
3077 1510 3092 1535 ,
3123 1474 3213 1527 sed
3245 1485 3360 1529 tan-

1778 1544 1885 1590 tum
1922 1539 2145 1594 liberum
2198 1545 2496 1601 arbitrium.
2544 1551 2640 1604 llic
2683 1563 2871 1617 autem,
2895 1573 3049 1616 error
3099 1573 3203 1616 tam
3250 1565 3359 1619 alte

1776 1639 1960 1678 eorum
1989 1629 2258 1682 mentibus
2276 1625 2564 1701 insidebat,
2591 1647 2646 1692 ut
2670 1641 2910 1711 plerique
2930 1648 3089 1700 etiam
3112 1650 3176 1701 ad
3199 1651 3355 1706 ﬁdem

1776 1730 1840 1768 ex
1872 1716 2148 1772 Judaismo
2186 1726 2432 1777 conversi
2482 1728 2534 1779 in
2584 1731 2754 1783 veteri
2803 1748 2986 1788 errore
3039 1738 3355 1796 olrtinatius

91 1823 284 1860 o-amus
305 1810 444 1863 Abba
465 1811 615 1865 Pater
639 1816 808 1885 (Rom.
843 1817 953 1887 rut)
971 1859 984 1882 ,
1012 1831 1113 1873 etc.
1140 1840 1159 1873 ι
1198 1823 1337 1878 Idem
1370 1801 1527 1881 habet
1554 1830 1664 1896 epi-

1775 1816 2136 1875 versarentur,
2169 1811 2308 1863 unde
2333 1813 2454 1866 illos
2485 1815 2781 1883 Aposwlus
2804 1823 2980 1888 arguit
3029 1824 3082 1876 in
3114 1827 3351 1894 Epistula

88 1901 218 1953 stola
254 1901 372 1970 liii,
410 1905 498 1958 lib.
533 1907 598 1959 de
646 1905 889 1976 Corrept.
931 1922 983 1964 et
1029 1923 1197 1982 grat.,
1230 1930 1348 1982 cap.
1387 1917 1406 1968 ἰ
1439 1934 1452 1980 ;
1502 1922 1660 1986 ep'st.

92 1993 206 2056 ill,
239 2009 361 2061 cap.
404 1997 484 2051 15.
523 1999 575 2051 lu
629 2000 763 2054 libro
805 2017 818 2054 t
863 2014 1052 2070 quaid.
1101 2005 1164 2057 ad
1218 2008 1620 2074 δῑιηιιιῑείθηηίη
1649 2052 1661 2073 θ

91 2099 136 2150 q.
167 2083 221 2149 Ξ,
259 2083 384 2140 inde
419 2091 603 2155 probat
634 2092 934 2146 orationem
964 2093 1245 2161 fervidam,
1277 2114 1380 2166 qua
1413 2103 1662 2166 impetra-

93 2193 220 2242 mus,
253 2191 374 2232 esse
413 2195 441 2232 a
477 2181 620 2235 Deo:
654 2205 670 2234 ι
714 2184 904 2240 Nonne
956 2187 1244 2255 aliquando
1272 2230 1286 2252 ,
1319 2193 1517 2258 inquit,
1552 2194 1662 2261 ipsa

93 2277 260 2320 nostra
282 2272 456 2334 oratio
478 2273 554 2328 sic
580 2275 753 2344 tepida
779 2287 879 2338 est,
910 2279 991 2332 vel
1020 2282 1193 2346 potius
1219 2282 1425 2352 frigida,
1450 2295 1503 2339 et
1532 2301 1594 2354 re
1621 2302 1665 2340 .e

96 2359 246 2422 nulla,
282 2362 393 2416 imo
423 2366 642 2419 omnino
665 2366 932 2422 interdum
966 2370 1038 2423 ita
1077 2374 1243 2439 nulla,
1279 2386 1335 2430 ut
1363 2393 1535 2445 neque
1563 2380 1663 2432 hoc

92 2452 136 2503 iu
176 2455 328 2510 nobis
366 2471 490 2510 cum
541 2458 726 2514 dolore
769 2460 1108 2517 advertamus
1134 2507 1148 2531 ,
1191 2467 1311 2533 quia
1363 2469 1407 2520 si
1440 2468 1522 2522 vel
1567 2469 1665 2523 hoc

90 2543 341 2608 dolemus,
371 2544 482 2612 jam
517 2549 765 2602 oramus?
805 2568 820 2599 ι
861 2551 934 2604 Ex
971 2551 1054 2605 his
1101 2554 1366 2623 colligitur
1397 2558 1664 2622 quomodo

90 2633 325 2688 inﬁdeles
373 2646 600 2701 peccent
647 2656 753 2692 non
787 2641 1120 2696 observando
1166 2645 1369 2711 legem,
1423 2641 1664 2714 quando-

90 2725 290 2788 quidem
332 2728 451 2782 siue
502 2729 604 2783 ﬁde
655 2742 875 2786 manent
925 2744 1122 2788 tantum
1170 2738 1269 2790 sub
1319 2739 1434 2807 lege
1483 2741 1668 2806 praeci-

90 2817 282 2881 piente,
341 2834 448 2872 non
505 2821 605 2874 sub
652 2823 822 2890 gratia
874 2825 1115 2890 proxime
1158 2827 1479 2897 adjuvante;
1530 2833 1668 2886 unde

93 2919 237 2970 opera
267 2923 388 2974 qum
422 2910 520 2977 ipsi
556 2911 757 2964 faciunt
784 2929 1000 2982 semper
1022 2928 1146 2970 sunt
1177 2929 1412 2986 peccata,
1446 2921 1543 2974 nisi
1579 2924 1668 2977 ubi

94 2996 363 3064 aliquando
397 2998 537 3053 Deus
563 3002 823 3069 quosdam
864 3005 1034 3059 bonos
1080 3016 1233 3076 actus
1263 3009 1399 3076 ipsis
1424 3014 1668 3066 nesciens

99 3090 220 3143 tibus
271 3091 319 3143 in
360 3092 674 3150 earumdem
729 3095 1095 3150 voluntatibus
1147 3113 1416 3166 operatur.
1467 3102 1663 3156 Scribit

100 3181 403 3250 Augustinus
434 3184 486 3236 in
517 3185 674 3253 epist.
710 3185 810 3237 1M
839 3203 851 3239 :
883 3204 900 3237 ι
938 3187 1045 3241 Lex
1073 3189 1235 3257 igitur
1263 3191 1480 3246 adducit
1505 3193 1571 3246 ad
1603 3196 1664 3243 ti-

99 3271 228 3338 dem,
269 3273 398 3328 ﬁdes
447 3274 699 3342 impetrat
740 3275 985 3345 spiritum
1027 3279 1313 3348 largiorem
1339 3325 1353 3347 ,
1405 3283 1660 3348 diffundit

97 3364 307 3430 Spiritus
336 3367 685 3436 charitatem,
721 3368 908 3435 implet
936 3369 1170 3425 Charitas
1201 3372 1390 3438 legem.
1422 3373 1544 3428 [deo
1576 3375 1660 3429 lex

91 3455 386 3526 pa-dagogus
417 3466 667 3522 vocatur,
715 3458 814 3512 sub
859 3460 1013 3528 cujus
1063 3461 1419 3516 minacissima
1454 3465 1664 3518 sevcri-

99 3556 207 3609 tate,
231 3549 310 3615 qui
339 3550 654 3602 invocaverit
696 3566 877 3602 nomen
925 3551 1128 3603 Domini
1165 3554 1339 3605 saluus
1375 3556 1488 3607 erit.
1521 3555 1662 3620 Quo-

101 3638 232 3691 modo
280 3647 448 3692 autem
491 3639 842 3704 invocabant,
893 3641 947 3692 in
994 3657 1140 3709 quem
1190 3659 1289 3701 non
1332 3644 1662 3700 crediderunt

104 3728 258 3794 (llam.
290 3731 622 3799 x)'fltaque,
675 3743 794 3782 cum
846 3730 1092 3784 inﬁdeles
1133 3731 1182 3784 in
1231 3732 1502 3785 Christum
1555 3749 1659 3788 non

103 3820 321 3888 tredaut,
357 3822 446 3877 Dei
477 3822 714 3892 gratiam
749 3821 813 3873 ad
868 3821 1189 3890 implendam
1243 3824 1413 3893 legem
1447 3834 1662 3880 natura-

107 3912 189 3963 lem
219 3930 314 3968 non
343 3926 566 3985 petunt;
603 3916 743 3970 unde
776 3930 874 3971 nec
902 3917 1145 3971 eamdem
1187 3919 1496 3986 observant,
1531 3931 1586 3974 et
1611 3921 1660 3988 εἰ

107 4018 208 4069 una:
236 4007 364 4064 bona
393 4010 579 4065 facere
605 4009 872 4073 videntur,
928 4009 1013 4062 illa
1047 4025 1151 4063 non
1179 4009 1381 4064 faciunt
1412 4011 1574 4078 bene,
1608 4022 1664 4066 ιιι

108 4093 179 4158 ﬁxi
206 4102 470 4164 probatum
503 4109 616 4156 est.
667 4100 774 4154 Cur
805 4116 932 4155 veto
981 4117 1084 4154 non
1132 4111 1473 4167 cxcusentur,
1506 4105 1663 4158 tradit

108 4188 398 4254 Augustinus
427 4192 475 4246 iu
510 4193 612 4246 lib.
645 4193 713 4245 de
755 4191 952 4258 Spiritu
992 4203 1047 4247 et
1084 4193 1298 4261 littera,
1335 4209 1452 4265 cap.
1488 4195 1577 4260 35,
1610 4204 1664 4250 et

110 4283 242 4344 epist.
277 4286 392 4350 lﬁfi,
423 4286 487 4340 ad
519 4285 760 4340 Sixtum.
796 4285 1056 4352 Quamvis
1092 4287 1234 4339 enim
1267 4297 1483 4341 careant
1507 4289 1662 4341 auxi-

112 4372 167 4422 lio
192 4379 414 4440 proxime
458 4377 793 4442 sufﬁcienti,
829 4376 1031 4430 habent
1073 4387 1248 4430 tamen
1295 4378 1492 4432 auxilia
1522 4394 1666 4446 qure-

111 4464 213 4518 tlntu
242 4480 458 4534 remota,
489 4468 636 4523 unde
667 4482 774 4522 non
815 4467 1087 4536 patiuntur
1117 4468 1523 4523 antecedentem
1573 4485 1666 4524 ne-

114 4555 385 4613 cessitatem
416 4558 715 4628 peccandi,
748 4573 903 4626 quam
939 4558 1058 4610 licet
1092 4558 1379 4612 humanum
1405 4574 1573 4628 genus
1599 4576 1661 4612 ex

117 4659 304 4708 precatu
330 4651 479 4719 primi
512 4653 753 4723 parentis
781 4652 1090 4716 incurrerit,
1125 4650 1323 4706 Christi
1355 4661 1530 4705 tamen
1562 4653 1667 4708 Re-

116 4735 380 4805 demptoris
412 4743 676 4797 beneﬁcio
706 4741 912 4795 sublata
943 4753 1047 4806 est,
1082 4751 1136 4794 ut
1166 4754 1318 4796 acute
1351 4742 1540 4810 probat
1571 4758 1666 4795 no-

120 4837 209 4878 διιεῖ
237 4829 452 4888 l’oncius
485 4841 625 4901 part.
657 4848 671 4884 ι
705 4833 907 4886 ltelect.
945 4832 1011 4886 de
1039 4841 1206 4901 grat.,
1236 4847 1353 4899 cap.
1392 4833 1475 4886 lii.
1523 4833 1664 4886 Nihil

123 4915 255 4982 igitur
285 4927 604 4992 Augustinus
636 4925 810 4977 durius
838 4925 928 4989 (de
978 4925 1116 4993 lege)
1148 4924 1340 4992 impetu
1381 4926 1540 4978 animi
1589 4929 1666 4980 vel

123 5019 230 5063 usta
257 5016 610 5082 disputationis
632 5018 881 5080 as-eru't,
910 5023 965 5067 ut
993 5015 1352 5070 contendebat
1381 5015 1663 5071 Moraines.

121 5097 209 5153 Sed
236 5108 365 5171 quod
410 5125 509 5163 nec
538 5108 606 5161 de
644 5108 759 5178 lege
801 5110 964 5163 veteri
1010 5108 1198 5163 durius
1231 5108 1503 5178 quidpiam
1537 5125 1664 5179 pro-

128 5192 354 5249 nuntiarit
380 5199 622 5252 ostentlo.

187 5279 233 5333 lu
255 5286 447 5348 primis,
473 5291 517 5341 si
543 5287 702 5341 verba
729 5296 785 5341 ut
814 5288 939 5341 loris
973 5297 1167 5342 sonant
1193 5298 1394 5343 tantum
1423 5290 1669 5345 conside-

131 5384 319 5439 rantur,
351 5381 585 5445 proiecto
623 5397 725 5432 non
772 5380 1100 5448 Augustinus
1128 5421 1144 5447 ,
1197 5381 1288 5434 sed
1323 5382 1516 5435 Paulus
1543 5397 1670 5435 cen-

133 5465 303 5520 sendus
345 5469 477 5524 foret
523 5472 708 5524 durius
751 5471 957 5524 locutus
1003 5473 1070 5524 de
1095 5473 1257 5524 veteri
1291 5474 1405 5539 lege
1454 5472 1668 5542 i'lloysis.

133 5548 260 5606 Dixit
288 5559 434 5614 Rom.
465 5577 493 5612 v
523 5579 536 5613 :
579 5563 680 5616 Leu:
717 5572 887 5615 autem
929 5561 1228 5613 subintrat‘it
1249 5606 1263 5628 ,
1296 5573 1348 5633 ut
1392 5562 1672 5615 abundaret

136 5638 366 5708 delirium,
393 5665 506 5702 cum
535 5661 705 5704 tamen
733 5652 813 5705 lex
845 5651 962 5704 ideo
987 5649 1365 5719 promulgetur,
1397 5661 1450 5703 ut
1478 5650 1670 5704 delicm

130 5733 384 5799 ttdlantttr.
414 5751 461 5795 et
488 5754 711 5800 cessent.
739 5742 876 5797 Dixit
905 5743 941 5796 ll
971 5744 1092 5797 Cor.
1121 5759 1173 5796 ιιι
1201 5761 1211 5796 :
1241 5741 1435 5796 Littera
1468 5743 1668 5806 οτσὶίίίί,

1768 1898 1834 1950 ad
1860 1898 2092 1962 Galatas,
2133 1917 2250 1970 cap.
2280 1904 2332 1971 2,
2366 1919 2677 1976 argumento
2708 1914 2949 1979 superius
2985 1917 3204 1970 recitato
3233 1936 3246 1970 :
3293 1920 3352 1972 Si

1769 2003 1832 2039 ea:
1861 1987 1969 2056 lege
2006 1992 2232 2058 justitia,
2269 2010 2388 2063 ergo
2427 1995 2658 2052 Christus
2689 2002 2850 2069 gratis
2882 2013 3106 2057 mortuus
3134 2016 3224 2058 est.
3252 2006 3352 2060 Tc-

1771 2085 1943 2158 statur
1971 2081 2297 2148 Augustinus
2329 2086 2442 2139 haec
2471 2089 2580 2154 ipsa
2611 2091 2806 2158 saepius
2835 2092 3149 2160 Apostoluin
3182 2099 3352 2151 incul-

1770 2155 1921 2223 casse
1965 2180 2020 2224 ut
2066 2176 2379 2231 earumdem
2431 2181 2738 2248 superbiam
2781 2189 3154 2244 eontuoderct.
3213 2211 3230 2242 ι
3265 2193 3344 2244 Ad

1771 2261 1874 2316 hoc
1900 2264 2045 2317 ducit
2070 2305 2083 2328 ,
2133 2267 2302 2336 inquit
2352 2285 2514 2324 serm.
2569 2273 2631 2324 15
2660 2274 2728 2329 de
2769 2276 2955 2331 Verbis
2989 2279 3263 2350 ApOstoli,
3295 2291 3353 2336 et

1772 2355 2117 2408 con'itncndat
2151 2357 2250 2411 ista
2293 2361 2582 2428 Apostolus
2612 2374 2829 2432 propter
2858 2367 3070 2424 Judmos
3097 2412 3110 2434 ,
3150 2372 3238 2440 qtti
3286 2373 3352 2428 de

1769 2444 1886 2512 lege
1911 2445 2299 2512 gloriabantur,
2329 2460 2380 2502 et
2410 2451 2578 2506 libero
2617 2469 2714 2508 suo
2745 2457 2968 2512 arbitrio
3007 2461 3174 2529 legem
3205 2464 3354 2515 sufﬁ-

1767 2547 1891 2587 cere
1922 2535 2315 2591 arbitrabantur
2341 2557 2353 2604 ;
2385 2556 2447 2594 ac
2478 2558 2570 2609 per
2601 2544 2700 2598 hoc
2731 2548 2851 2614 quia
2894 2549 3060 2603 libero
3085 2565 3181 2605 suo
3207 2553 3350 2605 arbi-

1774 2622 1872 2674 trio
1921 2620 2086 2690 legem
2136 2628 2382 2684 sufﬁcere
2428 2633 2844 2699 arbitrabantur,
2897 2638 3200 2704 ignmantcs
3259 2641 3350 2696 Dei

1769 2713 2048 2780 justitiam,
2081 2717 2132 2769 id
2163 2727 2263 2783 est,
2295 2734 2358 2772 ex
2395 2719 2496 2774 ﬁde
2519 2722 2778 2788 justitiam
2811 2725 2987 2779 datam
3031 2743 3057 2779 a
3090 2728 3346 2794 Domino,

1784 2813 1839 2857 et
1867 2819 2018 2857 suam
2052 2807 2290 2861 volentes
2320 2817 2574 2876 statuere,
2605 2815 2755 2878 quasi
2800 2816 2910 2868 suis
2941 2816 3142 2870 viribus
3170 2819 3353 2887 imple-

1773 2901 1902 2956 tam,
1937 2912 2040 2949 non
2073 2896 2233 2952 dante
2267 2899 2366 2952 ﬁde
2395 2899 2732 2970 impetratam
2761 2946 2774 2966 ,
2812 2907 3036 2976 justitia'
3065 2908 3189 2978 Dei,
3216 2912 3353 2966 s’cut

1773 2985 1926 3051 dicit,
1962 3003 2065 3040 non
2095 2998 2207 3040 sunt
2231 2990 2464 3058 subjecti.
2507 3016 2525 3044 ι
2559 2994 2622 3046 Et
2654 2995 2704 3048 in
2735 2995 2826 3048 lib.
2857 2997 2924 3050 de
2953 2998 3150 3066 Spiritu
3175 3012 3228 3056 et
3257 3001 3347 3054 lit.

1776 3083 1909 3139 terit,
1960 3090 2075 3143 cap.
2116 3078 2206 3144 229,
2237 3080 2312 3132 ait
2343 3097 2354 3132 :
2389 3099 2407 3130 ι
2445 3082 2607 3136 lsrael
2651 3099 2778 3138 vero
2811 3101 3136 3154 persequens
3184 3091 3349 3160 legem

1697 3155 1742 3216 C
1772 3165 2013 3232 justititc,
2042 3168 2094 3220 in
2125 3169 2292 3238 legem
2315 3169 2538 3237 justitiae
2565 3189 2668 3226 non
2697 3176 2948 3242 pervenit.
2982 3176 3158 3242 Q‘tare
3182 3181 3200 3234 t
3226 3155 3348 3251 quia

1768 3273 1868 3308 non
1901 3273 1964 3310 ea:
1989 3259 2114 3326 ﬁde,
2141 3261 2228 3312 sed
2253 3271 2494 3327 tanquam
2519 3281 2583 3317 ea:
2609 3266 2864 3332 operibus,
2895 3267 2944 3320 id
2969 3279 3070 3330 est,
3099 3281 3345 3340 tanquam

1765 3361 1882 3400 eam
1920 3364 2009 3416 per
2040 3353 2358 3416 semetipsos
2383 3366 2665 3422 operantes
2688 3396 2702 3418 ,
2741 3374 2845 3410 non
2895 3359 2944 3410 in
2979 3376 3036 3413 se
3066 3363 3299 3417 credent
3321 3381 3346 3418 s

1766 3439 1975 3502 operari
2012 3440 2196 3492 Deum.
2240 3459 2257 3490 ι
2296 3441 2461 3494 Porro
2492 3458 2610 3495 cum
2663 3444 2802 3496 hunc
2849 3462 3081 3500 errorem
3123 3450 3347 3504 sorbue-

1766 3526 1870 3578 rint
1895 3537 2076 3593 postea
2105 3527 2373 3595 Pelagiani
2401 3569 2414 3593 ,
2443 3540 2745 3582 asserentes
2776 3533 3002 3597 gratiam
3038 3536 3125 3587 Dei
3161 3539 3210 3587 in
3244 3538 3342 3592 Ve-

1768 3619 1864 3672 teri
1892 3619 2233 3671 'l‘cstamento
2265 3635 2367 3671 non
2398 3635 2517 3672 esse
2549 3623 2646 3672 nisi
2675 3621 2844 3692 legem
2873 3624 3036 3694 Moysi
3071 3627 3338 3694 traditam,

1767 3708 1990 3778 gratiam
2025 3724 2149 3761 vero
2197 3708 2327 3762 Novi
2366 3709 2697 3763 Testamenti
2742 3727 2862 3766 cs.~e
2895 3713 3239 3783 Evangelium
3290 3730 3344 3773 et

1766 3799 2070 3868 exemplum
2103 3799 2336 3864 Christi,
2370 3801 2713 3869 Augustinus,
2747 3812 2804 3856 ut
2835 3803 3048 3857 illorum
3100 3821 3342 3862 errorem

1762 3889 2082 3954 confutaret,
2113 3900 2266 3944 acute
2296 3892 2535 3958 probavit
2579 3891 2749 3960 legem
2781 3908 2808 3946 ιι
2837 3895 3003 3962 gratia
3039 3908 3340 3964 separatam

1767 3997 1887 4036 reos
1919 3981 2092 4035 facere
2127 3981 2369 4036 homines
2404 3982 2665 4050 jubendo,
2696 3999 2800 4038 non
2830 3985 3152 4055 adjuvando,
3187 3999 3245 4043 ut
3274 4007 3340 4046 ex

1769 4085 1819 4128 te
1854 4075 2088 4127 timouiis
2113 4074 2355 4128 adductis
2387 4083 2617 4128 constat.
2642 4073 2822 4144 Neque
2845 4077 3068 4145 injurius
3098 4077 3194 4132 fuit
3223 4080 3346 4152 legi;

1769 4181 1872 4220 non
1907 4170 2046 4219 enim
2082 4167 2192 4219 hcce
2219 4167 2466 4236 imposita
2501 4165 2596 4219 fuit
2633 4175 2688 4220 ut
2723 4167 2964 4222 homines
3010 4184 3068 4223 se
3101 4171 3212 4225 sola
3254 4173 3344 4240 ju-

1769 4266 1885 4310 stos
1917 4257 2136 4318 lateret,
2170 4257 2264 4310 sed
2300 4266 2353 4310 ut
2374 4256 2682 4311 ostenderet
2704 4257 2830 4326 quid
2861 4258 3156 4313 faciendum
3179 4273 3344 4327 esset,

1767 4360 1970 4403 etcum
2005 4349 2164 4401 homo
2209 4365 2267 4402 se
2316 4354 2594 4418 praeceptis
2629 4350 2884 4405 faciendis
2928 4352 3182 4420 imparem
3227 4368 3347 4407 esse

1771 4450 2136 4511 cognosceret,
2168 4441 2231 4493 ad
2261 4443 2518 4496 auxilium
2545 4445 2728 4512 gratim
2756 4445 3082 4513 confugeret,
3113 4445 3253 4512 quod
3280 4461 3344 4498 ex

1699 4513 1747 4570 ί)
1772 4541 1956 4586 sancto
1989 4532 2211 4586 doctoe
2234 4533 2454 4600 ejusque
2476 4533 2748 4602 discipulis
2781 4533 3135 4602 prt.bavirntts,
3168 4542 3348 4586 osten-

1773 4627 1961 4680 dentes
2006 4641 2109 4679 non
2155 4626 2331 4678 durius
2379 4625 2549 4693 loqui,
2599 4626 2683 4696 qui
2729 4635 2932 4680 asserat
2975 4625 3026 4678 in
3067 4623 3350 4693 hypothesi

1772 4717 1910 4786 quod
1941 4717 2052 4771 sola
2097 4717 2177 4772 lex
2222 4716 2425 4785 jubcat,
2474 4732 2572 4770 nec
2599 4719 2764 4786 gratia
2805 4715 3046 4785 proxime
3074 4713 3349 4767 sufficiens

1774 4809 1934 4873 adsit,
1986 4809 2153 4877 legem
2201 4807 2444 4862 eamdem
2491 4807 2747 4873 obligare,
2799 4811 2852 4854 et
2901 4811 3346 4871 transgressorcm

1773 4915 1920 4953 reum
1951 4913 2069 4951 esse
2100 4898 2325 4965 peccati.
2355 4897 2519 4948 Porro
2543 4893 2699 4946 sicuti
2722 4892 2925 4946 llebrtei
2957 4909 3058 4945 non
3083 4909 3145 4947 ex
3169 4909 3350 4949 amore

1773 4987 1991 5056 justitia:
2023 4986 2157 5038 bona
2195 4999 2354 5051 opera
2405 4983 2698 5044 faciebant,
2732 4980 2802 5033 ita
2849 4983 2984 5034 mala
3011 4982 3250 5036 vitabant
3280 4985 3350 5038 ti—

1779 5092 1929 5132 more
1976 5058 2180 5127 tantum
2229 5087 2421 5141 ptume.
2467 5071 2600 5124 llirc
2642 5071 2970 5140 Augustinus
3011 5074 3142 5128 dixit
3187 5089 3347 5144 opera

1779 5168 2087 5223 Judaeorum
2125 5166 2176 5216 in
2207 5163 2374 5218 veteri
2404 5161 2519 5232 lege
2546 5162 2704 5216 fuisse
2731 5171 2966 5231 peccata,
2997 5173 3050 5218 et
3085 5165 3254 5233 legero
3286 5167 3350 5216 ιι-

1779 5260 1881 5311 lam
1912 5254 2072 5308 fuisse
2095 5253 2264 5322 legem
2295 5252 2567 5315 servilem,
2599 5253 2736 5321 quod
2768 5254 2843 5307 illi
2868 5257 2952 5323 qui
2982 5254 3222 5308 eamdem
3253 5255 3352 5306 im-

1780 5347 2017 5418 plebant,
2054 5343 2226 5397 timori
2275 5341 2614 5396 inservirent.
2645 5343 2839 5397 Scribit
2888 5353 3104 5397 sanctus
3139 5343 3346 5405 doctor,

1779 5439 1872 5491 lib.
1907 5452 1957 5488 tv
1988 5435 2050 5488 ad
2083 5434 2429 5496 Bonifaelum,
2459 5449 2574 5500 cap.
2607 5435 2639 5487 ὅ
2672 5453 2683 5486 :
2717 5453 2733 5484 ι
2769 5434 2920 5500 Quod
2948 5449 3010 5486 ex
3062 5432 3176 5499 lege
3204 5433 3352 5484 testi-

1777 5538 2011 5598 monium
2041 5544 2515 5589 commemoratmn
2549 5535 2615 5588 ab
2651 5533 2914 5602 Apostolo
2942 5541 3157 5598 propter
3186 5532 3346 5584 vitam

1779 5637 2124 5708 temporalem
2154 5635 2482 5704 intelligitur,
2513 5643 2731 5704 propter
2757 5633 2909 5701 cujus
2940 5633 3251 5688 amittenda:
3282 5635 3348 5688 ti.-

1785 5757 2007 5807 mttrcm,
2044 5738 2301 5792 faciebant
2347 5737 2586 5793 homines
2619 5737 2748 5804 legis
2783 5749 2941 5805 opera
2975 5749 3075 5788 non
3104 5749 3171 5788 ex
3202 5735 3306 5790 ﬁde
3335 5777 3349 5804 ,
