3892 6302
501 346 603 400 679

1388 334 1947 393 δυιιιιιειιειιιυιι
1994 335 2081 390 AD
2122 334 2345 389 OPERA
2386 334 2443 388 S.
2486 334 2874 392 AUGUSTINI.

3689 336 3799 393 630

503 478 624 535 qum
651 472 1073 530 transgressores
1104 456 1239 525 legis
1266 454 1449 508 eadem
1495 452 1611 521 lege
1640 468 1668 505 a
1702 450 2075 520 populojube-
2108 450 2157 509 Α
2187 450 2467 503 verissime
2510 448 2763 514 affirmat,
2815 460 2949 518 quos
2996 446 3183 503 modos
3228 448 3397 504 satius
3449 460 3531 505 est
3590 451 3798 509 humili

506 558 589 609 bat
631 552 821 608 occidi.
858 569 876 602 ι
913 550 1055 603 Idem
1088 548 1139 600 in
1174 547 1263 599 lib.
1296 546 1363 599 de
1400 544 1601 614 Spiritu
1633 553 1687 597 et.
1716 543 1914 606 littera,
1960 556 2078 609 cap.

498 647 591 714 32,
618 661 683 701 ex
716 645 797 698 his
826 642 1063 711 Apostoli
1091 640 1246 692 llum.
1277 651 1389 699 νιιι,
1422 635 1507 700 lii,
1553 649 1703 688 suam
1751 634 2075 686 sententiam

504 740 690 808 probat
715 753 727 789 :
756 735 872 788 Non
904 732 1036 785 enim
1055 728 1319 798 accepistis
1344 727 1597 793 Spiritum
1616 724 1872 777 servitutis
1898 724 2085 775 iterum

505 832 559 883 in
588 831 837 890 timorem,
862 826 951 879 sed
980 821 1243 890 accepistis
1264 818 1497 887 spiritum
1523 817 1810 886 adoptionis
1835 816 2081 880 ﬁliorum,

505 921 560 973 in
587 935 686 988 quo
734 921 1038 977 clamamus,
1074 912 1215 967 Abba
1262 911 1439 963 Pater.
1486 910 1614 962 Erat
1643 922 1773 976 ergo
1822 898 1906 962 lex
1934 917 2086 961 vetus

512 1012 596 1065 lex
622 1008 853 1070 timoris,
876 1005 1015 1074 quod
1043 1000 1275 1055 carnalis
1302 1001 1391 1055 ille
1418 999 1643 1068 populus
1670 1011 1729 1051 se
1758 1012 1820 1051 ac
1846 1010 1942 1051 sua
1968 1005 2081 1051 tan-

511 1113 622 1157 tum
653 1110 857 1159 amans,
890 1092 1146 1164 quidquid
1197 1091 1319 1145 boni
1360 1091 1515 1159 juxta
1559 1089 1691 1159 legis
1719 1088 1967 1145 mandata
1998 1087 2081 1142 la-

508 1193 706 1256 ciebat,
729 1203 912 1244 amore
939 1187 1019 1240 sui
1046 1184 1293 1248 faciebat,
1316 1182 1505 1237 volens
1521 1182 1617 1235 sibi
1645 1180 1778 1234 bona
1809 1194 1871 1234 ac
1896 1180 2087 1235 timens

510 1283 671 1337 mala.
698 1281 804 1334 Lex
833 1291 959 1346 ergo
986 1286 1235 1343 tanquam
1263 1272 1430 1326 servis
1454 1271 1641 1325 incutit
1667 1271 1935 1335 timorem,
1967 1284 2088 1339 gra-

508 1371 599 1433 tia,
626 1355 745 1438 qua
775 1381 870 1435 per
898 1364 1055 1418 fidem
1084 1361 1275 1416 Christi
1306 1360 1644 1427 impetratur,
1674 1360 1901 1427 inspirat
1932 1372 2086 1413 amo-

501 1475 641 1515 :rem.
672 1458 848 1525 Quare
883 1462 1099 1509 sanctus
1128 1449 1290 1505 Pater
1333 1450 1425 1504 lib.
1454 1448 1645 1505 eodem
1682 1450 1749 1504 de
1784 1450 1987 1520 Spiritu
2034 1456 2091 1503 et

510 1551 707 1611 littera,
756 1558 872 1613 cap.
921 1542 1012 1604 29,
1059 1539 1133 1593 ait
1176 1554 1191 1593 :
1240 1554 1258 1588 ι
1322 1538 1398 1591 Ex
1449 1537 1565 1608 lege
1607 1547 1786 1591 autem
1838 1537 2088 1590 timemus

2190 541 2410 595 silentio
2464 543 2746 607 venerari,
2779 555 2938 607 quam
2987 541 3199 594 curiosa
3244 541 3623 605 diSputatione
3674 559 3801 613 per-

2188 630 2422 698 quirere.
2469 630 2545 684 De
2588 631 2671 685 his
2717 631 2932 684 auxiliis
2984 631 3208 685 remotis
3256 630 3494 685 locu‘tum
3538 633 3796 688 arbitror

2188 722 2433 777 eumdem
2460 730 2703 775 sanctum
2732 722 3007 775 doctorem
3041 724 3092 774 in
3127 722 3221 775 lib.
3257 722 3325 777 de
3354 723 3510 777 Dono
3536 740 3797 792 ρει-εει,

2190 827 2305 881 cap.
2336 814 2389 878 9,
2424 813 2513 866 uhi
2556 814 2672 867 ait:
2708 831 2727 862 ι
2770 813 2847 866 Ex
2885 812 3097 867 duobus
3143 820 3302 866 mtate
3338 814 3453 881 jatn
3483 815 3798 882 grandibus

2190 904 2367 971 impiis
2398 919 2494 957 cur
2534 904 2636 957 iste
2687 903 2756 957 ita
2801 914 3039 970 vocetur,
3070 915 3125 957 ut
3152 914 3434 958 vocantem
3478 918 3795 975 sequatur;

2192 995 2287 1049 ille
2316 1004 2495 1050 autem
2525 986 2615 1048 aut
2659 1010 2765 1048 non
2817 1005 3059 1060 vocetur,
3092 1003 3152 1049 ut
3178 1006 3459 1052 vocantem
3505 1010 3794 1067 sequatur,

2189 1093 2277 1139 aut
2306 1100 2406 1139 nos
2441 1101 2523 1140 ITA
2568 1096 2809 1151 vocetur,
2846 1095 2905 1139 ut
2945 1098 3222 1142 vocantem
3260 1084 3538 1157 sequatur,
3571 1090 3796 1143 inserit-

2190 1176 2365 1229 tabilt'a
2390 1186 2505 1230 sunt
2530 1178 2732 1248 judicia
2766 1177 2881 1233 Dei.
2918 1196 2938 1231 ι
2973 1178 3195 1233 Vocatio
3236 1179 3382 1233 illius
3412 1182 3505 1249 qui
3548 1190 3675 1234 non
3696 1196 3782 1236 se-

2189 1268 2371 1337 quitur
2396 1280 2481 1323 est
2513 1284 2605 1337 per
2633 1270 2891 1323 auxilium
2916 1269 3096 1324 debile
3121 1279 3173 1324 et
3203 1279 3471 1324 remotum
3491 1311 3506 1335 ,
3536 1287 3654 1340 quo
3704 1273 3787 1325 in-

2190 1358 2428 1413 te'lertus
2451 1368 2792 1414 transeunter
2820 1369 3021 1413 tantum
3051 1359 3313 1429 quasdam
3347 1361 3518 1415 binas
3569 1361 3786 1430 cogita-

2191 1450 2364 1504 tiones
2408 1451 2579 1514 elicit,
2627 1450 2722 1505 sed
2768 1449 2905 1504 adeo
2948 1449 3155 1503 debiles
3200 1458 3258 1503 ut
3306 1464 3407 1505 nec
3452 1450 3791 1504 voluntatem

2194 1540 2412 1593 trahant
2440 1541 2505 1594 ad
2547 1540 2769 1605 bonum,
2823 1538 2916 1593 sed
2951 1538 3139 1593 leviter
3169 1548 3377 1592 tantum
3414 1540 3708 1603 excitent,
3738 1549 3788 1592 et

513 1642 702 1705 Deum,
752 1652 817 1692 ex
862 1635 962 1689 fide
993 1644 1274 1703 speramus
1319 1630 1371 1684 in
1413 1630 1601 1694 Deum,
1640 1628 1734 1684 sed
1778 1626 2087 1682 timentibus
2186 1630 2298 1683 cito
2324 1629 2483 1683 citius
2516 1629 2818 1682 intellectus
2845 1629 2949 1683 alio
2976 1629 3172 1695 evolet,
3196 1636 3249 1684 et
3274 1628 3331 1682 in
3361 1630 3566 1684 malum
3604 1630 3793 1683 volun-

517 1746 727 1800 poenam
770 1729 1116 1785 absconditur
1157 1726 1348 1796 gratia.
1383 1745 1403 1778 ι
1438 1726 1546 1780 Cur
1587 1736 1765 1780 autem
1813 1725 1878 1780 iis
1903 1725 1990 1794 qui
2023 1740 2087 1779 ex

2192 1725 2272 1772 tas
2299 1718 2457 1787 longo
2483 1720 2746 1772 scelerum
2777 1732 2876 1772 usu
2900 1717 3164 1772 obdurata
3201 1719 3426 1774 feratur.

518 1840 650 1894 puro
676 1825 865 1878 timore
884 1821 1063 1876 servili
1089 1820 1260 1889 legem
1287 1818 1507 1887 implent
1522 1818 1690 1887 gratia
1705 1816 2083 1881 abseondatur,

2207 1832 2347 1906 5V".
2379 1834 2455 1906 Aa
2476 1834 2721 1906 sententia
2741 1833 2908 1885 sancti
2933 1832 3206 1906 Augustini
3233 1832 3295 1886 de
3324 1832 3793 1906 prtedestinatiatte

520 1914 686 1968 tradit
712 1913 907 1968 ibidem
934 1925 1050 1981 cap.
1096 1910 1196 1975 19,
1238 1920 1293 1966 et
1332 1923 1494 1963 serm.
1530 1907 1596 1959 l5
1623 1907 1691 1961 de
1722 1905 1911 1960 Verbis
1949 1906 2091 1972 Apo-

506 2005 638 2059 stoli
661 2047 676 2069 ,
708 2005 868 2074 epist.
899 2002 1023 2069 tu,
1056 2002 1145 2056 ubi
1176 2002 1289 2056 hinc
1320 2000 1519 2056 habet:
1550 2017 1569 2051 ‹
1605 1998 1739 2067 Quis
1767 2013 1947 2052 coram
1981 1997 2092 2053 Deo

515 2098 775 2151 innocens
816 2092 1118 2158 invenitur,
1153 2093 1239 2161 qui
1284 2092 1393 2146 vult
1439 2090 1553 2145 fieri
1603 2089 1744 2158 quod
1786 2098 2014 2150 velatur,
2048 2091 2092 2144 si

515 2187 786 2243 subtrahat
815 2184 954 2256 quod
989 2183 1243 2239 timetur?
1273 2184 1349 2237 Ac
1395 2197 1489 2251 per
1520 2182 1619 2235 hoc
1667 2182 1719 2234 in
1760 2181 1870 2247 ipsa
1901 2180 2093 2234 volun-

510 2287 624 2332 tate
653 2291 776 2331 reus
805 2284 909 2340 est,
944 2273 1034 2343 qui
1074 2272 1188 2329 vult
1234 2272 1413 2326 facere
1457 2269 1601 2340 quod
1634 2284 1739 2324 non
1789 2270 1916 2324 licet
1947 2270 2091 2335 fieri,

518 2368 612 2421 sed
662 2368 781 2420 ideo
829 2381 935 2418 non
981 2364 1107 2420 facit
1143 2363 1263 2433 quia
1318 2364 1531 2431 impune
1579 2376 1682 2415 non
1731 2370 1906 2430 potest
1958 2362 2092 2415 ﬁeri.

521 2454 681 2519 Nam,
714 2462 967 2523 quantum
991 2454 1043 2508 in
1077 2454 1195 2523 ipso
1219 2460 1323 2516 est,
1350 2451 1532 2505 mallet
1554 2466 1659 2506 non
1701 2467 1821 2507 esse
1839 2452 2096 2520 jusdtiam

520 2553 731 2607 peccata
774 2543 1143 2610 prohibentem
1185 2550 1349 2614 atque
1376 2543 1712 2612 punientem.
1750 2543 1816 2598 Et
1847 2542 2027 2609 utique
2051 2543 2097 2598 si

520 2635 697 2689 mallet
714 2649 817 2687 non
830 2633 1243 2702 essejusﬁtiam,
1262 2634 1383 2703 quis
1394 2633 1721 2688 dubitaverit
1738 2634 1878 2704 quod
1897 2648 2038 2700 eam,
2054 2636 2097 2688 si

522 2736 745 2794 posset.
779 2725 1047 2780 auferret?
1077 2726 1155 2780 Ac
1202 2739 1295 2795 per
1346 2725 1447 2779 hoc
1494 2726 1761 2794 quomodo
1801 2725 1973 2793 justus
2018 2736 2101 2780 est

524 2816 746 2887 jnstitire
797 2815 915 2870 talis
947 2816 1216 2882 inimicus,
1266 2825 1325 2870 ut
1355 2830 1496 2880 eam,
1548 2816 1593 2869 si
1645 2825 1879 2883 potestas
1924 2816 2098 2885 detur,

524 2908 930 2979 praecipientem
962 2905 1188 2971 auferat,
1216 2922 1281 2962 ne
1302 2909 1719 2962 comminantem
1754 2909 1835 2962 vel
1858 2908 2103 2976 judican-

528 3006 636 3051 tem
663 2995 833 3051 ferat?
875 3016 892 3049 ι
931 2997 1069 3065 Lege
1109 2995 1181 3051 ibi
1231 2997 1403 3065 plura.
1433 2997 1622 3051 Timor
1649 2997 1862 3066 quidem
1890 2999 1932 3051 si
1963 2998 2105 3053 desi-

525 3096 617 3144 nat
644 3102 762 3142 esse
794 3102 922 3155 pttre
967 3087 1180 3141 servilis
1216 3124 1230 3150 ,
1261 3096 1314 3141 et
1346 3102 1439 3155 per
1482 3085 1711 3156 aliquem
1746 3088 1836 3142 Dei
1868 3102 2101 3142 amorem

2264 1906 2332 1956 ad
2361 1905 2578 1973 gloriam
2616 1912 2736 1956 ante
2781 1918 2979 1956 omnem
3009 1904 3304 1957 meritorum
3326 1904 3698 1972 pravisionent
3733 1905 3795 1955 sit

2269 1990 2359 2043 per
2387 1988 2648 2026 excessum
2681 1973 2910 2039 prolata.

2268 2097 2505 2150 Joannes
2543 2092 2781 2150 Adamus
2807 2102 2861 2149 et
2910 2093 3210 2150 Antoninus
3242 2094 3512 2151 Moraines
3540 2097 3603 2150 in
3649 2111 3791 2166 quaa-

2198 2187 2372 2239 stione
2402 2185 2561 2237 etiam
2593 2184 2661 2237 de
2690 2182 3159 2253 prtedestinatione
3181 2224 3197 2249 ,
3223 2196 3276 2238 et
3306 2198 3366 2238 ea
3400 2184 3629 2254 quidem
3661 2201 3792 2254 pra:-

2200 2278 2356 2345 cipua
2391 2289 2606 2344 gravem
2624 2274 2918 2343 Augustino
2934 2287 3212 2329 excessum
3237 2272 3514 2343 objiciunt.
3530 2274 3791 2338 Adamus,

2200 2366 2293 2419 lib.
2320 2379 2378 2419 tu
2402 2364 2483 2419 sui
2505 2363 2710 2418 Calviui
2733 2364 3014 2432 destructi,
3035 2362 3228 2419 hmcde
3251 2362 3438 2417 eodem
3462 2365 3662 2419 scribit
3678 2378 3788 2432 cap.

2205 2456 2262 2519 8,
2307 2470 2429 2525 pag.
2470 2453 2576 2509 659
2612 2471 2624 2509 :
2664 2472 2682 2506 ι
2713 2455 2960 2511 Profecto
3002 2454 3216 2526 quando
3262 2464 3471 2509 constat
3515 2457 3701 2524 ipsum
3747 2456 3791 2507 in

2200 2547 2423 2601 materia
2469 2546 2536 2600 de
2580 2548 2752 2615 gratia
2785 2555 2840 2600 et
2884 2545 3354 2616 praedestinatione
3402 2559 3525 2598 cum
3568 2556 3787 2599 excessu

2204 2637 2442 2691 locutum
2476 2650 2619 2699 esse,
2652 2650 2717 2691 ac
2748 2636 2905 2691 verba
2940 2636 3106 2704 ipsius
3131 2650 3250 2691 esse
3280 2635 3601 2704 mitigando,
3647 2651 3713 2689 ne
3731 2636 3787 2687 ab

2204 2728 2417 2782 illorum
2448 2727 2740 2782 acrimonia
2771 2727 2825 2780 in
2853 2739 3096 2781 errorem
3129 2726 3455 2781 contrarium
3488 2723 3782 2793 prapellar.

2204 2821 2409 2875 licitum
2441 2821 2571 2875 mihi
2600 2835 2721 2875 esse
2745 2819 2903 2875 debet
2931 2818 3143 2886 aliquod
3167 2818 3489 2872 catholicum
3523 2825 3785 2884 tempera-

2206 2920 2444 2966 mentum
2490 2910 2778 2980 inquirere.
2816 2928 2832 2960 ι
2869 2909 3024 2964 Subit
3052 2916 3282 2963 mentem
3333 2907 3460 2960 illud
3508 2906 3782 2975 Augusuni

2204 3004 2405 3058 dictum
2441 3004 2537 3058 lib.
2576 3018 2636 3057 ιιι
2666 3002 2853 3072 Operis
2893 3001 3130 3069 imperti,
3160 3014 3279 3069 cap.
3311 3000 3376 3053 57
3409 3015 3423 3051 :
3471 3016 3491 3049 ι
3534 2999 3639 3053 Dic
3666 2996 3782 3068 quod

2208 3094 2446 3149 dicturus
2474 3109 2555 3160 es,
2587 3096 2802 3164 egregie
2844 3104 3138 3148 corrector.
3173 3112 3192 3145 ι
3242 3090 3532 3157 Moraines,
3562 3106 3691 3147 cum
3718 3091 3781 3145 di-

525 3176 747 3244 incipiat
774 3189 893 3229 esse
928 3185 1108 3248 castus
1127 3214 1143 3241 ,
1175 3182 1259 3230 est
1305 3175 1477 3230 bonus
1500 3214 1519 3240 ,
1545 3191 1643 3231 nec
1672 3176 1820 3231 vitiat
1850 3192 2009 3246 Opera
2037 3193 2103 3233 ex
2130 3174 2178 3239 C
2214 3187 2383 3241 xisset
2416 3185 2672 3239 Didacum
2703 3185 2947 3239 Ruizium
2976 3201 3041 3239 ex
3063 3194 3249 3240 meto
3270 3184 3571 3255 Augustino
3602 3181 3783 3254 granti-

522 3268 717 3323 eodem
750 3266 986 3320 derivata
1012 3283 1025 3331 ;
1057 3280 1159 3335 qua
1184 3265 1255 3322 de
1283 3282 1342 3322 re
1370 3274 1424 3322 et
1452 3267 1724 3323 fusissime
1753 3277 1809 3324 et
1848 3269 2103 3325 eruditis-

524 3362 662 3415 sime
683 3359 1019 3427 disputarunt
1044 3358 1151 3413 duo
1178 3358 1412 3427 insignes
1433 3358 1788 3416 Lovaniensis
1815 3361 2106 3419 academias

535 3453 787 3505 doctores
819 3450 1152 3505 Christianus
1200 3449 1379 3519 Lupus
1414 3460 1469 3507 et
1516 3451 1834 3507 Franciscus
1880 3452 2108 3509 Fervac—

531 3557 684 3611 ques,
717 3540 1089 3610 Angustiniani
1114 3580 1129 3606 ,
1176 3540 1336 3595 editis
1373 3556 1402 3595 a
1436 3542 1697 3596 sexennio
1722 3542 2005 3611 quotannis
2040 3544 2109 3600 de

523 3634 720 3689 eodeni
748 3642 1063 3703 argumento
1093 3632 1245 3687 libris
1278 3643 1333 3688 et
1361 3633 1644 3703 apologiis.
1681 3634 1898 3689 Plurimi
1929 3643 2107 3691 tamen

534 3723 742 3778 Veteris
796 3723 1128 3778 Testamenti
1182 3722 1373 3779 Patres
1423 3739 1527 3778 non
1570 3726 1678 3779 sub
1732 3726 1849 3795 lege
1900 3735 2106 3783 tantum

521 3813 697 3878 fuere,
730 3812 824 3866 sed
854 3812 954 3866 sub
985 3812 1153 3881 gratia
1187 3814 1495 3881 adjuvante,
1527 3814 1650 3881 quia
1682 3818 1911 3883 preprite
1959 3819 2109 3874 infir-

534 3901 735 3955 ntitatis
764 3902 965 3954 conscii
1018 3899 1083 3953 ad
1133 3900 1387 3954 sectanda
1439 3902 1695 3956 virtutum
1735 3920 1897 3974 opera
1941 3908 2110 3965 divini

530 3992 712 4045 auxilii
742 4005 895 4058 opem
930 3992 1302 4060 implorarunt.
1333 3990 1595 4047 Caeterum
1635 3997 1885 4052 omnibus
1936 3998 2109 4055 homi-

524 4081 691 4134 nibus
720 4082 907 4136 adesse
936 4083 1186 4136 auxilium
1221 4083 1407 4139 saltem
1453 4094 1716 4141 remotum
1772 4089 1901 4142 mihi
1926 4091 2111 4148 videor

530 4171 787 4239 colligere
813 4187 874 4225 ex
911 4175 1207 4241 Augustino
1233 4174 1324 4229 lib.
1358 4174 1426 4231 de
1467 4175 1664 4230 Natura
1696 4187 1748 4231 et
1791 4190 1955 4247 grat.,
1987 4195 2106 4250 cap.

520 4258 617 4323 67,
651 4259 739 4315 ubi
772 4276 836 4315 ex
870 4262 961 4317 lib.
996 4277 1052 4317 ιιι
1081 4264 1147 4318 de
1178 4264 1369 4320 Libero
1412 4265 1656 4333 arbitrio,
1701 4283 1823 4337 cap.
1854 4267 1940 4331 l0,
1973 4269 2110 4327 hanc

521 4354 854 4408 sententiam
904 4357 1093 4410 recitat
1151 4358 1519 4427 approbatque
1568 4359 1826 4415 adversus
1881 4376 1974 4417 eos
2019 4363 2110 4431 qui

524 4448 715 4504 Adami
766 4457 986 4517 peccato
1033 4449 1209 4502 omnia
1258 4451 1486 4505 crimina
1533 4453 1901 4522 imputabant.
1956 4466 2007 4511 et
2051 4473 2110 4513 se

2208 3286 2316 3335 tam
2340 3276 2865 3347 prtedeStinationem
2904 3277 3103 3332 docere
3126 3316 3143 3344 ,
3193 3276 3307 3331 htee
3350 3276 3525 3341 inquit
3554 3292 3568 3328 :
3624 3295 3641 3327 ι
3672 3272 3782 3327 Ruit

2208 3370 2403 3424 falsum
2450 3369 2722 3437 supponit,
2754 3378 2811 3424 et
2839 3370 2883 3424 si
2935 3370 3264 3440 Augustinus
3310 3368 3363 3423 id
3405 3368 3647 3436 faceret,
3696 3382 3782 3420 non

2208 3458 2469 3515 doctrinae
2495 3459 2751 3527 afﬁnitas,
2785 3470 2879 3515 aut
2906 3462 3193 3527 connexio,
3227 3476 3345 3530 quae
3375 3460 3520 3514 nulla
3569 3469 3680 3523 est,
3706 3456 3781 3513 sed

2209 3558 2376 3606 astus
2399 3550 2777 3621 disputationis
2802 3551 2870 3605 ad
2899 3550 3003 3607 hoc
3047 3552 3194 3607 illum
3224 3552 3545 3621 impelleret,
3578 3571 3601 3605 ι
3662 3550 3780 3616 disp.

2212 3640 2268 3705 9,
2305 3655 2453 3695 num.
2505 3639 2595 3696 50.
2649 3640 2845 3696 Verum
2894 3642 3213 3696 sententiam
3254 3642 3402 3696 illam
3448 3642 3519 3696 de
3572 3639 3780 3709 gratuita

2213 3734 2681 3802 praedestinatione
2710 3733 2778 3791 ad
2804 3735 3027 3805 gloriam
3059 3745 3184 3791 ante
3212 3739 3434 3804 praevisa
3477 3739 3677 3792 merita
3706 3735 3781 3791 do-

2205 3838 2373 3879 cuere
2399 3833 2615 3880 sanctus
2652 3824 2883 3894 Prosper
2907 3864 2925 3891 ,
2960 3835 3177 3882 sanctus
3226 3827 3539 3898 Fulgentius
3565 3868 3582 3895 ,
3619 3830 3781 3884 Patres

2211 3917 2445 3976 Africani
2489 3918 2539 3971 in
2572 3919 2798 3985 epistola
2846 3921 3103 3990 synodica
3131 3961 3145 3985 ,
3174 3922 3374 3993 aliique
3407 3931 3550 3977 tanta
3578 3924 3780 3980 certitu—

2211 4007 2360 4071 diue,
2408 4018 2466 4061 ut
2500 4008 2615 4062 haec
2661 4009 2864 4064 dixerit
2892 4022 3109 4066 sanctus
3155 4013 3462 4082 Fuigentius
3489 4055 3504 4077 ,
3542 4016 3652 4069 imo
3679 4026 3780 4067 cum

2217 4098 2502 4170 Fulgentio
2533 4100 2718 4155 Patres
2745 4101 2933 4169 synodi
2965 4101 3327 4158 Sardiniensis
3355 4107 3405 4160 in
3438 4105 3551 4159 fine
3582 4105 3699 4159 libri
3726 4102 3777 4153 de

2215 4188 2591 4247 lncarnatione
2617 4201 2670 4246 et
2697 4192 2864 4261 gratia
2911 4206 2928 4243 :
2984 4210 3003 4242 ι
3038 4193 3179 4247 Deus
3205 4196 3371 4260 enim,
3402 4196 3494 4264 qui
3525 4195 3777 4249 hominem
3824 4192 3829 4199 '

2215 4285 2477 4350 condidit,
2508 4286 2621 4353 ipse
2649 4284 3118 4353 prmdestinatione
3141 4301 3259 4349 sua,
3290 4296 3343 4342 et
3372 4288 3571 4343 donum
3601 4285 3776 4342 illumi-

2211 4376 2445 4429 nationis
2476 4376 2540 4430 ad
2568 4376 2915 4441 credendum,
2947 4386 3002 4432 et
3043 4377 3241 4431 donum
3284 4380 3696 4447 perseverantia:
3719 4375 3774 4427 ad

2221 4469 2604 4535 proficiendum
2637 4479 2796 4536 atque
2822 4468 3261 4536 permanendum.
3285 4479 3339 4523 et
3364 4469 3565 4522 donum
3596 4466 3773 4537 gloriﬁ-

523 4538 674 4604 ἄρεος
707 4538 1020 4593 innocentes
1049 4540 1359 4594 asserebant
1386 4560 1397 4594 :
1434 4561 1454 4592 ι
1497 4542 1661 4599 Recte
1689 4545 1832 4598 enim
1882 4545 2112 4604 fortasse
2142 4542 2191 4601 D
2217 4558 2445 4611 cationis
2472 4559 2537 4611 ad
2586 4558 2938 4627 regnandum,
2974 4558 3165 4624 ("ﬁlms
3187 4558 3316 4612 dare
3342 4560 3505 4612 yo'uil
3534 4570 3774 4627 prmparau

541 4640 933 4696 qumrercntur,
967 4628 1012 4683 si
1044 4630 1244 4684 erroris
1270 4640 1321 4685 et
1352 4632 1586 4687 libidinis
1614 4634 1789 4690 nullus
1833 4635 2103 4693 hominum

522 4721 699 4776 «victor
741 4723 1017 4777 existeret.
1049 4722 1181 4776 Cum
1221 4738 1351 4779 vero
1378 4724 1576 4794 ultique
1610 4727 1677 4779 sit
1710 4742 1971 4795 praesens,
2014 4732 2103 4799 qui

523 4827 717 4867 stumts
748 4829 901 4869 treats
931 4829 1032 4868 PER
1082 4829 1401 4869 CREATUBAM
1450 4815 1551 4869 sibi
1599 4816 1824 4872 Domino
1872 4820 2106 4874 servien-

518 4909 656 4965 tem,
686 4917 927 4958 aversum
969 4916 1158 4971 vocet,
1190 4905 1381 4960 docent
1420 4906 1729 4961 credentem
1757 4949 1770 4970 ,
1802 4909 2108 4964 consoletur

524 5000 857 5055 sperantem,
885 4993 1194 5063 diligentem
1247 4996 1585 5060 adltortetur,
1618 5008 1903 5053 conantem
1954 4999 2107 5069 adju-

532 5086 639 5142 vet,
675 5081 923 5133 exaudiat
952 5083 1351 5152 deprecantem,
1404 5103 1508 5142 non
1555 5088 1647 5142 tibi
1698 5091 1987 5159 deputatur
2034 5091 2101 5145 ad

526 5168 735 5238 culpam
761 5170 904 5237 quod
934 5171 1134 5228 invitus
1165 5176 1399 5244 ignoras,
1434 5177 1528 5232 sed
1561 5178 1701 5242 quod
1736 5180 1959 5249 neg‘igis
1988 5194 2105 5234 cre-

531 5263 656 5324 dere
683 5263 823 5332 quod
849 5262 1081 5334 ignoras.
1107 5266 1289 5336 Neque
1310 5268 1464 5335 illud,
1488 5270 1627 5339 quod
1654 5272 1920 5326 vulnerata
1946 5286 2108 5327 mem-

525 5360 621 5412 bra
651 5370 758 5410 non
790 5356 1017 5426 colligis,
1052 5358 1147 5411 sed
1178 5360 1320 5425 quod
1354 5360 1620 5415 volentem
1649 5375 1840 5415 sanare
1866 5370 2105 5416 contem-

526 5448 632 5503 nis.
669 5466 687 5499 ι
716 5446 771 5500 In
798 5461 902 5516 quo
925 5457 1102 5501 autem
1130 5449 1425 5503 consistant
1454 5448 1757 5519 hujnsmodi
1788 5452 1985 5507 auxilia
2018 5468 2103 5512 re-

521 5548 694 5604 mota,
721 5552 824 5593 non
854 5540 924 5594 ita
954 5539 1115 5595 facile
1153 5542 1494 5609 explicatur;
1524 5543 1720 5597 etenim
1757 5547 1899 5598 miris
1938 5546 2101 5599 modis

528 5624 692 5680 Deum
724 5627 984 5685 humanas
1011 5632 1318 5699 voluntates
1346 5632 1411 5686 ad
1438 5633 1631 5687 bonum
1659 5634 1960 5690 faciendum
1986 5654 2101 5691 too-

527 5727 651 5771 vere
681 5718 819 5771 idem
848 5721 1177 5790 Augustinus
1205 5724 1300 5779 lib.
1340 5742 1355 5781 l
1385 5727 1448 5781 ad
1477 5726 1826 5793 Bonifacinm,
1858 5744 1975 5799 cap.
2012 5730 2096 5795 19,

2216 4649 2308 4707 vit.
2339 4649 2537 4717 quique
2566 4664 2672 4702 non
2695 4649 2853 4703 aliter
2882 4650 3092 4719 perlicit
3118 4650 3168 4703 in
3211 4664 3379 4717 opere
3414 4665 3572 4720 quam
3608 4653 3657 4704 iu
3690 4658 3773 4701 sua

2213 4739 2534 4805 sempiterna
2564 4751 2724 4809 atque
2756 4741 3174 4795 incommutabilt
3200 4740 3359 4795 liabet
3388 4743 3661 4795 voluntate
3686 4738 3773 4791 dis-

2212 4843 2280 4896 po
2301 4829 2467 4881 itum.
2496 4829 2662 4898 Cujus
2693 4830 3177 4897 praedestinationis
3210 4832 3514 4895 veritatem,
3565 4847 3666 4900 qua
3690 4840 3770 4883 nos

2209 4928 2333 4970 ante
2364 4919 2547 4972 mundi
2574 4921 3014 4975 constitutionem
3045 4922 3455 4990 prtedestinatos
3502 4923 3553 4975 in
3582 4919 3767 4975 Christo

2214 5018 2436 5063 testatur
2466 5014 2773 5080 Apostolus,
2804 5014 2849 5067 si
2896 5014 3014 5081 quis
3044 5014 3310 5069 detrectat
3338 5016 3517 5069 cordis
3561 5010 3765 5069 creduli-

2211 5108 2320 5155 tate
2345 5100 2612 5168 recipere,
2644 5101 2726 5155 vel
2759 5102 2868 5156 oris
2905 5100 3243 5159 coitfessione
3288 5105 3548 5173 proferte,
3594 5107 3637 5159 si
3664 5113 3765 5156 ante

2209 5189 2450 5242 ultimum
2473 5190 2616 5243 diem
2647 5192 2767 5245 vita:
2815 5197 3093 5261 praesentis
3143 5196 3433 5264 impietatis
3462 5214 3576 5251 suae
3604 5205 3764 5251 conlu-

2211 5282 2460 5344 n-aciatn,
2493 5294 2596 5349 qua
2621 5281 2734 5335 Deo
2766 5283 2886 5337 vivo
2910 5293 2965 5339 et
2992 5299 3121 5340 vero
3151 5287 3369 5341 rebellis
3417 5288 3647 5351 obsistit,
3676 5298 3763 5339 non

2209 5371 2504 5439 abiecerit,
2566 5371 2910 5427 manifestum
2956 5384 3038 5429 est
3081 5391 3199 5430 eum
3250 5392 3355 5431 non
3406 5380 3667 5446 pertinere
3709 5370 3763 5425 ad

2209 5475 2394 5514 eorum
2429 5477 2709 5516 numerum
2740 5480 2874 5528 quos
2906 5465 3047 5521 Deus
3096 5468 3147 5521 in
3196 5467 3413 5523 Christo
3456 5482 3581 5524 ante
3607 5462 3764 5523 mundi

2206 5555 2643 5610 constitutionem
2676 5557 2843 5626 gratis
2888 5558 3048 5628 elegit
3076 5568 3131 5615 et
3162 5560 3560 5630 pru‘destinavit
3596 5562 3658 5616 ad
3693 5571 3760 5612 re

2205 5659 2385 5714 gnum.
2434 5662 2452 5695 ι

2272 5734 2419 5789 Sane
2446 5735 2889 5807 Scmi-I‘elagiani
2930 5736 3039 5808 jam
3064 5739 3191 5797 olim
3223 5720 3685 5811 deiterant'absquc
3710 5746 3760 5788 ea
