3892 6298
117 345 212 401 681

1292 349 1608 404 νιΝῡιῦιίΕ
1654 346 2208 404 AUGUSTlNiAN/E.

3273 346 3379 400 692

115 457 352 513 doctrina
396 458 462 512 de
507 459 982 527 praedestinatione
1031 458 1288 514 Ecclesia:
1335 475 1553 514 causam
1603 461 1697 513 ad-
1729 464 1769 520 Α
1801 459 2194 528 Tltcologorum
2224 457 2460 517 nomina.
2488 456 2552 509 Et
2581 456 2630 509 hi
2651 453 2861 523 quidem
2894 467 3062 510 sancti
3097 459 3380 526 Augustini

115 563 300 604 versus
327 547 642 617 Pelagianos
671 564 769 614 per
785 551 967 619 plures
995 565 1162 604 annos
1196 550 1360 604 fuisse
1391 550 1690 614 defensam,

116 651 170 694 ut
198 638 362 693 refert
392 640 538 694 llilar.
561 656 623 695 us
653 643 702 694 in
737 642 966 711 epistola
996 643 1064 696 ad
1094 642 1474 711 Augustinum,
1503 643 1694 712 quibus

112 740 326 786 sanctus
347 732 538 786 doctor
561 734 893 804 respondens
920 734 1013 788 lib.
1051 736 1118 789 de
1151 735 1303 788 Dono
1348 749 1694 802 perseveran-

115 826 218 884 tite,
265 837 385 890 cap.
419 823 510 888 ΞΟ,
561 827 680 877 ait:
745 843 764 875 ι
800 826 922 880 lla:c
972 834 1054 879 est
1099 825 1495 894 prtedestiuatio
1526 824 1694 878 mani-

116 913 242 966 festa
274 922 327 966 et
357 925 506 968 certa
531 925 860 981 sanctorum,
887 931 1044 985 quam
1092 926 1276 984 postea
1307 917 1614 986 diligentius
1641 925 1696 971 et

115 1007 419 1074 operosius,
438 1023 558 1062 cum
587 1011 696 1076 jam
719 1022 904 1064 contra
934 1011 1247 1080 Pelagianos
1274 1012 1692 1081 disputaremus,

114 1113 424 1152 DEFENDERB
477 1113 796 1155 necessnas
863 1107 1147 1156 COMPULIT.
1204 1103 1502 1157 Didicimus
1553 1105 1694 1158 enim

113 1189 343 1256 singulas
372 1205 611 1259 quasque
643 1195 878 1248 haereses
903 1195 1148 1248 intulisse
1172 1194 1428 1249 Ecclesiae
1456 1196 1696 1264 proprias

109 1281 465 1345 quaestiones,
518 1292 707 1336 contra
763 1297 898 1352 quas
943 1283 1254 1352 diligentius
1318 1284 1697 1340 defenderetur

109 1371 384 1438 Scriptura
410 1372 608 1438 divina,
631 1389 790 1443 quam
819 1375 864 1428 si
897 1375 1040 1428 nulla
1071 1375 1192 1429 talis
1224 1376 1514 1430 necessitas
1541 1390 1697 1443 coge-

114 1469 211 1512 tet.
251 1478 270 1510 ι
332 1461 502 1516 Porro
543 1464 756 1516 cuinam
801 1463 972 1530 major
1002 1463 1131 1516 lich
1163 1464 1402 1518 habenda
1435 1474 1560 1528 est,
1595 1465 1699 1518 Au-

106 1549 416 1614 gustinone,
463 1555 551 1619 qui
604 1551 671 1604 ad
722 1551 850 1604 illud
882 1552 949 1606 de
993 1553 1462 1619 prtedestinatione
1500 1554 1691 1622 dogma

106 1642 460 1694 asserendutn
491 1657 552 1696 se
594 1644 891 1696 necessitate
936 1644 1252 1713 compulsum
1305 1653 1527 1700 testatur
1556 1689 1571 1710 ,
1627 1646 1691 1698 ad

108 1728 430 1798 Pelagianos
458 1731 752 1802 diligentias
794 1747 858 1787 ex
894 1733 1184 1802 Scripturis
1210 1731 1564 1789 cotttutandos
1587 1753 1600 1799 ;
1626 1751 1693 1788 an

1797 550 2117 605 sententiam
2169 546 2234 600 de
2275 546 2507 615 gratiosa
2551 545 3022 615 prtedcstinatione
3051 545 3113 597 ad
3153 547 3374 612 gloriam

1797 653 1921 695 ante
1943 641 2254 695 meritorum
2281 640 2654 708 prmvisionetn
2686 637 3062 697 defendebant,
3095 644 3376 705 antequam

1799 730 2172 801 Augustiniani
2203 746 2458 786 excessus
2489 732 2833 800 ﬁngerentur.
2871 730 2980 783 lloc
3014 730 3150 782 idem
3203 745 3379 781 asser.

1799 830 1908 874 t-..m
1939 831 2156 874 sanctus
2190 820 2443 884 Thomas,
2468 819 2690 888 ejusque
2729 819 3052 873 nobilissima
3080 819 3287 882 Scit-i1),
3315 833 3378 870 ac.

1797 911 1988 964 melior
2007 910 2362 964 Scotistarum
2393 925 2538 977 pars,
2567 911 2799 978 itemque
2830 926 2858 964 e
2881 911 3134 964 societate
3169 910 3376 977 plurimi

1796 1001 2093 1070 gravissimi
2153 1015 2215 1054 ac
2281 1000 2576 1053 doctissimi
2638 1003 2932 1070 scriptores
2997 1011 3375 1070 pr0pugnant,

1797 1108 2024 1162 quorum
2067 1091 2267 1160 judicia
2314 1100 2502 1145 contra
2559 1093 2916 1169 recentiorum
2978 1105 3232 1146 censuras
3280 1105 3376 1160 ap-

1801 1204 1812 1254 ι
1833 1189 1956 1240 ello.

1797 1300 1824 1370 §
1860 1299 1988 1352 Vlll.
2024 1300 2099 1351 Αη
2129 1306 2330 1370 sanctus
2358 1296 2667 1370 Augustinus
2692 1296 2991 1370 excesserit,
3009 1296 3195 1348 docens
3219 1312 3376 1365 capit.—

1871 1374 1971 1422 lam
2017 1368 2341 1440 conjugalem
2371 1367 2530 1420 solius
2565 1370 2833 1436 voluptatis
2862 1369 3026 1436 gratia
3058 1383 3164 1418 csse
3190 1383 3383 1434 pecca-.

1868 1448 1972 1494 tum
2003 1443 2211 1494 cantate.

1868 1555 2055 1609 Docuit
2102 1557 2427 1625 Augustinus
2479 1554 2722 1624 copulam
2772 1566 2890 1606 cum
2954 1566 3121 1605 uxore
3168 1551 3372 1618 absque

1798 1647 1963 1714 prolis
1992 1651 2309 1716 generandzr.
2327 1649 2600 1702 voluntate
2625 1654 2840 1714 propter
2870 1645 3037 1697 solam
3061 1642 3375 1695 delecmtio-

1797 1752 1916 1788 nem
1947 1751 2067 1790 esse
2091 1749 2368 1807 peccatum
2418 1737 2648 1791 veniale.
2679 1736 2794 1790 Non
2826 1736 3001 1804 placet
3042 1735 3141 1787 hoc
3171 1733 3372 1786 dictum

107 1819 410 1886 Morainio,
454 1823 542 1891 qui
588 1823 640 1876 id
686 1823 827 1875 nulla
877 1823 959 1877 vel
999 1822 1260 1878 doctrina:
1305 1823 1566 1878 affinitate
1597 1839 1690 1878 seu
1727 1847 1768 1904 Β
1799 1827 2074 1895 Augustini
2109 1829 2401 1893 Murainio,
2431 1830 2523 1884 sed
2558 1830 2630 1881 ait
2671 1827 2810 1894 disp.
2848 1827 2935 1893 t7,
2970 1841 3120 1880 num.
3161 1825 3252 1888 3‘2,
3283 1840 3375 1877 cx—

97 1914 449 1972 .conncxione
478 1915 545 1967 ab
575 1915 872 1982 Augustino
901 1916 1197 1970 factitatum
1226 1916 1691 1970 comminiscitur?

100 2002 257 2068 Quod
287 2017 420 2057 vero
453 2004 591 2058 hanc
618 2005 1006 2060 connexionem
1050 2006 1211 2060 etiam
1242 2005 1485 2060 Annatus
1513 2015 1689 2074 negat,

104 2090 248 2145 illam
277 2107 405 2160 cap:
445 2095 477 2148 8
507 2105 695 2148 contra
716 2095 934 2151 eosdem
958 2094 1322 2164 probabimus.
1365 2096 1585 2164 Magnus
1603 2096 1693 2150 ille

110 2183 597 2240 ecclesiasticorum
643 2188 929 2244 Annalium
977 2189 1208 2258 scriptor
1240 2188 1500 2244 Baronius
1548 2190 1692 2258 ipsos

109 2276 437 2332 recentiores
463 2293 714 2334 excessus
744 2283 937 2336 merito
963 2291 1201 2348 accusat,
1225 2283 1315 2352 qui
1345 2283 1552 2338 Catvini
1586 2282 1694 2337 ha:-

110 2369 263 2419 reszim
298 2368 565 2437 fugientes
607 2372 659 2424 in
698 2374 925 2427 alterum
971 2383 1277 2428 extremum
1306 2388 1336 2427 a
1366 2373 1538 2428 sancti
1581 2376 1692 2428 Au-

109 2459 300 2525 gustini
334 2460 580 2514 drctrina
608 2462 950 2518 discedentes
979 2464 1269 2528 declinant,
1299 2471 1355 2519 et
1392 2464 1606 2533 quidem
1637 2463 1691 2518 in

101 2547 202 2600 hac
241 2553 466 2603 tn-teria
492 2552 558 2605 de
599 2552 1105 2619 prmdestinatione:
1150 2572 1169 2605 ι
1201 2553 1335 2608 Cum
1385 2555 1563 2622 igitur,
1609 2555 1692 2608 itt-

107 2641 236 2702 quit,
263 2639 451 2692 Fausti
483 2643 764 2696 sententia:
793 2645 986 2708 ubique
1012 2645 1079 2698 ab
1107 2644 1347 2697 Ecclesia
1377 2643 1533 2698 fuerit
1567 2659 1696 2698 con-

111 2728 394 2785 ll’adit'lllm
423 2768 438 2791 ,
472 2729 688 2784 videant
726 2740 925 2799 quanto
976 2733 1215 2800 periculo
1245 2732 1460 2799 quidam
1517 2746 1583 2786 ex
1622 2746 1698 2787 re-

111 2820 460 2883 centioribus,
491 2821 619 2877 dum
645 2823 695 2873 in
715 2830 1001 2877 novatores
1027 2831 1340 2891 exsurgunt,
1373 2830 1429 2875 ut
1457 2836 1550 2876 eos
1572 2837 1698 2876 con-

116 2909 273 2962 iutent
297 2947 313 2973 ,
360 2925 389 2962 a
422 2912 598 2964 sat-.c.i
632 2913 912 2981 Augustini
955 2913 1022 2968 de
1053 2912 1526 2982 pra‘destinatione
1575 2927 1701 2968 sen-

119 3001 274 3053 tentia
305 3017 343 3054 l't
363 3002 583 3069 cedunt,
616 3019 740 3058 cum
772 3005 974 3073 alioqui
998 3021 1146 3058 arma
1175 3021 1281 3059 non
1312 3005 1485 3060 desint
1508 3007 1697 3076 quibus

120 3092 398 3145 adversarii
431 3094 806 3162 proliigentur.
845 3113 864 3145 1
895 3098 1050 3148 Anno
1079 3093 1205 3159 49),
1241 3111 1358 3164 pag.
1392 3093 1518 3150 449.

120 3272 360 3344 disputari
389 3277 443 3331 in
494 3288 772 3346 utramque
803 3287 1008 3346 partem
1035 3277 1199 3346 cmpit
1240 3279 1290 3330 in
1322 3278 1522 3332 scholis
1551 3293 1692 3348 quae-

113 3368 210 3419 stio
242 3369 308 3421 de
339 3368 826 3436 praedestinatione
851 3406 866 3432 ,
902 3382 1076 3436 neque
1107 3382 1203 3436 pro
1239 3367 1416 3436 aliquo
1448 3366 1694 3435 praejudi-

117 3455 194 3508 cio
218 3457 396 3513 valere
423 3459 499 3511 ad
525 3458 664 3512 hanc
691 3459 1123 3513 controversiam
1170 3457 1372 3511 credita
1401 3466 1482 3511 est
1511 3466 1694 3511 aucto-

126 3547 242 3600 ritas
266 3548 569 3617 Augustini.
609 3566 628 3599 1
665 3549 820 3602 Tom.
847 3548 865 3600 Ι
911 3548 1097 3617 Dogm.
1120 3545 1327 3610 .theol.,
1358 3545 1451 3600 111).
1484 3561 1539 3610 x,
1569 3561 1688 3613 cap.

127 3641 172 3694 1.
201 3643 303 3697 Sed
357 3645 517 3713 hujus
575 3642 891 3698 recentioris
932 3654 1092 3697 voces
1139 3638 1492 3707 gravissimo,
1523 3652 1694 3706 eoque

124 3730 398 3788 domestico
449 3735 766 3790 lt'SiiﬂloniO
825 3733 1206 3801 comprimam.
1267 3733 1424 3785 Anno
1457 3731 1630 3796 t584,
1662 3746 1693 3784 a

124 3820 324 3880 Claudio
350 3829 654 3897 Aqutviva,
687 3841 880 3894 magno
901 3825 1004 3879 illo
1048 3835 1103 3880 et
1132 3824 1540 3893 incomparabili
1585 3823 1692 3877 titti-

126 3927 277 3970 versa:
326 3921 604 3976 societatis
656 3922 1014 3984 moderatore,
1062 3918 1261 3987 praevio
1289 3931 1384 3972 sex
1433 3917 1690 3974 doctissi-

131 4020 314 4064 morum
345 4013 722 4086 tlteologorum
767 4012 1008 4087 ejusdem
1037 4011 1267 4084 sodalitii
1298 4011 1543 4065 examine
1562 4051 1575 4074 ,
1607 4025 1690 4064 se-

129 4095 260 4153 lectae.
296 4114 414 4159 sunt
458 4107 712 4176 qua-dam
762 4103 1039 4158 sententia)
1067 4102 1316 4157 omnibus
1365 4103 1477 4156 suis
1506 4101 1692 4157 defen-

129 4187 311 4257 dendae,
338 4213 401 4251 ne
443 4197 694 4267 quolibet
720 4205 879 4248 Vento
909 4195 1167 4253 doctrina:
1196 4191 1687 4250 circumferrentur.

123 4277 274 4334 Porro
306 4301 419 4356 pag.
447 4291 539 4353 Ξῖ,
575 4289 664 4341 ubi
693 4287 761 4341 de
783 4287 1090 4353 Opinionqu
1114 4284 1320 4338 delectu
1348 4284 1540 4352 agitur,
1575 4284 1690 4339 hate

129 4365 349 4436 leguntur
382 4396 394 4429 :
430 4397 448 4430 t
487 4381 624 4434 Item
651 4374 932 4432 delinitum
963 4384 1044 4430 est
1076 4374 1566 4443 przedesliuationis
1592 4390 1690 4429 nec

131 4462 362 4522 "itionem
388 4485 485 4524 nec
517 4470 894 4525 conditionem
924 4481 1044 4520 esse
1070 4480 1132 4520 ex
1185 4476 1335 4534 parte
1377 4476 1580 4519 nostra.
1632 4465 1685 4518 ld

131 4551 184 4601 ad
213 4556 449 4619 pietatem
480 4577 672 4632 parum
715 4563 988 4630 pertinere
1032 4558 1175 4612 dicet
1205 4547 1424 4626 aliquis;
1470 4567 1521 4611 at
1551 4556 1684 4610 hanc
1719 4590 1766 4648 Β

134 4642 382 4710 Augustini
429 4654 734 4708 doctrinam
786 4667 892 4705 non
932 4650 1090 4704 modo
1119 4652 1475 4703 crmmuniter
1507 4651 1676 4703 Theo-

133 4723 344 4795 |“Eorum
377 4744 562 4796 schola
591 4743 700 4808 jam
754 4740 975 4807 recepit,
1005 4739 1097 4794 sed
1128 4754 1179 4791 et
1215 4738 1466 4792 Etclcsiaa
1499 4738 1682 4792 l’attes

137 4829 213 4877 Per
241 4825 373 4881 mille
402 4840 455 4884 et
482 4833 749 4897 ducentos
775 4831 989 4884 circiter
1017 4845 1208 4896 annos,
1240 4830 1327 4897 qui
1373 4829 1424 4881 id
1456 4838 1680 4881 conten-

135 4908 247 4965 dunt
288 4922 511 4984 pmbare
542 4940 611 4980 ex
644 4924 938 4990 scripturis
967 4933 1020 4976 et
1051 4921 1325 4989 restionsis
1377 4919 1678 4988 pontilicutn

138 4993 490 5076 Romanorum,
523 5030 718 5083 nempe
773 5013 992 5076 Zosimi,
1024 5012 1178 5070 Sixti.
1210 5008 1506 5071 CtBleStini,
1545 5011 1680 5061 Leo-

139 5088 226 5174 ﬂis.
275 5093 461 5156 Gelasii
491 5145 508 5170 ,
557 5105 698 5174 apud
743 5120 875 5173 quos
929 5104 1321 5174 Massilienses,
1372 5102 1680 5168 Cassianus,

133 5169 360 5248 i‘austus,
391 5169 606 5261 aliique
642 5169 798 5262 hujus
830 5169 1314 5261 prmdcstinationis
1345 5201 1682 5259 oppugnata.

240 5273 368 5329 male
393 5293 603 5351 semper
632 5287 931 5338 audierunt.
967 5303 998 5335 1.
1037 5283 1349 5339 Examinata
1405 5283 1516 5338 lucc
1562 5298 1681 5336 cum

139 5352 242 5409 aliis
279 5373 527 5427 sententia
561 5376 656 5430 iuit
703 5392 732 5429 a
765 5377 968 5430 Joanne
1018 5376 1214 5428 Azorio
1242 5375 1497 5443 Hispano,
1547 5375 1682 5427 Gas-

137 5453 252 5532 pare
277 5452 529 5519 Gonlalez
579 5467 856 5532 Lusitano,
891 5466 1089 5520 Jacobo
1114 5466 1263 5518 Tirio
1295 5467 1470 5531 Gallo,
1525 5464 1682 5517 Petro

146 5527 301 5624 ίέυῐιιεο
353 5549 625 5612 Austriaco
658 5600 672 5622 ,
724 5561 957 5612 Antonio
1005 5558 1242 5611 Guisatto
1295 5571 1361 5611 ex
1417 5554 1683 5624 supcrimi

144 5614 418 5714 immania,
445 5651 495 5694 et
518 5644 787 5713 Stephano
832 5648 1052 5708 Tuccio,
1085 5647 1173 5714 qui
1218 5647 1399 5699 [totum
1431 5644 1682 5698 moraba-

148 5709 237 5770 tur,
265 5722 318 5765 ttt
361 5720 409 5774 itt
459 5737 760 5793 pra-latione
789 5737 931 5794 illius
965 5738 1084 5790 libri
1117 5737 1388 5790 πεῦκαι-ἰωὴ
1447 5741 1681 5803 εὶμὲιιισιςι

350 5833 616 5905 Panum.
671 5851 826 5919 XLV
843 5853 918 5921 ll.

1780 5745 1928 5815 lgnst.
1965 5753 1975 5787 :

1798 1921 2005 1974 cessisse
2033 1922 2290 1976 interdum
2317 1931 2444 1978 cestu
2487 1921 2848 1990 disputationis
2895 1920 3193 1988 abreptum,
3225 1928 3272 1972 et
3320 1921 3374 1970 in

1795 2010 1970 2064 odium
1990 2010 2198 2065 haeresis
2219 2027 2369 2081 quant
2398 2011 2749 2082 impugnabat,
2778 2011 2845 2063 ad
2866 2010 3178 2062 contrarium
3208 2018 3373 2061 extre-

1795 2116 1936 2155 mum
1982 2103 2284 2160 declinasse.
2315 2103 2392 2158 Ne
2420 2103 2471 2157 id
2502 2101 2615 2157 vitii
2645 2103 2940 2172 Augustino
2970 2101 3227 2168 objicicns
3268 2100 3376 2153 lec-

1797 2205 1967 2251 torum
2039 2198 2225 2252 oculos
2279 2196 2554 2260 olTendat,
2609 2195 2962 2250 accusationis
3024 2192 3370 2255 acerbitatem

1795 2287 2052 2343 adverbio
2092 2290 2351 2342 interdum
2375 2289 2600 2356 mitigat,
2625 2301 2744 2340 cum
2774 2295 2972 2350 tamen,
3004 2284 3078 2339 uti
3108 2283 3372 2346 dicebam,

1795 2380 1990 2445 passim
2014 2385 2070 2432 et
2100 2377 2296 2446 ubique
2322 2377 2372 2430 in
2411 2377 2573 2430 hosce
2621 2388 2872 2429 excessus
2903 2373 3229 2442 praecipitem
3264 2373 3373 2425 An-

1794 2468 2062 2536 gustinum
2095 2468 2277 2522 faciat.
2324 2467 2586 2522 Cancrum
2633 2465 2802 2520 saneti
2831 2462 3065 2518 doctoris
3112 2461 3372 2515 sententia

1775 2557 2066 2612 communi
2095 2567 2398 2612 sanctorum
2434 2559 2648 2610 Patrum
2674 2565 2727 2609 et
2757 2566 2994 2609 veterum
3025 2553 3374 2608 scholastico-

1797 2662 1913 2700 rum
1941 2649 2143 2716 judicio
2160 2649 2432 2701 verissima
2452 2657 2552 2702 est.
2575 2648 2745 2714 lnqltit
2773 2646 3098 2714 Augustinus
3116 2657 3258 2696 tomo
3279 2643 3368 2714 Vl,

1800 2737 1894 2792 lib.
1929 2739 1996 2792 de
2042 2739 2193 2792 Bono
2222 2739 2505 2806 conjugali,
2543 2753 2658 2804 cap.
2694 2737 2725 2790 6
2759 2755 2770 2788 :
2827 2755 2845 2786 ‹
2875 2736 3184 2803 Conjugalis
3230 2736 3373 2792 enim

1798 2829 2115 2883 concubitus
2143 2829 2429 2898 generandi
2454 2829 2621 2898 gratia
2649 2844 2752 2881 non
2797 2826 2958 2880 habet
2982 2826 3213 2893 culpam,
3246 2839 3376 2880 eon-

1798 2919 2144 2986 cupiscentia:
2171 2933 2303 2974 vero
2325 2918 2605 2980 satiandsc,
2633 2918 2728 2972 sed
2760 2928 2932 2970 tamen
2963 2932 3084 2970 cum
3114 2916 3372 2984 conjuge,

1797 3019 2019 3088 prOpter
2063 3010 2218 3064 ﬁdem
2272 3011 2371 3064 tori
2420 3009 2684 3063 venialem
2737 3007 2898 3061 habet
2936 3008 3168 3076 culpam.
3207 3025 3225 3058 1
3265 3006 3374 3059 lloc

1732 3139 1741 3145 .
1798 3107 2061 3152 assertum
2092 3098 2352 3152 docuerat
2391 3096 2638 3151 Clemens
2678 3097 2980 3158 Romanus,
3032 3095 3122 3148 lib.
3158 3111 3207 3148 Vl
3237 3095 3376 3148 Con.-

187 3183 286 3239 Sed
318 3185 488 3238 audio
529 3186 800 3240 Petavium
844 3186 1218 3240 inclamantem
1254 3205 1266 3238 :
1322 3205 1340 3237 ι
1367 3185 1690 3256 Jampt-idem
1715 3218 1768 3280 ὓ

1799 3192 1968 3244 stitut.
1996 3200 2195 3258 apost.,
2228 3199 2285 3244 ut
2315 3191 2496 3244 dicunt
2529 3204 2650 3259 cap.
2681 3189 2712 3242 7
2755 3205 2768 3241 :
2805 3206 2825 3239 ι
2853 3188 2975 3243 Sola
3005 3188 3147 3241 enim
3190 3187 3375 3254 volup.-

1799 3289 1900 3344 tas,
1938 3280 1983 3334 si
2023 3283 2142 3350 quis
2184 3295 2244 3334 ea
2289 3283 2449 3336 etiam
2485 3290 2660 3335 utatur
2690 3281 2740 3333 in
2769 3279 3038 3348 conjugio,
3065 3289 3147 3332 est
3180 3291 3374 3346 pra-ter

1799 3370 1964 3439 leges,
1998 3379 2049 3424 et
2102 3370 2336 3439 injusta,
2385 3379 2440 3425 et
2484 3385 2515 3423 a
2544 3370 2748 3424 ratione
2794 3371 2988 3422 aliena.
3023 3387 3041 3419 1
3089 3369 3145 3423 lo
3186 3370 3373 3422 eadem

1793 3459 2060 3514 sententia
2088 3469 2171 3515 est
2191 3470 2416 3515 sanctus
2446 3460 2733 3513 Anselmus
2763 3459 2814 3510 in
2847 3460 2866 3510 l
2893 3457 3018 3510 Cor.
3051 3473 3143 3522 vti,
3176 3459 3239 3509 ad
3284 3459 3372 3517 illa

1794 3549 1956 3602 verba
1990 3563 2006 3600 :
2055 3548 2165 3600 lloc
2190 3557 2358 3600 autem
2397 3548 2670 3599 secundum
2710 3545 3101 3616 indulgentiam,
3138 3546 3224 3597 ubi
3253 3551 3326 3596 ait
3348 3563 3368 3611 ,τ

1795 3655 1821 3691 τι
1860 3639 2008 3690 ’l‘unc
2041 3638 2182 3690 enim
2215 3638 2384 3690 solum
2415 3637 2673 3703 coniuges
2715 3636 2829 3688 sine
2858 3635 3012 3698 culpa
3043 3641 3169 3686 sunt
3197 3633 3246 3686 in
3279 3636 3372 3685 ad-

1797 3728 2076 3790 mixtione,
2111 3742 2230 3783 eum
2281 3742 2384 3779 non
2420 3741 2518 3794 pro
2555 3722 3098 3797 explenda'libidinc,
3150 3723 3242 3776 sed
3277 3736 3370 3789 pro

1795 3820 2134 3887 Suscipienda
2169 3821 2315 3886 prole
2339 3820 2650 3872 miscentur.
2685 3817 2788 3872 Sed
2821 3828 2994 3870 tamen
3020 3823 3073 3868 et
3102 3814 3202 3867 alia
3226 3828 3371 3867 com-

1795 3912 1981 3965 mixtio
2011 3927 2129 3980 qua:
2171 3913 2226 3966 lit
2274 3927 2372 3980 pro
2403 3906 2524 3964 «ola‘
2560 3909 2832 3978 voluptate
2857 3949 2872 3972 ,
2907 3908 3111 3962 veniam
3163 3911 3372 3974 accep't

1795 4012 2012 4071 propter
2065 4004 2299 4072 nuptias.
2338 4022 2356 4055 1
2389 4003 2617 4057 Sanctus
2649 4000 2957 4070 Ftt'gentins
2981 4041 2995 4064 ,
3030 3999 3080 4054 in
3114 3999 3271 4066 epist.
3305 4002 3371 4052 de

1795 4094 1985 4148 Debito
2018 4095 2306 4164 conjugali,
2343 4109 2461 4160 cap.
2483 4095 2536 4159 3,
2567 4091 2757 4146 scribit
2789 4111 2800 4142 :
2841 4110 2859 4143 ι
2889 4090 3214 4160 (Ionjttgatns
3239 4105 3367 4158 ergo

1792 4188 1836 4242 si
1865 4187 2174 4251 fornicetur,
2203 4185 2580 4239 damnabiliter
2613 4193 2829 4251 peccat;
2856 4185 2894 4236 ~i
2924 4190 3175 4237 vciotori
3212 4185 3368 4244 fidem

1791 4293 1899 4332 non
1924 4279 2137 4332 deserat
2165 4318 2178 4340 ,
2211 4277 2304 4330 sed
2340 4278 2389 4328 in
2419 4291 2585 4330 uxore
2608 4290 2702 4329 sua
2737 4275 2961 4328 naturali
2997 4275 3243 4325 duntaxat
3271 4288 3370 4332 usu

1791 4371 2176 4439 aliquantulum
2210 4371 2594 4436 intemperatus
2638 4370 2883 4433 excedat,
2918 4384 3019 4418 non
3062 4365 3230 4416 solum
3264 4366 3370 4416 sci-

1793 4463 2342 4532 licctgcnerationem
2373 4477 2619 4531 qua-rens
2643 4503 2658 4526 ,
2692 4462 2783 4515 sed
2834 4461 2901 4512 ali
2926 4459 3114 4512 :nando
3164 4455 3368 4522 libidini

1793 4555 1969 4608 carnis
2003 4553 2283 4619 obcdiens,
2319 4553 2420 4607 hoc
2442 4551 2686 4621 equidem
2711 4554 2825 4606 sine
2859 4552 3008 4617 culpa
3041 4562 3142 4600 non
3169 4547 3307 4597 facit.
3337 4563 3360 4600 ι

1797 4647 1862 4700 Et
1887 4660 2000 4713 cap.
2034 4643 2067 4695 4
2099 4663 2110 4698 :
2149 4664 2165 4694 ι
2201 4645 2420 4699 lictenta
2451 4659 2579 4712 ergo
2607 4645 2706 4696 tori
2737 4644 2867 4695 lides
2900 4639 3156 4693 maculam
3189 4635 3366 4694 diluit.

1791 4751 1948 4803 quam
1995 4736 2264 4790 con‘rabit
2317 4735 2602 4789 inlirtnitas
2652 4732 2851 4792 carnis,
2903 4729 2946 4782 si
3001 4725 3207 4779 ml.llt’l‘i
3260 4741 3366 4790 noti

1788 4828 2076 4883 misceatur
2107 4828 2282 4892 alteri,
2308 4827 2547 4896 quisquis
2581 4839 2682 4875 non
2718 4835 2812 4887 pro
2856 4820 2964 4872 sola
2997 4818 3362 4886 generatione,

1789 4917 1888 4970 sed
1921 4919 2082 4968 etiam
2123 4927 2340 4982 promer
2380 4913 2717 4981 fragilitatem
2748 4907 2922 4962 carnis
2952 4921 3061 4960 sna:
3107 4909 3364 4962 miscetur

1789 5009 1961 5062 uxori.
2001 5026 2018 5058 1
2057 5007 2159 5061 Sed
2210 5021 2276 5058 ex
2312 5015 2496 5058 sancto
2543 5000 2799 5070 Gregorio
2828 5017 2960 5069 papa
3004 5003 3363 5070 pulcherrime

1791 5101 1890 5152 hoc
1921 5101 2190 5163 probatur.
2248 5094 2380 5148 Cum
2429 5103 2642 5150 sanctus
2680 5087 3004 5162 Augustinus
3037 5096 3357 5151 monachus,

1790 5206 1944 5259 quem
1973 5188 2038 5242 ad
2087 5187 2285 5257 Anglos
2317 5185 2380 5238 ad
2423 5186 2578 5238 fidem
2630 5185 3023 5238 convertendos
3070 5186 3120 5236 in
3157 5187 3362 5237 Britatt~

1791 5282 1929 5333 niam
1981 5281 2216 5340 miserat,
2251 5275 2489 5345 quaedam
2538 5275 2696 5329 dubia
2745 5274 2915 5330 eidem
2975 5275 3360 5346 prOptNtliS-ei’,

1788 5375 1929 5430 inter
1955 5387 2072 5442 qua)
2103 5386 2233 5424 ntttn
2262 5372 2342 5423 vir
2381 5384 2488 5421 sua:
2517 5368 2726 5437 conjugi
2757 5368 3051 5436 permixtos
3080 5373 3357 5427 antequam

1789 5479 1922 5531 aqua
1956 5463 2242 5521 lavaretur,
2274 5460 2554 5514 ecclesiam
2594 5459 2799 5526 ingredi
2833 5463 3032 5523 posset,
3066 5453 3147 5506 vel
3176 5453 3236 5503 ad
3279 5468 3358 5500 sa-

1791 5569 1934 5607 cram
1991 5551 2422 5604 communionem
2478 5550 2772 5610 accedere,
2809 5545 3098 5612 respondet
3146 5557 3360 5604 eamus

1793 5645 2023 5714 pontifes
2059 5642 2148 5695 lib.
2180 5658 2258 5695 XII
2305 5641 2500 5708 Epist.,
2531 5656 2630 5708 cap
2688 5639 2770 5701 l0,
2805 5639 2868 5689 ad
2911 5639 3220 5701 interrogat.
3259 5641 3364 5696 AP;-

2017 5753 2032 5784 t
2067 5733 2426 5788 Romanorum
2455 5741 2628 5788 tamen
2684 5745 2867 5798 ctnper
2887 5727 2954 5778 ab
2975 5728 3364 5798 antiquioribus

2864 5841 2942 5898 ‘22
