3892 6334
536 371 645 427 ὒὸδ

1431 365 1986 426 SUPPLEMENTUM
2029 371 2119 426 AD
2159 373 2380 428 OPERA
2430 375 2485 430 S.
2529 374 2924 430 AUGUSTINL

3704 382 3786 437 681

538 504 668 543 usus
702 486 797 542 fuit
822 527 837 554 ,
872 494 993 556 post
1020 485 1403 540 adtnixtionem
1436 488 1664 556 propria:
1689 488 1927 556 Cttnjugis
1955 497 2008 542 et
2038 489 2116 540 la-
2146 493 2196 549 Α
2224 488 2264 542 si
2291 503 2422 542 uxor
2455 505 2556 542 non
2583 499 2746 553 esset,
2777 497 2901 542 tunc
2929 503 3033 542 non
3074 496 3156 544 est
3181 490 3490 546 omnimoda
3547 491 3787 548 inordin.t-

537 583 681 636 vacri
724 578 1152 648 purihcationcm
1184 593 1427 646 quaerere
1454 619 1467 640 ,
1495 587 1550 631 et
1580 579 1646 631 ab
1677 578 1919 648 ingressu
1951 581 2122 633 eccle-

531 673 630 725 siae
660 671 935 740 paululum
967 668 1587 724 reverenterabstinere.
1609 668 1717 722 Nec
1749 669 1862 722 haec
1883 669 2121 722 dicentes

531 765 858 832 deputamus
893 761 1101 831 culpam
1150 773 1270 813 esse
1317 759 1663 828 conjugium,
1715 760 1806 814 sed
1854 758 1974 829 quia
2007 761 2120 828 ipsa

537 855 678 909 licita
712 853 968 906 adtnixtio
1001 851 1290 918 conjugum
1323 849 1440 903 sine
1488 851 1758 918 voluptate
1797 850 1975 902 carnis
2007 849 2120 902 fieri

539 961 645 1000 non
684 955 880 1014 potest,
906 959 944 998 va
975 943 1117 997 sacri
1163 943 1264 996 loci
1311 945 1555 1012 ingressu
1599 944 1970 997 abs:i::endum
2008 952 2119 1005 est,

535 1039 659 1107 quia
690 1038 931 1105 voluptas
962 1035 1072 1102 ipsa
1097 1048 1217 1087 es-‘e
1248 1033 1364 1088 sine
1385 1034 1539 1100 culpa
1560 1035 1860 1086 nullatenus
1891 1040 2114 1101 potest.»

539 1129 600 1182 Et
635 1138 817 1197 postea
867 1146 878 1179 :
916 1145 936 1179 ι
973 1126 1028 1181 Si
1060 1127 1179 1194 quis
1212 1140 1342 1194 ergo
1368 1142 1516 1180 suam
1549 1126 1853 1195 co:~jugcm,
1889 1142 1992 1178 non
2023 1141 2120 1179 cu-

533 1221 718 1290 pidine
752 1219 1044 1287 vOIUptatis
1086 1225 1300 1284 captus,
1335 1217 1427 1271 sed
1458 1217 1796 1270 solummodo
1831 1215 2119 1269 liberorum

529 1307 887 1364 creandorum
917 1307 1086 1375 gratia
1121 1305 1301 1368 utitur,
1339 1305 1440 1359 iste
1488 1305 1728 1375 proiecto
1781 1305 2120 1370 deuingressu

529 1401 796 1466 ccclesitc,
827 1414 920 1455 seu
951 1399 1018 1454 de
1047 1398 1312 1452 sumendo
1340 1399 1582 1466 corporis
1613 1398 1869 1451 Dominici
1901 1397 2120 1467 sangui-

531 1496 729 1563 nisque
759 1497 1012 1563 mysterio
1044 1507 1140 1544 suo
1164 1501 1248 1546 est
1285 1492 1666 1560 relinquendus
1692 1490 1916 1559 judicio,
1943 1491 2063 1559 quia
2089 1504 2116 1542 a

532 1585 690 1638 nobis
717 1582 988 1652 prohiberi
1021 1596 1124 1634 non
1156 1580 1316 1635 debet
1345 1582 1615 1649 accipere,
1662 1581 1751 1648 qui
1787 1581 1838 1632 in
1874 1581 1996 1647 igne
2025 1593 2120 1647 po-

538 1677 676 1728 situs
703 1675 870 1727 nescit
901 1672 1111 1726 ardere.
1145 1671 1276 1724 Cum
1307 1685 1431 1724 vero
1462 1684 1566 1724 non
1598 1685 1747 1722 amor
1778 1669 2117 1737 procreande

530 1768 753 1833 sobolis,
806 1766 898 1820 sed
941 1764 1185 1833 voluptas
1211 1761 1519 1816 dominatur
1550 1761 1601 1814 in
1653 1774 1818 1829 opere
1859 1759 2117 1812 commix-

2231 581 2324 644 tio,
2357 591 2412 633 et
2435 591 2559 634 tunc
2595 591 2679 634 est
2711 591 2984 648 peccatum
3029 582 3256 647 veniale,
3297 592 3352 638 et
3389 594 3676 639 exru~atur
3715 603 3786 653 per

2229 670 2421 723 bonum
2455 671 2802 734 matrimonii,
2837 685 2888 722 ιιι
2919 685 3025 724 nea
3049 672 3115 724 sit
3147 673 3390 746 mortale.
3433 691 3450 722 ι
3484 672 3699 728 Possem
3721 678 3783 728 itt-

2227 777 2476 816 numeros
2509 762 2758 816 doctores
2785 761 3002 825 addere,
3035 763 3125 831 qui
3171 762 3342 831 plenis
3385 763 3656 835 suffragiis
3700 769 3782 820 Au-

2225 852 2420 916 guStini
2466 852 2790 905 sententiam
2843 852 3212 921 comprobant.
3269 854 3495 923 Appello
3535 854 3784 920 ετιηεὴρι,

2221 943 2362 997 inter
2393 944 2724 998 recentiores
2749 943 3139 1007 doctissimum,
3165 947 3253 1013 qui
3279 956 3423 999 tomo
3449 946 3511 1000 111
3535 947 3604 1001 de
3637 949 3787 1003 Matri-

2227 1035 2406 1086 ntonio
2437 1034 2528 1086 lib.
2558 1050 2631 1097 tx,
2659 1033 2800 1101 disp.
2833 1033 2922 1097 11,
2951 1049 3104 1088 num.
3135 1034 3193 1099 4,
3239 1035 3374 1089 hanc
3399 1034 3596 1101 thesim
3620 1053 3783 1106 pf0p0~

2223 1126 2348 1178 nit:
2399 1143 2416 1175 ι
2453 1124 2698 1178 Sscuntla
2730 1124 3046 1178 cont-lusio:
3091 1125 3146 1179 At
3168 1133 3254 1177 tus
3303 1123 3604 1194 coitjugalis
3647 1128 3786 1182 solius

2225 1216 2512 1284 voluptatis
2569 1214 2736 1282 gratia
2793 1214 3095 1279 exercitus,
3153 1229 3250 1269 nec
3303 1215 3435 1270 lines
3489 1217 3786 1273 matrimonii

2227 1308 2647 1376 transgrediens,
2674 1316 2758 1360 est
2778 1307 2929 1374 culpa
2963 1305 3203 1361 venialis.
3245 1325 3263 1358 ι
3295 1306 3444 1372 Quod
3476 1322 3610 1362 sane
3641 1323 3786 1362 asser-

2219 1408 2334 1452 tum
2365 1400 2741 1467 quinquaginta
2774 1397 3053 1450 doctorum
3080 1405 3188 1450 tum
3219 1407 3458 1452 veterum
3495 1412 3606 1452 tum
3630 1416 3786 1455 recen~

2225 1489 2420 1542 tiorum
2453 1488 2772 1542 testimoniis
2803 1488 3120 1541 communit.
3155 1488 3304 1542 lianc
3324 1491 3496 1542 sancti
3530 1493 3784 1559 August'ni

2217 1583 2544 1635 sententiam
2576 1597 2745 1650 nuper
2766 1581 3005 1636 defendit
3035 1593 3215 1636 noster
3249 1583 3305 1635 Ρ.
3335 1583 3543 1653 Alipius
3586 1585 3782 1656 Reylol,

2225 1672 2407 1739 Belga,
2435 1672 2524 1723 lib.
2554 1687 2602 1724 tv
2629 1671 2694 1725 de
2728 1672 2937 1736 Anima,
2962 1687 3010 1726 c.
3035 1671 3092 1734 2,
3129 1672 3156 1742 §
3185 1672 3239 1725 4.
3273 1671 3290 1725 I
3327 1690 3492 1737 nunc,
3526 1675 3785 1738 Morainrs,

2223 1771 2277 1816 et
2297 1761 2592 1830 Augustino
2623 1753 2862 1814 furorem
2899 1762 3229 1825 nimiumque
3270 1766 3322 1817 in
3363 1763 3690 1830 disputando
3714 1768 3787 1819 itn-

533 1859 698 1914 .tonis
723 1900 738 1923 ,
773 1857 969 1910 habent
1009 1853 1266 1924 coniuges
1293 1852 1456 1907 etiam
1487 1851 1554 1905 de
1583 1866 1676 1904 sua
1707 1849 2109 1912 commixtione,
2147 1867 2192 1924 Β
2220 1864 2397 1925 petum
2421 1869 2649 1923 oppone,
2673 1853 2752 1906 tta
2777 1863 2878 1919 est,
2913 1868 2943 1906 a
2973 1855 3115 1923 regia
3141 1855 3220 1908 via
3247 1857 3298 1908 in
3327 1865 3575 1911 extrema
3602 1858 3691 1913 me
3716 1859 3788 1909 de-

535 1949 673 2003 wod
706 1948 957 2002 defleant.
992 1965 1010 1998 ι
1064 1945 1217 2008 Item,
1255 1943 1498 1997 adductis
1538 1942 1644 1996 illis
1689 1941 1874 1996 verbis
1914 1940 2058 1994 Pauli
2095 1939 2116 1993 l

526 2046 656 2097 δέον.
679 2056 780 2094 vlt:
803 2039 917 2092 Hoc
944 2048 1113 2092 autem
1136 2039 1250 2091 dico
1273 2035 1549 2091 secundum
1577 2033 1972 2103 indulgentiam,
2002 2033 2074 2086 ait
2099 2047 2114 2086 :

534 2164 560 2186 ι.
596 2133 708 2188 Non
759 2133 901 2186 enim
946 2130 1252 2200 indulgetur
1301 2127 1442 2197 quod
1497 2126 1618 2180 licet
1672 2136 1726 2179 et
1751 2125 1953 2194 justum
2011 2131 2113 2179 est.

527 2228 681 2295 Quod
716 2227 857 2282 enim
888 2224 1151 2295 indulgeri
1182 2224 1336 2288 dixit,
1362 2222 1570 2290 culpam
1594 2236 1712 2274 csse
1735 2221 2075 2273 monstravit.
2094 2239 2110 2270 ›

535 2319 611 2373 ’.Ξη
638 2335 739 2372 non
765 2320 934 2372 solum
977 2314 1255 2385 Augustini
1285 2313 1602 2367 sententiam
1635 2323 1892 2365 assertatn
1923 2326 1950 2363 a
1985 2311 2118 2365 Gtc-

530 2406 684 2478 gmio
713 2409 899 2476 Magno
930 2422 995 2460 ex
1027 2403 1327 2473 apostolica
1358 2405 1485 2456 sede
1526 2403 1589 2454 ad
1623 2402 1861 2454 ﬁdelium
1917 2402 2115 2454 instru-

520 2500 762 2553 ctionem
794 2499 1044 2566 loquente
1071 2536 1085 2559 ,
1141 2509 1330 2548 verum
1362 2493 1519 2546 etiam
1565 2507 1628 2546 ex
1663 2491 1918 2559 Apostolo
1945 2499 2000 2544 et
2029 2505 2111 2544 ex

529 2588 750 2658 antiquo
778 2589 1033 2643 Romana:
1055 2585 1307 2640 Ecclesia:
1332 2587 1431 2637 ritu
1454 2582 1700 2637 eamdem
1723 2582 2112 2635 confirmatam.

528 2680 666 2748 Quid
699 2682 764 2734 ad
821 2679 885 2733 h.t
907 2694 936 2733 c
967 2690 1196 2747 repones
1227 2717 1241 2740 ,
1277 2673 1538 2729 Moraini?
1573 2674 1637 2727 Et
1675 2673 2014 2742 Gregorium,
2064 2682 2118 2726 et

516 2771 894 2841 TFulgeutium,
925 2778 978 2825 et
1011 2766 1344 2830 Anselmum,
1375 2773 1430 2820 et
1457 2763 1787 2820 Clementem
1831 2764 1895 2817 ait
1931 2765 2118 2832 praeei-

526 2864 656 2931 pitia
685 2862 969 2917 deﬂexisse
997 2859 1188 2914 dices?
1220 2859 1289 2913 At
1315 2858 1400 2912 isti
1423 2856 1572 2911 nullo
1596 2865 1727 2910 testu
1743 2855 2117 2924 disputationis

521 2953 740 3022 abrepti
770 2953 856 3004 ilia
888 2951 1093 3016 dixere,
1124 2950 1264 3003 unde
1292 2948 1505 3017 gravius
1522 2962 1731 3002 errasse
1760 2961 1889 3002 sane
1906 2947 2117 3000 dicendi

527 3052 653 3098 sunt
683 3084 696 3104 ,
733 3059 853 3096 cum
885 3041 1237 3110 Augustinum
1267 3038 1419 3094 zelus
1450 3037 1681 3092 hostium
1730 3037 2116 3107 expugnando-

519 3149 643 3188 I'Ulﬂ
671 3141 914 3188 θιοιιερι.

500 3204 503 3206 ’
593 3224 698 3278 Sed
728 3223 852 3276 volo
888 3219 1172 3274 ostendere
1211 3220 1495 3291 theologia:
1544 3219 1875 3274 scltolaSticm
1928 3237 2116 3288 [roce-

520 3333 613 3373 res
633 3317 686 3371 in
709 3315 894 3372 eadem
919 3318 1180 3369 sententia
1205 3329 1324 3368 cum
1349 3313 1645 3384 Augustino
1667 3315 1972 3368 concinere.
1997 3316 2112 3368 Pri-

524 3426 644 3465 mus
669 3409 761 3475 sit,
792 3423 951 3478 quem
980 3420 1170 3461 otnnes
1215 3407 1382 3460 secuti
1415 3415 1560 3470 sunt,
1594 3405 1842 3475 Magister
1884 3407 2112 3460 Senten-

521 3503 735 3564 tiarum,
777 3500 867 3569 qui
898 3499 950 3552 in
981 3496 1035 3564 4,
1067 3497 1192 3552 dist.
1231 3499 1322 3566 5|,
1351 3497 1422 3552 ita
1450 3499 1635 3552 scribit
1667 3515 1679 3550 :
1717 3517 1734 3548 ι
1777 3498 1888 3552 llic
1931 3512 2108 3554 autem

518 3611 591 3650 ne
623 3591 890 3663 praedictis
909 3590 1110 3654 obviet,
1134 3589 1540 3659 intelligendum
1573 3599 1655 3645 est
1683 3589 1733 3643 in
1766 3590 1869 3643 illis
1894 3591 1979 3657 qui
2005 3608 2108 3645 non

498 3689 687 3759 gratia
721 3686 886 3756 prolis
927 3685 1269 3746 conveniunt,
1306 3699 1532 3753 quorum
1580 3685 1826 3753 voluptas
1876 3701 1980 3738 non
2025 3694 2110 3739 est

513 3781 638 3835 sine
668 3788 900 3848 peccato.
940 3797 958 3830 ι
997 3777 1063 3832 Et
1107 3778 1340 3846 loquitur
1389 3777 1458 3831 de
1500 3777 1817 3845 conjttgatis.
1874 3777 2110 3832 Accedat

497 3871 768 3925 .Albertus
799 3869 1040 3937 Magnus,
1082 3876 1230 3919 tomo
1272 3865 1410 3930 XVI,
1454 3867 1485 3919 4
1528 3865 1950 3932 Sententiarum,
1978 3869 2104 3924 dist.

515 3962 608 4027 51,
651 3971 756 4013 art.
787 3959 876 4022 21,
911 3960 937 4029 §
969 3959 1277 4028 Responsio,
1317 3957 1404 4011 ubi
1454 3959 1528 4011 ait
1561 3976 1572 4009 :
1615 3977 1630 4008 t
1669 3959 1775 4014 Sed
1821 3977 1941 4014 cum
1993 3962 2106 4015 Sola

498 4051 684 4105 Jibido
711 4061 908 4111 movet,
956 4063 1084 4115 etc.,
1117 4060 1205 4102 aut
1235 4049 1405 4103 fervet
1432 4051 1571 4103 intra
1598 4060 1768 4105 metas
1815 4054 2106 4108 honestatis

502 4148 570 4195 et
593 4138 962 4193 concessionis
987 4139 1336 4206 matrimonii,
1361 4147 1415 4194 et
1439 4151 1563 4194 tunc
1586 4142 1790 4196 reniaie
1820 4143 2103 4197 dicendum

500 4239 616 4299 est,
652 4239 706 4284 ut
730 4239 874 4299 patet
904 4246 967 4284 ex
1010 4232 1190 4286 verbis
1220 4232 1502 4303 Augustini
1533 4233 1584 4286 in
1616 4233 1789 4287 littera
1831 4235 2037 4304 positis.
2081 4255 2097 4287 ι

509 4325 661 4381 Dabo
686 4325 809 4381 huic
852 4339 1138 4393 supparem
1187 4324 1550 4380 Alexandrum
1590 4327 1862 4392 Alensetn,
1897 4339 2034 4396 part.
2068 4343 2102 4380 tt

494 4416 772 4482 Summze,
803 4425 991 4486 quam.
1033 4414 1152 4480 147,
1197 4417 1394 4471 mcmb.
1429 4416 1506 4469 Ξῖ
1545 4437 1563 4469 ‹
1598 4418 1653 4472 Si
1692 4418 1856 4484 enim,
1911 4419 2100 4488 inquit,

499 4509 598 4564 illa
628 4509 913 4565 delectatio
940 4509 1008 4563 sit
1042 4508 1139 4562 sub
1165 4506 1296 4572 Deo,
1332 4511 1535 4563 veniale
1566 4517 1842 4580 peccaturo
1874 4521 1977 4576 est,
2007 4527 2102 4565 ex-

2221 1947 2456 2012 clinavit,
2493 1947 2586 2001 sed
2629 1961 2810 2000 secum
2843 1955 2895 1998 et
2925 1945 3114 2000 Patres
3162 1955 3214 1999 ct
3261 1953 3496 2001 cunctos
3532 1949 3788 2019 theologia

2221 2053 2473 2108 proceres
2497 2039 2681 2101 traxit,
2700 2047 2755 2090 ut
2773 2040 2974 2106 jamtot
2995 2037 3404 2106 sapientissimis
3426 2038 3560 2093 viris
3577 2056 3790 2108 pratenti-

2221 2130 2360 2185 tibtts
2389 2129 2556 2199 possit
2580 2128 2802 2198 quilibet
2831 2128 3096 2183 inoﬂenso
3127 2129 3261 2198 pede
3287 2130 3415 2185 illac
3437 2130 3538 2185 iter
3564 2147 3788 2202 carpere,

2221 2221 2345 2275 licet
2374 2221 2638 2274 Moraines
2665 2221 2768 2272 alia
2803 2221 2885 2273 via
2913 2220 3302 2287 progrediatur,
3337 2221 3425 2288 (ιιιί
3455 2220 3503 2274 si
3528 2220 3668 2276 forte
3695 2231 3790 2274 tan-

2221 2322 2289 2364 to:
2309 2328 2394 2366 um
2430 2313 2666 2366 virorum
2700 2313 2922 2380 vestigia
2953 2320 3207 2377 notasset,
3238 2313 3457 2367 eosdem
3486 2324 3541 2367 et
3586 2314 3703 2382 ipse
3725 2329 3792 2368 se-

2219 2414 2394 2470 cutus,
2419 2405 2544 2459 licet
2573 2404 2732 2473 longo
2757 2405 2964 2473 positus
2992 2405 3294 2472 intervallo,
3323 2404 3424 2460 sibi
3454 2405 3656 2462 melius
3684 2422 3790 2462 con-

2219 2494 2489 2550 suluisset.

2290 2609 2414 2664 Haec
2445 2609 2657 2679 quidem
2686 2609 2755 2664 de
2786 2609 3008 2680 objectis
3030 2610 3098 2664 ab
3123 2625 3232 2664 uno
3262 2610 3526 2666 Morainio
3556 2611 3790 2679 Augusti-

2221 2697 2394 2752 nianze
2419 2697 2678 2752 doctrina:
2717 2699 3028 2753 excessibus
3059 2699 3199 2752 dicta
3249 2699 3543 2766 sufficiant,
3594 2717 3714 2770 qua:
3756 2702 3791 2756 si

2220 2788 2435 2858 ipsimet
2459 2791 2782 2844 recentiores
2810 2792 3065 2844 attentius
3084 2790 3449 2853 considerent,
3483 2791 3653 2846 dubio
3692 2807 3793 2860 pro.

2219 2881 2304 2934 cul
2331 2881 2636 2935 fatebuntur
2666 2897 2769 2935 non
2797 2883 3147 2951 Augustinum
3174 2923 3189 2948 ,
3221 2883 3313 2936 sed
3334 2877 3509 2937 semet
3534 2884 3586 2938 in
3619 2886 3793 2954 pericu-

2220 2971 2358 3026 losos
2389 2989 2624 3026 excessus
2655 2972 2991 3038 declinasse;
3020 2987 3141 3027 cum
3171 2975 3314 3027 enim
3343 2975 3591 3028 audirent
3625 2990 3655 3028 ε
3686 2975 3792 3031 Jatt-
3875 2971 3878 2988 '

2220 3065 2372 3119 senio
2417 3065 2625 3133 ‘|prensi
2685 3065 2936 3134 episcopo
2982 3082 3147 3120 unum
3212 3067 3410 3137 ubique
3454 3072 3790 3139 Augustirum

2131 3159 2139 3164 '
2221 3154 2444 3218 laudari,
2476 3157 2634 3210 unius
2653 3156 2934 3225 Angustiui
2965 3158 3280 3221 sententias,
3305 3159 3471 3214 veluti
3500 3175 3566 3214 ex
3589 3162 3792 3216 oraculo

2148 3243 2193 3305 C
2225 3260 2478 3314 responsa
2513 3246 2761 3315 proferri,
2785 3247 3142 3317 eumdcmque
3165 3251 3216 3303 in
3247 3250 3550 3321 theologica
3577 3254 3792 3320 palestra

2217 3351 2376 3401 supra
2409 3346 2637 3391 cteteros
2669 3337 2922 3392 Ecclesiae
2952 3338 3138 3394 Patres
3166 3341 3358 3405 attolli,
3405 3343 3505 3411 ipsi
3548 3359 3659 3412 quo
3689 3361 3794 3412 pro-
3879 3355 3884 3404 ς

2214 3425 2300 3479 cul
2332 3442 2357 3475 a
2390 3425 2651 3481 Jansenio
2683 3428 3035 3494 declinarent,
3065 3445 3130 3484 eo
3167 3445 3334 3500 usque
3363 3435 3673 3500 prrecipites
3699 3436 3794 3487 dis-
3879 3419 3883 3484 ἓ

2213 3519 2496 3587 putationis
2524 3528 2653 3571 testu
2687 3519 2887 3587 abrepti
2917 3530 3064 3587 sunt,
3094 3530 3150 3574 ut
3182 3522 3478 3590 Augustino
3521 3522 3635 3578 fere
3679 3541 3796 3578 nun-
3881 3527 3883 3590 ξ

2213 3610 2349 3662 tium
2381 3610 2706 3676 remiserint,
2742 3613 3036 3666 clamantes
3067 3627 3185 3666 eum
3218 3612 3475 3667 Morainio
3523 3615 3576 3667 in
3624 3613 3794 3684 pra-fr
3879 3610 3884 3644 Ὺ

2215 3701 2358 3755 tione
2386 3701 2817 3757 Auti-Janseuii:
2866 3721 2884 3755 ‹
2918 3703 3017 3770 Qui
3045 3708 3192 3774 prius
3216 3705 3582 3775 Augustinum
3615 3710 3670 3761 in
3695 3723 3794 3760 om-
3883 3743 3887 3775 π

2213 3791 2367 3845 nibus
2398 3792 2759 3860 deposcebant
2784 3794 3016 3863 judicem
3042 3837 3056 3860 ,
3091 3811 3235 3849 nunc
3264 3797 3332 3850 ibi
3363 3797 3592 3851 liberum
3627 3805 3795 3866 putant

2221 3895 2288 3935 ne
2318 3881 2530 3951 quidem
2555 3884 2818 3939 arbitrum
2856 3885 3201 3941 honorarium
3235 3890 3285 3941 in
3341 3889 3460 3942 aliis
3513 3890 3662 3943 ii|um
3714 3891 3797 3943 ad-

2212 3973 2448 4027 mittere.
2491 3993 2509 4024 »
2547 3974 2680 4038 ltno,
2728 3992 2836 4045 quo
2870 3977 3077 4032 facilius
3133 3987 3360 4033 caeteros
3413 3980 3477 4033 ad
3527 3981 3796 4050 Augustini

2209 4066 2349 4120 dicta
2378 4068 2728 4121 examinanda
2759 4070 3094 4136 anitnarent,
3138 4071 3379 4125 divinum
3416 4073 3526 4126 illis
3576 4075 3642 4126 ad
3697 4087 3796 4125 tam

2209 4168 2449 4211 sanctum
2482 4173 2617 4227 Opus
2646 4160 2900 4214 auxilium
2931 4162 3235 4216 adfuturum
3272 4163 3497 4232 polliciti
3530 4176 3654 4219 sunt
3701 4165 3796 4218 illis

2210 4249 2403 4303 Atinati
2432 4250 2655 4304 vocibus
2685 4250 2777 4303 lib.
2811 4267 2898 4304 vnt
2931 4253 3013 4306 sui
3047 4255 3328 4322 Augustini
3376 4255 3653 4321 vindicati,
3680 4270 3792 4321 cap.

2208 4340 2262 4406 5,
2297 4356 2415 4410 pag.
2446 4339 2547 4394 δ97
2582 4360 2593 4393 :
2623 4358 2644 4393 ι
2677 4341 2860 4410 Neque
2901 4343 3036 4396 adeo
3069 4359 3382 4412 perversum
3410 4353 3493 4398 est
3525 4347 3628 4400 hoc
3675 4361 3796 4399 con-

2206 4430 2402 4494 silium,
2431 4442 2482 4484 ut
2518 4431 2717 4487 habere
2747 4449 2847 4488 nou
2876 4435 3364 4503 possitadjutorem
3399 4437 3592 4491 Deum.
3637 4457 3655 4489 ι
3690 4442 3791 4490 Au-

2205 4524 2449 4588 gustinus
2478 4523 2542 4575 ad
2570 4523 2948 4578 Adrumetinos
2995 4526 3308 4592 monachos,
3360 4527 3515 4581 initio
3568 4529 3680 4582 libri
3726 4528 3792 4580 de

503 4615 735 4658 cusatur
780 4601 923 4657 enim
954 4611 1173 4672 propter
1203 4611 1596 4656 sacramentum
1647 4605 1912 4674 conjugii;
1962 4605 2102 4659 unde
2133 4609 2392 4686 DGratia
2450 4623 2501 4666 et
2550 4614 2725 4668 libero
2779 4616 3021 4680 arbitrio,
3073 4620 3306 4686 scripsit,
3365 4622 3430 4672 ad
3478 4637 3576 4675 sua
3638 4621 3792 4690 ipsius

511 4695 860 4766 Augustinus,
894 4695 961 4749 de
989 4693 1136 4747 Bono
1167 4692 1467 4761 conjttgali,
1500 4703 1603 4747 etc.
1641 4714 1659 4746 ι
1697 4696 1771 4748 Ita
1798 4698 1847 4749 bi
1890 4697 1994 4750 duo
2015 4697 2103 4751 lu-

501 4788 655 4841 mina
712 4787 1027 4858 theologicae
1073 4785 1271 4841 scltoitn
1316 4801 1432 4839 eam
1483 4786 1803 4840 sententiam
1863 4788 2101 4855 tradunt,

497 4881 790 4946 Augustini
814 4882 1190 4933 auctoritatem
1225 4877 1416 4932 secuti.
1449 4877 1565 4931 Non
1597 4877 1848 4931 dissentit
1888 4879 2102 4948 Angeii-

495 4983 605 5021 .cus
635 4973 887 5036 magister
915 4983 1136 5025 sanctus
1169 4971 1422 5036 't'homas,
1451 4969 1579 5025 dist.
1624 4971 1713 5036 51,
1765 4972 1858 5026 cit.
1907 4981 2100 5040 quaest.

505 5058 563 5123 2,
595 5060 780 5128 art.3,
831 5063 919 5116 ubi
959 5067 1152 5133 quzerit
1198 5077 1376 5121 utrum
1425 5077 1611 5135 peccet
1658 5070 1956 5124 mortaliter
1998 5083 2094 5123 co-

495 5164 774 5219 gnoscens
803 5166 1026 5207 uxorem
1068 5155 1396 5213 intendenda
1441 5159 1608 5212 solam
1660 5159 2093 5226 delectationem,

491 5245 590 5298 .cui
617 5245 900 5314 quaastioni
930 5245 980 5297 iu
1011 5246 1115 5300 fine
1143 5263 1320 5318 corpo.
1340 5250 1385 5304 is
1415 5252 1704 5321 respondet
1733 5268 1746 5306 :
1781 5271 1798 5303 ι
1833 5253 1888 5308 Si
1915 5262 2092 5308 autem

506 5350 779 5408 quaeratur
813 5337 1098 5393 delectatio
1121 5341 1256 5396 infra
1288 5345 1482 5400 limites
1513 5346 1864 5414 matrimonii,
1909 5357 1963 5402 ut
1991 5349 2096 5403 sci-

497 5432 634 5487 licet
657 5430 780 5485 talis
805 5429 1090 5486 delectatTo
1126 5431 1176 5486 in
1201 5433 1303 5487 alia
1333 5449 1435 5488 non
1467 5445 1804 5504 quaireretttr
1842 5454 1999 5507 quant
2040 5439 2090 5494 in

495 5521 752 5591 conjuge,
785 5522 861 5576 sic
887 5531 970 5576 est
999 5521 1209 5577 veniale
1240 5533 1540 5594 peceatum.
1569 5545 1592 5577 ι
1624 5525 1886 5596 Jungatur
1912 5530 2090 5600 Ange-

499 5610 607 5665 ~|ico
637 5612 962 5684 Seraphicus
990 5613 1178 5670 doctor
1204 5614 1596 5685 Bouaventura,
1630 5618 1720 5688 qui
1744 5619 1869 5674 dist.
1902 5622 2090 5677 eadem

485 5710 696 5766 quiest.
728 5705 783 5767 5,
814 5706 865 5759 in
895 5706 1020 5772 tino,
1063 5708 1132 5761 ita
1161 5708 1362 5775 judicat
1389 5726 1401 5764 ε
1431 5727 1450 5760 t
1491 5709 1545 5766 Si
1578 5721 1756 5766 autem
1802 5715 1853 5766 in
1887 5731 1949 5768 ea
1981 5717 2092 5770 vult

486 5789 782 5856 delectari,
813 5796 937 5861 quia
963 5813 1117 5860 uxor,
1141 5809 1193 5851 et
1217 5801 1362 5853 nullo
1391 5802 1547 5854 modo
1573 5817 1689 5856 eam
1714 5818 2084 5875 cognosceret,

2202 4709 2412 4772 scripta
2447 4707 2810 4774 intelligenda,
2843 4711 3072 4763 divinam
3101 4727 3254 4779 opem
3283 4713 3672 4779 implorandam
3705 4730 3718 4765 :
3754 4712 3790 4763 Α

2209 4800 2434 4857 Domitio
2466 4817 2516 4857 ut
2545 4807 2842 4877 intet’ligatis
2870 4822 3025 4862 orate.
3062 4812 3303 4865 Atinatus
3333 4827 3480 4877 vero,
3512 4815 3579 4866 ad
3610 4814 3784 4868 eadem

2205 4897 2378 4950 sancti
2457 4897 2692 4952 doctoris
2779 4901 2972 4968 scripta
3043 4904 3287 4957 censuris
3360 4905 3785 4974 perstringenda.

2205 4995 2549 5051 etiamsinon
2595 5008 2834 5067 rogetur,
2869 5001 3030 5054 Deum
3074 5002 3288 5054 obsum
3332 5003 3632 5070 atljutnrem
3668 5017 3787 5069 spoo

2207 5087 2415 5154 pendit,
2442 5104 2560 5142 cum
2581 5090 2899 5142 temeritatis
2921 5092 3144 5145 ultorem
3168 5094 3342 5159 potius
3368 5096 3564 5148 timere
3586 5093 3792 5149 debitis-

2199 5197 2305 5239 Sel.
2353 5189 2608 5250 Adamus,
2662 5202 2782 5258 pag.
2836 5189 2958 5255 65:2,
2998 5195 3047 5246 in
3099 5193 3459 5259 line,cap.7,
3516 5195 3784 5258 Augustini

2197 5299 2451 5340 excessus
2517 5288 2840 5363 innocentem
2898 5292 3186 5357 passionem
3239 5303 3418 5346 contra
3487 5293 3790 5360 Pelagianos

2189 5389 2545 5454 ,nuttCupavit,
2568 5393 2668 5443 sed
2705 5391 2882 5460 lepido
2906 5393 3166 5447 vocabulo
3196 5395 3558 5450 accusationis
3588 5395 3788 5450 acerni-

2198 5495 2359 5540 tatem
2391 5501 2495 5540 non
2527 5489 2805 5558 mitigavit.
2837 5493 2918 5544 An
2952 5507 3076 5547 vero
3101 5495 3462 5548 recentiorum
3489 5496 3542 5548 in
3575 5498 3786 5560 Augus-

2200 5587 2315 5640 tino
2341 5588 2787 5656 reprehendendo
2810 5606 3066 5647 excessus
3097 5596 3337 5654 innocens
3383 5597 3560 5667 passio
3599 5603 3784 5648 contra

2201 5689 2556 5756 Augustinum
2604 5691 2706 5746 dici
2755 5695 2943 5761 possit,
2988 5695 3223 5764 ipsorum
3270 5700 3654 5755 conscientiam
3681 5712 3787 5765 ap-

2199 5789 2341 5859 pello
2366 5808 2378 5856 ;
2406 5799 2555 5844 certe
2584 5791 2696 5861 ipse
2725 5793 2996 5861 itajudico
