  <div class='ocr_page' id='page_1' title='image "/cluster/home/n/w/nwhite01/storage/ocr_20150623/47/uva.x000827107/351.png"; bbox 0 0 3892 6310; ppageno 0'>
   <div class='ocr_carea' id='block_1_1' title="bbox 506 347 607 426">
    <p class='ocr_par' dir='ltr' id='par_1_1' title="bbox 506 347 607 426">
     <span class='ocr_line' id='line_1_1' title="bbox 506 347 607 426; baseline 0 -1"><span class='ocrx_word' id='word_1_1' title='bbox 506 347 607 426; x_wconf 64' lang='grc' dir='ltr'><strong>11η</strong></span> 
     </span>
    </p>
   </div>
   <div class='ocr_carea' id='block_1_2' title="bbox 1389 367 2857 424">
    <p class='ocr_par' dir='ltr' id='par_1_2' title="bbox 1389 367 2857 424">
     <span class='ocr_line' id='line_1_2' title="bbox 1389 367 2857 424; baseline 0 -3"><span class='ocrx_word' id='word_1_2' title='bbox 1389 367 1944 422; x_wconf 70' lang='lat' dir='ltr'><strong>SUl’l‘LEMENTUM</strong></span> <span class='ocrx_word' id='word_1_3' title='bbox 1989 369 2076 422; x_wconf 77' lang='lat' dir='ltr'><strong>AD</strong></span> <span class='ocrx_word' id='word_1_4' title='bbox 2116 369 2339 422; x_wconf 67' lang='lat' dir='ltr'><strong>Ul‘l&#39;IliA</strong></span> <span class='ocrx_word' id='word_1_5' title='bbox 2383 371 2439 424; x_wconf 61' lang='grc' dir='ltr'><strong>Β.</strong></span> <span class='ocrx_word' id='word_1_6' title='bbox 2490 370 2857 424; x_wconf 68' lang='lat' dir='ltr'><strong>.-\L&#39;CUSTI&quot;£I.</strong></span> 
     </span>
    </p>
   </div>
   <div class='ocr_carea' id='block_1_3' title="bbox 3646 373 3742 428">
    <p class='ocr_par' dir='ltr' id='par_1_3' title="bbox 3646 373 3742 428">
     <span class='ocr_line' id='line_1_3' title="bbox 3646 373 3742 428; baseline 0.052 -5"><span class='ocrx_word' id='word_1_7' title='bbox 3646 373 3742 428; x_wconf 73' lang='grc'>083</span> 
     </span>
    </p>
   </div>
   <div class='ocr_carea' id='block_1_4' title="bbox 503 477 3743 551">
    <p class='ocr_par' dir='ltr' id='par_1_4' title="bbox 503 477 3743 551">
     <span class='ocr_line' id='line_1_4' title="bbox 503 477 3743 551; baseline 0 -14"><span class='ocrx_word' id='word_1_8' title='bbox 503 486 566 537; x_wconf 84' lang='lat' dir='ltr'><strong>ad</strong></span> <span class='ocrx_word' id='word_1_9' title='bbox 608 486 854 551; x_wconf 85' lang='lat' dir='ltr'><strong>Optatum</strong></span> <span class='ocrx_word' id='word_1_10' title='bbox 889 497 899 532; x_wconf 90' lang='lat'><strong>:</strong></span> <span class='ocrx_word' id='word_1_11' title='bbox 939 499 955 529; x_wconf 82' lang='grc'><strong>1</strong></span> <span class='ocrx_word' id='word_1_12' title='bbox 978 479 1052 532; x_wconf 88' lang='grc'><strong>1111</strong></span> <span class='ocrx_word' id='word_1_13' title='bbox 1084 480 1168 548; x_wconf 87' lang='lat' dir='ltr'><strong>qui</strong></span> <span class='ocrx_word' id='word_1_14' title='bbox 1205 477 1409 530; x_wconf 87' lang='lat' dir='ltr'><strong>animas</strong></span> <span class='ocrx_word' id='word_1_15' title='bbox 1451 495 1512 530; x_wconf 78' lang='lat' dir='ltr'><strong>ex</strong></span> <span class='ocrx_word' id='word_1_16' title='bbox 1548 494 1648 530; x_wconf 89' lang='lat' dir='ltr'><strong>una</strong></span> <span class='ocrx_word' id='word_1_17' title='bbox 1684 477 1960 546; x_wconf 71' lang='lat' dir='ltr'><strong>propagari</strong></span> <span class='ocrx_word' id='word_1_18' title='bbox 1992 491 2075 529; x_wconf 89' lang='lat' dir='ltr'><strong>as-</strong></span> <span class='ocrx_word' id='word_1_19' title='bbox 2106 483 2150 539; x_wconf 79' lang='grc' dir='ltr'><strong>Α</strong></span> <span class='ocrx_word' id='word_1_20' title='bbox 2179 487 2354 530; x_wconf 85' lang='lat' dir='ltr'><strong>autem</strong></span> <span class='ocrx_word' id='word_1_21' title='bbox 2385 482 2663 546; x_wconf 76' lang='lat' dir='ltr'><strong>quisquam</strong></span> <span class='ocrx_word' id='word_1_22' title='bbox 2704 481 2844 531; x_wconf 88' lang='lat' dir='ltr'><strong>nulla</strong></span> <span class='ocrx_word' id='word_1_23' title='bbox 2881 479 3075 533; x_wconf 87' lang='lat' dir='ltr'><strong>habere</strong></span> <span class='ocrx_word' id='word_1_24' title='bbox 3115 493 3335 548; x_wconf 83' lang='lat' dir='ltr'><strong>corpora</strong></span> <span class='ocrx_word' id='word_1_25' title='bbox 3365 480 3743 539; x_wconf 68' lang='lat' dir='ltr'><strong>dmmonesas-</strong></span> 
     </span>
    </p>
   </div>
   <div class='ocr_carea' id='block_1_5' title="bbox 502 570 2073 643">
    <p class='ocr_par' dir='ltr' id='par_1_5' title="bbox 502 570 2073 643">
     <span class='ocr_line' id='line_1_5' title="bbox 502 570 2073 643; baseline -0.007 -11"><span class='ocrx_word' id='word_1_26' title='bbox 502 585 707 639; x_wconf 84' lang='lat' dir='ltr'><strong>serunt,</strong></span> <span class='ocrx_word' id='word_1_27' title='bbox 741 591 898 643; x_wconf 88' lang='lat' dir='ltr'><strong>quam</strong></span> <span class='ocrx_word' id='word_1_28' title='bbox 957 574 1096 626; x_wconf 78' lang='lat' dir='ltr'><strong>Deus</strong></span> <span class='ocrx_word' id='word_1_29' title='bbox 1146 574 1316 639; x_wconf 88' lang='lat' dir='ltr'><strong>primo</strong></span> <span class='ocrx_word' id='word_1_30' title='bbox 1371 571 1566 622; x_wconf 85' lang='lat' dir='ltr'><strong>homini</strong></span> <span class='ocrx_word' id='word_1_31' title='bbox 1627 570 1978 638; x_wconf 44' lang='lat' dir='ltr'><strong>dedigatque</strong></span> <span class='ocrx_word' id='word_1_32' title='bbox 2005 570 2073 622; x_wconf 89' lang='lat' dir='ltr'><strong>ita</strong></span> 
     </span>
    </p>
   </div>
   <div class='ocr_carea' id='block_1_6' title="bbox 505 659 2077 731">
    <p class='ocr_par' dir='ltr' id='par_1_6' title="bbox 505 659 2077 731">
     <span class='ocr_line' id='line_1_6' title="bbox 505 659 2077 731; baseline -0.005 -13"><span class='ocrx_word' id='word_1_33' title='bbox 505 682 596 719; x_wconf 88' lang='lat' dir='ltr'><strong>eas</strong></span> <span class='ocrx_word' id='word_1_34' title='bbox 623 682 684 720; x_wconf 76' lang='lat' dir='ltr'><strong>ex</strong></span> <span class='ocrx_word' id='word_1_35' title='bbox 723 662 1028 731; x_wconf 67' lang='grc' dir='ltr'><strong>ι111101111111μ</strong></span> <span class='ocrx_word' id='word_1_36' title='bbox 1062 660 1196 713; x_wconf 84' lang='lat' dir='ltr'><strong>trahi</strong></span> <span class='ocrx_word' id='word_1_37' title='bbox 1231 661 1432 723; x_wconf 89' lang='lat' dir='ltr'><strong>dicunt,</strong></span> <span class='ocrx_word' id='word_1_38' title='bbox 1465 661 1507 711; x_wconf 87' lang='lat' dir='ltr'>si</span> <span class='ocrx_word' id='word_1_39' title='bbox 1537 659 1843 712; x_wconf 51' lang='lat' dir='ltr'><strong>Tertulliani</strong></span> <span class='ocrx_word' id='word_1_40' title='bbox 1876 659 2077 725; x_wconf 85' lang='lat' dir='ltr'><strong>opinio-</strong></span> 
     </span>
    </p>
   </div>
   <div class='ocr_carea' id='block_1_7' title="bbox 509 749 2076 824">
    <p class='ocr_par' dir='ltr' id='par_1_7' title="bbox 509 749 2076 824">
     <span class='ocr_line' id='line_1_7' title="bbox 509 749 2076 824; baseline -0.008 -12"><span class='ocrx_word' id='word_1_41' title='bbox 509 774 632 812; x_wconf 87' lang='lat' dir='ltr'><strong>nem</strong></span> <span class='ocrx_word' id='word_1_42' title='bbox 674 764 991 824; x_wconf 79' lang='lat' dir='ltr'><strong>St&#39;qttunlur,</strong></span> <span class='ocrx_word' id='word_1_43' title='bbox 1027 751 1264 818; x_wconf 74' lang='lat' dir='ltr'><strong>profecto</strong></span> <span class='ocrx_word' id='word_1_44' title='bbox 1294 766 1385 802; x_wconf 87' lang='lat' dir='ltr'><strong>eas</strong></span> <span class='ocrx_word' id='word_1_45' title='bbox 1428 766 1532 802; x_wconf 88' lang='lat' dir='ltr'><strong>non</strong></span> <span class='ocrx_word' id='word_1_46' title='bbox 1580 750 1814 815; x_wconf 84' lang='lat' dir='ltr'><strong>spiritus,</strong></span> <span class='ocrx_word' id='word_1_47' title='bbox 1841 749 1929 799; x_wconf 83' lang='lat' dir='ltr'><strong>sed</strong></span> <span class='ocrx_word' id='word_1_48' title='bbox 1961 763 2076 800; x_wconf 86' lang='lat' dir='ltr'><strong>cor-</strong></span> 
     </span>
    </p>
   </div>
   <div class='ocr_carea' id='block_1_8' title="bbox 506 840 2078 918">
    <p class='ocr_par' dir='ltr' id='par_1_8' title="bbox 506 840 2078 918">
     <span class='ocr_line' id='line_1_8' title="bbox 506 840 2078 918; baseline -0.006 -17"><span class='ocrx_word' id='word_1_49' title='bbox 506 864 634 918; x_wconf 85' lang='lat' dir='ltr'><strong>pora</strong></span> <span class='ocrx_word' id='word_1_50' title='bbox 661 862 779 900; x_wconf 75' lang='lat' dir='ltr'><strong>esse</strong></span> <span class='ocrx_word' id='word_1_51' title='bbox 809 844 1157 905; x_wconf 88' lang='lat' dir='ltr'><strong>contendunt,</strong></span> <span class='ocrx_word' id='word_1_52' title='bbox 1193 853 1246 894; x_wconf 89' lang='lat' dir='ltr'><strong>et</strong></span> <span class='ocrx_word' id='word_1_53' title='bbox 1275 841 1605 908; x_wconf 75' lang='lat' dir='ltr'><strong>corpulentis</strong></span> <span class='ocrx_word' id='word_1_54' title='bbox 1636 840 1929 893; x_wconf 75' lang='lat' dir='ltr'><strong>srtninihus</strong></span> <span class='ocrx_word' id='word_1_55' title='bbox 1957 853 2078 892; x_wconf 70' lang='lat' dir='ltr'><strong>evo-</strong></span> 
     </span>
    </p>
   </div>
   <div class='ocr_carea' id='block_1_9' title="bbox 503 929 2077 1004">
    <p class='ocr_par' dir='ltr' id='par_1_9' title="bbox 503 929 2077 1004">
     <span class='ocr_line' id='line_1_9' title="bbox 503 929 2077 1004; baseline -0.006 -12"><span class='ocrx_word' id='word_1_56' title='bbox 503 939 616 992; x_wconf 92' lang='lat' dir='ltr'><strong>riri.</strong></span> <span class='ocrx_word' id='word_1_57' title='bbox 651 939 766 1002; x_wconf 84' lang='lat' dir='ltr'><strong>Quo</strong></span> <span class='ocrx_word' id='word_1_58' title='bbox 813 934 1120 1004; x_wconf 72' lang='lat' dir='ltr'><strong>perversius</strong></span> <span class='ocrx_word' id='word_1_59' title='bbox 1168 932 1289 997; x_wconf 87' lang='lat' dir='ltr'><strong>quid</strong></span> <span class='ocrx_word' id='word_1_60' title='bbox 1341 932 1440 983; x_wconf 87' lang='lat' dir='ltr'><strong>dici</strong></span> <span class='ocrx_word' id='word_1_61' title='bbox 1497 932 1702 995; x_wconf 62' lang='lat' dir='ltr'><strong>potest?</strong></span> <span class='ocrx_word' id='word_1_62' title='bbox 1749 931 1929 992; x_wconf 74' lang='lat' dir='ltr'><strong>Neque</strong></span> <span class='ocrx_word' id='word_1_63' title='bbox 1977 929 2077 983; x_wconf 86' lang='lat' dir='ltr'><strong>hoc</strong></span> 
     </span>
    </p>
   </div>
   <div class='ocr_carea' id='block_1_10' title="bbox 505 1019 2076 1085">
    <p class='ocr_par' dir='ltr' id='par_1_10' title="bbox 505 1019 2076 1085">
     <span class='ocr_line' id='line_1_10' title="bbox 505 1019 2076 1085; baseline -0.006 -5"><span class='ocrx_word' id='word_1_64' title='bbox 505 1027 888 1082; x_wconf 85' lang='lat' dir='ltr'><strong>Tertulliaoum</strong></span> <span class='ocrx_word' id='word_1_65' title='bbox 941 1023 1236 1075; x_wconf 86' lang='lat' dir='ltr'><strong>somniasse</strong></span> <span class='ocrx_word' id='word_1_66' title='bbox 1290 1021 1586 1072; x_wconf 85' lang='lat' dir='ltr'><strong>mirandum</strong></span> <span class='ocrx_word' id='word_1_67' title='bbox 1642 1029 1742 1081; x_wconf 60' lang='lat' dir='ltr'><strong>est,</strong></span> <span class='ocrx_word' id='word_1_68' title='bbox 1781 1020 1867 1085; x_wconf 93' lang='lat' dir='ltr'><strong>qui</strong></span> <span class='ocrx_word' id='word_1_69' title='bbox 1917 1019 2076 1071; x_wconf 80' lang='lat' dir='ltr'><strong>etiam</strong></span> 
     </span>
    </p>
   </div>
   <div class='ocr_carea' id='block_1_11' title="bbox 505 1109 2076 1190">
    <p class='ocr_par' dir='ltr' id='par_1_11' title="bbox 505 1109 2076 1190">
     <span class='ocr_line' id='line_1_11' title="bbox 505 1109 2076 1190; baseline -0.008 -18"><span class='ocrx_word' id='word_1_70' title='bbox 505 1121 676 1190; x_wconf 84' lang='lat' dir='ltr'><strong>ipsum</strong></span> <span class='ocrx_word' id='word_1_71' title='bbox 706 1120 1010 1169; x_wconf 86' lang='lat' dir='ltr'><strong>Creatorem</strong></span> <span class='ocrx_word' id='word_1_72' title='bbox 1043 1113 1206 1166; x_wconf 88' lang='lat' dir='ltr'><strong>Deum</strong></span> <span class='ocrx_word' id='word_1_73' title='bbox 1250 1127 1352 1164; x_wconf 90' lang='lat' dir='ltr'><strong>non</strong></span> <span class='ocrx_word' id='word_1_74' title='bbox 1384 1125 1503 1164; x_wconf 62' lang='lat' dir='ltr'><strong>esse</strong></span> <span class='ocrx_word' id='word_1_75' title='bbox 1534 1111 1630 1162; x_wconf 83' lang='lat' dir='ltr'><strong>nisi</strong></span> <span class='ocrx_word' id='word_1_76' title='bbox 1661 1125 1854 1175; x_wconf 76' lang='lat' dir='ltr'><strong>Corpus</strong></span> <span class='ocrx_word' id='word_1_77' title='bbox 1885 1109 2076 1175; x_wconf 68' lang='grc'><strong>01111111-⁴</strong></span> 
     </span>
    </p>
   </div>
   <div class='ocr_carea' id='block_1_12' title="bbox 505 1201 2079 1273">
    <p class='ocr_par' dir='ltr' id='par_1_12' title="bbox 505 1201 2079 1273">
     <span class='ocr_line' id='line_1_12' title="bbox 505 1201 2079 1273; baseline -0.008 -11"><span class='ocrx_word' id='word_1_78' title='bbox 505 1221 606 1262; x_wconf 85' lang='grc'><strong>1111.</strong></span> <span class='ocrx_word' id='word_1_79' title='bbox 641 1209 751 1273; x_wconf 85' lang='lat' dir='ltr'><strong>Qua</strong></span> <span class='ocrx_word' id='word_1_80' title='bbox 801 1205 1066 1259; x_wconf 83' lang='lat' dir='ltr'><strong>dementia</strong></span> <span class='ocrx_word' id='word_1_81' title='bbox 1118 1206 1346 1270; x_wconf 85' lang='lat' dir='ltr'><strong>repulsa,</strong></span> <span class='ocrx_word' id='word_1_82' title='bbox 1378 1214 1477 1256; x_wconf 88' lang='lat' dir='ltr'><strong>etc.</strong></span> <span class='ocrx_word' id='word_1_83' title='bbox 1508 1220 1524 1252; x_wconf 88' lang='grc'><strong>1</strong></span> <span class='ocrx_word' id='word_1_84' title='bbox 1561 1201 1704 1254; x_wconf 86' lang='lat' dir='ltr'><strong>Itane</strong></span> <span class='ocrx_word' id='word_1_85' title='bbox 1755 1201 2079 1269; x_wconf 61' lang='lat' dir='ltr'><strong>Augudinus</strong></span> 
     </span>
    </p>
   </div>
   <div class='ocr_carea' id='block_1_13' title="bbox 502 1290 2076 1362">
    <p class='ocr_par' dir='ltr' id='par_1_13' title="bbox 502 1290 2076 1362">
     <span class='ocr_line' id='line_1_13' title="bbox 502 1290 2076 1362; baseline -0.007 -10"><span class='ocrx_word' id='word_1_86' title='bbox 502 1300 684 1354; x_wconf 89' lang='lat' dir='ltr'><strong>docuit</strong></span> <span class='ocrx_word' id='word_1_87' title='bbox 729 1297 962 1350; x_wconf 86' lang='lat' dir='ltr'><strong>animam</strong></span> <span class='ocrx_word' id='word_1_88' title='bbox 1008 1308 1319 1362; x_wconf 85' lang='lat' dir='ltr'><strong>corpoream</strong></span> <span class='ocrx_word' id='word_1_89' title='bbox 1367 1308 1506 1355; x_wconf 87' lang='lat' dir='ltr'><strong>esse,</strong></span> <span class='ocrx_word' id='word_1_90' title='bbox 1551 1307 1672 1344; x_wconf 86' lang='lat' dir='ltr'><strong>cum</strong></span> <span class='ocrx_word' id='word_1_91' title='bbox 1723 1291 1824 1343; x_wconf 90' lang='lat' dir='ltr'><strong>hoc</strong></span> <span class='ocrx_word' id='word_1_92' title='bbox 1861 1290 2076 1342; x_wconf 76' lang='lat' dir='ltr'><strong>t-il’atum</strong></span> 
     </span>
    </p>
   </div>
   <div class='ocr_carea' id='block_1_14' title="bbox 503 1383 2079 1454">
    <p class='ocr_par' dir='ltr' id='par_1_14' title="bbox 503 1383 2079 1454">
     <span class='ocr_line' id='line_1_14' title="bbox 503 1383 2079 1454; baseline -0.005 -10"><span class='ocrx_word' id='word_1_93' title='bbox 503 1393 769 1444; x_wconf 86' lang='lat' dir='ltr'><strong>somnium</strong></span> <span class='ocrx_word' id='word_1_94' title='bbox 821 1388 1253 1454; x_wconf 85' lang='lat' dir='ltr'><strong>dementiamque</strong></span> <span class='ocrx_word' id='word_1_95' title='bbox 1320 1383 1780 1454; x_wconf 74' lang='lat' dir='ltr'><strong>pronuntiaverit.</strong></span> <span class='ocrx_word' id='word_1_96' title='bbox 1843 1384 2079 1449; x_wconf 90' lang='lat' dir='ltr'><strong>nhilque</strong></span> 
     </span>
    </p>
   </div>
   <div class='ocr_carea' id='block_1_15' title="bbox 502 1473 2075 1547">
    <p class='ocr_par' dir='ltr' id='par_1_15' title="bbox 502 1473 2075 1547">
     <span class='ocr_line' id='line_1_15' title="bbox 502 1473 2075 1547; baseline -0.006 -14"><span class='ocrx_word' id='word_1_97' title='bbox 502 1480 783 1547; x_wconf 73' lang='lat' dir='ltr'><strong>perversius</strong></span> <span class='ocrx_word' id='word_1_98' title='bbox 831 1478 935 1531; x_wconf 91' lang='lat' dir='ltr'><strong>dici</strong></span> <span class='ocrx_word' id='word_1_99' title='bbox 990 1491 1144 1545; x_wconf 85' lang='lat' dir='ltr'>posse</span> <span class='ocrx_word' id='word_1_100' title='bbox 1189 1474 1514 1529; x_wconf 73' lang='lat' dir='ltr'><strong>asseruerit?</strong></span> <span class='ocrx_word' id='word_1_101' title='bbox 1548 1475 1783 1527; x_wconf 82' lang='lat' dir='ltr'><strong>Adamus</strong></span> <span class='ocrx_word' id='word_1_102' title='bbox 1833 1473 2075 1525; x_wconf 55' lang='lat' dir='ltr'><strong>haeresim</strong></span> 
     </span>
    </p>
   </div>
   <div class='ocr_carea' id='block_1_16' title="bbox 501 1567 2076 1640">
    <p class='ocr_par' dir='ltr' id='par_1_16' title="bbox 501 1567 2076 1640">
     <span class='ocr_line' id='line_1_16' title="bbox 501 1567 2076 1640; baseline -0.004 -16"><span class='ocrx_word' id='word_1_103' title='bbox 501 1572 645 1625; x_wconf 80' lang='lat' dir='ltr'><strong>illam</strong></span> <span class='ocrx_word' id='word_1_104' title='bbox 679 1570 973 1640; x_wconf 71' lang='lat' dir='ltr'><strong>Augtntino</strong></span> <span class='ocrx_word' id='word_1_105' title='bbox 1017 1569 1254 1636; x_wconf 87' lang='lat' dir='ltr'><strong>apponit,</strong></span> <span class='ocrx_word' id='word_1_106' title='bbox 1283 1581 1380 1622; x_wconf 89' lang='lat' dir='ltr'><strong>nec</strong></span> <span class='ocrx_word' id='word_1_107' title='bbox 1426 1567 1635 1622; x_wconf 91' lang='lat' dir='ltr'><strong>unicum</strong></span> <span class='ocrx_word' id='word_1_108' title='bbox 1668 1567 1854 1620; x_wconf 83' lang='lat' dir='ltr'><strong>saltem</strong></span> <span class='ocrx_word' id='word_1_109' title='bbox 1905 1568 2076 1618; x_wconf 73' lang='lat' dir='ltr'><strong>locum</strong></span> 
     </span>
    </p>
   </div>
   <div class='ocr_carea' id='block_1_17' title="bbox 502 1658 2079 1731">
    <p class='ocr_par' dir='ltr' id='par_1_17' title="bbox 502 1658 2079 1731">
     <span class='ocr_line' id='line_1_17' title="bbox 502 1658 2079 1731; baseline -0.003 -15"><span class='ocrx_word' id='word_1_110' title='bbox 502 1662 777 1731; x_wconf 83' lang='lat' dir='ltr'><strong>Augustini</strong></span> <span class='ocrx_word' id='word_1_111' title='bbox 811 1661 1114 1730; x_wconf 85' lang='lat' dir='ltr'><strong>designans,</strong></span> <span class='ocrx_word' id='word_1_112' title='bbox 1149 1660 1233 1712; x_wconf 89' lang='lat' dir='ltr'><strong>ubi</strong></span> <span class='ocrx_word' id='word_1_113' title='bbox 1266 1661 1498 1713; x_wconf 84' lang='lat' dir='ltr'><strong>animam</strong></span> <span class='ocrx_word' id='word_1_114' title='bbox 1528 1675 1842 1728; x_wconf 84' lang='lat' dir='ltr'><strong>corpoream</strong></span> <span class='ocrx_word' id='word_1_115' title='bbox 1869 1658 1956 1710; x_wconf 76' lang='lat' dir='ltr'><strong>ille</strong></span> <span class='ocrx_word' id='word_1_116' title='bbox 1989 1675 2079 1726; x_wconf 89' lang='lat' dir='ltr'><strong>pu-</strong></span> 
     </span>
    </p>
   </div>
   <div class='ocr_carea' id='block_1_18' title="bbox 502 1749 2080 1821">
    <p class='ocr_par' dir='ltr' id='par_1_18' title="bbox 502 1749 2080 1821">
     <span class='ocr_line' id='line_1_18' title="bbox 502 1749 2080 1821; baseline -0.001 -15"><span class='ocrx_word' id='word_1_117' title='bbox 502 1755 647 1819; x_wconf 87' lang='lat' dir='ltr'><strong>tarit,</strong></span> <span class='ocrx_word' id='word_1_118' title='bbox 676 1754 824 1821; x_wconf 87' lang='lat' dir='ltr'><strong>quasi</strong></span> <span class='ocrx_word' id='word_1_119' title='bbox 851 1762 954 1806; x_wconf 89' lang='lat' dir='ltr'><strong>tam</strong></span> <span class='ocrx_word' id='word_1_120' title='bbox 996 1751 1222 1804; x_wconf 77' lang='lat' dir='ltr'><strong>eelebzis</strong></span> <span class='ocrx_word' id='word_1_121' title='bbox 1252 1749 1409 1804; x_wconf 81' lang='lat' dir='ltr'><strong>fuerit</strong></span> <span class='ocrx_word' id='word_1_122' title='bbox 1446 1768 1504 1806; x_wconf 87' lang='lat' dir='ltr'><strong>ea</strong></span> <span class='ocrx_word' id='word_1_123' title='bbox 1538 1752 1815 1820; x_wconf 85' lang='lat' dir='ltr'><strong>Augustini</strong></span> <span class='ocrx_word' id='word_1_124' title='bbox 1868 1761 2080 1804; x_wconf 68' lang='lat' dir='ltr'><strong>senten-</strong></span> 
     </span>
    </p>
   </div>
   <div class='ocr_carea' id='block_1_19' title="bbox 2177 571 3740 638">
    <p class='ocr_par' dir='ltr' id='par_1_19' title="bbox 2177 571 3740 638">
     <span class='ocr_line' id='line_1_19' title="bbox 2177 571 3740 638; baseline 0.002 -19"><span class='ocrx_word' id='word_1_125' title='bbox 2177 579 2408 632; x_wconf 86' lang='lat' dir='ltr'><strong>severat,</strong></span> <span class='ocrx_word' id='word_1_126' title='bbox 2449 586 2550 622; x_wconf 94' lang='lat' dir='ltr'><strong>non</strong></span> <span class='ocrx_word' id='word_1_127' title='bbox 2579 580 2658 623; x_wconf 87' lang='lat' dir='ltr'><strong>est</strong></span> <span class='ocrx_word' id='word_1_128' title='bbox 2681 571 2746 622; x_wconf 87' lang='lat' dir='ltr'><strong>de</strong></span> <span class='ocrx_word' id='word_1_129' title='bbox 2774 572 2869 622; x_wconf 89' lang='lat' dir='ltr'><strong>hac</strong></span> <span class='ocrx_word' id='word_1_130' title='bbox 2895 585 2953 621; x_wconf 85' lang='lat' dir='ltr'><strong>re</strong></span> <span class='ocrx_word' id='word_1_131' title='bbox 2978 585 3200 637; x_wconf 86' lang='lat' dir='ltr'><strong>operosa</strong></span> <span class='ocrx_word' id='word_1_132' title='bbox 3227 571 3572 638; x_wconf 88' lang='lat' dir='ltr'><strong>inquisitione</strong></span> <span class='ocrx_word' id='word_1_133' title='bbox 3602 573 3740 626; x_wconf 72' lang='lat' dir='ltr'><strong>labu-</strong></span> 
     </span>
    </p>
   </div>
   <div class='ocr_carea' id='block_1_20' title="bbox 2179 661 3738 729">
    <p class='ocr_par' dir='ltr' id='par_1_20' title="bbox 2179 661 3738 729">
     <span class='ocr_line' id='line_1_20' title="bbox 2179 661 3738 729; baseline 0.004 -18"><span class='ocrx_word' id='word_1_134' title='bbox 2179 661 2422 726; x_wconf 87' lang='lat' dir='ltr'><strong>randutn,</strong></span> <span class='ocrx_word' id='word_1_135' title='bbox 2480 672 2569 714; x_wconf 90' lang='lat' dir='ltr'><strong>aut</strong></span> <span class='ocrx_word' id='word_1_136' title='bbox 2619 663 2949 716; x_wconf 84' lang='lat' dir='ltr'><strong>eontenliusa</strong></span> <span class='ocrx_word' id='word_1_137' title='bbox 3007 662 3362 729; x_wconf 76' lang='lat' dir='ltr'><strong>disputatione</strong></span> <span class='ocrx_word' id='word_1_138' title='bbox 3414 665 3738 718; x_wconf 84' lang='lat' dir='ltr'><strong>certandum.</strong></span> 
     </span>
    </p>
   </div>
   <div class='ocr_carea' id='block_1_21' title="bbox 2179 751 3741 818">
    <p class='ocr_par' dir='ltr' id='par_1_21' title="bbox 2179 751 3741 818">
     <span class='ocr_line' id='line_1_21' title="bbox 2179 751 3741 818; baseline 0.002 -16"><span class='ocrx_word' id='word_1_139' title='bbox 2179 754 2282 803; x_wconf 88' lang='lat' dir='ltr'><strong>Cur</strong></span> <span class='ocrx_word' id='word_1_140' title='bbox 2311 751 2448 804; x_wconf 87' lang='lat' dir='ltr'><strong>enim</strong></span> <span class='ocrx_word' id='word_1_141' title='bbox 2482 768 2586 804; x_wconf 90' lang='lat' dir='ltr'><strong>non</strong></span> <span class='ocrx_word' id='word_1_142' title='bbox 2628 751 2886 815; x_wconf 84' lang='lat' dir='ltr'><strong>dicamus,</strong></span> <span class='ocrx_word' id='word_1_143' title='bbox 2921 751 3160 818; x_wconf 77' lang='lat' dir='ltr'><strong>quamvis</strong></span> <span class='ocrx_word' id='word_1_144' title='bbox 3201 751 3372 816; x_wconf 88' lang='lat' dir='ltr'><strong>miris,</strong></span> <span class='ocrx_word' id='word_1_145' title='bbox 3410 762 3586 806; x_wconf 84' lang='lat' dir='ltr'><strong>tamen</strong></span> <span class='ocrx_word' id='word_1_146' title='bbox 3612 756 3741 808; x_wconf 64' lang='lat' dir='ltr'><strong>veris</strong></span> 
     </span>
    </p>
   </div>
   <div class='ocr_carea' id='block_1_22' title="bbox 2181 842 3743 911">
    <p class='ocr_par' dir='ltr' id='par_1_22' title="bbox 2181 842 3743 911">
     <span class='ocr_line' id='line_1_22' title="bbox 2181 842 3743 911; baseline 0.003 -19"><span class='ocrx_word' id='word_1_147' title='bbox 2181 842 2352 895; x_wconf 78' lang='lat' dir='ltr'><strong>modis</strong></span> <span class='ocrx_word' id='word_1_148' title='bbox 2381 844 2538 894; x_wconf 79' lang='lat' dir='ltr'><strong>etiam</strong></span> <span class='ocrx_word' id='word_1_149' title='bbox 2577 844 2795 911; x_wconf 78' lang='lat' dir='ltr'><strong>spiritus</strong></span> <span class='ocrx_word' id='word_1_150' title='bbox 2822 844 3164 909; x_wconf 81' lang='lat' dir='ltr'><strong>incorporeus</strong></span> <span class='ocrx_word' id='word_1_151' title='bbox 3193 856 3349 910; x_wconf 86' lang='lat' dir='ltr'><strong>posse</strong></span> <span class='ocrx_word' id='word_1_152' title='bbox 3380 856 3532 910; x_wconf 71' lang='lat' dir='ltr'><strong>poena</strong></span> <span class='ocrx_word' id='word_1_153' title='bbox 3562 857 3743 911; x_wconf 90' lang='lat' dir='ltr'><strong>corpo-</strong></span> 
     </span>
    </p>
   </div>
   <div class='ocr_carea' id='block_1_23' title="bbox 2141 931 3744 1011">
    <p class='ocr_par' dir='ltr' id='par_1_23' title="bbox 2141 931 3744 1011">
     <span class='ocr_line' id='line_1_23' title="bbox 2141 931 3744 1011; baseline 0.005 -31"><span class='ocrx_word' id='word_1_154' title='bbox 2141 931 2303 1011; x_wconf 27' lang='lat' dir='ltr'><strong>‘ralis</strong></span> <span class='ocrx_word' id='word_1_155' title='bbox 2354 933 2487 1000; x_wconf 89' lang='lat' dir='ltr'><strong>ignis</strong></span> <span class='ocrx_word' id='word_1_156' title='bbox 2533 932 2714 1000; x_wconf 61' lang='lat' dir='ltr'><strong>afﬂigi,</strong></span> <span class='ocrx_word' id='word_1_157' title='bbox 2757 934 2799 985; x_wconf 89' lang='lat' dir='ltr'><strong>si</strong></span> <span class='ocrx_word' id='word_1_158' title='bbox 2849 933 3064 999; x_wconf 72' lang='lat' dir='ltr'><strong>Spiritus</strong></span> <span class='ocrx_word' id='word_1_159' title='bbox 3113 933 3383 991; x_wconf 76' lang='lat' dir='ltr'><strong>hominum</strong></span> <span class='ocrx_word' id='word_1_160' title='bbox 3433 934 3598 988; x_wconf 83' lang='lat' dir='ltr'><strong>etiam</strong></span> <span class='ocrx_word' id='word_1_161' title='bbox 3656 937 3744 1004; x_wconf 85' lang='lat' dir='ltr'><strong>ipsi</strong></span> 
     </span>
    </p>
   </div>
   <div class='ocr_carea' id='block_1_24' title="bbox 2184 1024 3743 1090">
    <p class='ocr_par' dir='ltr' id='par_1_24' title="bbox 2184 1024 3743 1090">
     <span class='ocr_line' id='line_1_24' title="bbox 2184 1024 3743 1090; baseline 0.003 -15"><span class='ocrx_word' id='word_1_162' title='bbox 2184 1024 2416 1090; x_wconf 64' lang='lat' dir='ltr'><strong>[relecto</strong></span> <span class='ocrx_word' id='word_1_163' title='bbox 2457 1025 2776 1090; x_wconf 77' lang='lat' dir='ltr'><strong>incorporei,</strong></span> <span class='ocrx_word' id='word_1_164' title='bbox 2808 1035 2858 1076; x_wconf 90' lang='lat' dir='ltr'><strong>et</strong></span> <span class='ocrx_word' id='word_1_165' title='bbox 2891 1039 3030 1077; x_wconf 90' lang='lat' dir='ltr'><strong>nunc</strong></span> <span class='ocrx_word' id='word_1_166' title='bbox 3073 1033 3357 1088; x_wconf 85' lang='lat' dir='ltr'><strong>potuerunt</strong></span> <span class='ocrx_word' id='word_1_167' title='bbox 3404 1025 3601 1078; x_wconf 87' lang='lat' dir='ltr'><strong>includi</strong></span> <span class='ocrx_word' id='word_1_168' title='bbox 3633 1040 3743 1081; x_wconf 83' lang='lat' dir='ltr'><strong>cor-</strong></span> 
     </span>
    </p>
   </div>
   <div class='ocr_carea' id='block_1_25' title="bbox 2185 1114 3743 1185">
    <p class='ocr_par' dir='ltr' id='par_1_25' title="bbox 2185 1114 3743 1185">
     <span class='ocr_line' id='line_1_25' title="bbox 2185 1114 3743 1185; baseline 0.008 -27"><span class='ocrx_word' id='word_1_169' title='bbox 2185 1115 2449 1177; x_wconf 58' lang='lat' dir='ltr'><strong>poralibus</strong></span> <span class='ocrx_word' id='word_1_170' title='bbox 2495 1115 2769 1178; x_wconf 65' lang='lat' dir='ltr'><strong>tnembt&#39;iS,</strong></span> <span class='ocrx_word' id='word_1_171' title='bbox 2815 1114 2958 1167; x_wconf 64' lang='lat' dir='ltr'><strong>clm?</strong></span> <span class='ocrx_word' id='word_1_172' title='bbox 3006 1114 3366 1166; x_wconf 75' lang='lat' dir='ltr'><strong>Adlnerebunt</strong></span> <span class='ocrx_word' id='word_1_173' title='bbox 3403 1129 3555 1185; x_wconf 85' lang='lat' dir='ltr'><strong>ergo,</strong></span> <span class='ocrx_word' id='word_1_174' title='bbox 3588 1118 3634 1169; x_wconf 85' lang='lat' dir='ltr'><strong>si</strong></span> <span class='ocrx_word' id='word_1_175' title='bbox 3673 1117 3743 1170; x_wconf 80' lang='lat' dir='ltr'><strong>eis</strong></span> 
     </span>
    </p>
   </div>
   <div class='ocr_carea' id='block_1_26' title="bbox 2186 1205 3742 1274">
    <p class='ocr_par' dir='ltr' id='par_1_26' title="bbox 2186 1205 3742 1274">
     <span class='ocr_line' id='line_1_26' title="bbox 2186 1205 3742 1274; baseline 0.004 -18"><span class='ocrx_word' id='word_1_176' title='bbox 2186 1205 2323 1256; x_wconf 86' lang='lat' dir='ltr'><strong>nulla</strong></span> <span class='ocrx_word' id='word_1_177' title='bbox 2358 1215 2477 1256; x_wconf 72' lang='lat' dir='ltr'><strong>sunt</strong></span> <span class='ocrx_word' id='word_1_178' title='bbox 2527 1219 2770 1270; x_wconf 84' lang='lat' dir='ltr'><strong>corpora,</strong></span> <span class='ocrx_word' id='word_1_179' title='bbox 2798 1207 3014 1272; x_wconf 78' lang='lat' dir='ltr'><strong>spiritus</strong></span> <span class='ocrx_word' id='word_1_180' title='bbox 3047 1205 3372 1268; x_wconf 67' lang='lat' dir='ltr'><strong>dtemonum,</strong></span> <span class='ocrx_word' id='word_1_181' title='bbox 3404 1206 3510 1258; x_wconf 87' lang='lat' dir='ltr'><strong>imo</strong></span> <span class='ocrx_word' id='word_1_182' title='bbox 3541 1207 3742 1274; x_wconf 86' lang='lat' dir='ltr'><strong>spiritus</strong></span> 
     </span>
    </p>
   </div>
   <div class='ocr_carea' id='block_1_27' title="bbox 2182 1295 3742 1364">
    <p class='ocr_par' dir='ltr' id='par_1_27' title="bbox 2182 1295 3742 1364">
     <span class='ocr_line' id='line_1_27' title="bbox 2182 1295 3742 1364; baseline 0.004 -18"><span class='ocrx_word' id='word_1_183' title='bbox 2182 1295 2470 1356; x_wconf 76' lang='lat' dir='ltr'><strong>(li-mones,</strong></span> <span class='ocrx_word' id='word_1_184' title='bbox 2507 1295 2626 1347; x_wconf 78' lang='lat' dir='ltr'><strong>licet</strong></span> <span class='ocrx_word' id='word_1_185' title='bbox 2685 1296 3008 1362; x_wconf 71' lang='lat' dir='ltr'><strong>incorporei,</strong></span> <span class='ocrx_word' id='word_1_186' title='bbox 3051 1297 3324 1364; x_wconf 82' lang='lat' dir='ltr'><strong>corporeis</strong></span> <span class='ocrx_word' id='word_1_187' title='bbox 3380 1297 3593 1363; x_wconf 74' lang='lat' dir='ltr'><strong>ignibus</strong></span> <span class='ocrx_word' id='word_1_188' title='bbox 3637 1315 3742 1353; x_wconf 58' lang='lat' dir='ltr'><strong>cru.</strong></span> 
     </span>
    </p>
   </div>
   <div class='ocr_carea' id='block_1_28' title="bbox 2183 1386 3740 1457">
    <p class='ocr_par' dir='ltr' id='par_1_28' title="bbox 2183 1386 3740 1457">
     <span class='ocr_line' id='line_1_28' title="bbox 2183 1386 3740 1457; baseline 0.003 -18"><span class='ocrx_word' id='word_1_189' title='bbox 2183 1386 2379 1439; x_wconf 77' lang='lat' dir='ltr'><strong>ciandi.</strong></span> <span class='ocrx_word' id='word_1_190' title='bbox 2413 1405 2428 1435; x_wconf 81' lang='grc'><strong>1</strong></span> <span class='ocrx_word' id='word_1_191' title='bbox 2461 1386 2534 1438; x_wconf 78' lang='lat' dir='ltr'><strong>Ex</strong></span> <span class='ocrx_word' id='word_1_192' title='bbox 2581 1387 2772 1451; x_wconf 80' lang='lat' dir='ltr'><strong>quibus</strong></span> <span class='ocrx_word' id='word_1_193' title='bbox 2818 1387 3032 1438; x_wconf 89' lang='lat' dir='ltr'><strong>dubiutn</strong></span> <span class='ocrx_word' id='word_1_194' title='bbox 3067 1403 3124 1440; x_wconf 88' lang='lat' dir='ltr'><strong>sc</strong></span> <span class='ocrx_word' id='word_1_195' title='bbox 3173 1390 3240 1439; x_wconf 89' lang='lat' dir='ltr'><strong>de</strong></span> <span class='ocrx_word' id='word_1_196' title='bbox 3289 1389 3604 1457; x_wconf 74' lang='lat' dir='ltr'><strong>angelorum</strong></span> <span class='ocrx_word' id='word_1_197' title='bbox 3634 1406 3740 1444; x_wconf 86' lang='lat' dir='ltr'><strong>cor-</strong></span> 
     </span>
    </p>
   </div>
   <div class='ocr_carea' id='block_1_29' title="bbox 2184 1475 3740 1543">
    <p class='ocr_par' dir='ltr' id='par_1_29' title="bbox 2184 1475 3740 1543">
     <span class='ocr_line' id='line_1_29' title="bbox 2184 1475 3740 1543; baseline 0.006 -17"><span class='ocrx_word' id='word_1_198' title='bbox 2184 1491 2311 1541; x_wconf 92' lang='lat' dir='ltr'><strong>pore</strong></span> <span class='ocrx_word' id='word_1_199' title='bbox 2349 1475 2512 1528; x_wconf 76' lang='lat' dir='ltr'><strong>fuisse</strong></span> <span class='ocrx_word' id='word_1_200' title='bbox 2569 1475 2852 1543; x_wconf 75' lang='lat' dir='ltr'><strong>signiﬁcat,</strong></span> <span class='ocrx_word' id='word_1_201' title='bbox 2891 1487 2945 1530; x_wconf 88' lang='lat' dir='ltr'><strong>at</strong></span> <span class='ocrx_word' id='word_1_202' title='bbox 2985 1494 3087 1528; x_wconf 85' lang='lat' dir='ltr'><strong>nun</strong></span> <span class='ocrx_word' id='word_1_203' title='bbox 3131 1478 3196 1530; x_wconf 88' lang='lat' dir='ltr'><strong>de</strong></span> <span class='ocrx_word' id='word_1_204' title='bbox 3241 1479 3415 1531; x_wconf 90' lang='lat' dir='ltr'><strong>anima</strong></span> <span class='ocrx_word' id='word_1_205' title='bbox 3457 1480 3740 1542; x_wconf 70' lang='lat' dir='ltr'><strong>dubitasse.</strong></span> 
     </span>
    </p>
   </div>
   <div class='ocr_carea' id='block_1_30' title="bbox 2182 1567 3744 1636">
    <p class='ocr_par' dir='ltr' id='par_1_30' title="bbox 2182 1567 3744 1636">
     <span class='ocr_line' id='line_1_30' title="bbox 2182 1567 3744 1636; baseline 0.006 -19"><span class='ocrx_word' id='word_1_206' title='bbox 2182 1583 2334 1633; x_wconf 85' lang='lat' dir='ltr'><strong>quam</strong></span> <span class='ocrx_word' id='word_1_207' title='bbox 2360 1567 2582 1635; x_wconf 79' lang='lat' dir='ltr'><strong>profecm</strong></span> <span class='ocrx_word' id='word_1_208' title='bbox 2610 1568 2963 1636; x_wconf 75' lang='lat' dir='ltr'><strong>incorporeum</strong></span> <span class='ocrx_word' id='word_1_209' title='bbox 3001 1569 3156 1621; x_wconf 76' lang='lat' dir='ltr'><strong>dixit.</strong></span> <span class='ocrx_word' id='word_1_210' title='bbox 3195 1569 3344 1622; x_wconf 63' lang='lat' dir='ltr'><strong>[inde</strong></span> <span class='ocrx_word' id='word_1_211' title='bbox 3385 1570 3625 1624; x_wconf 86' lang='lat' dir='ltr'><strong>Adamus</strong></span> <span class='ocrx_word' id='word_1_212' title='bbox 3658 1575 3744 1626; x_wconf 83' lang='lat' dir='ltr'><strong>hoc</strong></span> 
     </span>
    </p>
   </div>
   <div class='ocr_carea' id='block_1_31' title="bbox 2183 1658 3745 1727">
    <p class='ocr_par' dir='ltr' id='par_1_31' title="bbox 2183 1658 3745 1727">
     <span class='ocr_line' id='line_1_31' title="bbox 2183 1658 3745 1727; baseline 0.005 -19"><span class='ocrx_word' id='word_1_213' title='bbox 2183 1658 2298 1725; x_wconf 82' lang='lat' dir='ltr'><strong>ipso</strong></span> <span class='ocrx_word' id='word_1_214' title='bbox 2329 1659 2633 1710; x_wconf 90' lang='lat' dir='ltr'><strong>testimonio</strong></span> <span class='ocrx_word' id='word_1_215' title='bbox 2663 1673 2847 1710; x_wconf 90' lang='lat' dir='ltr'><strong>rursus</strong></span> <span class='ocrx_word' id='word_1_216' title='bbox 2873 1661 3130 1727; x_wconf 81' lang='lat' dir='ltr'><strong>arguitur,</strong></span> <span class='ocrx_word' id='word_1_217' title='bbox 3153 1676 3213 1712; x_wconf 87' lang='lat' dir='ltr'><strong>ac</strong></span> <span class='ocrx_word' id='word_1_218' title='bbox 3241 1661 3486 1713; x_wconf 82' lang='lat' dir='ltr'><strong>Morainii</strong></span> <span class='ocrx_word' id='word_1_219' title='bbox 3515 1663 3745 1717; x_wconf 76' lang='lat' dir='ltr'><strong>aliut-ina-</strong></span> 
     </span>
    </p>
   </div>
   <div class='ocr_carea' id='block_1_32' title="bbox 2185 1750 3747 1822">
    <p class='ocr_par' dir='ltr' id='par_1_32' title="bbox 2185 1750 3747 1822">
     <span class='ocr_line' id='line_1_32' title="bbox 2185 1750 3747 1822; baseline 0.004 -21"><span class='ocrx_word' id='word_1_220' title='bbox 2185 1750 2277 1813; x_wconf 90' lang='lat' dir='ltr'><strong>tio,</strong></span> <span class='ocrx_word' id='word_1_221' title='bbox 2311 1751 2400 1818; x_wconf 91' lang='lat' dir='ltr'><strong>qui</strong></span> <span class='ocrx_word' id='word_1_222' title='bbox 2447 1764 2564 1802; x_wconf 87' lang='lat' dir='ltr'><strong>eam</strong></span> <span class='ocrx_word' id='word_1_223' title='bbox 2611 1751 2930 1802; x_wconf 89' lang='lat' dir='ltr'><strong>sententiam</strong></span> <span class='ocrx_word' id='word_1_224' title='bbox 2978 1751 3050 1803; x_wconf 92' lang='lat' dir='ltr'><strong>uti</strong></span> <span class='ocrx_word' id='word_1_225' title='bbox 3099 1760 3298 1804; x_wconf 79' lang='lat' dir='ltr'><strong>Certant</strong></span> <span class='ocrx_word' id='word_1_226' title='bbox 3352 1753 3419 1804; x_wconf 90' lang='lat' dir='ltr'><strong>ab</strong></span> <span class='ocrx_word' id='word_1_227' title='bbox 3463 1755 3747 1822; x_wconf 74' lang='lat' dir='ltr'><strong>Augustino</strong></span> 
     </span>
    </p>
   </div>
   <div class='ocr_carea' id='block_1_33' title="bbox 502 1839 3744 1911">
    <p class='ocr_par' dir='ltr' id='par_1_33' title="bbox 502 1839 3744 1911">
     <span class='ocr_line' id='line_1_33' title="bbox 502 1839 3744 1911; baseline -0 -15"><span class='ocrx_word' id='word_1_228' title='bbox 502 1845 597 1906; x_wconf 84' lang='lat' dir='ltr'><strong>tia,</strong></span> <span class='ocrx_word' id='word_1_229' title='bbox 627 1854 685 1898; x_wconf 89' lang='lat' dir='ltr'><strong>ut</strong></span> <span class='ocrx_word' id='word_1_230' title='bbox 715 1859 886 1910; x_wconf 84' lang='lat' dir='ltr'><strong>neque</strong></span> <span class='ocrx_word' id='word_1_231' title='bbox 912 1842 1070 1895; x_wconf 83' lang='lat' dir='ltr'><strong>ullius</strong></span> <span class='ocrx_word' id='word_1_232' title='bbox 1102 1851 1276 1896; x_wconf 77' lang='lat' dir='ltr'><strong>textus</strong></span> <span class='ocrx_word' id='word_1_233' title='bbox 1303 1843 1559 1897; x_wconf 88' lang='lat' dir='ltr'><strong>citatione</strong></span> <span class='ocrx_word' id='word_1_234' title='bbox 1587 1842 1866 1911; x_wconf 85' lang='lat' dir='ltr'><strong>iudgeret.</strong></span> <span class='ocrx_word' id='word_1_235' title='bbox 1888 1844 2080 1896; x_wconf 81' lang='lat' dir='ltr'><strong>Audiat</strong></span> <span class='ocrx_word' id='word_1_236' title='bbox 2110 1844 2152 1904; x_wconf 83' lang='grc' dir='ltr'><strong>Β</strong></span> <span class='ocrx_word' id='word_1_237' title='bbox 2181 1849 2440 1895; x_wconf 71' lang='lat' dir='ltr'><strong>assertam</strong></span> <span class='ocrx_word' id='word_1_238' title='bbox 2482 1839 2632 1906; x_wconf 86' lang='lat' dir='ltr'><strong>dicit,</strong></span> <span class='ocrx_word' id='word_1_239' title='bbox 2682 1854 2800 1906; x_wconf 69' lang='lat' dir='ltr'><strong>quae</strong></span> <span class='ocrx_word' id='word_1_240' title='bbox 2843 1839 3002 1893; x_wconf 87' lang='lat' dir='ltr'><strong>dubia</strong></span> <span class='ocrx_word' id='word_1_241' title='bbox 3051 1856 3263 1908; x_wconf 76' lang='lat' dir='ltr'><strong>semper</strong></span> <span class='ocrx_word' id='word_1_242' title='bbox 3316 1845 3453 1908; x_wconf 87' lang='lat' dir='ltr'><strong>apul</strong></span> <span class='ocrx_word' id='word_1_243' title='bbox 3509 1846 3744 1897; x_wconf 64' lang='lat' dir='ltr'><strong>eumdem</strong></span> 
     </span>
    </p>
   </div>
   <div class='ocr_carea' id='block_1_34' title="bbox 500 1928 2076 2000">
    <p class='ocr_par' dir='ltr' id='par_1_34' title="bbox 500 1928 2076 2000">
     <span class='ocr_line' id='line_1_34' title="bbox 500 1928 2076 2000; baseline 0.001 -16"><span class='ocrx_word' id='word_1_244' title='bbox 500 1937 712 1986; x_wconf 79' lang='lat' dir='ltr'><strong>interim</strong></span> <span class='ocrx_word' id='word_1_245' title='bbox 761 1934 1111 1986; x_wconf 85' lang='lat' dir='ltr'><strong>Claudianum</strong></span> <span class='ocrx_word' id='word_1_246' title='bbox 1141 1928 1598 2000; x_wconf 79' lang='lat' dir='ltr'><strong>Mamercum,qni</strong></span> <span class='ocrx_word' id='word_1_247' title='bbox 1651 1934 1838 1985; x_wconf 88' lang='lat' dir='ltr'><strong>eodem</strong></span> <span class='ocrx_word' id='word_1_248' title='bbox 1881 1934 2076 1986; x_wconf 62' lang='lat' dir='ltr'><strong>saeculo</strong></span> 
     </span>
    </p>
   </div>
   <div class='ocr_carea' id='block_1_35' title="bbox 501 2023 2076 2091">
    <p class='ocr_par' dir='ltr' id='par_1_35' title="bbox 501 2023 2076 2091">
     <span class='ocr_line' id='line_1_35' title="bbox 501 2023 2076 2091; baseline 0.001 -17"><span class='ocrx_word' id='word_1_249' title='bbox 501 2024 657 2091; x_wconf 90' lang='lat' dir='ltr'><strong>paulo</strong></span> <span class='ocrx_word' id='word_1_250' title='bbox 690 2032 810 2091; x_wconf 82' lang='lat' dir='ltr'><strong>post</strong></span> <span class='ocrx_word' id='word_1_251' title='bbox 843 2023 1194 2090; x_wconf 85' lang='lat' dir='ltr'><strong>Augustinum</strong></span> <span class='ocrx_word' id='word_1_252' title='bbox 1230 2023 1380 2085; x_wconf 75' lang='lat' dir='ltr'><strong>vixit,</strong></span> <span class='ocrx_word' id='word_1_253' title='bbox 1414 2023 1484 2076; x_wconf 89' lang='lat' dir='ltr'><strong>ita</strong></span> <span class='ocrx_word' id='word_1_254' title='bbox 1532 2025 1598 2076; x_wconf 84' lang='lat' dir='ltr'><strong>de</strong></span> <span class='ocrx_word' id='word_1_255' title='bbox 1645 2033 1830 2075; x_wconf 90' lang='lat' dir='ltr'><strong>sancto</strong></span> <span class='ocrx_word' id='word_1_256' title='bbox 1857 2023 2076 2076; x_wconf 88' lang='lat' dir='ltr'><strong>doctore</strong></span> 
     </span>
    </p>
   </div>
   <div class='ocr_carea' id='block_1_36' title="bbox 500 2115 2074 2183">
    <p class='ocr_par' dir='ltr' id='par_1_36' title="bbox 500 2115 2074 2183">
     <span class='ocr_line' id='line_1_36' title="bbox 500 2115 2074 2183; baseline -0.001 -15"><span class='ocrx_word' id='word_1_257' title='bbox 500 2120 803 2183; x_wconf 85' lang='lat' dir='ltr'><strong>loquentem</strong></span> <span class='ocrx_word' id='word_1_258' title='bbox 839 2132 850 2166; x_wconf 89' lang='lat'><strong>:</strong></span> <span class='ocrx_word' id='word_1_259' title='bbox 888 2133 905 2164; x_wconf 81' lang='grc'><strong>1</strong></span> <span class='ocrx_word' id='word_1_260' title='bbox 932 2115 1177 2168; x_wconf 77' lang='lat' dir='ltr'><strong>Aurelius</strong></span> <span class='ocrx_word' id='word_1_261' title='bbox 1213 2117 1536 2182; x_wconf 70' lang='lat' dir='ltr'><strong>Augustinus</strong></span> <span class='ocrx_word' id='word_1_262' title='bbox 1562 2125 1615 2168; x_wconf 89' lang='lat' dir='ltr'><strong>et</strong></span> <span class='ocrx_word' id='word_1_263' title='bbox 1648 2117 1894 2168; x_wconf 81' lang='lat' dir='ltr'><strong>acumine</strong></span> <span class='ocrx_word' id='word_1_264' title='bbox 1926 2117 2074 2182; x_wconf 89' lang='lat' dir='ltr'><strong>iuge-</strong></span> 
     </span>
    </p>
   </div>
   <div class='ocr_carea' id='block_1_37' title="bbox 501 2203 2076 2269">
    <p class='ocr_par' dir='ltr' id='par_1_37' title="bbox 501 2203 2076 2269">
     <span class='ocr_line' id='line_1_37' title="bbox 501 2203 2076 2269; baseline -0.003 -11"><span class='ocrx_word' id='word_1_265' title='bbox 501 2207 596 2268; x_wconf 91' lang='lat' dir='ltr'><strong>nii,</strong></span> <span class='ocrx_word' id='word_1_266' title='bbox 632 2214 685 2260; x_wconf 88' lang='lat' dir='ltr'><strong>et</strong></span> <span class='ocrx_word' id='word_1_267' title='bbox 716 2221 888 2258; x_wconf 87' lang='lat' dir='ltr'><strong>rerum</strong></span> <span class='ocrx_word' id='word_1_268' title='bbox 935 2204 1289 2265; x_wconf 83' lang='lat' dir='ltr'><strong>multitudine,</strong></span> <span class='ocrx_word' id='word_1_269' title='bbox 1315 2213 1368 2256; x_wconf 89' lang='lat' dir='ltr'><strong>et</strong></span> <span class='ocrx_word' id='word_1_270' title='bbox 1394 2204 1574 2269; x_wconf 77' lang='lat' dir='ltr'><strong>cperis</strong></span> <span class='ocrx_word' id='word_1_271' title='bbox 1607 2204 1746 2255; x_wconf 90' lang='lat' dir='ltr'><strong>tnole</strong></span> <span class='ocrx_word' id='word_1_272' title='bbox 1776 2203 1936 2254; x_wconf 86' lang='lat' dir='ltr'><strong>veluti</strong></span> <span class='ocrx_word' id='word_1_273' title='bbox 1969 2205 2076 2269; x_wconf 84' lang='lat' dir='ltr'><strong>qui-</strong></span> 
     </span>
    </p>
   </div>
   <div class='ocr_carea' id='block_1_38' title="bbox 497 2292 2075 2365">
    <p class='ocr_par' dir='ltr' id='par_1_38' title="bbox 497 2292 2075 2365">
     <span class='ocr_line' id='line_1_38' title="bbox 497 2292 2075 2365; baseline -0.003 -17"><span class='ocrx_word' id='word_1_274' title='bbox 497 2300 618 2348; x_wconf 89' lang='lat' dir='ltr'><strong>dam</strong></span> <span class='ocrx_word' id='word_1_275' title='bbox 649 2297 974 2365; x_wconf 71' lang='lat' dir='ltr'><strong>Chrysippus</strong></span> <span class='ocrx_word' id='word_1_276' title='bbox 997 2293 1400 2362; x_wconf 85' lang='lat' dir='ltr'><strong>argumentandi</strong></span> <span class='ocrx_word' id='word_1_277' title='bbox 1427 2293 1642 2352; x_wconf 82' lang='lat' dir='ltr'><strong>virtute.</strong></span> <span class='ocrx_word' id='word_1_278' title='bbox 1677 2303 1766 2344; x_wconf 85' lang='lat' dir='ltr'><strong>aut</strong></span> <span class='ocrx_word' id='word_1_279' title='bbox 1789 2292 1932 2345; x_wconf 81' lang='lat' dir='ltr'><strong>Zeno</strong></span> <span class='ocrx_word' id='word_1_280' title='bbox 1955 2307 2075 2345; x_wconf 85' lang='lat' dir='ltr'><strong>scn-</strong></span> 
     </span>
    </p>
   </div>
   <div class='ocr_carea' id='block_1_39' title="bbox 502 2384 2072 2451">
    <p class='ocr_par' dir='ltr' id='par_1_39' title="bbox 502 2384 2072 2451">
     <span class='ocr_line' id='line_1_39' title="bbox 502 2384 2072 2451; baseline -0.003 -12"><span class='ocrx_word' id='word_1_281' title='bbox 502 2403 654 2440; x_wconf 88' lang='lat' dir='ltr'><strong>suum</strong></span> <span class='ocrx_word' id='word_1_282' title='bbox 689 2387 1103 2448; x_wconf 82' lang='lat' dir='ltr'><strong>subtilitate,aut</strong></span> <span class='ocrx_word' id='word_1_283' title='bbox 1128 2385 1289 2436; x_wconf 82' lang='lat' dir='ltr'><strong>Varro</strong></span> <span class='ocrx_word' id='word_1_284' title='bbox 1315 2394 1496 2437; x_wconf 84' lang='lat' dir='ltr'><strong>noster</strong></span> <span class='ocrx_word' id='word_1_285' title='bbox 1518 2384 1840 2436; x_wconf 77' lang='lat' dir='ltr'><strong>voluminum</strong></span> <span class='ocrx_word' id='word_1_286' title='bbox 1870 2386 2072 2451; x_wconf 70' lang='lat' dir='ltr'><strong>magni-</strong></span> 
     </span>
    </p>
   </div>
   <div class='ocr_carea' id='block_1_40' title="bbox 499 2474 2075 2542">
    <p class='ocr_par' dir='ltr' id='par_1_40' title="bbox 499 2474 2075 2542">
     <span class='ocr_line' id='line_1_40' title="bbox 499 2474 2075 2542; baseline -0.001 -15"><span class='ocrx_word' id='word_1_287' title='bbox 499 2477 702 2539; x_wconf 88' lang='lat' dir='ltr'><strong>tudine,</strong></span> <span class='ocrx_word' id='word_1_288' title='bbox 728 2484 783 2529; x_wconf 89' lang='lat' dir='ltr'><strong>et</strong></span> <span class='ocrx_word' id='word_1_289' title='bbox 803 2476 892 2542; x_wconf 86' lang='lat' dir='ltr'><strong>qui</strong></span> <span class='ocrx_word' id='word_1_290' title='bbox 919 2474 1154 2541; x_wconf 79' lang='lat' dir='ltr'><strong>profecto</strong></span> <span class='ocrx_word' id='word_1_291' title='bbox 1187 2475 1306 2528; x_wconf 91' lang='lat' dir='ltr'><strong>talis</strong></span> <span class='ocrx_word' id='word_1_292' title='bbox 1338 2483 1547 2534; x_wconf 86' lang='lat' dir='ltr'><strong>natura,</strong></span> <span class='ocrx_word' id='word_1_293' title='bbox 1575 2475 1886 2535; x_wconf 75' lang='lat' dir='ltr'><strong>attentione,</strong></span> <span class='ocrx_word' id='word_1_294' title='bbox 1917 2474 2075 2526; x_wconf 88' lang='lat' dir='ltr'><strong>disci-</strong></span> 
     </span>
    </p>
   </div>
   <div class='ocr_carea' id='block_1_41' title="bbox 501 2565 2072 2636">
    <p class='ocr_par' dir='ltr' id='par_1_41' title="bbox 501 2565 2072 2636">
     <span class='ocr_line' id='line_1_41' title="bbox 501 2565 2072 2636; baseline -0.002 -16"><span class='ocrx_word' id='word_1_295' title='bbox 501 2568 658 2636; x_wconf 84' lang='lat' dir='ltr'><strong>plinis</strong></span> <span class='ocrx_word' id='word_1_296' title='bbox 689 2568 978 2630; x_wconf 77' lang='lat' dir='ltr'><strong>exstiterit,</strong></span> <span class='ocrx_word' id='word_1_297' title='bbox 1014 2575 1069 2618; x_wconf 88' lang='lat' dir='ltr'><strong>ut</strong></span> <span class='ocrx_word' id='word_1_298' title='bbox 1101 2581 1203 2618; x_wconf 88' lang='lat' dir='ltr'><strong>non</strong></span> <span class='ocrx_word' id='word_1_299' title='bbox 1232 2565 1502 2620; x_wconf 89' lang='lat' dir='ltr'><strong>immerito</strong></span> <span class='ocrx_word' id='word_1_300' title='bbox 1531 2567 1596 2619; x_wconf 87' lang='lat' dir='ltr'><strong>ab</strong></span> <span class='ocrx_word' id='word_1_301' title='bbox 1627 2565 1741 2618; x_wconf 87' lang='lat' dir='ltr'><strong>istis</strong></span> <span class='ocrx_word' id='word_1_302' title='bbox 1779 2567 2072 2634; x_wconf 87' lang='lat' dir='ltr'><strong>corporali-</strong></span> 
     </span>
    </p>
   </div>
   <div class='ocr_carea' id='block_1_42' title="bbox 502 2655 2074 2726">
    <p class='ocr_par' dir='ltr' id='par_1_42' title="bbox 502 2655 2074 2726">
     <span class='ocr_line' id='line_1_42' title="bbox 502 2655 2074 2726; baseline -0.002 -15"><span class='ocrx_word' id='word_1_303' title='bbox 502 2660 599 2711; x_wconf 85' lang='lat' dir='ltr'><strong>bus</strong></span> <span class='ocrx_word' id='word_1_304' title='bbox 630 2657 795 2710; x_wconf 89' lang='lat' dir='ltr'><strong>nostri</strong></span> <span class='ocrx_word' id='word_1_305' title='bbox 827 2657 1007 2710; x_wconf 62' lang='lat' dir='ltr'><strong>smculi</strong></span> <span class='ocrx_word' id='word_1_306' title='bbox 1045 2655 1322 2723; x_wconf 87' lang='lat' dir='ltr'><strong>Epicureis</strong></span> <span class='ocrx_word' id='word_1_307' title='bbox 1346 2664 1434 2708; x_wconf 86' lang='lat' dir='ltr'><strong>aut</strong></span> <span class='ocrx_word' id='word_1_308' title='bbox 1461 2655 1672 2726; x_wconf 75' lang='lat' dir='ltr'><strong>Cynicis</strong></span> <span class='ocrx_word' id='word_1_309' title='bbox 1702 2655 1953 2723; x_wconf 80' lang='lat' dir='ltr'><strong>spiritalis</strong></span> <span class='ocrx_word' id='word_1_310' title='bbox 1984 2670 2074 2708; x_wconf 87' lang='lat' dir='ltr'><strong>so-</strong></span> 
     </span>
    </p>
   </div>
   <div class='ocr_carea' id='block_1_43' title="bbox 502 2745 2078 2817">
    <p class='ocr_par' dir='ltr' id='par_1_43' title="bbox 502 2745 2078 2817">
     <span class='ocr_line' id='line_1_43' title="bbox 502 2745 2078 2817; baseline -0.001 -16"><span class='ocrx_word' id='word_1_311' title='bbox 502 2749 676 2817; x_wconf 81' lang='lat' dir='ltr'><strong>phista</strong></span> <span class='ocrx_word' id='word_1_312' title='bbox 705 2747 1038 2810; x_wconf 79' lang='lat' dir='ltr'><strong>dissenserit,</strong></span> <span class='ocrx_word' id='word_1_313' title='bbox 1069 2745 1207 2801; x_wconf 86' lang='grc'><strong>111110</strong></span> <span class='ocrx_word' id='word_1_314' title='bbox 1232 2747 1298 2800; x_wconf 90' lang='lat' dir='ltr'><strong>ad</strong></span> <span class='ocrx_word' id='word_1_315' title='bbox 1346 2747 1721 2815; x_wconf 78' lang='lat' dir='ltr'><strong>Hieronymum</strong></span> <span class='ocrx_word' id='word_1_316' title='bbox 1769 2745 1837 2798; x_wconf 89' lang='lat' dir='ltr'><strong>de</strong></span> <span class='ocrx_word' id='word_1_317' title='bbox 1865 2745 2078 2813; x_wconf 74' lang='lat' dir='ltr'><strong>Origine</strong></span> 
     </span>
    </p>
   </div>
   <div class='ocr_carea' id='block_1_44' title="bbox 504 2836 2074 2905">
    <p class='ocr_par' dir='ltr' id='par_1_44' title="bbox 504 2836 2074 2905">
     <span class='ocr_line' id='line_1_44' title="bbox 504 2836 2074 2905; baseline -0.005 -15"><span class='ocrx_word' id='word_1_318' title='bbox 504 2840 694 2892; x_wconf 68' lang='lat' dir='ltr'><strong>anima:</strong></span> <span class='ocrx_word' id='word_1_319' title='bbox 739 2838 818 2890; x_wconf 89' lang='lat' dir='ltr'><strong>sic</strong></span> <span class='ocrx_word' id='word_1_320' title='bbox 873 2837 1224 2905; x_wconf 87' lang='lat' dir='ltr'><strong>pronuntiat:</strong></span> <span class='ocrx_word' id='word_1_321' title='bbox 1271 2837 1639 2901; x_wconf 86' lang='lat' dir='ltr'><strong>Incorpoream</strong></span> <span class='ocrx_word' id='word_1_322' title='bbox 1680 2849 1787 2886; x_wconf 79' lang='lat' dir='ltr'><strong>esse</strong></span> <span class='ocrx_word' id='word_1_323' title='bbox 1831 2836 2074 2898; x_wconf 83' lang='lat' dir='ltr'><strong>animam,</strong></span> 
     </span>
    </p>
   </div>
   <div class='ocr_carea' id='block_1_45' title="bbox 498 2924 2078 2999">
    <p class='ocr_par' dir='ltr' id='par_1_45' title="bbox 498 2924 2078 2999">
     <span class='ocr_line' id='line_1_45' title="bbox 498 2924 2078 2999; baseline -0.006 -14"><span class='ocrx_word' id='word_1_324' title='bbox 498 2933 593 2985; x_wconf 82' lang='lat' dir='ltr'><strong>etsi</strong></span> <span class='ocrx_word' id='word_1_325' title='bbox 623 2929 837 2999; x_wconf 72' lang='lat' dir='ltr'><strong>difﬁcile</strong></span> <span class='ocrx_word' id='word_1_326' title='bbox 865 2929 1168 2980; x_wconf 73' lang='lat' dir='ltr'><strong>tardioribus</strong></span> <span class='ocrx_word' id='word_1_327' title='bbox 1200 2926 1494 2995; x_wconf 72' lang='lat' dir='ltr'><strong>persuaderi</strong></span> <span class='ocrx_word' id='word_1_328' title='bbox 1525 2934 1708 2994; x_wconf 51' lang='lat' dir='ltr'><strong>potest,</strong></span> <span class='ocrx_word' id='word_1_329' title='bbox 1742 2924 1868 2975; x_wconf 83' lang='lat' dir='ltr'><strong>mihi</strong></span> <span class='ocrx_word' id='word_1_330' title='bbox 1911 2934 2078 2976; x_wconf 81' lang='lat' dir='ltr'><strong>tamen</strong></span> 
     </span>
    </p>
   </div>
   <div class='ocr_carea' id='block_1_46' title="bbox 512 3015 2075 3091">
    <p class='ocr_par' dir='ltr' id='par_1_46' title="bbox 512 3015 2075 3091">
     <span class='ocr_line' id='line_1_46' title="bbox 512 3015 2075 3091; baseline -0.001 -21"><span class='ocrx_word' id='word_1_331' title='bbox 512 3024 674 3091; x_wconf 74' lang='lat' dir='ltr'><strong>fateor</strong></span> <span class='ocrx_word' id='word_1_332' title='bbox 707 3037 814 3072; x_wconf 81' lang='lat' dir='ltr'><strong>csse</strong></span> <span class='ocrx_word' id='word_1_333' title='bbox 844 3033 1158 3086; x_wconf 77' lang='lat' dir='ltr'><strong>persuasum.</strong></span> <span class='ocrx_word' id='word_1_334' title='bbox 1183 3015 1421 3084; x_wconf 84' lang='lat' dir='ltr'><strong>Cumque</strong></span> <span class='ocrx_word' id='word_1_335' title='bbox 1451 3017 1498 3067; x_wconf 95' lang='lat' dir='ltr'><strong>id</strong></span> <span class='ocrx_word' id='word_1_336' title='bbox 1528 3015 1598 3067; x_wconf 89' lang='lat' dir='ltr'><strong>ita</strong></span> <span class='ocrx_word' id='word_1_337' title='bbox 1641 3017 1751 3068; x_wconf 85' lang='lat' dir='ltr'><strong>lore</strong></span> <span class='ocrx_word' id='word_1_338' title='bbox 1783 3015 2075 3068; x_wconf 84' lang='lat' dir='ltr'><strong>rationibus</strong></span> 
     </span>
    </p>
   </div>
   <div class='ocr_carea' id='block_1_47' title="bbox 505 3108 2074 3179">
    <p class='ocr_par' dir='ltr' id='par_1_47' title="bbox 505 3108 2074 3179">
     <span class='ocr_line' id='line_1_47' title="bbox 505 3108 2074 3179; baseline -0.004 -14"><span class='ocrx_word' id='word_1_339' title='bbox 505 3113 711 3179; x_wconf 81' lang='lat' dir='ltr'><strong>magnis</strong></span> <span class='ocrx_word' id='word_1_340' title='bbox 763 3119 920 3177; x_wconf 90' lang='lat' dir='ltr'><strong>atque</strong></span> <span class='ocrx_word' id='word_1_341' title='bbox 993 3108 1261 3161; x_wconf 81' lang='lat' dir='ltr'><strong>insolubili</strong></span> <span class='ocrx_word' id='word_1_342' title='bbox 1330 3110 1786 3175; x_wconf 81' lang='lat' dir='ltr'><strong>argumentatione</strong></span> <span class='ocrx_word' id='word_1_343' title='bbox 1849 3109 2074 3161; x_wconf 79' lang='lat' dir='ltr'><strong>convin-</strong></span> 
     </span>
    </p>
   </div>
   <div class='ocr_carea' id='block_1_48' title="bbox 2180 1932 3747 2003">
    <p class='ocr_par' dir='ltr' id='par_1_48' title="bbox 2180 1932 3747 2003">
     <span class='ocr_line' id='line_1_48' title="bbox 2180 1932 3747 2003; baseline 0 -18"><span class='ocrx_word' id='word_1_344' title='bbox 2180 1932 2295 1994; x_wconf 82' lang='lat' dir='ltr'><strong>fuit,</strong></span> <span class='ocrx_word' id='word_1_345' title='bbox 2336 1933 2457 1985; x_wconf 84' lang='lat' dir='ltr'><strong>licet</strong></span> <span class='ocrx_word' id='word_1_346' title='bbox 2488 1932 2806 2000; x_wconf 81' lang='lat' dir='ltr'><strong>quandoque</strong></span> <span class='ocrx_word' id='word_1_347' title='bbox 2835 1945 3123 1998; x_wconf 86' lang='lat' dir='ltr'><strong>corporcos</strong></span> <span class='ocrx_word' id='word_1_348' title='bbox 3152 1947 3270 1985; x_wconf 85' lang='lat' dir='ltr'><strong>esse</strong></span> <span class='ocrx_word' id='word_1_349' title='bbox 3299 1933 3521 2002; x_wconf 76' lang='lat' dir='ltr'><strong>angelus</strong></span> <span class='ocrx_word' id='word_1_350' title='bbox 3558 1948 3747 2003; x_wconf 86' lang='lat' dir='ltr'><strong>suppo-</strong></span> 
     </span>
    </p>
   </div>
   <div class='ocr_carea' id='block_1_49' title="bbox 2178 2024 3744 2091">
    <p class='ocr_par' dir='ltr' id='par_1_49' title="bbox 2178 2024 3744 2091">
     <span class='ocr_line' id='line_1_49' title="bbox 2178 2024 3744 2091; baseline -0.001 -14"><span class='ocrx_word' id='word_1_351' title='bbox 2178 2035 2285 2088; x_wconf 85' lang='lat' dir='ltr'><strong>nat,</strong></span> <span class='ocrx_word' id='word_1_352' title='bbox 2312 2039 2378 2078; x_wconf 91' lang='lat' dir='ltr'><strong>ne</strong></span> <span class='ocrx_word' id='word_1_353' title='bbox 2404 2038 2538 2077; x_wconf 87' lang='lat' dir='ltr'><strong>nova</strong></span> <span class='ocrx_word' id='word_1_354' title='bbox 2569 2024 2705 2076; x_wconf 78' lang='lat' dir='ltr'><strong>illati</strong></span> <span class='ocrx_word' id='word_1_355' title='bbox 2739 2025 3030 2091; x_wconf 54' lang='lat' dir='ltr'><strong>quastione</strong></span> <span class='ocrx_word' id='word_1_356' title='bbox 3054 2024 3120 2076; x_wconf 87' lang='lat' dir='ltr'><strong>ab</strong></span> <span class='ocrx_word' id='word_1_357' title='bbox 3146 2034 3457 2091; x_wconf 85' lang='lat' dir='ltr'><strong>argumento</strong></span> <span class='ocrx_word' id='word_1_358' title='bbox 3488 2024 3744 2081; x_wconf 67' lang='lat' dir='ltr'><strong>distrahi-</strong></span> 
     </span>
    </p>
   </div>
   <div class='ocr_carea' id='block_1_50' title="bbox 2178 2115 3744 2184">
    <p class='ocr_par' dir='ltr' id='par_1_50' title="bbox 2178 2115 3744 2184">
     <span class='ocr_line' id='line_1_50' title="bbox 2178 2115 3744 2184; baseline 0 -14"><span class='ocrx_word' id='word_1_359' title='bbox 2178 2126 2282 2170; x_wconf 89' lang='lat' dir='ltr'><strong>tur.</strong></span> <span class='ocrx_word' id='word_1_360' title='bbox 2315 2116 2427 2168; x_wconf 81' lang='lat' dir='ltr'><strong>Non</strong></span> <span class='ocrx_word' id='word_1_361' title='bbox 2461 2115 2677 2168; x_wconf 89' lang='lat' dir='ltr'><strong>deluere</strong></span> <span class='ocrx_word' id='word_1_362' title='bbox 2708 2127 2882 2167; x_wconf 89' lang='lat' dir='ltr'><strong>tamen</strong></span> <span class='ocrx_word' id='word_1_363' title='bbox 2916 2119 2999 2179; x_wconf 86' lang='lat' dir='ltr'><strong>qui</strong></span> <span class='ocrx_word' id='word_1_364' title='bbox 3039 2115 3388 2184; x_wconf 80' lang='lat' dir='ltr'><strong>Augustinum</strong></span> <span class='ocrx_word' id='word_1_365' title='bbox 3421 2117 3744 2172; x_wconf 72' lang='lat' dir='ltr'><strong>dubitantem</strong></span> 
     </span>
    </p>
   </div>
   <div class='ocr_carea' id='block_1_51' title="bbox 2176 2206 3742 2276">
    <p class='ocr_par' dir='ltr' id='par_1_51' title="bbox 2176 2206 3742 2276">
     <span class='ocr_line' id='line_1_51' title="bbox 2176 2206 3742 2276; baseline -0.001 -14"><span class='ocrx_word' id='word_1_366' title='bbox 2176 2217 2554 2276; x_wconf 85' lang='lat' dir='ltr'><strong>sequerentur;</strong></span> <span class='ocrx_word' id='word_1_367' title='bbox 2589 2223 2724 2258; x_wconf 87' lang='lat' dir='ltr'><strong>untts</strong></span> <span class='ocrx_word' id='word_1_368' title='bbox 2773 2221 2866 2273; x_wconf 90' lang='lat' dir='ltr'><strong>pro</strong></span> <span class='ocrx_word' id='word_1_369' title='bbox 2909 2208 3050 2259; x_wconf 87' lang='lat' dir='ltr'><strong>mille</strong></span> <span class='ocrx_word' id='word_1_370' title='bbox 3091 2211 3158 2257; x_wconf 91' lang='lat' dir='ltr'><strong>sit</strong></span> <span class='ocrx_word' id='word_1_371' title='bbox 3185 2213 3402 2266; x_wconf 77' lang='lat' dir='ltr'><strong>sanctus</strong></span> <span class='ocrx_word' id='word_1_372' title='bbox 3426 2206 3742 2271; x_wconf 58' lang='lat' dir='ltr'><strong>Bernﬁrdus,</strong></span> 
     </span>
    </p>
   </div>
   <div class='ocr_carea' id='block_1_52' title="bbox 2175 2295 3746 2366">
    <p class='ocr_par' dir='ltr' id='par_1_52' title="bbox 2175 2295 3746 2366">
     <span class='ocr_line' id='line_1_52' title="bbox 2175 2295 3746 2366; baseline -0.002 -16"><span class='ocrx_word' id='word_1_373' title='bbox 2175 2300 2258 2366; x_wconf 85' lang='lat' dir='ltr'><strong>qui</strong></span> <span class='ocrx_word' id='word_1_374' title='bbox 2287 2298 2376 2351; x_wconf 87' lang='lat' dir='ltr'><strong>lib.</strong></span> <span class='ocrx_word' id='word_1_375' title='bbox 2411 2313 2440 2349; x_wconf 94' lang='lat' dir='ltr'><strong>v</strong></span> <span class='ocrx_word' id='word_1_376' title='bbox 2470 2296 2537 2350; x_wconf 88' lang='lat' dir='ltr'><strong>de</strong></span> <span class='ocrx_word' id='word_1_377' title='bbox 2562 2296 2920 2358; x_wconf 86' lang='lat' dir='ltr'><strong>Considerat.,</strong></span> <span class='ocrx_word' id='word_1_378' title='bbox 2958 2311 3075 2362; x_wconf 87' lang='lat' dir='ltr'><strong>cap.</strong></span> <span class='ocrx_word' id='word_1_379' title='bbox 3114 2295 3165 2360; x_wconf 62' lang='lat' dir='ltr'><strong>xl,</strong></span> <span class='ocrx_word' id='word_1_380' title='bbox 3210 2297 3284 2349; x_wconf 86' lang='lat' dir='ltr'><strong>ait</strong></span> <span class='ocrx_word' id='word_1_381' title='bbox 3318 2313 3329 2345; x_wconf 89' lang='lat'><strong>:</strong></span> <span class='ocrx_word' id='word_1_382' title='bbox 3386 2313 3405 2346; x_wconf 86' lang='grc'><strong>1</strong></span> <span class='ocrx_word' id='word_1_383' title='bbox 3439 2297 3746 2366; x_wconf 85' lang='lat' dir='ltr'><strong>Qumqnam</strong></span> 
     </span>
    </p>
   </div>
   <div class='ocr_carea' id='block_1_53' title="bbox 2179 2386 3748 2456">
    <p class='ocr_par' dir='ltr' id='par_1_53' title="bbox 2179 2386 3748 2456">
     <span class='ocr_line' id='line_1_53' title="bbox 2179 2386 3748 2456; baseline -0.003 -14"><span class='ocrx_word' id='word_1_384' title='bbox 2179 2389 2247 2442; x_wconf 89' lang='lat' dir='ltr'><strong>de</strong></span> <span class='ocrx_word' id='word_1_385' title='bbox 2277 2389 2595 2454; x_wconf 61' lang='lat' dir='ltr'><strong>corporibus</strong></span> <span class='ocrx_word' id='word_1_386' title='bbox 2625 2387 2812 2439; x_wconf 89' lang='lat' dir='ltr'><strong>horum</strong></span> <span class='ocrx_word' id='word_1_387' title='bbox 2849 2387 3074 2456; x_wconf 84' lang='lat' dir='ltr'><strong>(nempe</strong></span> <span class='ocrx_word' id='word_1_388' title='bbox 3101 2386 3458 2455; x_wconf 81' lang='lat' dir='ltr'><strong>angelorum),</strong></span> <span class='ocrx_word' id='word_1_389' title='bbox 3494 2403 3609 2443; x_wconf 84' lang='lat' dir='ltr'><strong>non</strong></span> <span class='ocrx_word' id='word_1_390' title='bbox 3648 2405 3748 2440; x_wconf 88' lang='lat' dir='ltr'><strong>mo-</strong></span> 
     </span>
    </p>
   </div>
   <div class='ocr_carea' id='block_1_54' title="bbox 2175 2478 3750 2554">
    <p class='ocr_par' dir='ltr' id='par_1_54' title="bbox 2175 2478 3750 2554">
     <span class='ocr_line' id='line_1_54' title="bbox 2175 2478 3750 2554; baseline 0.002 -22"><span class='ocrx_word' id='word_1_391' title='bbox 2175 2479 2244 2532; x_wconf 90' lang='lat' dir='ltr'><strong>do</strong></span> <span class='ocrx_word' id='word_1_392' title='bbox 2274 2479 2411 2554; x_wconf 84' lang='lat' dir='ltr'><strong>unde</strong></span> <span class='ocrx_word' id='word_1_393' title='bbox 2441 2479 2565 2541; x_wconf 90' lang='lat' dir='ltr'><strong>sint,</strong></span> <span class='ocrx_word' id='word_1_394' title='bbox 2599 2478 2690 2532; x_wconf 89' lang='lat' dir='ltr'><strong>sed</strong></span> <span class='ocrx_word' id='word_1_395' title='bbox 2720 2494 2785 2530; x_wconf 86' lang='lat' dir='ltr'><strong>an</strong></span> <span class='ocrx_word' id='word_1_396' title='bbox 2811 2479 3146 2543; x_wconf 85' lang='lat' dir='ltr'><strong>aliquatenus</strong></span> <span class='ocrx_word' id='word_1_397' title='bbox 3174 2478 3302 2543; x_wconf 86' lang='lat' dir='ltr'><strong>sint,</strong></span> <span class='ocrx_word' id='word_1_398' title='bbox 3338 2479 3510 2533; x_wconf 66' lang='lat' dir='ltr'><strong>lueret</strong></span> <span class='ocrx_word' id='word_1_399' title='bbox 3535 2495 3750 2535; x_wconf 84' lang='lat' dir='ltr'><strong>sentcn-</strong></span> 
     </span>
    </p>
   </div>
   <div class='ocr_carea' id='block_1_55' title="bbox 2177 2568 3746 2642">
    <p class='ocr_par' dir='ltr' id='par_1_55' title="bbox 2177 2568 3746 2642">
     <span class='ocr_line' id='line_1_55' title="bbox 2177 2568 3746 2642; baseline 0.002 -20"><span class='ocrx_word' id='word_1_400' title='bbox 2177 2571 2246 2622; x_wconf 86' lang='lat' dir='ltr'><strong>tia</strong></span> <span class='ocrx_word' id='word_1_401' title='bbox 2281 2570 2598 2637; x_wconf 77' lang='lat' dir='ltr'><strong>aliquorutn.</strong></span> <span class='ocrx_word' id='word_1_402' title='bbox 2638 2568 2785 2621; x_wconf 70' lang='lat' dir='ltr'><strong>L‘nde</strong></span> <span class='ocrx_word' id='word_1_403' title='bbox 2815 2569 2859 2620; x_wconf 90' lang='lat' dir='ltr'><strong>si</strong></span> <span class='ocrx_word' id='word_1_404' title='bbox 2890 2571 3008 2636; x_wconf 88' lang='lat' dir='ltr'><strong>quis</strong></span> <span class='ocrx_word' id='word_1_405' title='bbox 3037 2571 3171 2622; x_wconf 90' lang='lat' dir='ltr'><strong>inter</strong></span> <span class='ocrx_word' id='word_1_406' title='bbox 3200 2569 3486 2637; x_wconf 82' lang='lat' dir='ltr'><strong>epinabilia</strong></span> <span class='ocrx_word' id='word_1_407' title='bbox 3514 2574 3684 2642; x_wconf 73' lang='lat' dir='ltr'><strong>magis</strong></span> <span class='ocrx_word' id='word_1_408' title='bbox 3703 2573 3746 2624; x_wconf 91' lang='lat' dir='ltr'><strong>id</strong></span> 
     </span>
    </p>
   </div>
   <div class='ocr_carea' id='block_1_56' title="bbox 2181 2659 3747 2726">
    <p class='ocr_par' dir='ltr' id='par_1_56' title="bbox 2181 2659 3747 2726">
     <span class='ocr_line' id='line_1_56' title="bbox 2181 2659 3747 2726; baseline 0.003 -16"><span class='ocrx_word' id='word_1_409' title='bbox 2181 2661 2480 2726; x_wconf 89' lang='lat' dir='ltr'><strong>ponendum</strong></span> <span class='ocrx_word' id='word_1_410' title='bbox 2518 2659 2802 2722; x_wconf 80' lang='lat' dir='ltr'><strong>censuerit,</strong></span> <span class='ocrx_word' id='word_1_411' title='bbox 2839 2675 2942 2711; x_wconf 90' lang='lat' dir='ltr'><strong>non</strong></span> <span class='ocrx_word' id='word_1_412' title='bbox 2988 2672 3126 2712; x_wconf 76' lang='lat' dir='ltr'><strong>cono</strong></span> <span class='ocrx_word' id='word_1_413' title='bbox 3147 2659 3274 2714; x_wconf 90' lang='lat' dir='ltr'><strong>ndo.</strong></span> <span class='ocrx_word' id='word_1_414' title='bbox 3299 2679 3318 2712; x_wconf 81' lang='grc'><strong>1</strong></span> <span class='ocrx_word' id='word_1_415' title='bbox 3351 2659 3417 2714; x_wconf 84' lang='lat' dir='ltr'><strong>Et</strong></span> <span class='ocrx_word' id='word_1_416' title='bbox 3442 2677 3618 2716; x_wconf 87' lang='lat' dir='ltr'><strong>serm.</strong></span> <span class='ocrx_word' id='word_1_417' title='bbox 3648 2663 3677 2714; x_wconf 75' lang='grc' dir='ltr'><strong>ἱ)</strong></span> <span class='ocrx_word' id='word_1_418' title='bbox 3704 2667 3747 2715; x_wconf 84' lang='grc'><strong>111</strong></span> 
     </span>
    </p>
   </div>
   <div class='ocr_carea' id='block_1_57' title="bbox 2177 2749 3748 2826">
    <p class='ocr_par' dir='ltr' id='par_1_57' title="bbox 2177 2749 3748 2826">
     <span class='ocr_line' id='line_1_57' title="bbox 2177 2749 3748 2826; baseline 0.001 -22"><span class='ocrx_word' id='word_1_419' title='bbox 2177 2749 2332 2804; x_wconf 83' lang='lat' dir='ltr'><strong>Cant.</strong></span> <span class='ocrx_word' id='word_1_420' title='bbox 2363 2768 2374 2801; x_wconf 90' lang='lat'><strong>:</strong></span> <span class='ocrx_word' id='word_1_421' title='bbox 2413 2768 2431 2800; x_wconf 80' lang='grc'><strong>1</strong></span> <span class='ocrx_word' id='word_1_422' title='bbox 2461 2752 2748 2809; x_wconf 70' lang='lat' dir='ltr'><strong>Caeterum.</strong></span> <span class='ocrx_word' id='word_1_423' title='bbox 2800 2751 2988 2826; x_wconf 87' lang='lat' dir='ltr'><strong>inquit,</strong></span> <span class='ocrx_word' id='word_1_424' title='bbox 3019 2751 3257 2819; x_wconf 84' lang='lat' dir='ltr'><strong>angelica</strong></span> <span class='ocrx_word' id='word_1_425' title='bbox 3286 2764 3508 2819; x_wconf 78' lang='lat' dir='ltr'><strong>t0rpora</strong></span> <span class='ocrx_word' id='word_1_426' title='bbox 3551 2768 3748 2805; x_wconf 72' lang='lat' dir='ltr'><strong>utrum-</strong></span> 
     </span>
    </p>
   </div>
   <div class='ocr_carea' id='block_1_58' title="bbox 2180 2841 3748 2911">
    <p class='ocr_par' dir='ltr' id='par_1_58' title="bbox 2180 2841 3748 2911">
     <span class='ocr_line' id='line_1_58' title="bbox 2180 2841 3748 2911; baseline -0.001 -16"><span class='ocrx_word' id='word_1_427' title='bbox 2180 2859 2301 2896; x_wconf 82' lang='lat' dir='ltr'><strong>n:un</strong></span> <span class='ocrx_word' id='word_1_428' title='bbox 2345 2843 2478 2910; x_wconf 86' lang='lat' dir='ltr'><strong>ipsis</strong></span> <span class='ocrx_word' id='word_1_429' title='bbox 2523 2843 2802 2911; x_wconf 78' lang='lat' dir='ltr'><strong>spiritibus</strong></span> <span class='ocrx_word' id='word_1_430' title='bbox 2833 2841 3092 2894; x_wconf 79' lang='lat' dir='ltr'><strong>naturalia</strong></span> <span class='ocrx_word' id='word_1_431' title='bbox 3120 2843 3244 2905; x_wconf 89' lang='lat' dir='ltr'><strong>sint,</strong></span> <span class='ocrx_word' id='word_1_432' title='bbox 3271 2850 3409 2894; x_wconf 81' lang='lat' dir='ltr'><strong>scut</strong></span> <span class='ocrx_word' id='word_1_433' title='bbox 3455 2842 3748 2895; x_wconf 72' lang='lat' dir='ltr'><strong>hominibus</strong></span> 
     </span>
    </p>
   </div>
   <div class='ocr_carea' id='block_1_59' title="bbox 2177 2933 3752 2999">
    <p class='ocr_par' dir='ltr' id='par_1_59' title="bbox 2177 2933 3752 2999">
     <span class='ocr_line' id='line_1_59' title="bbox 2177 2933 3752 2999; baseline -0.001 -10"><span class='ocrx_word' id='word_1_434' title='bbox 2177 2945 2372 2999; x_wconf 77' lang='lat' dir='ltr'><strong>sna,rt</strong></span> <span class='ocrx_word' id='word_1_435' title='bbox 2400 2938 2506 2988; x_wconf 91' lang='lat' dir='ltr'><strong>sint</strong></span> <span class='ocrx_word' id='word_1_436' title='bbox 2549 2934 2800 2986; x_wconf 84' lang='lat' dir='ltr'><strong>animalia</strong></span> <span class='ocrx_word' id='word_1_437' title='bbox 2847 2933 2984 2986; x_wconf 89' lang='lat' dir='ltr'><strong>sicut</strong></span> <span class='ocrx_word' id='word_1_438' title='bbox 3031 2934 3294 2997; x_wconf 73' lang='lat' dir='ltr'><strong>homines,</strong></span> <span class='ocrx_word' id='word_1_439' title='bbox 3340 2941 3471 2996; x_wconf 87' lang='lat' dir='ltr'><strong>etc.,</strong></span> <span class='ocrx_word' id='word_1_440' title='bbox 3514 2935 3752 2989; x_wconf 84' lang='lat' dir='ltr'><strong>videntur</strong></span> 
     </span>
    </p>
   </div>
   <div class='ocr_carea' id='block_1_60' title="bbox 2181 3023 3750 3097">
    <p class='ocr_par' dir='ltr' id='par_1_60' title="bbox 2181 3023 3750 3097">
     <span class='ocr_line' id='line_1_60' title="bbox 2181 3023 3750 3097; baseline -0.004 -19"><span class='ocrx_word' id='word_1_441' title='bbox 2181 3025 2362 3079; x_wconf 79' lang='lat' dir='ltr'><strong>Patres</strong></span> <span class='ocrx_word' id='word_1_442' title='bbox 2394 3026 2460 3079; x_wconf 90' lang='lat' dir='ltr'><strong>de</strong></span> <span class='ocrx_word' id='word_1_443' title='bbox 2493 3024 2794 3092; x_wconf 87' lang='lat' dir='ltr'><strong>hujnsmodi</strong></span> <span class='ocrx_word' id='word_1_444' title='bbox 2825 3023 3036 3076; x_wconf 85' lang='lat' dir='ltr'><strong>diversa</strong></span> <span class='ocrx_word' id='word_1_445' title='bbox 3068 3024 3323 3084; x_wconf 69' lang='lat' dir='ltr'><strong>sensisse,</strong></span> <span class='ocrx_word' id='word_1_446' title='bbox 3353 3036 3451 3076; x_wconf 85' lang='lat' dir='ltr'><strong>nec</strong></span> <span class='ocrx_word' id='word_1_447' title='bbox 3483 3023 3621 3097; x_wconf 71' lang='lat' dir='ltr'><strong>mihi</strong></span> <span class='ocrx_word' id='word_1_448' title='bbox 3649 3041 3750 3090; x_wconf 80' lang='lat' dir='ltr'><strong>per-</strong></span> 
     </span>
    </p>
   </div>
   <div class='ocr_carea' id='block_1_61' title="bbox 2180 3112 3751 3180">
    <p class='ocr_par' dir='ltr' id='par_1_61' title="bbox 2180 3112 3751 3180">
     <span class='ocr_line' id='line_1_61' title="bbox 2180 3112 3751 3180; baseline -0.001 -12"><span class='ocrx_word' id='word_1_449' title='bbox 2180 3131 2222 3180; x_wconf 54' lang='grc' dir='ltr'><strong>ε,</strong></span> <span class='ocrx_word' id='word_1_450' title='bbox 2244 3113 2418 3168; x_wconf 90' lang='lat' dir='ltr'><strong>ieuum</strong></span> <span class='ocrx_word' id='word_1_451' title='bbox 2448 3124 2533 3168; x_wconf 88' lang='lat' dir='ltr'><strong>est</strong></span> <span class='ocrx_word' id='word_1_452' title='bbox 2555 3115 2694 3167; x_wconf 85' lang='lat' dir='ltr'><strong>unde</strong></span> <span class='ocrx_word' id='word_1_453' title='bbox 2728 3115 3040 3166; x_wconf 85' lang='lat' dir='ltr'><strong>alterutrum</strong></span> <span class='ocrx_word' id='word_1_454' title='bbox 3080 3112 3324 3177; x_wconf 86' lang='lat' dir='ltr'><strong>doceam,</strong></span> <span class='ocrx_word' id='word_1_455' title='bbox 3352 3123 3406 3164; x_wconf 88' lang='lat' dir='ltr'><strong>et</strong></span> <span class='ocrx_word' id='word_1_456' title='bbox 3433 3112 3651 3166; x_wconf 86' lang='lat' dir='ltr'><strong>nescire</strong></span> <span class='ocrx_word' id='word_1_457' title='bbox 3679 3128 3751 3166; x_wconf 80' lang='lat' dir='ltr'><strong>nte</strong></span> 
     </span>
    </p>
   </div>
   <div class='ocr_carea' id='block_1_62' title="bbox 498 3198 2089 3268">
    <p class='ocr_par' dir='ltr' id='par_1_62' title="bbox 498 3198 2075 3264">
     <span class='ocr_line' id='line_1_62' title="bbox 498 3198 2075 3264; baseline -0.003 -10"><span class='ocrx_word' id='word_1_458' title='bbox 498 3209 604 3264; x_wconf 88' lang='lat' dir='ltr'><strong>cat,</strong></span> <span class='ocrx_word' id='word_1_459' title='bbox 638 3208 743 3254; x_wconf 88' lang='lat' dir='ltr'><strong>etc.</strong></span> <span class='ocrx_word' id='word_1_460' title='bbox 773 3218 790 3249; x_wconf 90' lang='grc'><strong>1</strong></span> <span class='ocrx_word' id='word_1_461' title='bbox 830 3199 943 3251; x_wconf 87' lang='lat' dir='ltr'><strong>Lib.</strong></span> <span class='ocrx_word' id='word_1_462' title='bbox 977 3214 1011 3250; x_wconf 90' lang='grc'><strong>11</strong></span> <span class='ocrx_word' id='word_1_463' title='bbox 1053 3198 1120 3250; x_wconf 91' lang='lat' dir='ltr'><strong>de</strong></span> <span class='ocrx_word' id='word_1_464' title='bbox 1150 3198 1299 3250; x_wconf 89' lang='lat' dir='ltr'><strong>Statu</strong></span> <span class='ocrx_word' id='word_1_465' title='bbox 1347 3199 1558 3259; x_wconf 66' lang='lat' dir='ltr'><strong>anitum,</strong></span> <span class='ocrx_word' id='word_1_466' title='bbox 1593 3212 1707 3263; x_wconf 89' lang='lat' dir='ltr'><strong>cap.</strong></span> <span class='ocrx_word' id='word_1_467' title='bbox 1736 3199 1790 3251; x_wconf 86' lang='lat'><strong>9.</strong></span> <span class='ocrx_word' id='word_1_468' title='bbox 1825 3198 2075 3261; x_wconf 89' lang='lat' dir='ltr'><strong>Putasne,</strong></span> 
     </span>
    </p>
   </div>
   <div class='ocr_carea' id='block_1_63' title="bbox 2180 3198 3752 3268">
    <p class='ocr_par' dir='ltr' id='par_1_63' title="bbox 2187 3200 3752 3268">
     <span class='ocr_line' id='line_1_63' title="bbox 2187 3200 3752 3268; baseline -0.003 -12"><span class='ocrx_word' id='word_1_469' title='bbox 2187 3205 2386 3268; x_wconf 81' lang='lat' dir='ltr'><strong>lateor;</strong></span> <span class='ocrx_word' id='word_1_470' title='bbox 2415 3204 2506 3256; x_wconf 89' lang='lat' dir='ltr'><strong>sed</strong></span> <span class='ocrx_word' id='word_1_471' title='bbox 2539 3215 2591 3256; x_wconf 92' lang='lat' dir='ltr'><strong>et</strong></span> <span class='ocrx_word' id='word_1_472' title='bbox 2615 3207 2806 3254; x_wconf 82' lang='lat' dir='ltr'><strong>vestris</strong></span> <span class='ocrx_word' id='word_1_473' title='bbox 2851 3200 3177 3268; x_wconf 77' lang='lat' dir='ltr'><strong>prolettibus</strong></span> <span class='ocrx_word' id='word_1_474' title='bbox 3207 3215 3310 3252; x_wconf 89' lang='lat' dir='ltr'><strong>non</strong></span> <span class='ocrx_word' id='word_1_475' title='bbox 3360 3205 3585 3256; x_wconf 61' lang='lat' dir='ltr'><strong>mutum</strong></span> <span class='ocrx_word' id='word_1_476' title='bbox 3639 3216 3752 3254; x_wconf 87' lang='lat' dir='ltr'><strong>con-</strong></span> 
     </span>
    </p>
   </div>
   <div class='ocr_carea' id='block_1_64' title="bbox 503 3287 2078 3357">
    <p class='ocr_par' dir='ltr' id='par_1_64' title="bbox 503 3287 2078 3357">
     <span class='ocr_line' id='line_1_64' title="bbox 503 3287 2078 3357; baseline -0.001 -12"><span class='ocrx_word' id='word_1_477' title='bbox 503 3291 693 3354; x_wconf 91' lang='lat' dir='ltr'><strong>lector,</strong></span> <span class='ocrx_word' id='word_1_478' title='bbox 723 3290 982 3342; x_wconf 81' lang='lat' dir='ltr'><strong>Atlamum</strong></span> <span class='ocrx_word' id='word_1_479' title='bbox 1014 3287 1199 3340; x_wconf 88' lang='lat' dir='ltr'><strong>harum</strong></span> <span class='ocrx_word' id='word_1_480' title='bbox 1224 3300 1382 3341; x_wconf 88' lang='lat' dir='ltr'><strong>uuam</strong></span> <span class='ocrx_word' id='word_1_481' title='bbox 1409 3287 1667 3341; x_wconf 85' lang='lat' dir='ltr'><strong>rationem</strong></span> <span class='ocrx_word' id='word_1_482' title='bbox 1691 3289 1776 3341; x_wconf 90' lang='lat' dir='ltr'><strong>vel</strong></span> <span class='ocrx_word' id='word_1_483' title='bbox 1804 3304 2078 3357; x_wconf 87' lang='lat' dir='ltr'><strong>argumen-</strong></span> 
     </span>
    </p>
   </div>
   <div class='ocr_carea' id='block_1_65' title="bbox 474 3378 1020 3448">
    <p class='ocr_par' dir='ltr' id='par_1_65' title="bbox 474 3378 1020 3448">
     <span class='ocr_line' id='line_1_65' title="bbox 474 3378 1020 3448; baseline -0.002 -17"><span class='ocrx_word' id='word_1_484' title='bbox 474 3381 756 3436; x_wconf 80' lang='lat' dir='ltr'><strong>-tationem</strong></span> <span class='ocrx_word' id='word_1_485' title='bbox 789 3378 1020 3448; x_wconf 76' lang='lat' dir='ltr'><strong>legisse?</strong></span> 
     </span>
    </p>
   </div>
   <div class='ocr_carea' id='block_1_66' title="bbox 575 3489 2080 3564">
    <p class='ocr_par' dir='ltr' id='par_1_66' title="bbox 575 3489 2080 3564">
     <span class='ocr_line' id='line_1_66' title="bbox 575 3489 2080 3564; baseline -0.002 -15"><span class='ocrx_word' id='word_1_486' title='bbox 575 3492 679 3549; x_wconf 89' lang='lat' dir='ltr'><strong>Sed</strong></span> <span class='ocrx_word' id='word_1_487' title='bbox 707 3493 815 3564; x_wconf 85' lang='lat' dir='ltr'><strong>jam</strong></span> <span class='ocrx_word' id='word_1_488' title='bbox 849 3491 940 3546; x_wconf 91' lang='lat' dir='ltr'><strong>illo</strong></span> <span class='ocrx_word' id='word_1_489' title='bbox 968 3491 1227 3560; x_wconf 87' lang='lat' dir='ltr'><strong>scriptore</strong></span> <span class='ocrx_word' id='word_1_490' title='bbox 1255 3489 1640 3560; x_wconf 69' lang='lat' dir='ltr'><strong>patentissima:</strong></span> <span class='ocrx_word' id='word_1_491' title='bbox 1682 3489 1927 3545; x_wconf 78' lang='lat' dir='ltr'><strong>falsitatis</strong></span> <span class='ocrx_word' id='word_1_492' title='bbox 1951 3504 2080 3546; x_wconf 89' lang='lat' dir='ltr'><strong>con-</strong></span> 
     </span>
    </p>
   </div>
   <div class='ocr_carea' id='block_1_67' title="bbox 504 3586 2076 3659">
    <p class='ocr_par' dir='ltr' id='par_1_67' title="bbox 504 3586 2076 3659">
     <span class='ocr_line' id='line_1_67' title="bbox 504 3586 2076 3659; baseline 0.002 -19"><span class='ocrx_word' id='word_1_493' title='bbox 504 3589 672 3655; x_wconf 73' lang='lat' dir='ltr'><strong>victo,</strong></span> <span class='ocrx_word' id='word_1_494' title='bbox 702 3588 827 3659; x_wconf 88' lang='lat' dir='ltr'><strong>quid</strong></span> <span class='ocrx_word' id='word_1_495' title='bbox 858 3588 924 3642; x_wconf 88' lang='lat' dir='ltr'><strong>de</strong></span> <span class='ocrx_word' id='word_1_496' title='bbox 945 3590 1256 3658; x_wconf 79' lang='lat' dir='ltr'><strong>angelorum</strong></span> <span class='ocrx_word' id='word_1_497' title='bbox 1273 3586 1589 3657; x_wconf 89' lang='lat' dir='ltr'><strong>corporibus</strong></span> <span class='ocrx_word' id='word_1_498' title='bbox 1616 3588 1934 3656; x_wconf 79' lang='lat' dir='ltr'><strong>Augustinus</strong></span> <span class='ocrx_word' id='word_1_499' title='bbox 1959 3601 2076 3642; x_wconf 88' lang='lat' dir='ltr'><strong>sen-</strong></span> 
     </span>
    </p>
   </div>
   <div class='ocr_carea' id='block_1_68' title="bbox 473 3677 2076 3743">
    <p class='ocr_par' dir='ltr' id='par_1_68' title="bbox 473 3677 2076 3743">
     <span class='ocr_line' id='line_1_68' title="bbox 473 3677 2076 3743; baseline -0.002 -8"><span class='ocrx_word' id='word_1_500' title='bbox 473 3704 476 3706; x_wconf 50' lang='grc' dir='ltr'><strong>ν</strong></span> <span class='ocrx_word' id='word_1_501' title='bbox 503 3681 636 3735; x_wconf 88' lang='lat' dir='ltr'><strong>serit</strong></span> <span class='ocrx_word' id='word_1_502' title='bbox 663 3681 953 3735; x_wconf 87' lang='lat' dir='ltr'><strong>videamus.</strong></span> <span class='ocrx_word' id='word_1_503' title='bbox 978 3678 1217 3734; x_wconf 80' lang='lat' dir='ltr'><strong>Celebris</strong></span> <span class='ocrx_word' id='word_1_504' title='bbox 1247 3677 1509 3733; x_wconf 89' lang='lat' dir='ltr'><strong>sententia</strong></span> <span class='ocrx_word' id='word_1_505' title='bbox 1539 3677 1928 3733; x_wconf 84' lang='lat' dir='ltr'><strong>Platonicorum</strong></span> <span class='ocrx_word' id='word_1_506' title='bbox 1961 3679 2076 3743; x_wconf 86' lang='grc'><strong>11111,</strong></span> 
     </span>
    </p>
   </div>
   <div class='ocr_carea' id='block_1_69' title="bbox 498 3771 2076 3842">
    <p class='ocr_par' dir='ltr' id='par_1_69' title="bbox 498 3771 2076 3842">
     <span class='ocr_line' id='line_1_69' title="bbox 498 3771 2076 3842; baseline -0.001 -16"><span class='ocrx_word' id='word_1_507' title='bbox 498 3774 721 3842; x_wconf 88' lang='lat' dir='ltr'><strong>angelos</strong></span> <span class='ocrx_word' id='word_1_508' title='bbox 748 3771 1005 3826; x_wconf 83' lang='lat' dir='ltr'><strong>conﬂatos</strong></span> <span class='ocrx_word' id='word_1_509' title='bbox 1030 3787 1151 3826; x_wconf 87' lang='lat' dir='ltr'><strong>esse</strong></span> <span class='ocrx_word' id='word_1_510' title='bbox 1181 3785 1246 3824; x_wconf 82' lang='lat' dir='ltr'><strong>ex</strong></span> <span class='ocrx_word' id='word_1_511' title='bbox 1280 3771 1463 3838; x_wconf 83' lang='lat' dir='ltr'><strong>spiritu</strong></span> <span class='ocrx_word' id='word_1_512' title='bbox 1503 3780 1552 3822; x_wconf 92' lang='lat' dir='ltr'><strong>et</strong></span> <span class='ocrx_word' id='word_1_513' title='bbox 1595 3785 1820 3838; x_wconf 89' lang='lat' dir='ltr'><strong>corpore</strong></span> <span class='ocrx_word' id='word_1_514' title='bbox 1850 3773 2076 3840; x_wconf 82' lang='lat' dir='ltr'><strong>quodam</strong></span> 
     </span>
    </p>
   </div>
   <div class='ocr_carea' id='block_1_70' title="bbox 501 3860 2080 3928">
    <p class='ocr_par' dir='ltr' id='par_1_70' title="bbox 501 3860 2080 3928">
     <span class='ocr_line' id='line_1_70' title="bbox 501 3860 2080 3928; baseline -0.001 -11"><span class='ocrx_word' id='word_1_515' title='bbox 501 3863 852 3918; x_wconf 80' lang='lat' dir='ltr'><strong>subtilissima</strong></span> <span class='ocrx_word' id='word_1_516' title='bbox 882 3861 1196 3914; x_wconf 88' lang='lat' dir='ltr'><strong>elementari</strong></span> <span class='ocrx_word' id='word_1_517' title='bbox 1245 3861 1482 3928; x_wconf 83' lang='lat' dir='ltr'><strong>quolibet</strong></span> <span class='ocrx_word' id='word_1_518' title='bbox 1527 3860 1679 3928; x_wconf 77' lang='lat' dir='ltr'><strong>longe</strong></span> <span class='ocrx_word' id='word_1_519' title='bbox 1723 3863 1989 3925; x_wconf 84' lang='lat' dir='ltr'><strong>nobi&#39;iori,</strong></span> <span class='ocrx_word' id='word_1_520' title='bbox 2022 3873 2080 3916; x_wconf 89' lang='lat' dir='ltr'><strong>ut</strong></span> 
     </span>
    </p>
   </div>
   <div class='ocr_carea' id='block_1_71' title="bbox 495 3949 2077 4018">
    <p class='ocr_par' dir='ltr' id='par_1_71' title="bbox 495 3949 2077 4018">
     <span class='ocr_line' id='line_1_71' title="bbox 495 3949 2077 4018; baseline 0.001 -12"><span class='ocrx_word' id='word_1_521' title='bbox 495 3970 566 4006; x_wconf 80' lang='lat' dir='ltr'><strong>ex</strong></span> <span class='ocrx_word' id='word_1_522' title='bbox 597 3952 815 4018; x_wconf 78' lang='lat' dir='ltr'><strong>Apuleio</strong></span> <span class='ocrx_word' id='word_1_523' title='bbox 854 3949 1089 4017; x_wconf 86' lang='lat' dir='ltr'><strong>pluribus</strong></span> <span class='ocrx_word' id='word_1_524' title='bbox 1118 3950 1275 4002; x_wconf 85' lang='lat' dir='ltr'><strong>tradit</strong></span> <span class='ocrx_word' id='word_1_525' title='bbox 1299 3951 1627 4017; x_wconf 71' lang='lat' dir='ltr'><strong>Augustinus</strong></span> <span class='ocrx_word' id='word_1_526' title='bbox 1659 3950 1747 4002; x_wconf 76' lang='lat' dir='ltr'><strong>liti.</strong></span> <span class='ocrx_word' id='word_1_527' title='bbox 1781 3968 1871 4004; x_wconf 82' lang='lat' dir='ltr'><strong>vni</strong></span> <span class='ocrx_word' id='word_1_528' title='bbox 1896 3954 1961 4006; x_wconf 87' lang='lat' dir='ltr'><strong>de</strong></span> <span class='ocrx_word' id='word_1_529' title='bbox 1991 3953 2077 4006; x_wconf 87' lang='lat' dir='ltr'><strong>Ci-</strong></span> 
     </span>
    </p>
   </div>
   <div class='ocr_carea' id='block_1_72' title="bbox 503 4037 2078 4106">
    <p class='ocr_par' dir='ltr' id='par_1_72' title="bbox 503 4037 2078 4106">
     <span class='ocr_line' id='line_1_72' title="bbox 503 4037 2078 4106; baseline 0.003 -14"><span class='ocrx_word' id='word_1_530' title='bbox 503 4043 594 4094; x_wconf 73' lang='grc'><strong>111.</strong></span> <span class='ocrx_word' id='word_1_531' title='bbox 623 4041 738 4105; x_wconf 85' lang='lat' dir='ltr'><strong>Dei,</strong></span> <span class='ocrx_word' id='word_1_532' title='bbox 769 4053 890 4106; x_wconf 87' lang='lat' dir='ltr'><strong>cap.</strong></span> <span class='ocrx_word' id='word_1_533' title='bbox 921 4039 951 4089; x_wconf 91' lang='lat'>8</span> <span class='ocrx_word' id='word_1_534' title='bbox 977 4049 1031 4092; x_wconf 91' lang='lat' dir='ltr'><strong>et</strong></span> <span class='ocrx_word' id='word_1_535' title='bbox 1061 4037 1147 4092; x_wconf 86' lang='grc'><strong>16.</strong></span> <span class='ocrx_word' id='word_1_536' title='bbox 1184 4037 1328 4090; x_wconf 86' lang='lat' dir='ltr'><strong>llanc</strong></span> <span class='ocrx_word' id='word_1_537' title='bbox 1369 4039 1686 4092; x_wconf 87' lang='lat' dir='ltr'><strong>sententiam</strong></span> <span class='ocrx_word' id='word_1_538' title='bbox 1731 4055 1794 4094; x_wconf 82' lang='lat' dir='ltr'><strong>ex</strong></span> <span class='ocrx_word' id='word_1_539' title='bbox 1833 4041 2078 4096; x_wconf 88' lang='lat' dir='ltr'><strong>Patribus</strong></span> 
     </span>
    </p>
   </div>
   <div class='ocr_carea' id='block_1_73' title="bbox 496 4128 2075 4198">
    <p class='ocr_par' dir='ltr' id='par_1_73' title="bbox 496 4128 2075 4198">
     <span class='ocr_line' id='line_1_73' title="bbox 496 4128 2075 4198; baseline 0.002 -15"><span class='ocrx_word' id='word_1_540' title='bbox 496 4131 666 4183; x_wconf 85' lang='lat' dir='ltr'><strong>secuti</strong></span> <span class='ocrx_word' id='word_1_541' title='bbox 700 4140 822 4183; x_wconf 85' lang='lat' dir='ltr'><strong>sunt</strong></span> <span class='ocrx_word' id='word_1_542' title='bbox 851 4128 1127 4198; x_wconf 87' lang='lat' dir='ltr'><strong>Origenes,</strong></span> <span class='ocrx_word' id='word_1_543' title='bbox 1151 4129 1528 4194; x_wconf 88' lang='lat' dir='ltr'><strong>Tertullianus,</strong></span> <span class='ocrx_word' id='word_1_544' title='bbox 1555 4128 1805 4184; x_wconf 82' lang='lat' dir='ltr'><strong>Clemens</strong></span> <span class='ocrx_word' id='word_1_545' title='bbox 1841 4132 2075 4187; x_wconf 76' lang='lat' dir='ltr'><strong>Alexan-</strong></span> 
     </span>
    </p>
   </div>
   <div class='ocr_carea' id='block_1_74' title="bbox 497 4213 2073 4290">
    <p class='ocr_par' dir='ltr' id='par_1_74' title="bbox 497 4213 2073 4290">
     <span class='ocr_line' id='line_1_74' title="bbox 497 4213 2073 4290; baseline 0.003 -18"><span class='ocrx_word' id='word_1_546' title='bbox 497 4219 704 4284; x_wconf 85' lang='lat' dir='ltr'><strong>drinus,</strong></span> <span class='ocrx_word' id='word_1_547' title='bbox 737 4218 972 4273; x_wconf 78' lang='lat' dir='ltr'><strong>Justinus</strong></span> <span class='ocrx_word' id='word_1_548' title='bbox 1024 4219 1246 4288; x_wconf 84' lang='lat' dir='ltr'><strong>Martyr,</strong></span> <span class='ocrx_word' id='word_1_549' title='bbox 1281 4218 1606 4283; x_wconf 87' lang='lat' dir='ltr'><strong>Lactantius,</strong></span> <span class='ocrx_word' id='word_1_550' title='bbox 1655 4231 1708 4274; x_wconf 88' lang='lat' dir='ltr'><strong>et</strong></span> <span class='ocrx_word' id='word_1_551' title='bbox 1752 4235 1847 4290; x_wconf 88' lang='lat' dir='ltr'><strong>pro</strong></span> <span class='ocrx_word' id='word_1_552' title='bbox 1880 4213 2073 4277; x_wconf 80' lang='lat' dir='ltr'><strong>eadem</strong></span> 
     </span>
    </p>
   </div>
   <div class='ocr_carea' id='block_1_75' title="bbox 495 4309 2076 4376">
    <p class='ocr_par' dir='ltr' id='par_1_75' title="bbox 495 4309 2076 4376">
     <span class='ocr_line' id='line_1_75' title="bbox 495 4309 2076 4376; baseline 0.004 -12"><span class='ocrx_word' id='word_1_553' title='bbox 495 4313 726 4364; x_wconf 87' lang='lat' dir='ltr'><strong>citantur</strong></span> <span class='ocrx_word' id='word_1_554' title='bbox 756 4309 1099 4376; x_wconf 55' lang='lat' dir='ltr'><strong>Athanasius,</strong></span> <span class='ocrx_word' id='word_1_555' title='bbox 1163 4309 1386 4363; x_wconf 81' lang='lat' dir='ltr'><strong>Basilius</strong></span> <span class='ocrx_word' id='word_1_556' title='bbox 1418 4319 1472 4364; x_wconf 90' lang='lat' dir='ltr'><strong>et</strong></span> <span class='ocrx_word' id='word_1_557' title='bbox 1503 4311 1793 4365; x_wconf 73' lang='lat' dir='ltr'><strong>Melhodius</strong></span> <span class='ocrx_word' id='word_1_558' title='bbox 1822 4327 1850 4364; x_wconf 88' lang='lat' dir='ltr'><strong>a</strong></span> <span class='ocrx_word' id='word_1_559' title='bbox 1873 4314 2076 4370; x_wconf 84' lang='lat' dir='ltr'><strong>Joanne</strong></span> 
     </span>
    </p>
   </div>
   <div class='ocr_carea' id='block_1_76' title="bbox 494 4401 2074 4470">
    <p class='ocr_par' dir='ltr' id='par_1_76' title="bbox 494 4401 2074 4470">
     <span class='ocr_line' id='line_1_76' title="bbox 494 4401 2074 4470; baseline 0.006 -19"><span class='ocrx_word' id='word_1_560' title='bbox 494 4404 750 4470; x_wconf 72' lang='lat' dir='ltr'><strong>episcopo</strong></span> <span class='ocrx_word' id='word_1_561' title='bbox 803 4401 1172 4463; x_wconf 83' lang='lat' dir='ltr'><strong>Antiocheno,</strong></span> <span class='ocrx_word' id='word_1_562' title='bbox 1231 4403 1381 4465; x_wconf 79' lang='lat' dir='ltr'><strong>cujus</strong></span> <span class='ocrx_word' id='word_1_563' title='bbox 1433 4403 1590 4456; x_wconf 73' lang='lat' dir='ltr'><strong>verba</strong></span> <span class='ocrx_word' id='word_1_564' title='bbox 1638 4405 1797 4458; x_wconf 88' lang='lat' dir='ltr'><strong>etiam</strong></span> <span class='ocrx_word' id='word_1_565' title='bbox 1850 4415 1974 4460; x_wconf 86' lang='lat' dir='ltr'><strong>sunt</strong></span> <span class='ocrx_word' id='word_1_566' title='bbox 2024 4409 2074 4460; x_wconf 93' lang='lat' dir='ltr'><strong>in</strong></span> 
     </span>
    </p>
   </div>
   <div class='ocr_carea' id='block_1_77' title="bbox 496 4491 2075 4566">
    <p class='ocr_par' dir='ltr' id='par_1_77' title="bbox 496 4491 2075 4566">
     <span class='ocr_line' id='line_1_77' title="bbox 496 4491 2075 4566; baseline 0.003 -17"><span class='ocrx_word' id='word_1_567' title='bbox 496 4497 700 4566; x_wconf 73' lang='lat' dir='ltr'><strong>synodo</strong></span> <span class='ocrx_word' id='word_1_568' title='bbox 727 4493 939 4560; x_wconf 64' lang='lat' dir='ltr'><strong>Plit-cena</strong></span> <span class='ocrx_word' id='word_1_569' title='bbox 966 4507 1026 4556; x_wconf 88' lang='grc' dir='ltr'><strong>ιι,</strong></span> <span class='ocrx_word' id='word_1_570' title='bbox 1057 4501 1163 4544; x_wconf 73' lang='lat' dir='ltr'><strong>art.</strong></span> <span class='ocrx_word' id='word_1_571' title='bbox 1195 4491 1225 4543; x_wconf 82' lang='grc'>5</span> <span class='ocrx_word' id='word_1_572' title='bbox 1259 4510 1269 4543; x_wconf 94' lang='lat'>:</span> <span class='ocrx_word' id='word_1_573' title='bbox 1315 4510 1331 4540; x_wconf 83' lang='grc'><strong>1</strong></span> <span class='ocrx_word' id='word_1_574' title='bbox 1357 4494 1703 4548; x_wconf 85' lang='lat' dir='ltr'><strong>Solunnnodo</strong></span> <span class='ocrx_word' id='word_1_575' title='bbox 1733 4508 1908 4552; x_wconf 85' lang='lat' dir='ltr'><strong>autem</strong></span> <span class='ocrx_word' id='word_1_576' title='bbox 1939 4499 2075 4553; x_wconf 89' lang='lat' dir='ltr'><strong>Deus</strong></span> 
     </span>
    </p>
   </div>
   <div class='ocr_carea' id='block_1_78' title="bbox 497 4581 2069 4654">
    <p class='ocr_par' dir='ltr' id='par_1_78' title="bbox 497 4581 2069 4654">
     <span class='ocr_line' id='line_1_78' title="bbox 497 4581 2069 4654; baseline 0.003 -14"><span class='ocrx_word' id='word_1_577' title='bbox 497 4587 846 4654; x_wconf 69' lang='lat' dir='ltr'><strong>incorporeus</strong></span> <span class='ocrx_word' id='word_1_578' title='bbox 901 4593 954 4637; x_wconf 84' lang='lat' dir='ltr'><strong>et</strong></span> <span class='ocrx_word' id='word_1_579' title='bbox 1011 4581 1382 4636; x_wconf 83' lang='lat' dir='ltr'><strong>informablis.</strong></span> <span class='ocrx_word' id='word_1_580' title='bbox 1460 4583 1823 4653; x_wconf 73' lang='lat' dir='ltr'><strong>luti-lligihiles</strong></span> <span class='ocrx_word' id='word_1_581' title='bbox 1893 4600 2069 4643; x_wconf 90' lang='lat' dir='ltr'><strong>autem</strong></span> 
     </span>
    </p>
   </div>
   <div class='ocr_carea' id='block_1_79' title="bbox 494 4677 2072 4743">
    <p class='ocr_par' dir='ltr' id='par_1_79' title="bbox 494 4677 2072 4743">
     <span class='ocr_line' id='line_1_79' title="bbox 494 4677 2072 4743; baseline 0.001 -11"><span class='ocrx_word' id='word_1_582' title='bbox 494 4689 761 4732; x_wconf 79' lang='lat' dir='ltr'><strong>creaturae</strong></span> <span class='ocrx_word' id='word_1_583' title='bbox 813 4689 1141 4743; x_wconf 73' lang='lat' dir='ltr'><strong>nequaquam</strong></span> <span class='ocrx_word' id='word_1_584' title='bbox 1182 4689 1246 4726; x_wconf 76' lang='lat' dir='ltr'><strong>ex</strong></span> <span class='ocrx_word' id='word_1_585' title='bbox 1297 4682 1410 4728; x_wconf 91' lang='lat' dir='ltr'><strong>toto</strong></span> <span class='ocrx_word' id='word_1_586' title='bbox 1459 4685 1582 4728; x_wconf 86' lang='lat' dir='ltr'><strong>sunt</strong></span> <span class='ocrx_word' id='word_1_587' title='bbox 1636 4677 1979 4743; x_wconf 69' lang='lat' dir='ltr'><strong>incorporea),</strong></span> <span class='ocrx_word' id='word_1_588' title='bbox 2017 4689 2072 4734; x_wconf 86' lang='lat' dir='ltr'><strong>et</strong></span> 
     </span>
    </p>
   </div>
   <div class='ocr_carea' id='block_1_80' title="bbox 495 4767 2068 4838">
    <p class='ocr_par' dir='ltr' id='par_1_80' title="bbox 495 4767 2068 4838">
     <span class='ocr_line' id='line_1_80' title="bbox 495 4767 2068 4838; baseline -0.001 -14"><span class='ocrx_word' id='word_1_589' title='bbox 495 4770 782 4824; x_wconf 87' lang='lat' dir='ltr'><strong>imitabiles</strong></span> <span class='ocrx_word' id='word_1_590' title='bbox 824 4769 1030 4838; x_wconf 78' lang='lat' dir='ltr'><strong>pictura</strong></span> <span class='ocrx_word' id='word_1_591' title='bbox 1065 4768 1318 4820; x_wconf 76' lang='lat' dir='ltr'><strong>existunt.</strong></span> <span class='ocrx_word' id='word_1_592' title='bbox 1345 4784 1361 4816; x_wconf 76' lang='grc'><strong>1</strong></span> <span class='ocrx_word' id='word_1_593' title='bbox 1398 4767 1579 4820; x_wconf 86' lang='lat' dir='ltr'><strong>Eidem</strong></span> <span class='ocrx_word' id='word_1_594' title='bbox 1611 4768 1843 4835; x_wconf 84' lang='lat' dir='ltr'><strong>opinioni</strong></span> <span class='ocrx_word' id='word_1_595' title='bbox 1888 4771 2068 4824; x_wconf 70' lang='grc'><strong>0111110-</strong></span> 
     </span>
    </p>
   </div>
   <div class='ocr_carea' id='block_1_81' title="bbox 497 4858 2069 4924">
    <p class='ocr_par' dir='ltr' id='par_1_81' title="bbox 497 4858 2069 4924">
     <span class='ocr_line' id='line_1_81' title="bbox 497 4858 2069 4924; baseline 0.003 -13"><span class='ocrx_word' id='word_1_596' title='bbox 497 4877 616 4913; x_wconf 76' lang='lat' dir='ltr'><strong>sere</strong></span> <span class='ocrx_word' id='word_1_597' title='bbox 645 4861 951 4924; x_wconf 86' lang='lat' dir='ltr'><strong>Cassianus,</strong></span> <span class='ocrx_word' id='word_1_598' title='bbox 983 4858 1228 4918; x_wconf 53' lang='lat' dir='ltr'><strong>Faustus,</strong></span> <span class='ocrx_word' id='word_1_599' title='bbox 1275 4859 1582 4914; x_wconf 83' lang='lat' dir='ltr'><strong>Gennadius</strong></span> <span class='ocrx_word' id='word_1_600' title='bbox 1628 4860 1841 4924; x_wconf 85' lang='lat' dir='ltr'><strong>aliique.</strong></span> <span class='ocrx_word' id='word_1_601' title='bbox 1875 4860 2069 4916; x_wconf 78' lang='lat' dir='ltr'><strong>Verum</strong></span> 
     </span>
    </p>
   </div>
   <div class='ocr_carea' id='block_1_82' title="bbox 499 4951 2068 5021">
    <p class='ocr_par' dir='ltr' id='par_1_82' title="bbox 499 4951 2068 5021">
     <span class='ocr_line' id='line_1_82' title="bbox 499 4951 2068 5021; baseline 0.004 -20"><span class='ocrx_word' id='word_1_602' title='bbox 499 4955 677 5018; x_wconf 84' lang='lat' dir='ltr'><strong>plures</strong></span> <span class='ocrx_word' id='word_1_603' title='bbox 717 4951 1097 5015; x_wconf 79' lang='lat' dir='ltr'><strong>sapientissimi</strong></span> <span class='ocrx_word' id='word_1_604' title='bbox 1144 4952 1329 5005; x_wconf 84' lang='lat' dir='ltr'><strong>Patres</strong></span> <span class='ocrx_word' id='word_1_605' title='bbox 1349 4952 1658 5021; x_wconf 72' lang='lat' dir='ltr'><strong>oppositum</strong></span> <span class='ocrx_word' id='word_1_606' title='bbox 1690 4951 2068 5020; x_wconf 84' lang='lat' dir='ltr'><strong>epinabantur,</strong></span> 
     </span>
    </p>
   </div>
   <div class='ocr_carea' id='block_1_83' title="bbox 492 5033 2073 5111">
    <p class='ocr_par' dir='ltr' id='par_1_83' title="bbox 492 5033 2073 5111">
     <span class='ocr_line' id='line_1_83' title="bbox 492 5033 2073 5111; baseline 0.003 -19"><span class='ocrx_word' id='word_1_607' title='bbox 492 5055 709 5092; x_wconf 81' lang='lat' dir='ltr'><strong>omnem</strong></span> <span class='ocrx_word' id='word_1_608' title='bbox 741 5043 808 5091; x_wconf 88' lang='lat' dir='ltr'><strong>ab</strong></span> <span class='ocrx_word' id='word_1_609' title='bbox 831 5041 1034 5108; x_wconf 86' lang='lat' dir='ltr'><strong>angelis</strong></span> <span class='ocrx_word' id='word_1_610' title='bbox 1063 5033 1446 5110; x_wconf 77' lang='lat' dir='ltr'><strong>corpulentiam</strong></span> <span class='ocrx_word' id='word_1_611' title='bbox 1479 5053 1837 5096; x_wconf 80' lang='lat' dir='ltr'><strong>removentes.</strong></span> <span class='ocrx_word' id='word_1_612' title='bbox 1864 5048 2073 5111; x_wconf 86' lang='lat' dir='ltr'><strong>Augus-</strong></span> 
     </span>
    </p>
   </div>
   <div class='ocr_carea' id='block_1_84' title="bbox 495 5130 2074 5202">
    <p class='ocr_par' dir='ltr' id='par_1_84' title="bbox 495 5130 2074 5202">
     <span class='ocr_line' id='line_1_84' title="bbox 495 5130 2074 5202; baseline 0.006 -22"><span class='ocrx_word' id='word_1_613' title='bbox 495 5131 659 5194; x_wconf 83' lang='lat' dir='ltr'><strong>tinus,</strong></span> <span class='ocrx_word' id='word_1_614' title='bbox 693 5130 829 5196; x_wconf 72' lang='lat' dir='ltr'><strong>quotl</strong></span> <span class='ocrx_word' id='word_1_615' title='bbox 871 5145 988 5182; x_wconf 90' lang='lat' dir='ltr'><strong>eam</strong></span> <span class='ocrx_word' id='word_1_616' title='bbox 1039 5132 1389 5198; x_wconf 67' lang='lat' dir='ltr'><strong>quaestionem</strong></span> <span class='ocrx_word' id='word_1_617' title='bbox 1441 5142 1674 5187; x_wconf 86' lang='lat' dir='ltr'><strong>tractare</strong></span> <span class='ocrx_word' id='word_1_618' title='bbox 1719 5148 1782 5187; x_wconf 82' lang='lat' dir='ltr'><strong>ex</strong></span> <span class='ocrx_word' id='word_1_619' title='bbox 1833 5133 2074 5202; x_wconf 76' lang='lat' dir='ltr'><strong>professo</strong></span> 
     </span>
    </p>
   </div>
   <div class='ocr_carea' id='block_1_85' title="bbox 495 5220 2068 5292">
    <p class='ocr_par' dir='ltr' id='par_1_85' title="bbox 495 5220 2068 5292">
     <span class='ocr_line' id='line_1_85' title="bbox 495 5220 2068 5292; baseline 0.001 -15"><span class='ocrx_word' id='word_1_620' title='bbox 495 5224 681 5285; x_wconf 77' lang='lat' dir='ltr'><strong>nollet,</strong></span> <span class='ocrx_word' id='word_1_621' title='bbox 741 5220 1050 5288; x_wconf 87' lang='lat' dir='ltr'><strong>videretque</strong></span> <span class='ocrx_word' id='word_1_622' title='bbox 1106 5231 1385 5291; x_wconf 88' lang='lat' dir='ltr'><strong>utramque</strong></span> <span class='ocrx_word' id='word_1_623' title='bbox 1447 5233 1648 5292; x_wconf 81' lang='lat' dir='ltr'><strong>partem</strong></span> <span class='ocrx_word' id='word_1_624' title='bbox 1719 5226 2068 5291; x_wconf 90' lang='lat' dir='ltr'><strong>plurimorum</strong></span> 
     </span>
    </p>
   </div>
   <div class='ocr_carea' id='block_1_86' title="bbox 491 5311 2070 5373">
    <p class='ocr_par' dir='ltr' id='par_1_86' title="bbox 491 5311 2070 5373">
     <span class='ocr_line' id='line_1_86' title="bbox 491 5311 2070 5373; baseline -0.001 -4"><span class='ocrx_word' id='word_1_625' title='bbox 491 5315 809 5370; x_wconf 86' lang='lat' dir='ltr'><strong>auctoritate</strong></span> <span class='ocrx_word' id='word_1_626' title='bbox 853 5314 1136 5373; x_wconf 86' lang='lat' dir='ltr'><strong>tirmatam,</strong></span> <span class='ocrx_word' id='word_1_627' title='bbox 1172 5311 1221 5363; x_wconf 93' lang='lat' dir='ltr'><strong>in</strong></span> <span class='ocrx_word' id='word_1_628' title='bbox 1249 5329 1306 5366; x_wconf 88' lang='lat' dir='ltr'><strong>re</strong></span> <span class='ocrx_word' id='word_1_629' title='bbox 1334 5314 1537 5368; x_wconf 82' lang='lat' dir='ltr'><strong>dtflicili</strong></span> <span class='ocrx_word' id='word_1_630' title='bbox 1563 5329 1627 5368; x_wconf 88' lang='lat' dir='ltr'><strong>ac</strong></span> <span class='ocrx_word' id='word_1_631' title='bbox 1662 5315 1818 5368; x_wconf 87' lang='lat' dir='ltr'><strong>dubia</strong></span> <span class='ocrx_word' id='word_1_632' title='bbox 1851 5327 2070 5370; x_wconf 85' lang='lat' dir='ltr'><strong>senten-</strong></span> 
     </span>
    </p>
   </div>
   <div class='ocr_carea' id='block_1_87' title="bbox 493 5401 2073 5473">
    <p class='ocr_par' dir='ltr' id='par_1_87' title="bbox 493 5401 2073 5473">
     <span class='ocr_line' id='line_1_87' title="bbox 493 5401 2073 5473; baseline 0.001 -14"><span class='ocrx_word' id='word_1_633' title='bbox 493 5408 620 5461; x_wconf 86' lang='lat' dir='ltr'><strong>tiam</strong></span> <span class='ocrx_word' id='word_1_634' title='bbox 670 5401 964 5472; x_wconf 90' lang='lat' dir='ltr'><strong>suspendit.</strong></span> <span class='ocrx_word' id='word_1_635' title='bbox 1006 5402 1060 5456; x_wconf 89' lang='lat' dir='ltr'><strong>Id</strong></span> <span class='ocrx_word' id='word_1_636' title='bbox 1091 5403 1385 5473; x_wconf 79' lang='lat' dir='ltr'><strong>amtn&#39;gitum</strong></span> <span class='ocrx_word' id='word_1_637' title='bbox 1430 5419 1538 5457; x_wconf 80' lang='lat' dir='ltr'><strong>esse</strong></span> <span class='ocrx_word' id='word_1_638' title='bbox 1565 5405 1754 5458; x_wconf 84' lang='lat' dir='ltr'><strong>scribit</strong></span> <span class='ocrx_word' id='word_1_639' title='bbox 1785 5404 1876 5458; x_wconf 87' lang='lat' dir='ltr'><strong>lib.</strong></span> <span class='ocrx_word' id='word_1_640' title='bbox 1908 5421 1977 5459; x_wconf 81' lang='lat' dir='ltr'><strong>xv</strong></span> <span class='ocrx_word' id='word_1_641' title='bbox 2005 5406 2073 5460; x_wconf 89' lang='lat' dir='ltr'><strong>de</strong></span> 
     </span>
    </p>
   </div>
   <div class='ocr_carea' id='block_1_88' title="bbox 489 5492 2076 5570">
    <p class='ocr_par' dir='ltr' id='par_1_88' title="bbox 489 5492 2076 5570">
     <span class='ocr_line' id='line_1_88' title="bbox 489 5492 2076 5570; baseline -0.001 -18"><span class='ocrx_word' id='word_1_642' title='bbox 489 5499 650 5552; x_wconf 81' lang='lat' dir='ltr'><strong>Civit.</strong></span> <span class='ocrx_word' id='word_1_643' title='bbox 678 5496 794 5560; x_wconf 87' lang='lat' dir='ltr'><strong>Dei,</strong></span> <span class='ocrx_word' id='word_1_644' title='bbox 827 5509 943 5563; x_wconf 88' lang='lat' dir='ltr'><strong>cap.</strong></span> <span class='ocrx_word' id='word_1_645' title='bbox 981 5492 1072 5547; x_wconf 74' lang='grc'><strong>25.</strong></span> <span class='ocrx_word' id='word_1_646' title='bbox 1103 5495 1172 5548; x_wconf 84' lang='lat' dir='ltr'><strong>At</strong></span> <span class='ocrx_word' id='word_1_647' title='bbox 1203 5495 1296 5549; x_wconf 89' lang='lat' dir='ltr'><strong>lib.</strong></span> <span class='ocrx_word' id='word_1_648' title='bbox 1330 5510 1446 5559; x_wconf 79' lang='grc'><strong>11111,</strong></span> <span class='ocrx_word' id='word_1_649' title='bbox 1479 5508 1596 5562; x_wconf 80' lang='lat' dir='ltr'><strong>cap.</strong></span> <span class='ocrx_word' id='word_1_650' title='bbox 1634 5497 1720 5561; x_wconf 83' lang='grc'><strong>10,</strong></span> <span class='ocrx_word' id='word_1_651' title='bbox 1754 5495 1840 5548; x_wconf 88' lang='grc'><strong>11111</strong></span> <span class='ocrx_word' id='word_1_652' title='bbox 1883 5497 2076 5570; x_wconf 66' lang='lat' dir='ltr'><strong>quaarit</strong></span> 
     </span>
    </p>
   </div>
   <div class='ocr_carea' id='block_1_89' title="bbox 449 5580 2071 5656">
    <p class='ocr_par' dir='ltr' id='par_1_89' title="bbox 449 5580 2071 5656">
     <span class='ocr_line' id='line_1_89' title="bbox 449 5580 2071 5656; baseline 0 -16"><span class='ocrx_word' id='word_1_653' title='bbox 449 5580 451 5582; x_wconf 60' lang='grc'><strong><em>’</em></strong></span> <span class='ocrx_word' id='word_1_654' title='bbox 489 5602 558 5641; x_wconf 87' lang='lat' dir='ltr'><strong>an</strong></span> <span class='ocrx_word' id='word_1_655' title='bbox 602 5589 736 5656; x_wconf 83' lang='lat' dir='ltr'><strong>ignis</strong></span> <span class='ocrx_word' id='word_1_656' title='bbox 762 5601 1054 5655; x_wconf 87' lang='lat' dir='ltr'><strong>corporeus</strong></span> <span class='ocrx_word' id='word_1_657' title='bbox 1099 5588 1260 5654; x_wconf 69' lang='lat' dir='ltr'><strong>possit</strong></span> <span class='ocrx_word' id='word_1_658' title='bbox 1310 5586 1585 5639; x_wconf 23' lang='lat' dir='ltr'><strong>dzvrmunes</strong></span> <span class='ocrx_word' id='word_1_659' title='bbox 1634 5597 1908 5655; x_wconf 83' lang='lat' dir='ltr'><strong>torquere,</strong></span> <span class='ocrx_word' id='word_1_660' title='bbox 1958 5587 2071 5640; x_wconf 88' lang='lat' dir='ltr'><strong>ait:</strong></span> 
     </span>
    </p>
   </div>
   <div class='ocr_carea' id='block_1_90' title="bbox 497 5677 2078 5745">
    <p class='ocr_par' dir='ltr' id='par_1_90' title="bbox 497 5677 2078 5745">
     <span class='ocr_line' id='line_1_90' title="bbox 497 5677 2078 5745; baseline 0.004 -21"><span class='ocrx_word' id='word_1_661' title='bbox 497 5693 518 5724; x_wconf 83' lang='grc'><strong>‹</strong></span> <span class='ocrx_word' id='word_1_662' title='bbox 546 5679 680 5730; x_wconf 88' lang='lat' dir='ltr'><strong>Sunt</strong></span> <span class='ocrx_word' id='word_1_663' title='bbox 707 5678 944 5743; x_wconf 64' lang='lat' dir='ltr'><strong>qurdam</strong></span> <span class='ocrx_word' id='word_1_664' title='bbox 979 5692 1070 5732; x_wconf 88' lang='lat' dir='ltr'><strong>sua</strong></span> <span class='ocrx_word' id='word_1_665' title='bbox 1099 5678 1263 5730; x_wconf 81' lang='lat' dir='ltr'><strong>etiam</strong></span> <span class='ocrx_word' id='word_1_666' title='bbox 1295 5677 1632 5732; x_wconf 69' lang='lat' dir='ltr'><strong>(inmunibus</strong></span> <span class='ocrx_word' id='word_1_667' title='bbox 1658 5693 1905 5745; x_wconf 72' lang='lat' dir='ltr'><strong>corpora,</strong></span> <span class='ocrx_word' id='word_1_668' title='bbox 1937 5679 2078 5731; x_wconf 89' lang='lat' dir='ltr'><strong>sicut</strong></span> 
     </span>
    </p>
   </div>
   <div class='ocr_carea' id='block_1_91' title="bbox 496 5773 2080 5844">
    <p class='ocr_par' dir='ltr' id='par_1_91' title="bbox 496 5773 2080 5844">
     <span class='ocr_line' id='line_1_91' title="bbox 496 5773 2080 5844; baseline 0.004 -21"><span class='ocrx_word' id='word_1_669' title='bbox 496 5773 669 5825; x_wconf 72' lang='lat' dir='ltr'><strong>doctis</strong></span> <span class='ocrx_word' id='word_1_670' title='bbox 713 5773 1014 5826; x_wconf 87' lang='lat' dir='ltr'><strong>hominibus</strong></span> <span class='ocrx_word' id='word_1_671' title='bbox 1061 5775 1232 5827; x_wconf 88' lang='lat' dir='ltr'><strong>visum</strong></span> <span class='ocrx_word' id='word_1_672' title='bbox 1277 5785 1421 5841; x_wconf 66' lang='lat' dir='ltr'><strong>est,»</strong></span> <span class='ocrx_word' id='word_1_673' title='bbox 1455 5785 1556 5829; x_wconf 87' lang='lat' dir='ltr'><strong>etc.</strong></span> <span class='ocrx_word' id='word_1_674' title='bbox 1593 5777 1657 5829; x_wconf 88' lang='lat' dir='ltr'><strong>Et</strong></span> <span class='ocrx_word' id='word_1_675' title='bbox 1706 5786 1931 5844; x_wconf 54' lang='lat' dir='ltr'><strong>postea:</strong></span> <span class='ocrx_word' id='word_1_676' title='bbox 1973 5775 2080 5831; x_wconf 79' lang='lat' dir='ltr'><strong>t-Si</strong></span> 
     </span>
    </p>
   </div>
   <div class='ocr_carea' id='block_1_92' title="bbox 2181 3288 3750 3347">
    <p class='ocr_par' dir='ltr' id='par_1_92' title="bbox 2181 3288 3750 3347">
     <span class='ocr_line' id='line_1_92' title="bbox 2181 3288 3750 3347; baseline 0 -2"><span class='ocrx_word' id='word_1_677' title='bbox 2181 3293 2320 3347; x_wconf 76' lang='lat' dir='ltr'><strong>ferre</strong></span> <span class='ocrx_word' id='word_1_678' title='bbox 2347 3294 2578 3344; x_wconf 88' lang='lat' dir='ltr'><strong>arbitror</strong></span> <span class='ocrx_word' id='word_1_679' title='bbox 2610 3291 2795 3344; x_wconf 86' lang='lat' dir='ltr'><strong>harum</strong></span> <span class='ocrx_word' id='word_1_680' title='bbox 2828 3306 3001 3344; x_wconf 73' lang='lat' dir='ltr'><strong>rerum</strong></span> <span class='ocrx_word' id='word_1_681' title='bbox 3034 3288 3297 3342; x_wconf 90' lang='lat' dir='ltr'><strong>notitiatn.</strong></span> <span class='ocrx_word' id='word_1_682' title='bbox 3328 3307 3347 3340; x_wconf 80' lang='grc'><strong>1</strong></span> <span class='ocrx_word' id='word_1_683' title='bbox 3381 3291 3507 3345; x_wconf 68' lang='lat' dir='ltr'><strong>llaec</strong></span> <span class='ocrx_word' id='word_1_684' title='bbox 3529 3295 3750 3345; x_wconf 84' lang='lat' dir='ltr'><strong>sanctis-</strong></span> 
     </span>
    </p>
   </div>
   <div class='ocr_carea' id='block_1_93' title="bbox 2179 3381 3194 3452">
    <p class='ocr_par' dir='ltr' id='par_1_93' title="bbox 2179 3381 3194 3452">
     <span class='ocr_line' id='line_1_93' title="bbox 2179 3381 3194 3452; baseline -0.006 -13"><span class='ocrx_word' id='word_1_685' title='bbox 2179 3386 2348 3439; x_wconf 91' lang='lat' dir='ltr'><strong>simus</strong></span> <span class='ocrx_word' id='word_1_686' title='bbox 2377 3383 2623 3452; x_wconf 88' lang='lat' dir='ltr'><strong>idemque</strong></span> <span class='ocrx_word' id='word_1_687' title='bbox 2652 3383 2994 3436; x_wconf 89' lang='lat' dir='ltr'><strong>doctissimus</strong></span> <span class='ocrx_word' id='word_1_688' title='bbox 3016 3381 3194 3436; x_wconf 87' lang='lat' dir='ltr'><strong>Pater.</strong></span> 
     </span>
    </p>
   </div>
   <div class='ocr_carea' id='block_1_94' title="bbox 2278 3492 3677 3574">
    <p class='ocr_par' dir='ltr' id='par_1_94' title="bbox 2278 3492 3677 3574">
     <span class='ocr_line' id='line_1_94' title="bbox 2278 3492 3677 3574; baseline -0.001 -26"><span class='ocrx_word' id='word_1_689' title='bbox 2278 3497 2307 3566; x_wconf 82' lang='lat'><strong>§</strong></span> <span class='ocrx_word' id='word_1_690' title='bbox 2345 3496 2406 3550; x_wconf 88' lang='lat' dir='ltr'><strong>Il.</strong></span> <span class='ocrx_word' id='word_1_691' title='bbox 2440 3497 2519 3548; x_wconf 78' lang='lat' dir='ltr'><strong>An</strong></span> <span class='ocrx_word' id='word_1_692' title='bbox 2550 3504 2754 3549; x_wconf 81' lang='lat' dir='ltr'><strong>sanctus</strong></span> <span class='ocrx_word' id='word_1_693' title='bbox 2785 3494 2961 3546; x_wconf 77' lang='lat' dir='ltr'><strong>durior</strong></span> <span class='ocrx_word' id='word_1_694' title='bbox 2983 3492 3254 3574; x_wconf 74' lang='lat' dir='ltr'><strong>asseruert&#39;t</strong></span> <span class='ocrx_word' id='word_1_695' title='bbox 3278 3493 3505 3547; x_wconf 66' lang='lat' dir='ltr'><strong>talenta</strong></span> <span class='ocrx_word' id='word_1_696' title='bbox 3529 3503 3677 3547; x_wconf 64' lang='lat' dir='ltr'><strong>astra</strong></span> 
     </span>
    </p>
   </div>
   <div class='ocr_carea' id='block_1_95' title="bbox 2774 3573 3152 3616">
    <p class='ocr_par' dir='ltr' id='par_1_95' title="bbox 2774 3573 3152 3616">
     <span class='ocr_line' id='line_1_95' title="bbox 2774 3573 3152 3616; baseline -0.005 0"><span class='ocrx_word' id='word_1_697' title='bbox 2774 3578 2880 3616; x_wconf 72' lang='grc'><strong><em>8888</em></strong></span> <span class='ocrx_word' id='word_1_698' title='bbox 2908 3573 3152 3615; x_wconf 77' lang='lat' dir='ltr'><strong>animata.</strong></span> 
     </span>
    </p>
   </div>
   <div class='ocr_carea' id='block_1_96' title="bbox 2251 3669 3752 3742">
    <p class='ocr_par' dir='ltr' id='par_1_96' title="bbox 2251 3669 3752 3742">
     <span class='ocr_line' id='line_1_96' title="bbox 2251 3669 3752 3742; baseline -0.003 -13"><span class='ocrx_word' id='word_1_699' title='bbox 2251 3675 2453 3730; x_wconf 69' lang='lat' dir='ltr'><strong>Rursus</strong></span> <span class='ocrx_word' id='word_1_700' title='bbox 2482 3673 2703 3742; x_wconf 67' lang='lat' dir='ltr'><strong>opponit</strong></span> <span class='ocrx_word' id='word_1_701' title='bbox 2724 3683 2914 3726; x_wconf 86' lang='lat' dir='ltr'><strong>sancto</strong></span> <span class='ocrx_word' id='word_1_702' title='bbox 2948 3671 3087 3725; x_wconf 86' lang='lat' dir='ltr'><strong>Patri</strong></span> <span class='ocrx_word' id='word_1_703' title='bbox 3117 3672 3403 3726; x_wconf 77' lang='lat' dir='ltr'><strong>Morainius</strong></span> <span class='ocrx_word' id='word_1_704' title='bbox 3434 3689 3446 3723; x_wconf 91' lang='lat'><strong>:</strong></span> <span class='ocrx_word' id='word_1_705' title='bbox 3488 3669 3632 3725; x_wconf 80' lang='lat' dir='ltr'><strong>Item</strong></span> <span class='ocrx_word' id='word_1_706' title='bbox 3665 3672 3752 3725; x_wconf 82' lang='lat' dir='ltr'><strong>du-</strong></span> 
     </span>
    </p>
   </div>
   <div class='ocr_carea' id='block_1_97' title="bbox 2180 3761 3754 3830">
    <p class='ocr_par' dir='ltr' id='par_1_97' title="bbox 2180 3761 3754 3830">
     <span class='ocr_line' id='line_1_97' title="bbox 2180 3761 3754 3830; baseline -0.003 -12"><span class='ocrx_word' id='word_1_707' title='bbox 2180 3766 2353 3818; x_wconf 83' lang='lat' dir='ltr'><strong>bitavit</strong></span> <span class='ocrx_word' id='word_1_708' title='bbox 2401 3779 2522 3816; x_wconf 88' lang='lat' dir='ltr'><strong>num</strong></span> <span class='ocrx_word' id='word_1_709' title='bbox 2566 3765 2645 3815; x_wconf 82' lang='lat' dir='ltr'><strong>sol</strong></span> <span class='ocrx_word' id='word_1_710' title='bbox 2687 3771 2736 3815; x_wconf 83' lang='lat' dir='ltr'><strong>et</strong></span> <span class='ocrx_word' id='word_1_711' title='bbox 2787 3763 2927 3826; x_wconf 78' lang='lat' dir='ltr'><strong>(una,</strong></span> <span class='ocrx_word' id='word_1_712' title='bbox 2967 3761 3175 3829; x_wconf 71' lang='lat' dir='ltr'><strong>aliaque</strong></span> <span class='ocrx_word' id='word_1_713' title='bbox 3216 3763 3405 3827; x_wconf 81' lang='lat' dir='ltr'><strong>sidera,</strong></span> <span class='ocrx_word' id='word_1_714' title='bbox 3455 3778 3570 3830; x_wconf 79' lang='lat' dir='ltr'><strong>qua:</strong></span> <span class='ocrx_word' id='word_1_715' title='bbox 3602 3765 3754 3817; x_wconf 76' lang='lat' dir='ltr'><strong>oculis</strong></span> 
     </span>
    </p>
   </div>
   <div class='ocr_carea' id='block_1_98' title="bbox 2179 3850 3754 3922">
    <p class='ocr_par' dir='ltr' id='par_1_98' title="bbox 2179 3850 3754 3922">
     <span class='ocr_line' id='line_1_98' title="bbox 2179 3850 3754 3922; baseline -0.002 -14"><span class='ocrx_word' id='word_1_716' title='bbox 2179 3856 2539 3922; x_wconf 71' lang='lat' dir='ltr'><strong>conspicimus,</strong></span> <span class='ocrx_word' id='word_1_717' title='bbox 2589 3852 2689 3905; x_wconf 83' lang='lat' dir='ltr'><strong>sint</strong></span> <span class='ocrx_word' id='word_1_718' title='bbox 2731 3854 2980 3904; x_wconf 84' lang='lat' dir='ltr'><strong>animata.</strong></span> <span class='ocrx_word' id='word_1_719' title='bbox 3017 3850 3237 3905; x_wconf 89' lang='lat' dir='ltr'><strong>Ibidem.</strong></span> <span class='ocrx_word' id='word_1_720' title='bbox 3269 3850 3373 3905; x_wconf 87' lang='lat' dir='ltr'><strong>Sed</strong></span> <span class='ocrx_word' id='word_1_721' title='bbox 3421 3851 3507 3905; x_wconf 87' lang='lat' dir='ltr'><strong>hic</strong></span> <span class='ocrx_word' id='word_1_722' title='bbox 3547 3865 3754 3921; x_wconf 82' lang='lat' dir='ltr'><strong>quoque</strong></span> 
     </span>
    </p>
   </div>
   <div class='ocr_carea' id='block_1_99' title="bbox 2180 3943 3750 4010">
    <p class='ocr_par' dir='ltr' id='par_1_99' title="bbox 2180 3943 3750 4010">
     <span class='ocr_line' id='line_1_99' title="bbox 2180 3943 3750 4010; baseline -0.005 -9"><span class='ocrx_word' id='word_1_723' title='bbox 2180 3947 2469 4002; x_wconf 83' lang='lat' dir='ltr'><strong>adversarii</strong></span> <span class='ocrx_word' id='word_1_724' title='bbox 2519 3943 2748 3998; x_wconf 89' lang='lat' dir='ltr'><strong>eruditio</strong></span> <span class='ocrx_word' id='word_1_725' title='bbox 2793 3946 2876 3996; x_wconf 87' lang='lat' dir='ltr'><strong>vel</strong></span> <span class='ocrx_word' id='word_1_726' title='bbox 2924 3943 3258 3997; x_wconf 86' lang='lat' dir='ltr'><strong>desideratur</strong></span> <span class='ocrx_word' id='word_1_727' title='bbox 3289 3943 3369 3996; x_wconf 79' lang='grc'><strong>101</strong></span> <span class='ocrx_word' id='word_1_728' title='bbox 3409 3943 3750 4010; x_wconf 71' lang='lat' dir='ltr'><strong>appellatur:</strong></span> 
     </span>
    </p>
   </div>
   <div class='ocr_carea' id='block_1_100' title="bbox 2180 4034 3754 4106">
    <p class='ocr_par' dir='ltr' id='par_1_100' title="bbox 2180 4034 3754 4106">
     <span class='ocr_line' id='line_1_100' title="bbox 2180 4034 3754 4106; baseline -0.004 -12"><span class='ocrx_word' id='word_1_729' title='bbox 2180 4039 2378 4094; x_wconf 84' lang='lat' dir='ltr'><strong>etenim</strong></span> <span class='ocrx_word' id='word_1_730' title='bbox 2428 4035 2567 4106; x_wconf 87' lang='lat' dir='ltr'><strong>apud</strong></span> <span class='ocrx_word' id='word_1_731' title='bbox 2596 4044 2808 4089; x_wconf 86' lang='lat' dir='ltr'><strong>veteres</strong></span> <span class='ocrx_word' id='word_1_732' title='bbox 2853 4048 2956 4087; x_wconf 88' lang='lat' dir='ltr'><strong>non</strong></span> <span class='ocrx_word' id='word_1_733' title='bbox 2989 4034 3145 4088; x_wconf 90' lang='lat' dir='ltr'><strong>modo</strong></span> <span class='ocrx_word' id='word_1_734' title='bbox 3175 4034 3540 4104; x_wconf 86' lang='lat' dir='ltr'><strong>philosophos,</strong></span> <span class='ocrx_word' id='word_1_735' title='bbox 3574 4048 3754 4091; x_wconf 73' lang='lat' dir='ltr'><strong>verum</strong></span> 
     </span>
    </p>
   </div>
   <div class='ocr_carea' id='block_1_101' title="bbox 2178 4126 3755 4184">
    <p class='ocr_par' dir='ltr' id='par_1_101' title="bbox 2178 4126 3755 4184">
     <span class='ocr_line' id='line_1_101' title="bbox 2178 4126 3755 4184; baseline -0.003 0"><span class='ocrx_word' id='word_1_736' title='bbox 2178 4134 2338 4184; x_wconf 89' lang='lat' dir='ltr'><strong>etiam</strong></span> <span class='ocrx_word' id='word_1_737' title='bbox 2379 4128 2565 4183; x_wconf 83' lang='lat' dir='ltr'><strong>Patres</strong></span> <span class='ocrx_word' id='word_1_738' title='bbox 2595 4135 2998 4180; x_wconf 86' lang='lat' dir='ltr'><strong>controversum</strong></span> <span class='ocrx_word' id='word_1_739' title='bbox 3028 4133 3143 4178; x_wconf 88' lang='lat' dir='ltr'><strong>erat</strong></span> <span class='ocrx_word' id='word_1_740' title='bbox 3192 4133 3444 4180; x_wconf 88' lang='lat' dir='ltr'><strong>essentne</strong></span> <span class='ocrx_word' id='word_1_741' title='bbox 3491 4126 3755 4180; x_wconf 65' lang='grc'><strong>0011111111-</strong></span> 
     </span>
    </p>
   </div>
   <div class='ocr_carea' id='block_1_102' title="bbox 2181 4217 3752 4283">
    <p class='ocr_par' dir='ltr' id='par_1_102' title="bbox 2181 4217 3752 4283">
     <span class='ocr_line' id='line_1_102' title="bbox 2181 4217 3752 4283; baseline -0.004 -7"><span class='ocrx_word' id='word_1_742' title='bbox 2181 4223 2329 4276; x_wconf 86' lang='lat' dir='ltr'><strong>mati.</strong></span> <span class='ocrx_word' id='word_1_743' title='bbox 2365 4219 2622 4274; x_wconf 74' lang='lat' dir='ltr'><strong>I’Iatonici</strong></span> <span class='ocrx_word' id='word_1_744' title='bbox 2659 4233 2721 4272; x_wconf 89' lang='lat' dir='ltr'><strong>ac</strong></span> <span class='ocrx_word' id='word_1_745' title='bbox 2767 4217 2930 4271; x_wconf 92' lang='lat' dir='ltr'><strong>Stoici</strong></span> <span class='ocrx_word' id='word_1_746' title='bbox 2964 4217 3230 4271; x_wconf 86' lang='lat' dir='ltr'><strong>animatos</strong></span> <span class='ocrx_word' id='word_1_747' title='bbox 3271 4217 3437 4272; x_wconf 82' lang='lat' dir='ltr'><strong>euelos</strong></span> <span class='ocrx_word' id='word_1_748' title='bbox 3481 4219 3752 4283; x_wconf 84' lang='lat' dir='ltr'><strong>dicebant,</strong></span> 
     </span>
    </p>
   </div>
   <div class='ocr_carea' id='block_1_103' title="bbox 2179 4307 3754 4379">
    <p class='ocr_par' dir='ltr' id='par_1_103' title="bbox 2179 4307 3754 4379">
     <span class='ocr_line' id='line_1_103' title="bbox 2179 4307 3754 4379; baseline -0.002 -13"><span class='ocrx_word' id='word_1_749' title='bbox 2179 4313 2232 4367; x_wconf 91' lang='lat' dir='ltr'><strong>in</strong></span> <span class='ocrx_word' id='word_1_750' title='bbox 2259 4325 2484 4379; x_wconf 89' lang='lat' dir='ltr'><strong>quorum</strong></span> <span class='ocrx_word' id='word_1_751' title='bbox 2529 4309 2834 4377; x_wconf 89' lang='lat' dir='ltr'><strong>opinionem</strong></span> <span class='ocrx_word' id='word_1_752' title='bbox 2866 4307 3010 4360; x_wconf 83' lang='lat' dir='ltr'><strong>ivere</strong></span> <span class='ocrx_word' id='word_1_753' title='bbox 3039 4307 3226 4361; x_wconf 83' lang='lat' dir='ltr'><strong>Cicero</strong></span> <span class='ocrx_word' id='word_1_754' title='bbox 3267 4307 3357 4361; x_wconf 89' lang='lat' dir='ltr'><strong>lib.</strong></span> <span class='ocrx_word' id='word_1_755' title='bbox 3392 4323 3431 4360; x_wconf 90' lang='grc'><strong>11</strong></span> <span class='ocrx_word' id='word_1_756' title='bbox 3469 4308 3540 4362; x_wconf 86' lang='lat' dir='ltr'><strong>de</strong></span> <span class='ocrx_word' id='word_1_757' title='bbox 3567 4310 3754 4363; x_wconf 77' lang='lat' dir='ltr'><strong>Natura</strong></span> 
     </span>
    </p>
   </div>
   <div class='ocr_carea' id='block_1_104' title="bbox 2183 4384 3754 4470">
    <p class='ocr_par' dir='ltr' id='par_1_104' title="bbox 2183 4384 3754 4470">
     <span class='ocr_line' id='line_1_104' title="bbox 2183 4384 3754 4470; baseline 0 -14"><span class='ocrx_word' id='word_1_758' title='bbox 2183 4407 2435 4467; x_wconf 85' lang='lat' dir='ltr'><strong>Deorum,</strong></span> <span class='ocrx_word' id='word_1_759' title='bbox 2459 4384 2514 4457; x_wconf 83' lang='lat' dir='ltr'><strong>et</strong></span> <span class='ocrx_word' id='word_1_760' title='bbox 2541 4404 2742 4457; x_wconf 86' lang='lat' dir='ltr'><strong>Plinius</strong></span> <span class='ocrx_word' id='word_1_761' title='bbox 2765 4401 2859 4456; x_wconf 89' lang='lat' dir='ltr'><strong>lib.</strong></span> <span class='ocrx_word' id='word_1_762' title='bbox 2893 4417 2952 4455; x_wconf 88' lang='grc' dir='ltr'><strong>ιι.</strong></span> <span class='ocrx_word' id='word_1_763' title='bbox 2989 4402 3234 4456; x_wconf 66' lang='lat' dir='ltr'><strong>Historiae</strong></span> <span class='ocrx_word' id='word_1_764' title='bbox 3273 4411 3407 4470; x_wconf 89' lang='lat' dir='ltr'><strong>nat.,</strong></span> <span class='ocrx_word' id='word_1_765' title='bbox 3437 4417 3561 4470; x_wconf 78' lang='lat' dir='ltr'><strong>cap.</strong></span> <span class='ocrx_word' id='word_1_766' title='bbox 3585 4403 3638 4456; x_wconf 85' lang='lat'><strong>9.</strong></span> <span class='ocrx_word' id='word_1_767' title='bbox 3665 4404 3754 4457; x_wconf 87' lang='lat' dir='ltr'><strong>Pe-</strong></span> 
     </span>
    </p>
   </div>
   <div class='ocr_carea' id='block_1_105' title="bbox 2179 4497 3754 4567">
    <p class='ocr_par' dir='ltr' id='par_1_105' title="bbox 2179 4497 3754 4567">
     <span class='ocr_line' id='line_1_105' title="bbox 2179 4497 3754 4567; baseline -0.002 -15"><span class='ocrx_word' id='word_1_768' title='bbox 2179 4499 2442 4565; x_wconf 87' lang='lat' dir='ltr'><strong>ripatetici</strong></span> <span class='ocrx_word' id='word_1_769' title='bbox 2468 4500 2629 4552; x_wconf 89' lang='lat' dir='ltr'><strong>etiam</strong></span> <span class='ocrx_word' id='word_1_770' title='bbox 2657 4501 2893 4567; x_wconf 85' lang='lat' dir='ltr'><strong>plerique</strong></span> <span class='ocrx_word' id='word_1_771' title='bbox 2925 4498 3064 4552; x_wconf 89' lang='lat' dir='ltr'><strong>idem</strong></span> <span class='ocrx_word' id='word_1_772' title='bbox 3112 4497 3506 4562; x_wconf 82' lang='lat' dir='ltr'><strong>existimarunt,</strong></span> <span class='ocrx_word' id='word_1_773' title='bbox 3533 4508 3592 4551; x_wconf 87' lang='grc'><strong>111</strong></span> <span class='ocrx_word' id='word_1_774' title='bbox 3619 4504 3754 4567; x_wconf 84' lang='lat' dir='ltr'><strong>patet</strong></span> 
     </span>
    </p>
   </div>
   <div class='ocr_carea' id='block_1_106' title="bbox 2179 4586 3753 4656">
    <p class='ocr_par' dir='ltr' id='par_1_106' title="bbox 2179 4586 3753 4656">
     <span class='ocr_line' id='line_1_106' title="bbox 2179 4586 3753 4656; baseline -0.004 -16"><span class='ocrx_word' id='word_1_775' title='bbox 2179 4603 2240 4640; x_wconf 83' lang='lat' dir='ltr'><strong>ex</strong></span> <span class='ocrx_word' id='word_1_776' title='bbox 2271 4588 2528 4656; x_wconf 78' lang='lat' dir='ltr'><strong>Raguseo,</strong></span> <span class='ocrx_word' id='word_1_777' title='bbox 2547 4597 2676 4640; x_wconf 93' lang='lat' dir='ltr'><strong>tom.</strong></span> <span class='ocrx_word' id='word_1_778' title='bbox 2709 4588 2726 4640; x_wconf 93' lang='lat' dir='ltr'><strong>l</strong></span> <span class='ocrx_word' id='word_1_779' title='bbox 2756 4587 3133 4655; x_wconf 64' lang='lat' dir='ltr'><strong>Philosophiae,</strong></span> <span class='ocrx_word' id='word_1_780' title='bbox 3160 4587 3301 4655; x_wconf 84' lang='lat' dir='ltr'><strong>disp.</strong></span> <span class='ocrx_word' id='word_1_781' title='bbox 3336 4586 3425 4652; x_wconf 77' lang='grc'><strong>11,</strong></span> <span class='ocrx_word' id='word_1_782' title='bbox 3448 4593 3503 4641; x_wconf 86' lang='lat' dir='ltr'><strong>et</strong></span> <span class='ocrx_word' id='word_1_783' title='bbox 3534 4588 3753 4641; x_wconf 68' lang='lat' dir='ltr'><strong>Alexan-</strong></span> 
     </span>
    </p>
   </div>
   <div class='ocr_carea' id='block_1_107' title="bbox 2179 4677 3752 4747">
    <p class='ocr_par' dir='ltr' id='par_1_107' title="bbox 2179 4677 3752 4747">
     <span class='ocr_line' id='line_1_107' title="bbox 2179 4677 3752 4747; baseline -0.004 -15"><span class='ocrx_word' id='word_1_784' title='bbox 2179 4683 2276 4733; x_wconf 89' lang='lat' dir='ltr'><strong>dro</strong></span> <span class='ocrx_word' id='word_1_785' title='bbox 2316 4677 2604 4743; x_wconf 79' lang='lat' dir='ltr'><strong>Achillino,</strong></span> <span class='ocrx_word' id='word_1_786' title='bbox 2640 4678 2736 4730; x_wconf 92' lang='lat' dir='ltr'><strong>lib.</strong></span> <span class='ocrx_word' id='word_1_787' title='bbox 2771 4693 2824 4731; x_wconf 89' lang='grc'><strong>111</strong></span> <span class='ocrx_word' id='word_1_788' title='bbox 2855 4679 2923 4733; x_wconf 84' lang='grc'><strong>110</strong></span> <span class='ocrx_word' id='word_1_789' title='bbox 2969 4679 3220 4745; x_wconf 90' lang='lat' dir='ltr'><strong>()rbibus,</strong></span> <span class='ocrx_word' id='word_1_790' title='bbox 3252 4692 3370 4747; x_wconf 86' lang='lat' dir='ltr'><strong>cap.</strong></span> <span class='ocrx_word' id='word_1_791' title='bbox 3406 4679 3574 4746; x_wconf 80' lang='lat' dir='ltr'><strong>l,qui</strong></span> <span class='ocrx_word' id='word_1_792' title='bbox 3603 4678 3752 4734; x_wconf 89' lang='lat' dir='ltr'><strong>etiam</strong></span> 
     </span>
    </p>
   </div>
   <div class='ocr_carea' id='block_1_108' title="bbox 2179 4767 3753 4836">
    <p class='ocr_par' dir='ltr' id='par_1_108' title="bbox 2179 4767 3753 4836">
     <span class='ocr_line' id='line_1_108' title="bbox 2179 4767 3753 4836; baseline -0.003 -12"><span class='ocrx_word' id='word_1_793' title='bbox 2179 4785 2242 4824; x_wconf 80' lang='lat' dir='ltr'><strong>ex</strong></span> <span class='ocrx_word' id='word_1_794' title='bbox 2274 4767 2561 4822; x_wconf 79' lang='lat' dir='ltr'><strong>Aristotele</strong></span> <span class='ocrx_word' id='word_1_795' title='bbox 2605 4768 2847 4822; x_wconf 87' lang='lat' dir='ltr'><strong>eamdem</strong></span> <span class='ocrx_word' id='word_1_796' title='bbox 2879 4769 3200 4822; x_wconf 90' lang='lat' dir='ltr'><strong>sententiam</strong></span> <span class='ocrx_word' id='word_1_797' title='bbox 3232 4768 3422 4823; x_wconf 90' lang='lat' dir='ltr'><strong>deduci</strong></span> <span class='ocrx_word' id='word_1_798' title='bbox 3453 4770 3586 4822; x_wconf 84' lang='lat' dir='ltr'><strong>satis</strong></span> <span class='ocrx_word' id='word_1_799' title='bbox 3635 4783 3753 4836; x_wconf 85' lang='lat' dir='ltr'><strong>pro-</strong></span> 
     </span>
    </p>
   </div>
   <div class='ocr_carea' id='block_1_109' title="bbox 2181 4861 3750 4928">
    <p class='ocr_par' dir='ltr' id='par_1_109' title="bbox 2181 4861 3750 4928">
     <span class='ocr_line' id='line_1_109' title="bbox 2181 4861 3750 4928; baseline -0.003 -13"><span class='ocrx_word' id='word_1_800' title='bbox 2181 4862 2285 4916; x_wconf 84' lang='lat' dir='ltr'><strong>lixe</strong></span> <span class='ocrx_word' id='word_1_801' title='bbox 2330 4862 2627 4915; x_wconf 89' lang='lat' dir='ltr'><strong>contendit.</strong></span> <span class='ocrx_word' id='word_1_802' title='bbox 2661 4861 3010 4916; x_wconf 89' lang='lat' dir='ltr'><strong>Communior</strong></span> <span class='ocrx_word' id='word_1_803' title='bbox 3054 4873 3228 4916; x_wconf 86' lang='lat' dir='ltr'><strong>tamen</strong></span> <span class='ocrx_word' id='word_1_804' title='bbox 3282 4861 3750 4928; x_wconf 87' lang='lat' dir='ltr'><strong>Peripateticorum</strong></span> 
     </span>
    </p>
   </div>
   <div class='ocr_carea' id='block_1_110' title="bbox 2178 4950 3747 5022">
    <p class='ocr_par' dir='ltr' id='par_1_110' title="bbox 2178 4950 3747 5022">
     <span class='ocr_line' id='line_1_110' title="bbox 2178 4950 3747 5022; baseline -0.001 -16"><span class='ocrx_word' id='word_1_805' title='bbox 2178 4952 2358 5022; x_wconf 80' lang='lat' dir='ltr'><strong>Opinio</strong></span> <span class='ocrx_word' id='word_1_806' title='bbox 2385 4969 2447 5007; x_wconf 76' lang='lat' dir='ltr'><strong>ex</strong></span> <span class='ocrx_word' id='word_1_807' title='bbox 2477 4952 2800 5020; x_wconf 87' lang='lat' dir='ltr'><strong>Philosopho</strong></span> <span class='ocrx_word' id='word_1_808' title='bbox 2833 4953 3211 5021; x_wconf 81' lang='lat' dir='ltr'><strong>intelligentias</strong></span> <span class='ocrx_word' id='word_1_809' title='bbox 3241 4952 3562 5006; x_wconf 78' lang='lat' dir='ltr'><strong>assiStentes</strong></span> <span class='ocrx_word' id='word_1_810' title='bbox 3584 4950 3747 5011; x_wconf 65' lang='lat' dir='ltr'><strong>cells.</strong></span> 
     </span>
    </p>
   </div>
   <div class='ocr_carea' id='block_1_111' title="bbox 2176 5045 3749 5101">
    <p class='ocr_par' dir='ltr' id='par_1_111' title="bbox 2176 5045 3749 5101">
     <span class='ocr_line' id='line_1_111' title="bbox 2176 5045 3749 5101; baseline -0.004 -1"><span class='ocrx_word' id='word_1_811' title='bbox 2176 5062 2282 5100; x_wconf 88' lang='lat' dir='ltr'><strong>non</strong></span> <span class='ocrx_word' id='word_1_812' title='bbox 2326 5062 2457 5101; x_wconf 90' lang='lat' dir='ltr'><strong>vero</strong></span> <span class='ocrx_word' id='word_1_813' title='bbox 2505 5047 2720 5100; x_wconf 89' lang='lat' dir='ltr'><strong>eosdem</strong></span> <span class='ocrx_word' id='word_1_814' title='bbox 2774 5045 3126 5100; x_wconf 80' lang='lat' dir='ltr'><strong>informantes</strong></span> <span class='ocrx_word' id='word_1_815' title='bbox 3172 5046 3438 5099; x_wconf 87' lang='lat' dir='ltr'><strong>concedit.</strong></span> <span class='ocrx_word' id='word_1_816' title='bbox 3485 5045 3609 5101; x_wconf 85' lang='lat' dir='ltr'><strong>Non</strong></span> <span class='ocrx_word' id='word_1_817' title='bbox 3652 5059 3749 5097; x_wconf 84' lang='lat' dir='ltr'><strong>una</strong></span> 
     </span>
    </p>
   </div>
   <div class='ocr_carea' id='block_1_112' title="bbox 2175 5133 3748 5202">
    <p class='ocr_par' dir='ltr' id='par_1_112' title="bbox 2175 5133 3748 5202">
     <span class='ocr_line' id='line_1_112' title="bbox 2175 5133 3748 5202; baseline -0.004 -12"><span class='ocrx_word' id='word_1_818' title='bbox 2175 5139 2335 5190; x_wconf 89' lang='lat' dir='ltr'><strong>etiam</strong></span> <span class='ocrx_word' id='word_1_819' title='bbox 2386 5137 2481 5189; x_wconf 77' lang='lat' dir='ltr'><strong>fuit</strong></span> <span class='ocrx_word' id='word_1_820' title='bbox 2514 5137 2728 5189; x_wconf 88' lang='lat' dir='ltr'><strong>Patrum</strong></span> <span class='ocrx_word' id='word_1_821' title='bbox 2767 5135 2834 5190; x_wconf 91' lang='lat' dir='ltr'><strong>de</strong></span> <span class='ocrx_word' id='word_1_822' title='bbox 2863 5136 3124 5190; x_wconf 72' lang='lat' dir='ltr'><strong>cmiorum</strong></span> <span class='ocrx_word' id='word_1_823' title='bbox 3155 5136 3328 5187; x_wconf 89' lang='lat' dir='ltr'><strong>anima</strong></span> <span class='ocrx_word' id='word_1_824' title='bbox 3373 5135 3558 5202; x_wconf 89' lang='lat' dir='ltr'><strong>opinio</strong></span> <span class='ocrx_word' id='word_1_825' title='bbox 3586 5153 3596 5188; x_wconf 93' lang='lat'>:</span> <span class='ocrx_word' id='word_1_826' title='bbox 3621 5133 3748 5188; x_wconf 89' lang='lat' dir='ltr'><strong>unde</strong></span> 
     </span>
    </p>
   </div>
   <div class='ocr_carea' id='block_1_113' title="bbox 2176 5223 3750 5291">
    <p class='ocr_par' dir='ltr' id='par_1_113' title="bbox 2176 5223 3750 5291">
     <span class='ocr_line' id='line_1_113' title="bbox 2176 5223 3750 5291; baseline -0.002 -13"><span class='ocrx_word' id='word_1_827' title='bbox 2176 5243 2296 5279; x_wconf 91' lang='lat' dir='ltr'><strong>cum</strong></span> <span class='ocrx_word' id='word_1_828' title='bbox 2328 5234 2544 5278; x_wconf 88' lang='lat' dir='ltr'><strong>sanctus</strong></span> <span class='ocrx_word' id='word_1_829' title='bbox 2579 5225 2766 5279; x_wconf 67' lang='lat' dir='ltr'><strong>doctor</strong></span> <span class='ocrx_word' id='word_1_830' title='bbox 2799 5226 2957 5278; x_wconf 82' lang='lat' dir='ltr'><strong>tantis</strong></span> <span class='ocrx_word' id='word_1_831' title='bbox 2989 5225 3168 5291; x_wconf 78' lang='lat' dir='ltr'><strong>litigiis</strong></span> <span class='ocrx_word' id='word_1_832' title='bbox 3191 5240 3308 5278; x_wconf 89' lang='lat' dir='ltr'><strong>sese</strong></span> <span class='ocrx_word' id='word_1_833' title='bbox 3334 5223 3636 5280; x_wconf 87' lang='lat' dir='ltr'><strong>iunniscere</strong></span> <span class='ocrx_word' id='word_1_834' title='bbox 3660 5239 3750 5275; x_wconf 82' lang='lat' dir='ltr'><strong>no-</strong></span> 
     </span>
    </p>
   </div>
   <div class='ocr_carea' id='block_1_114' title="bbox 2179 5315 3750 5384">
    <p class='ocr_par' dir='ltr' id='par_1_114' title="bbox 2179 5315 3750 5384">
     <span class='ocr_line' id='line_1_114' title="bbox 2179 5315 3750 5384; baseline -0.001 -16"><span class='ocrx_word' id='word_1_835' title='bbox 2179 5317 2359 5380; x_wconf 84' lang='lat' dir='ltr'><strong>luerit,</strong></span> <span class='ocrx_word' id='word_1_836' title='bbox 2389 5315 2645 5382; x_wconf 74' lang='lat' dir='ltr'><strong>judzcium</strong></span> <span class='ocrx_word' id='word_1_837' title='bbox 2677 5317 2976 5384; x_wconf 87' lang='lat' dir='ltr'><strong>suspendit,</strong></span> <span class='ocrx_word' id='word_1_838' title='bbox 3010 5331 3202 5384; x_wconf 89' lang='lat' dir='ltr'><strong>nempe</strong></span> <span class='ocrx_word' id='word_1_839' title='bbox 3231 5332 3297 5367; x_wconf 88' lang='lat' dir='ltr'><strong>an</strong></span> <span class='ocrx_word' id='word_1_840' title='bbox 3325 5318 3498 5384; x_wconf 76' lang='lat' dir='ltr'><strong>angeli</strong></span> <span class='ocrx_word' id='word_1_841' title='bbox 3526 5332 3645 5370; x_wconf 87' lang='lat' dir='ltr'><strong>vere</strong></span> <span class='ocrx_word' id='word_1_842' title='bbox 3664 5331 3750 5366; x_wconf 87' lang='lat' dir='ltr'><strong>ur-</strong></span> 
     </span>
    </p>
   </div>
   <div class='ocr_carea' id='block_1_115' title="bbox 2180 5405 3750 5474">
    <p class='ocr_par' dir='ltr' id='par_1_115' title="bbox 2180 5405 3750 5474">
     <span class='ocr_line' id='line_1_115' title="bbox 2180 5405 3750 5474; baseline -0.002 -16"><span class='ocrx_word' id='word_1_843' title='bbox 2180 5405 2280 5471; x_wconf 25' lang='lat' dir='ltr'><strong>bes,</strong></span> <span class='ocrx_word' id='word_1_844' title='bbox 2304 5405 2672 5468; x_wconf 81' lang='lat' dir='ltr'><strong>inl&#39;ortnarent,</strong></span> <span class='ocrx_word' id='word_1_845' title='bbox 2702 5410 2782 5459; x_wconf 90' lang='lat' dir='ltr'><strong>vel</strong></span> <span class='ocrx_word' id='word_1_846' title='bbox 2817 5421 2912 5460; x_wconf 89' lang='lat' dir='ltr'><strong>eos</strong></span> <span class='ocrx_word' id='word_1_847' title='bbox 2950 5405 3287 5458; x_wconf 88' lang='lat' dir='ltr'><strong>solummodo</strong></span> <span class='ocrx_word' id='word_1_848' title='bbox 3329 5407 3381 5458; x_wconf 90' lang='lat' dir='ltr'><strong>in</strong></span> <span class='ocrx_word' id='word_1_849' title='bbox 3408 5422 3600 5473; x_wconf 80' lang='lat' dir='ltr'><strong>gyrum</strong></span> <span class='ocrx_word' id='word_1_850' title='bbox 3631 5419 3750 5474; x_wconf 85' lang='lat' dir='ltr'><strong>pro-</strong></span> 
     </span>
    </p>
   </div>
   <div class='ocr_carea' id='block_1_116' title="bbox 2177 5478 3769 5564">
    <p class='ocr_par' dir='ltr' id='par_1_116' title="bbox 2177 5478 3769 5564">
     <span class='ocr_line' id='line_1_116' title="bbox 2177 5478 3769 5564; baseline 0.001 -17"><span class='ocrx_word' id='word_1_851' title='bbox 2177 5495 2453 5564; x_wconf 88' lang='lat' dir='ltr'><strong>pellerent.</strong></span> <span class='ocrx_word' id='word_1_852' title='bbox 2486 5494 2638 5549; x_wconf 90' lang='lat' dir='ltr'><strong>Unde</strong></span> <span class='ocrx_word' id='word_1_853' title='bbox 2686 5498 2735 5548; x_wconf 92' lang='lat' dir='ltr'><strong>in</strong></span> <span class='ocrx_word' id='word_1_854' title='bbox 2783 5498 2887 5549; x_wconf 86' lang='lat' dir='ltr'><strong>line</strong></span> <span class='ocrx_word' id='word_1_855' title='bbox 2919 5495 3012 5550; x_wconf 83' lang='lat' dir='ltr'><strong>lib.</strong></span> <span class='ocrx_word' id='word_1_856' title='bbox 3047 5510 3082 5549; x_wconf 84' lang='lat' dir='ltr'><strong>tt</strong></span> <span class='ocrx_word' id='word_1_857' title='bbox 3127 5499 3192 5550; x_wconf 88' lang='lat' dir='ltr'><strong>de</strong></span> <span class='ocrx_word' id='word_1_858' title='bbox 3222 5499 3358 5550; x_wconf 82' lang='lat' dir='ltr'><strong>Cen.</strong></span> <span class='ocrx_word' id='word_1_859' title='bbox 3391 5497 3458 5550; x_wconf 88' lang='lat' dir='ltr'><strong>ad</strong></span> <span class='ocrx_word' id='word_1_860' title='bbox 3491 5499 3619 5563; x_wconf 91' lang='lat' dir='ltr'><strong>litt.,</strong></span> <span class='ocrx_word' id='word_1_861' title='bbox 3643 5497 3711 5548; x_wconf 85' lang='lat' dir='ltr'><strong>ait</strong></span> <span class='ocrx_word' id='word_1_862' title='bbox 3733 5478 3769 5548; x_wconf 18' lang='grc' dir='ltr'><strong>εδ</strong></span> 
     </span>
    </p>
   </div>
   <div class='ocr_carea' id='block_1_117' title="bbox 2183 5587 3752 5655">
    <p class='ocr_par' dir='ltr' id='par_1_117' title="bbox 2183 5587 3752 5655">
     <span class='ocr_line' id='line_1_117' title="bbox 2183 5587 3752 5655; baseline -0.004 -13"><span class='ocrx_word' id='word_1_863' title='bbox 2183 5606 2202 5638; x_wconf 76' lang='grc'><strong>1</strong></span> <span class='ocrx_word' id='word_1_864' title='bbox 2227 5588 2378 5642; x_wconf 69' lang='lat' dir='ltr'><strong>Solet</strong></span> <span class='ocrx_word' id='word_1_865' title='bbox 2407 5588 2567 5642; x_wconf 84' lang='lat' dir='ltr'><strong>etiam</strong></span> <span class='ocrx_word' id='word_1_866' title='bbox 2597 5589 2760 5655; x_wconf 76' lang='lat' dir='ltr'><strong>quzeri</strong></span> <span class='ocrx_word' id='word_1_867' title='bbox 2791 5595 2967 5640; x_wconf 89' lang='lat' dir='ltr'><strong>utrum</strong></span> <span class='ocrx_word' id='word_1_868' title='bbox 3012 5588 3133 5641; x_wconf 64' lang='lat' dir='ltr'><strong>caeli</strong></span> <span class='ocrx_word' id='word_1_869' title='bbox 3173 5587 3455 5641; x_wconf 80' lang='lat' dir='ltr'><strong>luminaria</strong></span> <span class='ocrx_word' id='word_1_870' title='bbox 3490 5587 3592 5641; x_wconf 84' lang='lat' dir='ltr'><strong>ista</strong></span> <span class='ocrx_word' id='word_1_871' title='bbox 3628 5600 3752 5638; x_wconf 83' lang='lat' dir='ltr'><strong>con-</strong></span> 
     </span>
    </p>
   </div>
   <div class='ocr_carea' id='block_1_118' title="bbox 2182 5678 3752 5748">
    <p class='ocr_par' dir='ltr' id='par_1_118' title="bbox 2182 5678 3752 5748">
     <span class='ocr_line' id='line_1_118' title="bbox 2182 5678 3752 5748; baseline -0.003 -15"><span class='ocrx_word' id='word_1_872' title='bbox 2182 5681 2364 5748; x_wconf 73' lang='lat' dir='ltr'><strong>Spicua</strong></span> <span class='ocrx_word' id='word_1_873' title='bbox 2405 5692 2631 5746; x_wconf 83' lang='lat' dir='ltr'><strong>corpora</strong></span> <span class='ocrx_word' id='word_1_874' title='bbox 2674 5678 2784 5732; x_wconf 87' lang='lat' dir='ltr'><strong>sola</strong></span> <span class='ocrx_word' id='word_1_875' title='bbox 2816 5678 2941 5742; x_wconf 91' lang='lat' dir='ltr'><strong>sint,</strong></span> <span class='ocrx_word' id='word_1_876' title='bbox 2972 5692 3038 5730; x_wconf 89' lang='lat' dir='ltr'><strong>an</strong></span> <span class='ocrx_word' id='word_1_877' title='bbox 3080 5679 3312 5732; x_wconf 87' lang='lat' dir='ltr'><strong>habeant</strong></span> <span class='ocrx_word' id='word_1_878' title='bbox 3337 5691 3578 5732; x_wconf 79' lang='lat' dir='ltr'><strong>reetorcs</strong></span> <span class='ocrx_word' id='word_1_879' title='bbox 3598 5689 3752 5746; x_wconf 89' lang='lat' dir='ltr'><strong>quos-</strong></span> 
     </span>
    </p>
   </div>
   <div class='ocr_carea' id='block_1_119' title="bbox 2184 5771 3749 5842">
    <p class='ocr_par' dir='ltr' id='par_1_119' title="bbox 2184 5771 3749 5842">
     <span class='ocr_line' id='line_1_119' title="bbox 2184 5771 3749 5842; baseline -0.003 -16"><span class='ocrx_word' id='word_1_880' title='bbox 2184 5772 2305 5826; x_wconf 87' lang='lat' dir='ltr'><strong>dam</strong></span> <span class='ocrx_word' id='word_1_881' title='bbox 2335 5773 2549 5842; x_wconf 81' lang='lat' dir='ltr'><strong>spiritus</strong></span> <span class='ocrx_word' id='word_1_882' title='bbox 2586 5786 2733 5836; x_wconf 84' lang='lat' dir='ltr'><strong>suos,</strong></span> <span class='ocrx_word' id='word_1_883' title='bbox 2759 5779 2833 5837; x_wconf 89' lang='lat' dir='ltr'><strong>et,</strong></span> <span class='ocrx_word' id='word_1_884' title='bbox 2858 5771 2902 5825; x_wconf 84' lang='lat' dir='ltr'><strong>si</strong></span> <span class='ocrx_word' id='word_1_885' title='bbox 2929 5771 3151 5839; x_wconf 87' lang='lat' dir='ltr'><strong>habent,</strong></span> <span class='ocrx_word' id='word_1_886' title='bbox 3180 5780 3357 5826; x_wconf 87' lang='lat' dir='ltr'><strong>utrum</strong></span> <span class='ocrx_word' id='word_1_887' title='bbox 3399 5771 3468 5826; x_wconf 87' lang='lat' dir='ltr'><strong>ab</strong></span> <span class='ocrx_word' id='word_1_888' title='bbox 3493 5772 3572 5828; x_wconf 90' lang='lat' dir='ltr'><strong>eis</strong></span> <span class='ocrx_word' id='word_1_889' title='bbox 3593 5771 3749 5826; x_wconf 70' lang='lat' dir='ltr'><strong>etiam</strong></span> 
     </span>
    </p>
   </div>
  </div>
