3892 6296
153 356 256 414 689

1318 354 1638 412 VINDICIAS
1679 349 2246 410 AUGUSTINIANAE.

3309 343 3370 399 6’3
3379 344 3413 397 0

150 473 380 527 vitaliter
409 472 755 542 inspirentur,
778 473 916 528 sicut
939 472 1240 526 animamur
1261 486 1452 527 carnes
1483 485 1578 540 per
1601 471 1717 524 ani-
1749 472 1803 530 Α
1826 469 2087 523 animatas
2121 477 2176 523 et
2208 465 2513 520 materiales
2545 479 2663 518 esse
2705 463 2961 532 quasdam
2992 463 3248 527 virtutes,
3282 477 3406 516 ana‘

150 579 260 620 mas
289 564 627 629 animalium;
659 580 726 618 an
745 564 866 618 sola
909 566 1023 618 sine
1056 563 1156 617 ulla
1190 563 1545 632 permixtione
1591 577 1725 631 pra:-

147 655 333 709 sentia.
358 673 376 706 ι
413 656 554 722 Quas
595 656 924 723 qumstiones
974 655 1233 709 insolutas
1276 653 1587 722 relinquens
1627 653 1722 717 ait,

146 747 341 802 eosdem
382 763 483 800 non
515 747 668 817 facile
697 765 844 818 posse
881 748 1259 811 comprehendi.
1291 747 1465 810 Quare
1508 753 1724 800 sanctus

143 835 374 890 Tltotnas
417 847 555 905 part.
590 853 629 901 ι,
653 854 706 906 q.
743 837 829 899 70,
863 845 965 891 ait.
995 837 1052 904 5,
1084 838 1170 890 ubi
1213 839 1403 905 quierit
1432 846 1610 890 utrum
1639 837 1722 888 lu-

144 927 366 982 minaria
414 929 537 982 cmli
583 938 706 980 sunt
751 930 1006 990 animata,
1062 929 1170 979 ait:
1205 945 1223 977 ι
1253 927 1511 981 Similiter
1559 927 1721 979 etiam

143 1017 276 1084 apud
307 1016 556 1072 ductores
608 1017 728 1071 ﬁdei
775 1015 872 1070 luit
923 1022 1064 1072 circa
1112 1017 1215 1070 hoc
1261 1017 1468 1071 diversa
1517 1016 1719 1084 opinio.

144 1109 404 1178 Origenes
442 1112 582 1164 enim
640 1107 817 1185 posuit
867 1123 1092 1177 corpora
1145 1107 1383 1164 cwlestia
1450 1108 1718 1170 animata;

144 1203 499 1275 Hieronymus
528 1204 686 1258 etiam
729 1203 868 1257 idem
898 1204 1097 1257 sentire
1130 1202 1357 1266 videtur,
1395 1209 1536 1262 etc.;
1572 1199 1719 1252 Basi-

139 1297 241 1351 lius
270 1311 423 1367 vero,
453 1307 510 1351 et
541 1297 900 1349 Damascenus
943 1305 1192 1348 asserunt
1230 1305 1456 1360 corpora
1483 1288 1721 1345 ccelestia

139 1404 245 1442 non
277 1404 398 1444 esse
427 1389 689 1453 animata;
718 1388 1044 1456 Augustinus
1074 1401 1201 1442 veno
1239 1385 1338 1438 sub
1360 1384 1542 1438 dubio
1569 1382 1722 1436 dere-

137 1479 317 1549 liquit,
347 1481 399 1534 in
436 1488 681 1534 neutram
715 1486 920 1548 partem
951 1477 1247 1530 declinans.
1276 1493 1293 1526 ι
1332 1474 1472 1528 idem
1503 1473 1719 1540 Angeli-

135 1587 228 1627 cus
250 1573 463 1639 doctor,
492 1572 693 1626 Contra
723 1570 945 1633 Gentes,
974 1585 1008 1622 ιι
1033 1583 1150 1635 cap.
1185 1568 1272 1633 70,
1298 1568 1522 1635 ingenue
1554 1572 1717 1618 testa-

132 1673 220 1719 tur
243 1665 382 1720 nihil
418 1665 486 1720 ab
525 1665 763 1718 Ecclesia
791 1663 858 1717 de
886 1661 1057 1714 anima
1088 1661 1210 1715 caeli
1254 1659 1527 1714 definitum
1558 1673 1675 1713 esse
1701 1675 1716 1712 :

139 1773 158 1806 ι
189 1755 302 1809 lloc
330 1761 532 1818 autem,
557 1753 744 1822 inquit,
771 1752 909 1821 quod
940 1753 1139 1806 dictum
1172 1759 1254 1806 est
1283 1751 1350 1804 de
1388 1750 1718 1804 animationc

1831 561 2004 616 thema
2053 563 2141 616 sit.
2175 581 2193 611 ι
2226 560 2310 615 Uti
2345 558 2644 626 praecipuus
2687 556 2933 625 Origenis
2963 569 3117 609 error
3159 553 3249 608 ille
3285 569 3411 623 pro-

1835 656 2065 723 scriptus
2102 653 2224 706 fuit.
2271 652 2438 707 Porro
2467 649 2752 704 Justiniani
2787 648 2990 701 litteras
3025 645 3247 715 V'igilius
3280 660 3412 713 papa

1827 760 1947 799 cum
1978 744 2223 799 universa
2267 743 2505 798 Ecclesia
2549 741 2815 795 catholica
2843 738 3177 808 approbavit,
3223 736 3298 790 uti
3331 745 3412 789 te-

1827 847 1996 891 statur
2030 837 2254 904 iusignis
2304 845 2412 889 tum
2464 835 2720 903 temporis
2749 830 3184 902 Carthaginensis
3228 828 3413 882 diaco-

1828 941 1930 980 nus
1953 926 2252 990 Liberatus,
2290 941 2407 994 Cap.
2441 923 2510 977 25
2537 924 2824 988 Breviarii;
2856 938 2954 992 qua
2981 915 3052 975 'de
3086 936 3143 976 re
3173 921 3413 990 pluribus

1826 1021 2033 1088 egimus
2074 1020 2124 1072 in
2157 1018 2429 1072 dissertet.
2462 1017 2528 1071 de
2560 1018 2784 1088 Synodo
2820 1031 2870 1068 v.
2925 1016 3077 1067 llunc
3114 1023 3290 1066 autem
3323 1025 3413 1064 ca-

1827 1124 2020 1164 nonem
2046 1111 2096 1165 in
2128 1109 2316 1164 eadem
2344 1109 2551 1178 synodo
2578 1125 2608 1161 v
2639 1107 2992 1169 oecumenica,
3016 1121 3156 1159 anno
3184 1104 3292 1157 555
3321 1116 3410 1156 ce-

1826 1197 2071 1263 lebrata,
2147 1198 2496 1268 approbatum
2578 1197 2744 1252 fuisse
2818 1198 3006 1251 scribit
3081 1193 3411 1262 Nicephorus

1824 1292 1918 1347 lib.
1954 1308 2080 1358 xvn,
2116 1307 2236 1362 cap.
2280 1292 2371 1346 27.
2423 1291 2575 1346 Unde
2619 1291 2680 1344 P.
2723 1290 2906 1358 Lupus
2957 1288 3203 1344 eumdem
3239 1286 3312 1338 uti
3343 1285 3410 1339 ab

1824 1387 2007 1438 eadem
2037 1385 2244 1456 synodo
2268 1392 2523 1438 statutum
2557 1399 2707 1437 more
2739 1381 2917 1447 solito,
2953 1394 3142 1446 nempe
3174 1377 3405 1438 erudite,

1825 1476 1965 1529 notis
2002 1491 2065 1530 ac
2103 1475 2322 1529 Stltoliis
2374 1475 2623 1528 illustrat.
2678 1474 2757 1527 An
2794 1488 2923 1526 vero
2979 1471 3142 1524 modo
3192 1459 3406 1519 defendi

1823 1565 1994 1634 possit
2023 1567 2200 1619 anima
2245 1565 2502 1620 caelorum
2536 1572 2658 1634 post
2687 1563 2993 1618 damnatam
3045 1561 3188 1613 illam
3219 1558 3406 1624 Orige-

1821 1659 1905 1712 nis
1953 1657 2284 1728 opinionem,
2341 1658 2466 1712 nolo
2517 1656 2826 1724 disputare;
2861 1661 3043 1723 posset
3095 1650 3239 1706 enim
3288 1647 3408 1717 quis

1822 1765 2086 1820 reponere
2128 1752 2437 1806 damnatam
2484 1749 2824 1805 solummodo
2882 1748 3026 1802 illam
3085 1745 3404 1800 sententiam

131 1846 280 1915 coeli,
308 1859 414 1899 non
451 1844 681 1898 diximus
725 1844 874 1913 quasi
915 1843 1209 1896 asserendo
1250 1841 1542 1895 secundum
1590 1840 1712 1894 lidei
1747 1841 1793 1900 B
1817 1843 1967 1912 juxta
1998 1853 2230 1899 mentem
2253 1843 2499 1914 Origenis
2528 1841 2879 1906 intellectam,
2908 1839 2976 1894 de
2999 1853 3103 1908 quo
3132 1837 3246 1890 lucc
3274 1834 3407 1888 scri-

129 1935 161 1989 d
187 1936 453 2001 :ctrinam,
479 1934 545 1988 ad
576 1950 732 2002 quam
780 1935 911 1988 nihil
946 1935 1177 2002 pertinet
1219 1935 1332 1988 sive
1370 1935 1448 1987 sic
1477 1934 1591 1987 sive
1621 1933 1714 1986 ali-

131 2034 211 2079 ter
246 2025 476 2080 dicatur.
503 2044 522 2076 ι
560 2027 754 2080 Scottis
783 2040 932 2091 vero,
966 2025 1019 2088 2,
1059 2025 1186 2078 dist.
1223 2024 1310 2086 Μ,
1340 2039 1393 2093 q.
1425 2024 1473 2088 l,
1502 2023 1553 2077 in
1588 2023 1714 2087 line,

130 2116 353 2170 scribit:
387 2134 406 2167 ι
433 2115 487 2172 Si
530 2117 651 2171 mali
687 2131 792 2185 neu
845 2125 972 2171 sunt
998 2117 1242 2178 animati,
1273 2115 1372 2169 hoc
1415 2125 1499 2170 est
1547 2115 1715 2185 magis

131 2208 391 2261 creditum
419 2223 577 2278 quam
629 2208 838 2263 ratione
879 2209 1222 2276 probatum.)
1256 2207 1409 2275 Quod
1453 2208 1500 2264 si
1541 2222 1714 2276 neque

131 2298 444 2351 auctoritate
488 2298 762 2362 Ecclesiae,
785 2307 845 2352 ut
871 2300 945 2352 ait
974 2299 1286 2368 Angelicus,
1311 2314 1483 2367 neque
1505 2297 1713 2355 efﬁcaci

131 2387 369 2452 ratione,
402 2397 458 2440 ut
505 2388 686 2442 subdit
735 2388 983 2452 Subtilis,
1033 2388 1324 2459 quidquam
1354 2389 1422 2445 de
1450 2390 1710 2446 etelorum

130 2476 300 2528 anima
329 2478 464 2530 certi
494 2479 785 2532 stabilitum
815 2487 916 2543 est,
947 2495 1121 2532 nonne
1153 2477 1277 2547 jure
1323 2493 1544 2549 magnus
1588 2495 1712 2534 nos-

130 2576 207 2620 ter
253 2567 444 2621 doctor
473 2584 533 2622 ca
563 2569 631 2622 de
672 2585 730 2622 re
773 2577 982 2636 poterat
1012 2569 1293 2623 dubitare?
1322 2571 1457 2624 Cum
1497 2571 1590 2626 lib.
1618 2586 1713 2624 xm

126 2655 191 2709 de
221 2657 454 2710 Civitate
483 2657 596 2722 Dei,
627 2672 746 2726 cap.
777 2659 864 2724 16,
891 2660 1161 2712 retulisset
1184 2661 1508 2714 sententiam
1538 2661 1716 2714 Plato-

129 2747 232 2808 nis,
266 2749 342 2800 ait
375 2764 390 2801 :
427 2766 444 2799 ι
467 2745 531 2802 Ει
561 2749 662 2803 hoc
689 2748 902 2816 quidem
931 2758 1111 2804 utrum
1144 2750 1298 2804 Plato
1338 2765 1523 2805 verum
1545 2752 1612 2807 de
1642 2753 1716 2806 si—

129 2839 341 2894 deribus
371 2840 533 2906 dicat,
567 2842 670 2895 alia
695 2842 919 2910 quaestio
943 2853 1046 2896 est.
1081 2843 1263 2911 Neque
1285 2843 1427 2898 enim
1460 2843 1716 2899 continuo

133 2927 536 2982 concedendum
568 2939 649 2982 est
671 2931 859 2998 globos
889 2931 1019 2984 istos
1054 2931 1337 2996 luminum,
1364 2933 1478 2988 sive
1501 2933 1716 2988 orbicu-

135 3015 210 3070 los
257 3017 371 3071 luce
415 3034 670 3086 corporea
718 3035 879 3087 super
921 3031 1090 3075 terras
1135 3036 1229 3075 seu
1273 3021 1379 3085 die,
1432 3038 1524 3077 seu
1559 3035 1714 3080 nocte

139 3105 410 3177 fulgentes,
461 3111 574 3163 suis
627 3111 944 3180 quibusdam
995 3113 1224 3182 propriis
1275 3115 1468 3170 animis
1508 3116 1704 3182 vivere,

1822 1935 1898 1989 hit
1939 1945 2158 1990 sanctus
2198 1936 2556 2006 Hieronymus
2606 1933 2764 2009 epist.
2817 1931 2880 1985 61
2927 1942 3112 1984 contra
3139 1928 3401 1982 Joannem

1819 2027 2362 2099 Hierosolymitanum
2393 2047 2406 2083 :
2447 2046 2467 2080 ι
2501 2027 2761 2096 Origenes
2792 2025 2950 2079 donet
2987 2023 3152 2077 solem
3203 2020 3399 2090 ipsum,

1811 2127 1874 2194 et
1901 2119 2112 2187 lunam,
2146 2129 2200 2176 et
2225 2119 2466 2176 omnium
2493 2126 2761 2174 astrorum
2790 2116 3012 2172 chorum
3040 2128 3160 2168 esse
3197 2112 3410 2164 animas

1817 2211 2160 2267 rationalium
2216 2211 2490 2284 quondam
2548 2219 2603 2266 et
2656 2208 3074 2278 incorporalium
3131 2211 3404 2259 creatura-

1815 2317 1958 2370 rum,
2003 2319 2124 2371 qure
2169 2319 2312 2360 nunc
2351 2304 2572 2360 vanitati
2616 2300 2894 2371 subjectus,
2931 2298 3110 2369 ignitis
3151 2295 3401 2350 videlicet

1817 2394 2156 2464 corporibus,
2211 2411 2332 2465 quae
2387 2410 2486 2450 nos
2529 2394 2758 2463 imperiti
2814 2402 2867 2446 et
2911 2389 3069 2444 rudes
3122 2384 3399 2441 luminaria

1813 2489 1998 2544 mundi
2029 2489 2385 2558 appellamus,
2421 2488 2792 2543 liberabuntur
2835 2500 2863 2538 a
2906 2481 3165 2538 servitute
3214 2493 3400 2532 corru-

1816 2580 2018 2647 ptionis
2059 2581 2111 2632 in
2143 2580 2446 2634 libertatem
2478 2577 2705 2632 ﬁliorum
2737 2575 2852 2630 Dei.
2887 2594 2905 2625 ›
2944 2573 3016 2626 De
3072 2585 3172 2639 qua
3223 2568 3402 2635 Orige-

1817 2669 1900 2722 nis
1932 2669 2182 2736 opinione
2209 2668 2323 2722 huic
2354 2667 2516 2720 tradit
2545 2675 2764 2719 sanctus
2792 2662 3116 2730 Augustinus
3150 2671 3292 2710 tomo
3321 2671 3394 2716 vt,

1818 2758 1869 2812 in
1916 2757 2009 2812 lib.
2058 2765 2243 2812 contra
2297 2771 2509 2812 errores
2561 2753 3106 2812 Priscillianistarum,
3157 2765 3275 2813 cap.
3323 2747 3396 2798 8:

1823 2866 1842 2900 ι
1882 2849 1957 2902 De
2001 2848 2118 2904 sole
2149 2858 2203 2903 et
2233 2849 2381 2916 luna,
2425 2846 2740 2915 creterisquc
2771 2843 3064 2908 sideribus,
3105 2841 3244 2910 quod
3293 2855 3400 2892 cui.

1816 2939 1966 2993 lca-tia
1993 2939 2100 2992 sint
2125 2953 2353 3007 corpora
2383 2937 2652 3001 videmus,
2692 2934 2831 3005 quod
2863 2935 3094 2987 animata
3126 2933 3255 2999 sint,
3289 2945 3395 2983 non

1816 3027 2079 3082 videmus.
2109 3029 2181 3082 De
2209 3027 2403 3081 divinis
2435 3026 2536 3080 hoc
2567 3025 2710 3079 libris
2735 3025 2963 3094 legatur,
2986 3033 3039 3078 et
3068 3021 3392 3077 credimus.»

1817 3117 1943 3173 llaec
1972 3119 2067 3174 ibi.
2104 3118 2169 3172 Et
2212 3118 2426 3188 quidem
2477 3117 2848 3181 Fromondus,
2902 3116 2991 3169 lib.
3029 3132 3040 3168 l
3072 3115 3138 3168 de
3180 3115 3394 3176 Anima,

139 3198 310 3268 eisque
364 3202 813 3257 intellectualibus
860 3210 915 3257 et
963 3203 1163 3268 beatis,
1216 3212 1354 3260 etc.)
1393 3206 1471 3260 Ex
1519 3208 1710 3276 quibus

1820 3224 1934 3279 cap.
1969 3211 2017 3274 1,
2051 3220 2149 3264 art.
2182 3209 2236 3274 8,
2271 3210 2469 3264 fatetur
2499 3225 2619 3262 eum
2649 3209 2738 3279 qui
2771 3208 3004 3262 animam
3041 3207 3394 3276 vegetativam

142 3299 270 3356 patet
291 3293 592 3360 Augustino
618 3293 764 3348 illam
796 3293 862 3348 de
888 3294 1145 3349 ctelorum
1183 3296 1460 3352 animabus
1489 3308 1708 3354 senten-

137 3379 252 3433 tiam
279 3397 382 3436 non
429 3385 662 3437 multum
705 3384 983 3453 placuisse,
1015 3402 1132 3440 eam
1167 3396 1342 3440 tamen
1374 3389 1445 3442 ob
1475 3389 1710 3444 Platoni-

133 3485 299 3526 corum
327 3489 387 3529 ac
421 3475 650 3531 Patrum
697 3477 995 3547 przesertim
1036 3483 1407 3534 auctoritatem
1450 3481 1503 3534 in
1533 3483 1711 3537 medio

132 3564 409 3635 reliquisse.

195 3658 444 3714 Caeterum
505 3659 671 3714 ctelos
707 3659 823 3713 sine
855 3661 1031 3712 anima
1075 3660 1267 3714 melius
1292 3662 1606 3716 statuendos
1639 3679 1706 3717 ex

141 3751 338 3816 propria
376 3752 650 3806 sententia
684 3767 787 3804 non
820 3751 987 3803 semel
1035 3750 1237 3804 docuit.
1273 3752 1326 3804 lu
1362 3751 1500 3806 l.bro
1533 3763 1710 3822 poste-

145 3837 255 3891 riori
295 3839 531 3897 Retract.
563 3882 578 3908 ,
637 3856 759 3910 cap.
815 3841 869 3906 7,
916 3842 1003 3895 tibi
1051 3843 1275 3913 corrigit
1315 3842 1480 3898 libros
1524 3855 1710 3900 contra

148 3933 402 4006 Faustum,
435 3942 513 3995 ait
548 3958 560 3990 :
601 3957 618 3990 ι
658 3940 711 3992 In
760 3938 968 3994 decimo
1015 3949 1204 4007 quarto
1249 3940 1316 3994 de
1353 3941 1468 3995 sole
1497 3954 1552 3995 et
1589 3941 1712 3994 luna

149 4027 255 4080 talia
285 4030 419 4084 dicta
461 4042 614 4096 sunt,
667 4043 917 4099 tanquam
956 4034 1207 4094 sentiant,
1253 4043 1304 4085 et
1337 4034 1455 4085 ideo
1485 4033 1713 4087 tolerent

149 4130 296 4173 vanos
348 4124 682 4177 adoratores.
716 4135 862 4174 suos.
911 4121 1164 4188 Quamvis
1204 4123 1361 4174 verba
1420 4122 1491 4175 ibi
1521 4122 1708 4192 'accipi

152 4211 333 4271 possint
360 4215 424 4267 ab
452 4212 677 4268 animali
711 4213 775 4265 ad
802 4211 1088 4264 inauimale
1118 4213 1393 4280 translata,
1438 4215 1596 4267 modo
1637 4215 1716 4269 lo-

151 4300 356 4358 cutiouis
384 4308 472 4374 qui
502 4313 732 4359 voratur
763 4302 947 4356 Gratce
975 4305 1306 4369 metaphora.
1348 4322 1366 4353 ›
1408 4303 1566 4358 \‘idcs
1592 4321 1715 4359 sati-

153 4399 277 4445 clum
309 4393 518 4451 I’atrrm
557 4403 848 4449 retractare
875 4397 1196 4446 sententiam
1239 4409 1340 4462 qua
1375 4394 1515 4447 visus
1544 4393 1715 4448 fuerat

154 4488 294 4538 aSIris
320 4491 521 4543 animis
549 4491 700 4551 dare,
738 4489 894 4554 idque
928 4487 1292 4553 metaphorice
1321 4495 1526 4539 tantum
1561 4489 1715 4541 intel-

1813 3309 1906 3354 aut
1949 3303 2108 3355 etiam
2161 3299 2476 3356 sensititam
2530 3301 2691 3355 astris
2746 3299 3086 3364 concederet,
3147 3297 3201 3351 in
3242 3311 3398 3367 syno-

1812 3390 1938 3444 dum
1971 3406 2003 3444 v
2036 3406 2140 3446 non
2173 3405 2424 3459 pecc;ire,
2480 3406 2598 3458 qu:e
2632 3390 2839 3443 animas
2871 3399 3075 3444 tantum
3127 3388 3399 3443 intellecti-

1814 3497 1906 3535 vas
1935 3496 1962 3534 a
1986 3482 2296 3536 etelestibus
2337 3480 2653 3547 Corporibus
2683 3480 2926 3533 exclusit.
2975 3479 3165 3532 Petrus
3202 3481 3400 3530 Aureo-

1816 3572 1916 3631 lus.
1979 3572 2301 3624 Parisieusis
2343 3570 2542 3623 scholae
2596 3569 3067 3636 prmclaiissimmn
3111 3571 3292 3633 decus,
3341 3583 3397 3623 et

1815 3660 2019 3715 ordin’s
2043 3660 2302 3712 Minorntu
2335 3659 2607 3726 singulare
2637 3665 3032 3720 ornati-mutum,
3067 3673 3225 3715 nitent
3258 3674 3395 3710 nun-

1815 3766 1974 3820 quam
2018 3751 2133 3804 sine
2172 3748 2531 3803 admiratione
2562 3763 2620 3801 se
2657 3747 2852 3817 legisse
2903 3757 3129 3801 testatur
3171 3747 3396 3803 Basilius

1819 3841 2049 3896 Poucius
2080 3840 2132 3893 in
2165 3838 2489 3909 quodlibctis
2519 3848 2708 3908 (ιιιςιξδι.
2741 3839 2794 3904 8,
2853 3854 2902 3894 c.
2936 3839 2968 3891 5
2999 3840 3018 3910 (
3047 3847 3128 3894 est
3156 3840 3296 3894 enim
3326 3841 3396 3893 ob

1818 3933 2013 4001 ingenii
2041 3948 2286 3996 acumen,
2339 3941 2391 3984 et
2422 3942 2853 4000 argumentorum
2885 3933 2999 3986 sive
3044 3929 3252 4001 copiam
3283 3931 3396 3986 sive

1818 4023 1924 4075 vim
1957 4033 2187 4090 spectes,
2243 4020 2393 4090 queis
2425 4037 2558 4075 nova
2610 4022 2919 4089 plerumque
2948 4021 3043 4076 abs
3083 4037 3143 4076 se
3183 4022 3397 4075 inventa

1820 4123 2024 4165 asserta
2071 4111 2396 4173 conmmuit,
2456 4111 2652 4162 nemini
2707 4111 3150 4165 scholasticorum
3201 4126 3396 4166 ερςυιιο

1819 4203 1972 4269 dus).
2007 4203 2110 4268 hic,
2144 4204 2382 4270 inquam,
2415 4218 2536 4253 cum
2569 4203 2618 4254 in
2650 4201 2683 4253 Ξ
2708 4203 3126 4270 Sententiarum,
3151 4204 3277 4258 dist.
3311 4205 3393 4268 li,

1821 4312 1874 4362 q.
1906 4294 1961 4360 ‘2,
1995 4303 2094 4347 art.
2125 4295 2178 4358 ἓ,
2213 4294 2450 4361 pluribus
2481 4293 2857 4364 investigasset
2887 4311 3011 4349 num
3048 4295 3394 4366 intelligentia

1823 4400 2043 4440 movens
2073 4385 2269 4438 cmlum
2299 4386 2540 4438 uniretur
2574 4394 2819 4455 tanquam
2854 4395 3047 4448 motor,
3093 4401 3158 4438 an
3184 4401 3313 4439 vero
3343 4398 3402 4440 ιιι

1825 4479 2016 4544 forma,
2059 4487 2113 4531 et
2146 4477 2443 4545 probabiles
2489 4478 2724 4532 rationes
2753 4478 2817 4532 ad
2855 4479 3089 4531 animam
3135 4479 3396 4532 caelorum

156 4569 395 4638 ligendum
433 4598 558 4635 εδει,
602 4580 1138 4656 aperteprotestari?
1195 4578 1248 4630 ln
1287 4578 1366 4632 his
1399 4593 1525 4632 vero
1558 4579 1710 4634 libris
1743 4570 1796 4627 D
1825 4568 2244 4638 persuadendam
2276 4568 2608 4634 adduxisset,
2655 4570 2845 4622 solutis
2876 4569 3035 4621 etiam
3065 4569 3396 4634 argumentis

156 4659 458 4722 delinitivam
493 4669 661 4723 veluti
715 4672 1038 4724 sen'entiatn
1074 4669 1213 4734 tulit,
1247 4685 1346 4738 qua
1380 4670 1504 4738 quid
1536 4669 1601 4722 de
1630 4685 1715 4723 as-

158 4757 339 4810 trorum
380 4762 662 4816 animabus
719 4762 831 4828 ipse
884 4765 1108 4815 sentiret
1162 4761 1451 4825 intimavit,
1518 4765 1587 4816 ita
1635 4771 1711 4828 ut,

161 4843 346 4903 etiamsi
378 4852 495 4907 :tlihi
547 4854 851 4922 oppositum
902 4855 1146 4918 dixisset,
1197 4871 1258 4906 ex
1295 4856 1574 4922 posteriori
1623 4872 1711 4908 as-

161 4943 286 4986 serto
313 4944 689 5011 corrigerelur.
726 4945 867 5003 Idem
903 4943 1062 4996 habet
1096 4953 1250 4994 traCt.
1289 4943 1306 4993 l
1346 4944 1395 4994 in
1420 4943 1709 5010 Joannem,

161 5026 215 5073 ad
243 5025 322 5081 illa
355 5035 508 5089 verba
533 5053 546 5088 :
585 5036 734 5099 Quod
755 5035 946 5103 factum
973 5046 1043 5087 est
1072 5038 1121 5086 in
1143 5035 1230 5086 iﬁlo
1255 5035 1354 5086 vita
1382 5045 1510 5088 erat.
1547 5035 1713 5106 Lega-

165 5119 238 5164 tur
264 5123 494 5179 eruditus
535 5127 591 5180 P.
629 5127 832 5195 Alipins
863 5125 1070 5196 lirylol',
1107 5125 1544 5192 Augustinianus,
1580 5126 1713 5179 lib.t

165 5201 222 5254 de
246 5207 444 5278 Anima,
471 5232 586 5286 cap.
616 5217 668 5281 4,
703 5218 787 5272 ubi
813 5218 880 5270 de
921 5219 1092 5271 sancti
1124 5219 1403 5287 Augustini
1449 5219 1712 5274 sententia

165 5292 453 5359 doctissime
497 5311 753 5380 disputat.
809 5309 999 5378 Upinio
1042 5326 1170 5363 vero
1219 5312 1304 5364 illa
1351 5312 1417 5366 de
1458 5314 1712 5366 velorum

168 5387 322 5445 “"7"!!!
367 5395 610 5462 damnata
652 5404 864 5455 demum
920 5401 1115 5471 legitur
1158 5403 1208 5454 in
1259 5403 1449 5456 litteris
1479 5419 1507 5454 a
1551 5403 1718 5457 Justi-

171 5473 315 5559 Iliauo
354 5481 670 5554 imperatore
709 5489 923 5559 scriptis
971 5491 1034 5543 ad
1068 5489 1313 5544 Mcnnam
1357 5491 1716 5559 patriarcham

171 5558 783 5658 gunstautinopolitauum
806 5625 819 5646 ,
854 5581 940 5634 ubi
972 5580 1112 5636 inter
1143 5558 1376 5649 reliquos
1406 5586 1714 5636 anathema-

174 5656 338 5712 tismos
367 5663 448 5719 hic
469 5669 691 5725 habetur
717 5689 730 5724 :
763 5690 778 5721 ι
809 5671 863 5726 Si
890 5673 1006 5740 quis
1033 5671 1159 5726 dicit
1187 5673 1412 5739 cmlum,
1447 5686 1495 5725 et
1524 5675 1713 5736 solem,

172 5745 217 5789 cl
244 5741 431 5822 lunam,
463 5766 515 5812 et
538 5762 740 5830 stellas,
772 5773 824 5819 ct
854 5778 1016 5832 aquas
1042 5779 1158 5833 qua:
1183 5778 1342 5833 super
1365 5764 1532 5817 etelus
1563 5773 1711 5833 sunt,

1820 4674 1938 4728 qua:
1987 4674 2017 4711 a
2067 4657 2332 4727 theologis
2379 4667 2564 4711 contra
2622 4657 2866 4710 eamdem
2925 4656 3230 4722 opinionem
3282 4654 3399 4708 ﬁeri

1819 4751 2177 4806 communiter
2227 4751 2436 4816 solent,
2477 4751 2546 4804 ita
2597 4747 2864 4802 concludit
2900 4763 2910 4796 :
2948 4765 2965 4795 ι
3006 4746 3134 4812 Sed,
3167 4746 3402 4802 dimissis

1820 4847 2156 4917 pltilOSophis
2198 4858 2251 4899 et
2279 4847 2420 4907 aliis,
2472 4841 2874 4912 intelligendum
2908 4850 2985 4894 est
3021 4840 3072 4893 in
3105 4841 3200 4894 hac
3233 4851 3402 4896 mate-

1821 4939 1896 4990 ria
1935 4953 2054 5004 qua:
2085 4936 2164 4988 via
2217 4935 2591 5002 pra'dictarum
2638 4931 2864 4984 (tuarum
2915 4941 2996 4985 est
3046 4932 3395 4999 probabilior,

1821 5043 1941 5080 cum
1977 5036 2196 5092 utraque
2244 5023 2374 5076 saiis
2407 5022 2699 5088 probabilis
2727 5022 2988 5076 videatur.
3036 5021 3352 5094 ReSpon‘deo
3383 5043 3398 5080 :

1824 5117 2150 5187 Augustinus
2196 5115 2323 5168 dicit
2366 5114 2630 5184 (recitato
2685 5131 2795 5168 uno
2833 5119 2893 5170 et
2947 5117 3117 5172 altero
3157 5121 3402 5173 testimo—

1823 5215 1910 5266 nio
1944 5213 1960 5280 )
1995 5228 2006 5264 :
2043 5211 2147 5266 Sed
2169 5225 2256 5262 nec
2286 5209 2419 5261 illud
2451 5221 2644 5261 certum
2673 5209 2853 5276 habeo,
2887 5221 3053 5262 utrum
3079 5211 3147 5262 ad
3169 5212 3400 5262 eumdem

1821 5308 2106 5361 societatem
2160 5303 2437 5370 pertineant
2493 5301 2590 5363 sol,
2629 5313 2676 5354 et
2707 5304 2848 5359 luna.
2897 5313 2942 5354 et
2981 5311 3163 5354 rtmcla
3205 5301 3396 5358 sidera.

1821 5398 2049 5468 quamvis
2081 5393 2342 5447 nonnullis
2369 5393 2541 5445 lucida
2571 5408 2677 5444 esse
2705 5407 2940 5461 corpora,
2967 5408 3065 5442 non
3087 5409 3203 5442 cum
3225 5406 3397 5455 sensu,

1822 5499 1910 5542 aut
1937 5485 2269 5554 intelligentia
2300 5484 2588 5537 videantur.
2635 5483 2756 5534 llaec
2789 5481 3136 5549 Augustinus.
3185 5480 3239 5535 Si
3270 5496 3400 5548 ergo

1823 5591 2026 5631 unus
2075 5591 2283 5631 nocron
2313 5574 2364 5627 in
2396 5573 2496 5626 hac
2529 5571 2746 5624 materia
2798 5569 3081 5637 dubitavit,
3131 5587 3231 5640 ego
3263 5572 3396 5626 nihil

1821 5667 2020 5722 delinio
2073 5668 2123 5719 in
2168 5665 2265 5719 hac
2300 5671 2466 5730 parte.
2509 5680 2526 5712 ι
2556 5659 2834 5713 Ridcndus
2886 5661 3043 5727 igitur
3087 5659 3395 5727 Morainins,

1821 5762 1913 5834 qui
1962 5759 2242 5830 AuguSIini
2285 5755 2666 5812 dubitationem
2727 5753 2866 5805 inter
2925 5768 3138 5809 errores
3190 5754 3398 5823 reiecit,
