3892 6298
146 337 248 391 605

1314 332 1632 390 νιιιῡιῦιίιζ
1674 332 2229 391 ΑυϋυδΤΙΜΑΝίΕ.

3309 339 3414 396 ειη

145 452 354 505 Obortis
386 448 846 520 Constantinopoli
881 451 947 505 de
976 450 1182 519 orig’ue
1226 450 1417 503 anima:
1453 448 1716 514 dissidiis,
1750 452 1797 509 Α
1827 449 2045 512 eccles.,
2091 464 2209 518 cap.
2242 451 2334 515 23,
2366 454 2507 520 quod
2558 454 2741 523 incipit
2773 472 2786 507 :
2815 455 2944 509 Ilwc
2990 466 3064 509 est
3096 466 3261 511 autent
3294 468 3413 526 post

145 542 375 596 Africani
418 544 651 609 episcopi
683 542 767 595 ‘de
811 542 999 597 eodem
1028 552 1343 610 argumento
1381 542 1610 595 consulti
1654 544 1723 596 ita

144 632 530 700 rcSpondetunt
576 631 627 683 iu
658 632 884 699 epistola
915 633 1171 703 synodica
1202 649 1265 687 ex
1307 631 1579 693 Sardinia,
1635 631 1725 685 ubi

142 722 473 787 exsulabant,
517 722 826 791 Byzantium
888 725 1047 777 inissa
1084 738 1099 778 :
1132 741 1149 773 ι
1182 724 1544 788 Qua-stionem
1595 739 1725 776 vero

140 814 457 875 animarum,
514 826 605 865 aut
661 816 873 866 tacitam
934 814 1191 868 debemus
1252 815 1575 882 relinquere,
1632 822 1725 867 aut

139 904 251 956 sine
287 904 633 957 contentione
681 912 930 966 tractare,
982 908 1107 974 quia
1155 906 1268 958 sive
1312 921 1373 957 ex
1434 904 1723 974 propagine

138 994 372 1058 veniant,
423 998 537 1049 sive
574 1012 726 1049 nova:
774 997 999 1065 singulis
1026 999 1345 1066 corporibus
1387 998 1530 1059 iiant,
1582 995 1725 1063 quod

137 1098 445 1141 sanctarum
497 1090 895 1156 Scripturarum
941 1090 1239 1143 auctoritas
1283 1106 1390 1143 non
1444 1088 1725 1142 manifeste

137 1180 465 1245 pronttntiat,
501 1194 619 1231 cum
645 1181 850 1233 caUtela
879 1179 1038 1233 debet
1071 1179 1291 1247 iiquiri,
1325 1180 1555 1232 maxime
1583 1179 1723 1247 quod

134 1266 251 1321 sine
298 1267 424 1323 fidei
462 1268 789 1323 detrimento
828 1279 1003 1338 potest
1046 1284 1075 1320 a
1117 1269 1365 1322 lidelibus
1412 1267 1666 1336 ignorari.
1701 1286 1718 1319 ι

133 1356 261 1425 Cap.
301 1359 388 1413 10.
445 1358 499 1412 In
532 1346 718 1413 eadem
752 1359 1088 1412 dubitatione
1120 1358 1215 1412 fuit
1246 1370 1463 1412 sanctus
1495 1358 1725 1427 Fulgen-

134 1448 256 1514 tius,
288 1449 387 1505 lib.
412 1466 468 1503 tu
500 1450 565 1505 de
602 1450 840 1504 Veritatc
871 1449 1363 1517 prwdesduationis
1399 1460 1450 1502 et
1480 1448 1662 1517 gratim
1693 1464 1720 1499 a

131 1554 247 1609 cap.
287 1542 375 1607 18,
432 1542 520 1595 ubi
566 1542 886 1611 Augustino,
931 1542 1071 1611 quod
1112 1558 1173 1594 ea
1216 1544 1287 1595 de
1337 1556 1394 1595 re
1434 1541 1719 1608 dubitavit,

130 1633 348 1687 eximiis
391 1633 639 1687 laudibus
686 1633 1082 1696 commendato,
1131 1648 1249 1699 cap.
1284 1632 1352 1684 20
1395 1634 1669 1687 concludit
1705 1652 1716 1685 :

136 1742 154 1773 ι
194 1726 413 1789 Quanto
452 1737 579 1791 ergo
621 1723 812 1777 melius
855 1723 923 1777 ab
974 1722 1133 1788 hujus
1187 1725 1502 1791 quaestionis
1550 1734 1723 1778 certa-

1830 541 2175 609 apostulorum
2204 541 2489 609 symbolum
2539 545 2820 598 certissima
2854 546 3000 612 fides,
3033 561 3187 613 quam
3226 546 3410 599 docto.

1830 648 1910 685 res
1941 631 2104 683 nostri
2136 633 2481 697 tradiderunt,
2515 635 2652 687 inter
2683 636 2811 688 alias
2860 635 3155 689 sententias
3182 648 3315 701 quas
3342 635 3409 687 de

1831 721 1935 775 [ide
1981 721 2240 775 tenendas
2287 726 2557 791 proponit,
2602 725 2738 779 hanc
2767 725 2954 779 inserit
2983 742 2997 777 :
3029 724 3183 791 Quod
3220 726 3412 777 incerta

1830 812 1893 864 sit
1923 813 2112 865 anima:
2162 815 2330 883 origo.
2366 815 2409 868 0
2452 818 2704 871 eximiam
2760 817 3116 871 recentiorum
3146 816 3410 870 eruditio-

1830 918 1974 967 nem,
2016 905 2105 971 qui
2155 920 2271 958 eam
2305 908 2603 974 Augustino
2648 908 3036 963 dubitationem
3082 908 3253 963 errori
3292 923 3413 962 ver—-

1832 1003 1967 1058 tum,
2000 1010 2156 1063 quam
2188 1006 2237 1047 et
2264 998 2553 1065 apostolica
2586 1000 2761 1065 sedes,
2809 1009 2861 1053 et
2891 1000 3100 1069 synodi,
3145 1009 3199 1055 et
3226 999 3412 1053 Patres

1832 1089 2002 1154 plenis
2032 1087 2298 1155 sanragiis
2349 1089 2738 1159 subscripsere,
2788 1105 3014 1159 eamque
3048 1108 3183 1146 unus
3223 1106 3411 1147 eorum

1830 1179 2070 1231 doctrina
2106 1194 2167 1233 ae
2201 1181 2397 1247 pietate
2449 1182 2673 1235 illustris
2718 1186 2781 1235 dc
2812 1184 2914 1237 lide
2948 1185 3153 1252 populis
3183 1184 3415 1238 creden-

1816 1272 1949 1323 dam
1983 1286 2113 1337 paop
2138 1272 2291 1326 :suit!

1900 1366 1970 1418 At
1994 1380 2089 1417 nec
2118 1374 2308 1418 oetavo
2336 1382 2507 1431 neque
2543 1380 2685 1420 nono
2707 1367 2904 1419 satculo
2936 1381 3022 1420 res
3046 1365 3261 1419 definita
3288 1366 3411 1433 fuit,

1829 1455 1921 1506 sed
1959 1455 2339 1519 sapientissimi
2388 1456 2571 1510 Patres
2610 1472 2735 1511 cum
2780 1458 3091 1523 Augustino,
3143 1458 3248 1509 imo
3291 1471 3412 1508 cum

1829 1547 2119 1613 apostolica
2149 1547 2276 1600 sedc
2306 1547 2481 1602 adhuc
2520 1548 2857 1602 dubitabant.
2888 1550 3062 1602 Testis
3092 1550 3159 1602 sit
3196 1557 3415 1602 sanctus

1830 1637 2177 1703 Prudentius,
2210 1639 2491 1705 episcopus
2521 1639 2875 1700 'l‘ricassinus,
2927 1639 3076 1706 cujus
3111 1638 3294 1692 Iaudes
3324 1653 3414 1691 re-

1829 1728 1958 1781 citat
1981 1728 2268 1783 Saussaius
2292 1728 2345 1781 in
2370 1727 2747 1799 Martyrologio
2768 1728 3044 1783 Gallicano
3068 1726 3188 1795 (Die
3209 1724 3241 1777 6
3264 1726 3415 1793 Αρι·ὶ-·

128 1816 279 1868 mine
308 1825 686 1882 temperamus,
712 1815 772 1879 ,ιιι
804 1830 904 1883 qua
954 1830 1049 1868 nos
1084 1816 1313 1869 inaniter
1347 1816 1591 1869 laborare
1632 1832 1720 1870 co-
1757 1822 1799 1879 Β
1835 1818 1943 1886 lis),
1974 1819 2064 1887 qui
2094 1818 2146 1871 in
2180 1818 2273 1872 lib.
2318 1819 2385 1874 dc
2434 1819 2931 1883 Prmdestinatione,
2965 1817 3221 1871 adversus
3250 1814 3408 1869 Joan-

128 1888 465 1975 gnosciinus,
500 1906 794 1974 pra-Sertiin
837 1906 960 1974 quia
988 1906 1129 1972 quod
1162 1923 1189 1958 a
1224 1911 1421 1959 sanctis
1450 1908 1579 1960 viris
1610 1924 1723 1961 ina-

127 1998 332 2069 joribus
368 1998 563 2050 nostris
604 1997 849 2049 videmus
893 1996 1114 2049 minimc
1159 1996 1459 2059 delinitum,
1510 2008 1723 2065 oportet

131 2103 228 2142 nos
287 2099 438 2143 tanto
501 2087 709 2141 cautius
772 2100 938 2156 atque
1007 2087 1392 2154 temperamius
1460 2103 1718 2157 quarere,

130 2191 327 2250 quanto
360 2182 427 2234 ad
468 2180 583 2249 ejus
610 2179 769 2232 tinem
804 2181 923 2233 iflos
956 2182 1244 2246 prmclaros
1278 2180 1421 2232 viros
1450 2180 1722 2233 cernimus

132 2272 351 2326 minime
390 2270 721 2339 pervenisse.
758 2288 774 2317 ι
829 2269 1146 2322 Coastanens
1192 2266 1456 2336 Fulgentii
1506 2268 1721 2323 Cassio-

131 2359 291 2415 dorus
324 2362 378 2415 in
414 2362 506 2416 lib.
551 2361 619 2415 de
658 2362 873 2423 Anima,
918 2376 1037 2428 cap.
1073 2358 1178 2427 ll,
1231 2370 1440 2414 tantum
1480 2361 1635 2415 abest
1666 2369 1722 2415 ιιι

131 2452 255 2505 illud
304 2453 589 2522 Augustini
636 2452 855 2506 dubium
905 2452 1337 2519 reprehenderit,
1389 2462 1443 2506 ut
1473 2453 1719 2507 eumdem

130 2544 305 2609 potius
349 2543 423 2595 ob
463 2542 513 2596 id
542 2542 885 2597 laudaverit:
924 2560 941 2592 ι
982 2542 1161 2608 Pater,
1209 2542 1411 2611 inquit,
1467 2543 1720 2610 Augusti-

128 2649 227 2687 nus
285 2634 690 2695 religiosissima
741 2634 1037 2687 devotione
1094 2633 1413 2695 landandus,
1468 2634 1597 2686 nihil
1642 2644 1721 2687 te-

127 2737 279 2775 mere
304 2722 440 2777 dicit
466 2736 584 2776 esse
613 2721 1024 2785 allirmandom,
1070 2722 1164 2775 sed
1211 2723 1261 2773 in
1292 2721 1458 2787 ipsius
1486 2735 1606 2776 esse
1638 2738 1722 2776 se-

130 2825 310 2879 creto,
354 2814 499 2867 sicut
536 2822 591 2867 et
635 2814 738 2866 alia
788 2814 951 2866 nmlta
995 2830 1115 2882 qua:
1164 2804 1348 2867 neStra
1400 2830 1504 2868 non
1547 2824 1724 2884 potest

133 2921 288 2960 nosse
331 2904 699 2958 mediocritas.
751 2924 768 2956 ι
812 2906 874 2958 Ει
916 2906 1095 2957 statim
1133 2924 1144 2957 :
1179 2905 1414 2959 «Melius
1458 2916 1539 2959 cst
1570 2908 1715 2960 enim

137 2996 185 3049 in
216 3006 319 3049 tam
370 2994 601 3049 occultis
627 2997 804 3049 eiusis
858 2993 1103 3048 conliteri
1137 2995 1519 3063 ignorantiam,
1562 3011 1719 3064 quam

139 3084 488 3156 periculosam
528 3100 808 3140 assumere
860 3086 1102 3140 lortassis
1152 3084 1454 3139 audaciam.
1485 3103 1503 3135 ι
1533 3085 1603 3139 Ita
1636 3087 1717 3138 al-

1829 1925 1952 1964 nem
2004 1911 2309 1979 Erigonam,
2360 1911 2430 1964 ita
2478 1911 2711 1981 loquitur
2755 1910 2929 1978 capite
2957 1906 3017 1961 ιϐ
3055 1924 3069 1961 :
3117 1926 3135 1958 ι
3166 1906 3412 1961 Nascitur

1827 2001 1971 2055 enim
1997 2000 2064 2055 de
2088 2016 2248 2055 carne
2275 2016 2422 2067 caro,
2446 2002 2539 2058 sed
2578 2012 2753 2056 utrum
2784 2008 2841 2057 et
2865 2001 3043 2054 anima
3074 1998 3318 2053 similiter
3347 1999 3412 2049 de

1828 2094 2003 2145 anima
2049 2100 2317 2157 nascatur,
2368 2108 2559 2162 magna
2607 2092 2833 2163 quaestio
2863 2101 2966 2154 est,
3013 2099 3068 2144 et
3096 2105 3122 2142 a
3168 2087 3411 2143 Panibus

1828 2179 1919 2234 diu
1961 2182 2293 2250 multumque
2333 2181 2599 2248 discussa,
2655 2180 2748 2236 sed
2795 2181 2997 2250 absque
3039 2187 3183 2233 certa
3226 2178 3412 2231 delini-

1830 2268 1975 2324 tione
2029 2270 2231 2325 relicta.
2270 2290 2287 2322 ι
2341 2269 2526 2340 Itaque
2569 2284 2736 2340 usque
2782 2269 2847 2322 ad
2888 2284 3085 2321 annu.n
3136 2265 3261 2334 850,
3303 2281 3411 2334 quo

1828 2370 2070 2429 tempore
2098 2370 2319 2417 sanctus
2338 2362 2658 2417 Prudentius
2688 2360 2921 2426 vittebat,
2954 2375 3017 2414 es
3045 2357 3409 2413 ecclesiastica

1829 2452 2116 2507 traditione
2164 2452 2326 2507 dubia
2371 2462 2488 2507 erat
2516 2454 2584 2507 de
2627 2453 2835 2522 origine
2886 2450 3077 2504 anima:
3124 2448 3409 2504 sententia.

1830 2542 2025 2597 Verum
2068 2559 2165 2596 nec
2207 2553 2324 2612 post
2373 2544 2715 2599 millesimum
2754 2556 2949 2595 annum
2999 2541 3073 2594 ita
3112 2548 3257 2593 certa
3297 2545 3416 2591 erat

1829 2632 2096 2686 sententia
2123 2633 2191 2687 de
2230 2634 2523 2703 creatione,
2555 2642 2611 2685 ιιι
2648 2636 2826 2701 plures
2855 2632 2921 2685 de
2951 2632 3137 2684 eadem
3179 2644 3283 2682 non
3312 2627 3411 2681 du-

1830 2722 2083 2776 bitarent.
2116 2721 2344 2776 Sanctus
2380 2723 2686 2785 Anselmus,
2718 2720 3118 2773 Cantuariensis
3161 2719 3411 2781 antistes,

1830 2817 1989 2871 morti
2028 2815 2306 2882 proximus
2337 2814 2545 2870 cuidam
2582 2814 2828 2869 familiari
2858 2813 2958 2867 sibi
2997 2813 3191 2867 dicenti
3223 2828 3237 2865 :
3274 2831 3290 2861 ι
3328 2810 3410 2864 AJ

1828 2907 2145 2962 Pasclialem
2172 2906 2378 2960 Domini
2412 2908 2482 2961 tui
2512 2908 2713 2961 curiam
2743 2906 2934 2959 relicto
2960 2904 3156 2958 sreculi
3185 2902 3353 2962 vadis.
3384 2921 3403 2953 ι

1830 3002 1946 3054 lucc
1986 3000 2264 3063 reposuit:
2301 3016 2321 3050 ι
2359 2999 2422 3053 Ει
2452 2998 2664 3067 quidem
2696 2997 2740 3049 si
2784 2998 3026 3050 vo'untas
3074 2994 3189 3064 rjos
3225 2994 3274 3048 in
3310 2992 3412 3046 hoc

1826 3099 1930 3155 est,
1966 3089 2224 3142 voluntati
2254 3089 2370 3158 ejus
2412 3104 2517 3143 non
2558 3088 2900 3151 contratlico;
2934 3101 3115 3141 verum
3146 3088 3189 3140 si
3229 3085 3412 3137 mallet

140 3190 248 3230 lem
299 3188 420 3247 post
470 3177 820 3247 Augustinum
873 3177 1073 3229 Stecnlo
1112 3177 1372 3230 dubitatio
1418 3176 1486 3230 de
1516 3176 1722 3245 Origine
1756 3190 1799 3252 (ζ
1834 3198 1917 3236 me
1957 3181 2134 3236 adhuc
2181 3184 2319 3236 inter
2366 3196 2462 3235 vos
2493 3182 2683 3235 saltem
2719 3181 2902 3234 tandiu
2957 3194 3197 3244 manere,
3240 3178 3414 3231 donec

140 3272 320 3324 animm
359 3269 891 3340 sapientissimorum
925 3268 1146 3322 Patrum
1175 3269 1345 3323 menti
1383 3269 1546 3322 altius
1578 3270 1720 3324 inse-

141 3364 298 3417 derat.

206 3455 396 3512 Verum
427 3457 577 3512 circa
624 3458 875 3513 sacculum
900 3474 972 3511 vn
1021 3457 1410 3526 Augustiniana
1446 3456 1721 3512 dubitatio

141 3548 284 3621 longe
310 3551 585 3606 celebrior
612 3560 770 3620 atque
801 3550 1014 3620 dignior
1044 3550 1213 3603 evasit
1253 3566 1265 3601 :
1292 3564 1410 3601 eam
1442 3550 1583 3601 enim
1622 3564 1721 3602 suo

142 3641 326 3710 iudicio
357 3644 661 3713 apostolica
695 3644 849 3697 sedes
875 3641 1209 3710 approbavit,
1237 3636 1498 3705 Suamtlttc
1520 3638 1717 3705 elTecit,

142 3751 196 3788 ac
218 3736 519 3791 doctissimi
546 3736 731 3790 Patres
764 3737 1009 3789 eamdem
1043 3736 1181 3789 inter
1208 3732 1328 3787 iidci
1354 3733 1603 3801 dogmata
1634 3748 1720 3786 re-

144 3831 312 3884 tulere.
354 3830 598 3886 Sanctns
656 3827 948 3899 Gregorius
984 3829 1225 3897 Magnus,
1279 3826 1373 3880 lib.
1418 3842 1513 3890 vn,
1558 3829 1717 3893 epist.

147 3920 227 3983 εὖ,
257 3923 319 3976 ad
345 3921 742 3985 Secundinum,
795 3920 981 3973 scribit
1011 3937 1023 3971 :
1062 3937 1080 3969 ι
1119 3919 1223 3972 Sed
1276 3917 1375 3969 liae
1405 3918 1471 3971 de
1520 3932 1577 3971 re
1606 3916 1724 3971 dul-

149 4013 344 4068 cissima
378 4014 521 4068 mibi
555 4021 640 4065 tua
673 4013 909 4066 cbaritas
949 4013 1084 4063 sciat
1106 4010 1230 4077 quia
1262 4008 1330 4063 de
1360 4007 1568 4077 origine
1610 3993 1726 4061 ani-

149 4118 237 4158 nuc
264 4108 395 4161 inter
438 4118 669 4160 sanctos
700 4105 887 4158 Patres
940 4102 1217 4170 requisitio
1262 4116 1364 4153 non
1410 4117 1571 4167 parva
1606 4116 1725 4153 vcr-

150 4204 247 4247 sata
287 4207 387 4261 est,
432 4197 537 4249 sed
594 4203 771 4249 utrum
802 4195 914 4261 ipsa
946 4193 1013 4247 ab
1049 4193 1214 4247 Adam
1261 4190 1621 4256 descenderit,
1654 4204 1723 4244 an

152 4294 281 4339 certe
306 4286 541 4357 singulis
571 4285 743 4349 detur,
782 4286 1045 4338 incertum
1085 4282 1370 4347 remansit,
1402 4296 1627 4350 eamque
1672 4282 1723 4335 in

155 4376 242 4433 hac
285 4383 387 4435 vita
432 4379 781 4436 insolubilem
826 4378 953 4432 fassi
1004 4385 1129 4430 sunt
1182 4390 1301 4433 esse
1344 4376 1723 4443 qumstionem,

157 4472 319 4533 gravis
345 4473 498 4526 enim
529 4470 756 4539 quzcstio
785 4478 889 4532 est,
920 4482 1020 4521 nec
1051 4467 1197 4521 valet
1239 4466 1307 4519 ab
1339 4466 1553 4520 nomine
1580 4480 1726 4519 com-

1826 3276 2178 3345 quacstionem
2223 3290 2379 3343 quam
2408 3273 2475 3328 de
2529 3273 2722 3328 anima:
2753 3273 2957 3342 origine
2986 3280 3165 3326 mente
3197 3268 3414 3323 ιἐνυινο

1830 3367 2115 3422 absolvere
2142 3380 2381 3434 pos.~em,
2411 3365 2678 3433 gratiosus
2705 3364 3028 3430 acciperem,
3051 3375 3115 3414 co
3146 3358 3286 3429 quod
3318 3372 3413 3412 ne-

1831 3460 1945 3513 scio
1983 3469 2159 3512 utrum
2212 3455 2409 3524 aliquis
2452 3470 2569 3507 eam
2603 3468 2690 3507 me
2744 3452 2996 3506 defuncto
3024 3452 3093 3504 sit
3136 3451 3410 3503 absolutu—

1828 3564 1939 3602 rus.
1976 3568 1995 3597 r
2034 3548 2157 3599 llaec
2180 3546 2271 3597 illc
2303 3545 2368 3597 ad
2401 3559 2598 3596 annum
2640 3540 2798 3604 “09,
2833 3550 2969 3594 teste
3010 3539 3125 3608 ejus
3153 3539 3415 3607 decipulo

1830 3637 1922 3691 lib.
1960 3652 1993 3689 ιι
2039 3637 2109 3689 de
2166 3636 2281 3687 Vita
2312 3634 2574 3703 ejusdem,
2629 3646 2748 3697 cap.
2780 3632 2866 3694 59,
2918 3632 3055 3697 apud
3097 3630 3315 3683 Surium
3347 3629 3412 3683 21

1829 3729 2047 3799 Aprilis.
2091 3728 2240 3796 llugo
2277 3742 2306 3781 a
2354 3728 2551 3781 Sancto
2584 3726 2819 3790 Victore,
2852 3724 2943 3778 lib.
2995 3739 3008 3775 ι
3051 3725 3118 3778 dc
3147 3723 3417 3787 Sacram,

1828 3834 1967 3893 part.
1996 3837 2092 3883 vn,
2124 3835 2245 3888 cap.
2278 3820 2368 3884 50,
2404 3819 2593 3887 probat
2640 3817 2871 3870 animam
2927 3830 3030 3869 non
3068 3831 3188 3870 esse
3218 3830 3281 3869 ex
3323 3826 3420 3868 tua.

1829 3913 1983 3972 duce,
2023 3911 2115 3965 sed
2147 3909 2357 3973 creari;
2389 3910 2464 3963 ait
2497 3919 2672 3961 tamen
2709 3925 2720 3959 :
2768 3927 2785 3959 ι
2821 3906 3154 3961 Probabilius
3204 3916 3421 3961 constat

1828 4005 2032 4057 animas
2069 4018 2136 4055 ex
2190 4002 2411 4055 traduce
2459 4016 2561 4054 non
2613 4014 2756 4054 esse.
2794 4019 2811 4051 ι
2851 3999 2919 4053 Et
2970 4000 3233 4054 inferius:
3274 3998 3419 4052 illis

1830 4099 1990 4167 igitur
2037 4108 2090 4150 et
2140 4095 2506 4158 huiuscemodi
2561 4095 2853 4148 rationibus
2896 4094 3170 4161 probabile
3216 4093 3415 4146 factum

1829 4202 1912 4246 est
1941 4192 2147 4244 animas
2177 4205 2242 4242 ex
2273 4188 2490 4242 traduce
2522 4202 2625 4241 non
2654 4202 2794 4252 esse,
2827 4188 2921 4242 sed
2953 4203 3119 4242 novas
3149 4190 3215 4242 de
3246 4187 3418 4241 niliilo

1828 4291 2036 4337 creatas
2068 4279 2217 4333 novis
2260 4278 2499 4347 quotidie
2527 4280 2839 4346 corporibus
2861 4279 2929 4333 de
2957 4290 3179 4347 paterno
3206 4278 3418 4331 semine

1831 4372 1968 4435 ﬁeri,
2005 4380 2058 4423 et
2098 4384 2284 4422 rursus
2324 4369 2375 4422 in
2410 4370 2564 4422 vulva
2600 4369 2841 4423 formatis
2874 4369 2939 4422 ad
2996 4366 3420 4423 viviﬁcationetn

1832 4459 2057 4514 infundi.
2089 4458 2141 4511 In
2172 4457 2366 4525 quibus
2397 4467 2575 4513 tamen
2607 4461 2855 4513 omnibus
2900 4458 3041 4512 nulla
3076 4472 3307 4522 unquam
3344 4472 3421 4509 ra-

159 4561 417 4625 prcliendi.
455 4581 482 4615 ι
520 4560 645 4615 llscc
682 4559 1024 4613 doctissimus
1054 4571 1115 4610 ac
1152 4556 1523 4611 sanctissimus
1554 4555 1727 4623 ponti-
1758 4558 1803 4618 ο
1834 4554 1909 4606 tio
1940 4554 2054 4607 sive
2100 4557 2391 4608 auctoritas
2432 4555 2483 4609 in
2536 4564 2739 4610 tantum
2792 4553 3083 4623 praevalere
3114 4552 3308 4621 potuit,
3364 4562 3420 4604 ut

160 4650 253 4705 lex.
285 4652 359 4707 Ex
389 4652 602 4723 'quibus
647 4666 871 4721 prorsus
911 4649 1182 4703 evanescit
1235 4648 1322 4701 illa
1364 4648 1726 4701 ecclesiastica

162 4741 375 4807 traditio,
407 4759 478 4797 ex
524 4757 625 4810 qua
656 4742 980 4794 creationem
1014 4739 1206 4791 animae
1249 4736 1603 4790 Bellarminus
1633 4737 1729 4791 de-

164 4828 323 4897 ducit;
358 4849 505 4899 nam,
556 4841 691 4886 teste
722 4830 1008 4898 Gregorio,
1060 4828 1232 4883 sancti
1265 4828 1451 4882 Patres
1496 4843 1613 4881 eam
1661 4828 1729 4882 de

166 4921 354 4987 origine
381 4923 579 4977 animae
610 4921 936 4975 insolubilem
967 4920 1093 4989 fassi
1113 4928 1231 4972 sunt
1254 4934 1361 4971 esse
1380 4935 1481 4985 qua
1495 4920 1729 4972 stionem.

168 5006 314 5066 Vides
332 5012 490 5082 igitur
512 5028 617 5066 non
648 5027 811 5067 unum
841 5026 870 5064 a
909 5011 1168 5065 lllorainio
1198 5010 1550 5078 Augustinum
1584 5024 1733 5063 erro-

169 5098 234 5151 ris
261 5105 421 5172 argui,
453 5105 546 5159 sed
572 5113 625 5159 et
669 5105 720 5158 iu
772 5104 1031 5170 Gregorio
1072 5100 1419 5169 apostolicam
1467 5101 1647 5155 sedem
1679 5110 1733 5155 et

174 5187 368 5245 Patrum
399 5204 664 5255 senatum.
699 5208 727 5245 a
775 5194 968 5263 quibus
1010 5192 1273 5247 dubitatio
1316 5194 1595 5262 Augustini
1637 5207 1732 5260 ap-

174 5278 380 5342 probata
426 5282 538 5337 luit.
572 5284 675 5337 Sed
706 5283 905 5350 aliquid
950 5284 1121 5352 majus
1162 5283 1462 5335 addendum
1492 5292 1610 5337 est.
1646 5282 1735 5335 lia-

177 5380 287 5434 qtte,
318 5386 434 5425 cum
479 5375 837 5428 communiter
880 5376 947 5429 de
976 5374 1184 5443 origine
1227 5374 1419 5427 animai
1462 5374 1736 5427 dubitare—

180 5464 276 5522 tur,
302 5469 495 5519 tantnm
519 5482 580 5521 ea
606 5466 874 5522 dubitatio
901 5467 955 5520 in
989 5464 1227 5521 Ecclesia
1253 5468 1494 5530 invaluit,
1525 5476 1581 5520 ιιι
1610 5482 1735 5519 san-

179 5556 283 5601 ctus
314 5552 558 5623 Isidorus,
594 5558 922 5627 Ilispaleusis
944 5561 1185 5623 antistes,
1216 5576 1319 5612 non
1349 5558 1505 5612 fuerit
1534 5564 1737 5613 veritus

182 5642 406 5697 eamdem
439 5648 570 5704 inter
598 5653 807 5719 regulas
839 5651 957 5705 ﬁdei
992 5653 1155 5705 veluti
1187 5653 1254 5704 ab
1280 5653 1530 5705 omnibus
1551 5650 1739 5705 callio-

184 5723 290 5783 licis
327 5735 637 5799 credendam
688 5757 969 5814 reponere.
1006 5744 1238 5811 Etean,
1275 5742 1364 5799 lib.
1400 5757 1435 5797 tt
1485 5742 1550 5798 dc
1581 5743 1734 5798 Ultic.

1833 4644 2166 4698 dubietatem
2222 4645 2439 4699 tolleret
2493 4647 2831 4714 qua-stionis;
2901 4649 3127 4709 excepto
3182 4656 3248 4693 eo
3296 4640 3415 4693 sclo

1834 4734 1973 4803 quod
2008 4734 2138 4789 lides
2169 4736 2431 4791 catholica
2462 4738 2630 4805 magis
2661 4732 2986 4789 credendum
3019 4731 3178 4800 elegit
3210 4731 3422 4784 animas

1834 4827 2072 4895 quotidie
2099 4830 2413 4896 corporibus
2454 4824 2785 4880 viviticandis
2810 4822 3091 4879 sociandas
3131 4823 3199 4879 de
3248 4821 3421 4878 nihilo

1838 4926 1975 4986 lit-ri,
2023 4938 2181 4993 quam
2227 4921 2520 4976 secundum
2571 4921 2813 4985 corporis
2862 4925 3103 4969 naturam
3144 4926 3201 4972 et
3244 4918 3421 4972 carnis

1839 5017 2088 5069 humana:
2141 5014 2519 5081 prpprietatem
2570 5010 2638 5064 dc
2682 5009 2904 5065 traduce
2952 5013 3251 5081 propagari.
3288 5030 3306 5063 ι
3343 5013 3419 5064 Ex

1837 5106 2032 5175 quibus
2088 5112 2231 5170 patet
2287 5103 2351 5155 ad
2407 5116 2600 5153 annum
2654 5114 2821 5169 usque
2866 5103 3026 5167 “30,
3086 5120 3191 5173 quo
3244 5103 3423 5156 ﬂoruit

1841 5197 2008 5265 llugo,
2040 5196 2181 5248 nulla
2223 5208 2395 5261 neque
2438 5194 2645 5247 ra!ione
2677 5209 2848 5262 neque
2891 5198 3209 5249 auctoritate
3240 5194 3419 5245 dubie-

1842 5298 1997 5341 tatem
2015 5287 2311 5356 qua’slionis
2326 5287 2390 5339 de
2410 5287 2615 5353 origine
2632 5288 2821 5340 anime
2839 5290 3101 5342 sublatam
3120 5289 3302 5347 fuisse,
3318 5286 3413 5338 sed

1841 5391 1967 5436 tunc
1988 5381 2044 5433 in
2075 5380 2310 5433 Ecclesia
2342 5378 2507 5445 magis
2546 5380 2900 5433 communiter
2935 5380 3267 5433 defensatam
3292 5392 3415 5429 esse

1840 5472 2155 5527 sententitm
2201 5471 2268 5525 de
2304 5469 2577 5524 creatione
2622 5471 2942 5523 animarum.
2979 5468 3111 5520 llinc
3164 5466 3410 5535 Magister

1843 5563 2258 5625 Sententiarum,
2292 5562 2343 5615 in
2372 5563 2427 5627 ἓ,
2460 5560 2584 5616 dist.
2633 5562 2714 5623 l9,
2748 5561 2883 5613 dixit
2913 5548 3203 5611 Ecclesium
3236 5559 3422 5611 catho-

1842 5654 1996 5707 licam
2024 5652 2217 5708 docerc
2246 5654 2452 5706 animas
2483 5667 2587 5705 non
2616 5665 2736 5705 csse
2765 5665 2832 5703 cx
2869 5648 3109 5715 traduce,
3144 5665 3246 5718 qua
3293 5664 3421 5704 sen-

1842 5748 2006 5804 tentia
2039 5748 2105 5804 ab
2133 5747 2469 5805 scholasticis
2492 5754 2728 5815 reCepta,
2760 5740 3057 5796 animarum
3100 5743 3303 5798 creatio
3335 5757 3421 5797 as-
