  <div class='ocr_page' id='page_1' title='image "/cluster/home/n/w/nwhite01/storage/ocr_20150623/47/uva.x000827107/355.png"; bbox 0 0 3892 6300; ppageno 0'>
   <div class='ocr_carea' id='block_1_1' title="bbox 481 347 588 404">
    <p class='ocr_par' dir='ltr' id='par_1_1' title="bbox 481 347 588 404">
     <span class='ocr_line' id='line_1_1' title="bbox 481 347 588 404; baseline 0 -2"><span class='ocrx_word' id='word_1_1' title='bbox 481 347 588 404; x_wconf 76' lang='lat'><strong>695</strong></span> 
     </span>
    </p>
   </div>
   <div class='ocr_carea' id='block_1_2' title="bbox 1378 339 2861 405">
    <p class='ocr_par' dir='ltr' id='par_1_2' title="bbox 1378 339 2861 405">
     <span class='ocr_line' id='line_1_2' title="bbox 1378 339 2861 405; baseline 0.003 -4"><span class='ocrx_word' id='word_1_2' title='bbox 1378 345 1930 401; x_wconf 58' lang='lat' dir='ltr'><strong>SUI’PLEME‘NTUM</strong></span> <span class='ocrx_word' id='word_1_3' title='bbox 1975 345 2064 398; x_wconf 88' lang='lat' dir='ltr'><strong>AD</strong></span> <span class='ocrx_word' id='word_1_4' title='bbox 2101 345 2328 401; x_wconf 74' lang='lat' dir='ltr'><strong>OPERA</strong></span> <span class='ocrx_word' id='word_1_5' title='bbox 2372 347 2426 401; x_wconf 92' lang='lat' dir='ltr'><strong>S.</strong></span> <span class='ocrx_word' id='word_1_6' title='bbox 2473 339 2861 405; x_wconf 74' lang='lat' dir='ltr'><strong>AUCUSTINI.</strong></span> 
     </span>
    </p>
   </div>
   <div class='ocr_carea' id='block_1_3' title="bbox 3669 351 3760 412">
    <p class='ocr_par' dir='ltr' id='par_1_3' title="bbox 3669 351 3760 412">
     <span class='ocr_line' id='line_1_3' title="bbox 3669 351 3760 412; baseline 0.022 -2"><span class='ocrx_word' id='word_1_7' title='bbox 3669 351 3760 412; x_wconf 66' lang='grc' dir='ltr'><strong>δοῦ</strong></span> 
     </span>
    </p>
   </div>
   <div class='ocr_carea' id='block_1_4' title="bbox 479 460 3758 529">
    <p class='ocr_par' dir='ltr' id='par_1_4' title="bbox 479 460 3758 529">
     <span class='ocr_line' id='line_1_4' title="bbox 479 460 3758 529; baseline 0.003 -16"><span class='ocrx_word' id='word_1_8' title='bbox 479 473 618 513; x_wconf 70' lang='lat' dir='ltr'><strong>serta</strong></span> <span class='ocrx_word' id='word_1_9' title='bbox 652 471 756 524; x_wconf 84' lang='lat' dir='ltr'><strong>est.</strong></span> <span class='ocrx_word' id='word_1_10' title='bbox 788 461 856 517; x_wconf 90' lang='lat' dir='ltr'><strong>ita</strong></span> <span class='ocrx_word' id='word_1_11' title='bbox 889 472 1066 519; x_wconf 89' lang='lat' dir='ltr'><strong>tamen</strong></span> <span class='ocrx_word' id='word_1_12' title='bbox 1099 472 1178 529; x_wconf 92' lang='lat' dir='ltr'><strong>ut,</strong></span> <span class='ocrx_word' id='word_1_13' title='bbox 1225 472 1358 518; x_wconf 92' lang='lat' dir='ltr'><strong>teste</strong></span> <span class='ocrx_word' id='word_1_14' title='bbox 1402 463 1747 525; x_wconf 85' lang='lat' dir='ltr'><strong>Bellarmino,</strong></span> <span class='ocrx_word' id='word_1_15' title='bbox 1783 461 1878 516; x_wconf 87' lang='lat' dir='ltr'><strong>lib.</strong></span> <span class='ocrx_word' id='word_1_16' title='bbox 1922 477 1972 514; x_wconf 79' lang='lat' dir='ltr'><strong>tv</strong></span> <span class='ocrx_word' id='word_1_17' title='bbox 2000 460 2067 515; x_wconf 91' lang='lat' dir='ltr'><strong>de</strong></span> <span class='ocrx_word' id='word_1_18' title='bbox 2094 463 2142 520; x_wconf 76' lang='grc' dir='ltr'><strong>Δ</strong></span> <span class='ocrx_word' id='word_1_19' title='bbox 2171 463 2393 529; x_wconf 80' lang='lat' dir='ltr'><strong>epistola</strong></span> <span class='ocrx_word' id='word_1_20' title='bbox 2437 463 2689 520; x_wconf 86' lang='lat' dir='ltr'><strong>laudata:</strong></span> <span class='ocrx_word' id='word_1_21' title='bbox 2726 482 2746 517; x_wconf 75' lang='lat' dir='ltr'><strong>t</strong></span> <span class='ocrx_word' id='word_1_22' title='bbox 2779 465 2875 520; x_wconf 85' lang='lat' dir='ltr'><strong>Ubi</strong></span> <span class='ocrx_word' id='word_1_23' title='bbox 2902 478 2988 520; x_wconf 88' lang='lat' dir='ltr'><strong>res</strong></span> <span class='ocrx_word' id='word_1_24' title='bbox 3035 466 3346 522; x_wconf 86' lang='lat' dir='ltr'><strong>naturaliter</strong></span> <span class='ocrx_word' id='word_1_25' title='bbox 3386 467 3629 524; x_wconf 85' lang='lat' dir='ltr'><strong>obscura</strong></span> <span class='ocrx_word' id='word_1_26' title='bbox 3674 488 3758 524; x_wconf 83' lang='lat' dir='ltr'><strong>no-</strong></span> 
     </span>
    </p>
   </div>
   <div class='ocr_carea' id='block_1_5' title="bbox 482 555 2066 624">
    <p class='ocr_par' dir='ltr' id='par_1_5' title="bbox 482 555 2066 624">
     <span class='ocr_line' id='line_1_5' title="bbox 482 555 2066 624; baseline 0.004 -20"><span class='ocrx_word' id='word_1_27' title='bbox 482 555 785 608; x_wconf 77' lang='lat' dir='ltr'><strong>Annssione</strong></span> <span class='ocrx_word' id='word_1_28' title='bbox 812 558 998 623; x_wconf 68' lang='lat' dir='ltr'><strong>gratia:</strong></span> <span class='ocrx_word' id='word_1_29' title='bbox 1037 566 1085 609; x_wconf 91' lang='lat' dir='ltr'><strong>et</strong></span> <span class='ocrx_word' id='word_1_30' title='bbox 1130 557 1280 610; x_wconf 83' lang='lat' dir='ltr'><strong>Statu</strong></span> <span class='ocrx_word' id='word_1_31' title='bbox 1316 555 1541 620; x_wconf 75' lang='lat' dir='ltr'><strong>peccati.</strong></span> <span class='ocrx_word' id='word_1_32' title='bbox 1577 571 1696 624; x_wconf 91' lang='lat' dir='ltr'><strong>cap.</strong></span> <span class='ocrx_word' id='word_1_33' title='bbox 1739 557 1822 620; x_wconf 87' lang='lat' dir='ltr'><strong>l0,</strong></span> <span class='ocrx_word' id='word_1_34' title='bbox 1857 555 1908 610; x_wconf 92' lang='lat' dir='ltr'><strong>in</strong></span> <span class='ocrx_word' id='word_1_35' title='bbox 1937 555 2066 618; x_wconf 82' lang='lat' dir='ltr'><strong>line,</strong></span> 
     </span>
    </p>
   </div>
   <div class='ocr_carea' id='block_1_6' title="bbox 484 647 2071 719">
    <p class='ocr_par' dir='ltr' id='par_1_6' title="bbox 484 647 2071 719">
     <span class='ocr_line' id='line_1_6' title="bbox 484 647 2071 719; baseline 0.004 -25"><span class='ocrx_word' id='word_1_36' title='bbox 484 647 657 699; x_wconf 81' lang='lat' dir='ltr'><strong>adhuc</strong></span> <span class='ocrx_word' id='word_1_37' title='bbox 699 663 803 701; x_wconf 91' lang='lat' dir='ltr'><strong>n0n</strong></span> <span class='ocrx_word' id='word_1_38' title='bbox 835 649 1030 711; x_wconf 94' lang='lat' dir='ltr'><strong>desint,</strong></span> <span class='ocrx_word' id='word_1_39' title='bbox 1063 651 1149 717; x_wconf 80' lang='lat' dir='ltr'><strong>qui</strong></span> <span class='ocrx_word' id='word_1_40' title='bbox 1179 651 1229 700; x_wconf 84' lang='lat' dir='ltr'><strong>in</strong></span> <span class='ocrx_word' id='word_1_41' title='bbox 1273 666 1331 701; x_wconf 85' lang='lat' dir='ltr'><strong>ea</strong></span> <span class='ocrx_word' id='word_1_42' title='bbox 1361 650 1522 701; x_wconf 75' lang='lat' dir='ltr'><strong>sancti</strong></span> <span class='ocrx_word' id='word_1_43' title='bbox 1562 649 1835 719; x_wconf 81' lang='lat' dir='ltr'><strong>Augustini</strong></span> <span class='ocrx_word' id='word_1_44' title='bbox 1865 649 2071 701; x_wconf 77' lang='lat' dir='ltr'><strong>dubita-</strong></span> 
     </span>
    </p>
   </div>
   <div class='ocr_carea' id='block_1_7' title="bbox 483 737 2069 807">
    <p class='ocr_par' dir='ltr' id='par_1_7' title="bbox 483 737 2069 807">
     <span class='ocr_line' id='line_1_7' title="bbox 483 737 2069 807; baseline 0.004 -21"><span class='ocrx_word' id='word_1_45' title='bbox 483 737 620 788; x_wconf 75' lang='lat' dir='ltr'><strong>tione</strong></span> <span class='ocrx_word' id='word_1_46' title='bbox 681 738 980 791; x_wconf 62' lang='lat' dir='ltr'><strong>[terendum</strong></span> <span class='ocrx_word' id='word_1_47' title='bbox 1025 747 1282 791; x_wconf 76' lang='lat' dir='ltr'><strong>censeant.</strong></span> <span class='ocrx_word' id='word_1_48' title='bbox 1342 739 1518 792; x_wconf 83' lang='lat' dir='ltr'><strong>Estius</strong></span> <span class='ocrx_word' id='word_1_49' title='bbox 1560 739 1807 807; x_wconf 85' lang='lat' dir='ltr'><strong>quidem,</strong></span> <span class='ocrx_word' id='word_1_50' title='bbox 1877 737 2069 793; x_wconf 80' lang='lat' dir='ltr'><strong>nubilis</strong></span> 
     </span>
    </p>
   </div>
   <div class='ocr_carea' id='block_1_8' title="bbox 485 809 2064 900">
    <p class='ocr_par' dir='ltr' id='par_1_8' title="bbox 485 809 2064 900">
     <span class='ocr_line' id='line_1_8' title="bbox 485 809 2064 900; baseline 0.004 -21"><span class='ocrx_word' id='word_1_51' title='bbox 485 830 787 896; x_wconf 56' lang='lat' dir='ltr'><strong>theologus,</strong></span> <span class='ocrx_word' id='word_1_52' title='bbox 837 809 1021 882; x_wconf 73' lang='lat' dir='ltr'><strong>scribit</strong></span> <span class='ocrx_word' id='word_1_53' title='bbox 1051 829 1085 880; x_wconf 54' lang='grc' dir='ltr'>ἓ</span> <span class='ocrx_word' id='word_1_54' title='bbox 1134 830 1559 893; x_wconf 84' lang='lat' dir='ltr'><strong>Sententiarum,</strong></span> <span class='ocrx_word' id='word_1_55' title='bbox 1607 831 1732 884; x_wconf 82' lang='lat' dir='ltr'><strong>dist.</strong></span> <span class='ocrx_word' id='word_1_56' title='bbox 1785 829 1930 900; x_wconf 60' lang='grc' dir='ltr'><strong>ης</strong></span> <span class='ocrx_word' id='word_1_57' title='bbox 1977 831 2064 898; x_wconf 73' lang='grc'><strong>14,</strong></span> 
     </span>
    </p>
   </div>
   <div class='ocr_carea' id='block_1_9' title="bbox 486 919 2061 988">
    <p class='ocr_par' dir='ltr' id='par_1_9' title="bbox 486 919 2061 988">
     <span class='ocr_line' id='line_1_9' title="bbox 486 919 2061 988; baseline 0.003 -19"><span class='ocrx_word' id='word_1_58' title='bbox 486 922 614 970; x_wconf 75' lang='lat' dir='ltr'><strong>nihil</strong></span> <span class='ocrx_word' id='word_1_59' title='bbox 644 936 763 972; x_wconf 77' lang='lat' dir='ltr'><strong>esse</strong></span> <span class='ocrx_word' id='word_1_60' title='bbox 802 921 869 972; x_wconf 92' lang='lat' dir='ltr'><strong>de</strong></span> <span class='ocrx_word' id='word_1_61' title='bbox 911 920 1114 985; x_wconf 82' lang='lat' dir='ltr'><strong>origine</strong></span> <span class='ocrx_word' id='word_1_62' title='bbox 1145 921 1337 973; x_wconf 74' lang='lat' dir='ltr'><strong>anima:</strong></span> <span class='ocrx_word' id='word_1_63' title='bbox 1375 921 1442 973; x_wconf 87' lang='lat' dir='ltr'><strong>ab</strong></span> <span class='ocrx_word' id='word_1_64' title='bbox 1475 919 1713 975; x_wconf 79' lang='lat' dir='ltr'><strong>Ecclesia</strong></span> <span class='ocrx_word' id='word_1_65' title='bbox 1762 921 2061 988; x_wconf 89' lang='lat' dir='ltr'><strong>deliuitum,</strong></span> 
     </span>
    </p>
   </div>
   <div class='ocr_carea' id='block_1_10' title="bbox 484 1011 2062 1081">
    <p class='ocr_par' dir='ltr' id='par_1_10' title="bbox 484 1011 2062 1081">
     <span class='ocr_line' id='line_1_10' title="bbox 484 1011 2062 1081; baseline 0.006 -21"><span class='ocrx_word' id='word_1_66' title='bbox 484 1026 581 1063; x_wconf 85' lang='lat' dir='ltr'><strong>nec</strong></span> <span class='ocrx_word' id='word_1_67' title='bbox 606 1011 814 1063; x_wconf 47' lang='lat' dir='ltr'><strong>futuros</strong></span> <span class='ocrx_word' id='word_1_68' title='bbox 844 1012 986 1063; x_wconf 76' lang='lat' dir='ltr'><strong>l-.e~:e</strong></span> <span class='ocrx_word' id='word_1_69' title='bbox 1029 1013 1146 1064; x_wconf 89' lang='lat' dir='ltr'><strong>lidei</strong></span> <span class='ocrx_word' id='word_1_70' title='bbox 1180 1028 1300 1064; x_wconf 83' lang='lat' dir='ltr'><strong>reos</strong></span> <span class='ocrx_word' id='word_1_71' title='bbox 1325 1015 1412 1081; x_wconf 88' lang='lat' dir='ltr'><strong>qui</strong></span> <span class='ocrx_word' id='word_1_72' title='bbox 1458 1029 1517 1066; x_wconf 83' lang='lat' dir='ltr'><strong>ea</strong></span> <span class='ocrx_word' id='word_1_73' title='bbox 1551 1015 1618 1066; x_wconf 91' lang='lat' dir='ltr'><strong>de</strong></span> <span class='ocrx_word' id='word_1_74' title='bbox 1658 1030 1713 1067; x_wconf 89' lang='lat' dir='ltr'><strong>re</strong></span> <span class='ocrx_word' id='word_1_75' title='bbox 1735 1013 2062 1070; x_wconf 76' lang='lat' dir='ltr'><strong>dubitarent.</strong></span> 
     </span>
    </p>
   </div>
   <div class='ocr_carea' id='block_1_11' title="bbox 482 1101 2067 1170">
    <p class='ocr_par' dir='ltr' id='par_1_11' title="bbox 482 1101 2067 1170">
     <span class='ocr_line' id='line_1_11' title="bbox 482 1101 2067 1170; baseline 0.004 -17"><span class='ocrx_word' id='word_1_76' title='bbox 482 1101 586 1153; x_wconf 80' lang='lat' dir='ltr'><strong>Sed</strong></span> <span class='ocrx_word' id='word_1_77' title='bbox 623 1103 848 1154; x_wconf 83' lang='lat' dir='ltr'><strong>viderint</strong></span> <span class='ocrx_word' id='word_1_78' title='bbox 871 1102 944 1155; x_wconf 92' lang='lat' dir='ltr'><strong>illi</strong></span> <span class='ocrx_word' id='word_1_79' title='bbox 973 1102 1061 1170; x_wconf 93' lang='lat' dir='ltr'><strong>qui</strong></span> <span class='ocrx_word' id='word_1_80' title='bbox 1091 1103 1161 1155; x_wconf 89' lang='lat' dir='ltr'><strong>ita</strong></span> <span class='ocrx_word' id='word_1_81' title='bbox 1190 1102 1338 1156; x_wconf 86' lang='lat' dir='ltr'><strong>dubii</strong></span> <span class='ocrx_word' id='word_1_82' title='bbox 1369 1103 1542 1155; x_wconf 88' lang='lat' dir='ltr'><strong>adhuc</strong></span> <span class='ocrx_word' id='word_1_83' title='bbox 1572 1119 1690 1158; x_wconf 64' lang='lat' dir='ltr'><strong>esse</strong></span> <span class='ocrx_word' id='word_1_84' title='bbox 1719 1105 1952 1169; x_wconf 79' lang='lat' dir='ltr'><strong>vellent;</strong></span> <span class='ocrx_word' id='word_1_85' title='bbox 1984 1113 2067 1159; x_wconf 86' lang='lat' dir='ltr'><strong>sat</strong></span> 
     </span>
    </p>
   </div>
   <div class='ocr_carea' id='block_1_12' title="bbox 484 1191 2056 1264">
    <p class='ocr_par' dir='ltr' id='par_1_12' title="bbox 484 1191 2056 1264">
     <span class='ocr_line' id='line_1_12' title="bbox 484 1191 2056 1264; baseline 0.004 -21"><span class='ocrx_word' id='word_1_86' title='bbox 484 1193 612 1243; x_wconf 84' lang='lat' dir='ltr'><strong>mihi</strong></span> <span class='ocrx_word' id='word_1_87' title='bbox 642 1203 720 1244; x_wconf 86' lang='lat' dir='ltr'><strong>est</strong></span> <span class='ocrx_word' id='word_1_88' title='bbox 750 1191 1049 1246; x_wconf 82' lang='lat' dir='ltr'><strong>ostendisse.</strong></span> <span class='ocrx_word' id='word_1_89' title='bbox 1073 1194 1193 1261; x_wconf 83' lang='lat' dir='ltr'><strong>jnte</strong></span> <span class='ocrx_word' id='word_1_90' title='bbox 1240 1194 1592 1259; x_wconf 68' lang='lat' dir='ltr'><strong>Augustinum</strong></span> <span class='ocrx_word' id='word_1_91' title='bbox 1621 1195 1688 1249; x_wconf 88' lang='lat' dir='ltr'><strong>de</strong></span> <span class='ocrx_word' id='word_1_92' title='bbox 1718 1194 1923 1264; x_wconf 80' lang='lat' dir='ltr'><strong>origine</strong></span> <span class='ocrx_word' id='word_1_93' title='bbox 1951 1195 2056 1249; x_wconf 84' lang='lat' dir='ltr'><strong>ani-</strong></span> 
     </span>
    </p>
   </div>
   <div class='ocr_carea' id='block_1_13' title="bbox 482 1285 2065 1356">
    <p class='ocr_par' dir='ltr' id='par_1_13' title="bbox 482 1285 2065 1356">
     <span class='ocr_line' id='line_1_13' title="bbox 482 1285 2065 1356; baseline 0.006 -23"><span class='ocrx_word' id='word_1_94' title='bbox 482 1302 511 1333; x_wconf 75' lang='grc' dir='ltr'><strong>ιτ</strong></span> <span class='ocrx_word' id='word_1_95' title='bbox 539 1300 584 1335; x_wconf 82' lang='lat' dir='ltr'><strong>:e</strong></span> <span class='ocrx_word' id='word_1_96' title='bbox 632 1285 923 1348; x_wconf 72' lang='lat' dir='ltr'><strong>dubitasse,</strong></span> <span class='ocrx_word' id='word_1_97' title='bbox 971 1300 1198 1354; x_wconf 90' lang='lat' dir='ltr'><strong>eamque</strong></span> <span class='ocrx_word' id='word_1_98' title='bbox 1242 1285 1628 1339; x_wconf 72' lang='lat' dir='ltr'><strong>dubitationem</strong></span> <span class='ocrx_word' id='word_1_99' title='bbox 1661 1301 1758 1355; x_wconf 90' lang='lat' dir='ltr'><strong>per</strong></span> <span class='ocrx_word' id='word_1_100' title='bbox 1789 1286 1939 1356; x_wconf 89' lang='lat' dir='ltr'><strong>plura</strong></span> <span class='ocrx_word' id='word_1_101' title='bbox 1969 1303 2065 1342; x_wconf 61' lang='lat' dir='ltr'><strong>sas-</strong></span> 
     </span>
    </p>
   </div>
   <div class='ocr_carea' id='block_1_14' title="bbox 479 1378 2062 1447">
    <p class='ocr_par' dir='ltr' id='par_1_14' title="bbox 479 1378 2062 1447">
     <span class='ocr_line' id='line_1_14' title="bbox 479 1378 2062 1447; baseline 0.004 -21"><span class='ocrx_word' id='word_1_102' title='bbox 479 1378 594 1428; x_wconf 83' lang='lat' dir='ltr'><strong>cula</strong></span> <span class='ocrx_word' id='word_1_103' title='bbox 628 1378 829 1432; x_wconf 84' lang='lat' dir='ltr'><strong>sanctis</strong></span> <span class='ocrx_word' id='word_1_104' title='bbox 861 1378 1107 1432; x_wconf 74' lang='lat' dir='ltr'><strong>l’atribus</strong></span> <span class='ocrx_word' id='word_1_105' title='bbox 1136 1379 1420 1446; x_wconf 87' lang='lat' dir='ltr'><strong>placuisse.</strong></span> <span class='ocrx_word' id='word_1_106' title='bbox 1449 1379 1592 1432; x_wconf 84' lang='lat' dir='ltr'><strong>Sane</strong></span> <span class='ocrx_word' id='word_1_107' title='bbox 1617 1379 2062 1447; x_wconf 90' lang='lat' dir='ltr'><strong>prudentissimus</strong></span> 
     </span>
    </p>
   </div>
   <div class='ocr_carea' id='block_1_15' title="bbox 479 1468 2060 1538">
    <p class='ocr_par' dir='ltr' id='par_1_15' title="bbox 479 1468 2060 1538">
     <span class='ocr_line' id='line_1_15' title="bbox 479 1468 2060 1538; baseline 0.003 -20"><span class='ocrx_word' id='word_1_108' title='bbox 479 1469 646 1520; x_wconf 73' lang='lat' dir='ltr'><strong>Iui~se</strong></span> <span class='ocrx_word' id='word_1_109' title='bbox 676 1468 934 1522; x_wconf 89' lang='lat' dir='ltr'><strong>dicendus</strong></span> <span class='ocrx_word' id='word_1_110' title='bbox 966 1479 1070 1533; x_wconf 90' lang='lat' dir='ltr'><strong>est,</strong></span> <span class='ocrx_word' id='word_1_111' title='bbox 1101 1470 1190 1538; x_wconf 93' lang='lat' dir='ltr'><strong>qui</strong></span> <span class='ocrx_word' id='word_1_112' title='bbox 1222 1470 1271 1522; x_wconf 94' lang='lat' dir='ltr'><strong>in</strong></span> <span class='ocrx_word' id='word_1_113' title='bbox 1303 1470 1602 1538; x_wconf 65' lang='lat' dir='ltr'><strong>quazstione</strong></span> <span class='ocrx_word' id='word_1_114' title='bbox 1631 1469 1944 1523; x_wconf 87' lang='lat' dir='ltr'><strong>dillicillima</strong></span> <span class='ocrx_word' id='word_1_115' title='bbox 1971 1469 2060 1538; x_wconf 85' lang='lat' dir='ltr'><strong>ju-</strong></span> 
     </span>
    </p>
   </div>
   <div class='ocr_carea' id='block_1_16' title="bbox 476 1559 2062 1628">
    <p class='ocr_par' dir='ltr' id='par_1_16' title="bbox 476 1559 2062 1628">
     <span class='ocr_line' id='line_1_16' title="bbox 476 1559 2062 1628; baseline 0.005 -20"><span class='ocrx_word' id='word_1_116' title='bbox 476 1559 672 1611; x_wconf 87' lang='lat' dir='ltr'><strong>dicium</strong></span> <span class='ocrx_word' id='word_1_117' title='bbox 698 1561 994 1628; x_wconf 82' lang='lat' dir='ltr'><strong>suSpendit,</strong></span> <span class='ocrx_word' id='word_1_118' title='bbox 1027 1577 1146 1614; x_wconf 89' lang='lat' dir='ltr'><strong>cum</strong></span> <span class='ocrx_word' id='word_1_119' title='bbox 1179 1563 1309 1614; x_wconf 82' lang='lat' dir='ltr'><strong>nihil</strong></span> <span class='ocrx_word' id='word_1_120' title='bbox 1352 1563 1484 1616; x_wconf 79' lang='lat' dir='ltr'><strong>certi</strong></span> <span class='ocrx_word' id='word_1_121' title='bbox 1515 1561 1582 1614; x_wconf 88' lang='lat' dir='ltr'><strong>ab</strong></span> <span class='ocrx_word' id='word_1_122' title='bbox 1617 1561 1857 1616; x_wconf 79' lang='lat' dir='ltr'><strong>Ecclesia</strong></span> <span class='ocrx_word' id='word_1_123' title='bbox 1881 1562 2062 1617; x_wconf 74' lang='lat' dir='ltr'><strong>defini-</strong></span> 
     </span>
    </p>
   </div>
   <div class='ocr_carea' id='block_1_17' title="bbox 478 1652 2056 1707">
    <p class='ocr_par' dir='ltr' id='par_1_17' title="bbox 478 1652 2056 1707">
     <span class='ocr_line' id='line_1_17' title="bbox 478 1652 2056 1707; baseline 0.004 -7"><span class='ocrx_word' id='word_1_124' title='bbox 478 1660 587 1700; x_wconf 88' lang='lat' dir='ltr'><strong>tum</strong></span> <span class='ocrx_word' id='word_1_125' title='bbox 620 1664 738 1702; x_wconf 90' lang='lat' dir='ltr'><strong>esse</strong></span> <span class='ocrx_word' id='word_1_126' title='bbox 768 1654 927 1704; x_wconf 80' lang='lat' dir='ltr'><strong>sciret</strong></span> <span class='ocrx_word' id='word_1_127' title='bbox 961 1667 974 1704; x_wconf 88' lang='lat'><strong>:</strong></span> <span class='ocrx_word' id='word_1_128' title='bbox 1006 1670 1022 1700; x_wconf 74' lang='grc' dir='ltr'>ι</span> <span class='ocrx_word' id='word_1_129' title='bbox 1063 1652 1160 1706; x_wconf 88' lang='lat' dir='ltr'><strong>Ubi</strong></span> <span class='ocrx_word' id='word_1_130' title='bbox 1193 1655 1332 1706; x_wconf 84' lang='lat' dir='ltr'><strong>enim</strong></span> <span class='ocrx_word' id='word_1_131' title='bbox 1363 1653 1429 1706; x_wconf 87' lang='lat' dir='ltr'><strong>de</strong></span> <span class='ocrx_word' id='word_1_132' title='bbox 1453 1668 1509 1706; x_wconf 91' lang='lat' dir='ltr'><strong>re</strong></span> <span class='ocrx_word' id='word_1_133' title='bbox 1536 1653 1916 1707; x_wconf 75' lang='lat' dir='ltr'><strong>obscurissima</strong></span> <span class='ocrx_word' id='word_1_134' title='bbox 1946 1654 2056 1707; x_wconf 85' lang='lat' dir='ltr'><strong>dis-</strong></span> 
     </span>
    </p>
   </div>
   <div class='ocr_carea' id='block_1_18' title="bbox 480 1744 2057 1812">
    <p class='ocr_par' dir='ltr' id='par_1_18' title="bbox 480 1744 2057 1812">
     <span class='ocr_line' id='line_1_18' title="bbox 480 1744 2057 1812; baseline 0.006 -25"><span class='ocrx_word' id='word_1_135' title='bbox 480 1750 718 1806; x_wconf 75' lang='lat' dir='ltr'><strong>putatur,</strong></span> <span class='ocrx_word' id='word_1_136' title='bbox 769 1758 872 1795; x_wconf 87' lang='lat' dir='ltr'><strong>non</strong></span> <span class='ocrx_word' id='word_1_137' title='bbox 911 1759 939 1796; x_wconf 90' lang='lat' dir='ltr'><strong>a</strong></span> <span class='ocrx_word' id='word_1_138' title='bbox 966 1744 1288 1812; x_wconf 75' lang='lat' dir='ltr'><strong>‘juvantihtts</strong></span> <span class='ocrx_word' id='word_1_139' title='bbox 1319 1745 1617 1798; x_wconf 83' lang='lat' dir='ltr'><strong>divinarum</strong></span> <span class='ocrx_word' id='word_1_140' title='bbox 1657 1745 2057 1809; x_wconf 88' lang='lat' dir='ltr'><strong>Scripturarnm</strong></span> 
     </span>
    </p>
   </div>
   <div class='ocr_carea' id='block_1_19' title="bbox 2171 555 3752 629">
    <p class='ocr_par' dir='ltr' id='par_1_19' title="bbox 2171 555 3752 629">
     <span class='ocr_line' id='line_1_19' title="bbox 2171 555 3752 629; baseline 0.006 -23"><span class='ocrx_word' id='word_1_141' title='bbox 2171 564 2341 608; x_wconf 90' lang='lat' dir='ltr'><strong>strum</strong></span> <span class='ocrx_word' id='word_1_142' title='bbox 2393 555 2667 610; x_wconf 89' lang='lat' dir='ltr'><strong>modulum</strong></span> <span class='ocrx_word' id='word_1_143' title='bbox 2709 558 2904 621; x_wconf 80' lang='lat' dir='ltr'><strong>vincit,</strong></span> <span class='ocrx_word' id='word_1_144' title='bbox 2942 565 2996 612; x_wconf 91' lang='lat' dir='ltr'><strong>et</strong></span> <span class='ocrx_word' id='word_1_145' title='bbox 3045 568 3229 626; x_wconf 85' lang='lat' dir='ltr'><strong>aperte</strong></span> <span class='ocrx_word' id='word_1_146' title='bbox 3258 560 3433 614; x_wconf 88' lang='lat' dir='ltr'><strong>divina</strong></span> <span class='ocrx_word' id='word_1_147' title='bbox 3475 561 3752 629; x_wconf 79' lang='lat' dir='ltr'><strong>Scriptura</strong></span> 
     </span>
    </p>
   </div>
   <div class='ocr_carea' id='block_1_20' title="bbox 2172 647 3753 719">
    <p class='ocr_par' dir='ltr' id='par_1_20' title="bbox 2172 647 3753 719">
     <span class='ocr_line' id='line_1_20' title="bbox 2172 647 3753 719; baseline 0.008 -21"><span class='ocrx_word' id='word_1_148' title='bbox 2172 660 2277 698; x_wconf 94' lang='lat' dir='ltr'><strong>non</strong></span> <span class='ocrx_word' id='word_1_149' title='bbox 2314 647 2589 714; x_wconf 90' lang='lat' dir='ltr'><strong>subvenit,</strong></span> <span class='ocrx_word' id='word_1_150' title='bbox 2635 659 2838 704; x_wconf 87' lang='lat' dir='ltr'><strong>temere</strong></span> <span class='ocrx_word' id='word_1_151' title='bbox 2866 650 2991 704; x_wconf 91' lang='lat' dir='ltr'><strong>hinc</strong></span> <span class='ocrx_word' id='word_1_152' title='bbox 3029 650 3226 719; x_wconf 86' lang='lat' dir='ltr'><strong>aliquid</strong></span> <span class='ocrx_word' id='word_1_153' title='bbox 3259 651 3478 706; x_wconf 85' lang='lat' dir='ltr'><strong>delinire</strong></span> <span class='ocrx_word' id='word_1_154' title='bbox 3526 653 3753 710; x_wconf 62' lang='lat' dir='ltr'><strong>humata</strong></span> 
     </span>
    </p>
   </div>
   <div class='ocr_carea' id='block_1_21' title="bbox 2169 737 3754 811">
    <p class='ocr_par' dir='ltr' id='par_1_21' title="bbox 2169 737 3754 811">
     <span class='ocr_line' id='line_1_21' title="bbox 2169 737 3754 811; baseline 0.006 -21"><span class='ocrx_word' id='word_1_155' title='bbox 2169 737 2477 806; x_wconf 80' lang='lat' dir='ltr'><strong>conjectura</strong></span> <span class='ocrx_word' id='word_1_156' title='bbox 2524 741 2821 808; x_wconf 67' lang='lat' dir='ltr'><strong>praesumit.</strong></span> <span class='ocrx_word' id='word_1_157' title='bbox 2854 759 2873 792; x_wconf 77' lang='grc' dir='ltr'><strong><em>ι</em></strong></span> <span class='ocrx_word' id='word_1_158' title='bbox 2913 740 3066 796; x_wconf 88' lang='lat' dir='ltr'><strong>Unde</strong></span> <span class='ocrx_word' id='word_1_159' title='bbox 3101 741 3240 806; x_wconf 88' lang='lat' dir='ltr'><strong>apud</strong></span> <span class='ocrx_word' id='word_1_160' title='bbox 3284 742 3654 811; x_wconf 80' lang='lat' dir='ltr'><strong>Augustinum</strong></span> <span class='ocrx_word' id='word_1_161' title='bbox 3694 746 3754 799; x_wconf 85' lang='lat' dir='ltr'><strong>in-</strong></span> 
     </span>
    </p>
   </div>
   <div class='ocr_carea' id='block_1_22' title="bbox 2168 831 3749 905">
    <p class='ocr_par' dir='ltr' id='par_1_22' title="bbox 2168 831 3749 905">
     <span class='ocr_line' id='line_1_22' title="bbox 2168 831 3749 905; baseline 0.004 -21"><span class='ocrx_word' id='word_1_162' title='bbox 2168 831 2506 885; x_wconf 88' lang='lat' dir='ltr'><strong>considerata</strong></span> <span class='ocrx_word' id='word_1_163' title='bbox 2539 834 2702 886; x_wconf 90' lang='lat' dir='ltr'><strong>etiam</strong></span> <span class='ocrx_word' id='word_1_164' title='bbox 2733 835 3038 888; x_wconf 86' lang='lat' dir='ltr'><strong>temeritate</strong></span> <span class='ocrx_word' id='word_1_165' title='bbox 3085 834 3174 888; x_wconf 88' lang='lat' dir='ltr'><strong>alii</strong></span> <span class='ocrx_word' id='word_1_166' title='bbox 3224 835 3492 890; x_wconf 87' lang='lat' dir='ltr'><strong>mordicus</strong></span> <span class='ocrx_word' id='word_1_167' title='bbox 3533 840 3749 905; x_wconf 74' lang='lat' dir='ltr'><strong>opposi~</strong></span> 
     </span>
    </p>
   </div>
   <div class='ocr_carea' id='block_1_23' title="bbox 2170 922 3752 983">
    <p class='ocr_par' dir='ltr' id='par_1_23' title="bbox 2170 922 3752 983">
     <span class='ocr_line' id='line_1_23' title="bbox 2170 922 3752 983; baseline 0.007 -11"><span class='ocrx_word' id='word_1_168' title='bbox 2170 929 2275 973; x_wconf 91' lang='lat' dir='ltr'><strong>tam</strong></span> <span class='ocrx_word' id='word_1_169' title='bbox 2305 922 2624 976; x_wconf 85' lang='lat' dir='ltr'><strong>sententiam</strong></span> <span class='ocrx_word' id='word_1_170' title='bbox 2666 923 2733 977; x_wconf 92' lang='lat' dir='ltr'><strong>de</strong></span> <span class='ocrx_word' id='word_1_171' title='bbox 2763 924 3061 977; x_wconf 89' lang='lat' dir='ltr'><strong>animarum</strong></span> <span class='ocrx_word' id='word_1_172' title='bbox 3096 924 3373 978; x_wconf 81' lang='lat' dir='ltr'><strong>creatione</strong></span> <span class='ocrx_word' id='word_1_173' title='bbox 3397 927 3752 983; x_wconf 67' lang='lat' dir='ltr'><strong>sustfnebattt.</strong></span> 
     </span>
    </p>
   </div>
   <div class='ocr_carea' id='block_1_24' title="bbox 2171 1011 3751 1084">
    <p class='ocr_par' dir='ltr' id='par_1_24' title="bbox 2171 1011 3751 1084">
     <span class='ocr_line' id='line_1_24' title="bbox 2171 1011 3751 1084; baseline 0.005 -21"><span class='ocrx_word' id='word_1_174' title='bbox 2171 1011 2276 1064; x_wconf 88' lang='lat' dir='ltr'><strong>Sed</strong></span> <span class='ocrx_word' id='word_1_175' title='bbox 2305 1027 2480 1081; x_wconf 87' lang='lat' dir='ltr'><strong>neque</strong></span> <span class='ocrx_word' id='word_1_176' title='bbox 2510 1013 2652 1082; x_wconf 86' lang='lat' dir='ltr'><strong>quod</strong></span> <span class='ocrx_word' id='word_1_177' title='bbox 2683 1015 3014 1084; x_wconf 90' lang='lat' dir='ltr'><strong>Augustinus</strong></span> <span class='ocrx_word' id='word_1_178' title='bbox 3040 1014 3108 1068; x_wconf 89' lang='lat' dir='ltr'><strong>de</strong></span> <span class='ocrx_word' id='word_1_179' title='bbox 3145 1014 3412 1068; x_wconf 80' lang='lat' dir='ltr'><strong>sententia</strong></span> <span class='ocrx_word' id='word_1_180' title='bbox 3439 1015 3751 1072; x_wconf 85' lang='lat' dir='ltr'><strong>Tertulliani</strong></span> 
     </span>
    </p>
   </div>
   <div class='ocr_carea' id='block_1_25' title="bbox 2170 1100 3753 1164">
    <p class='ocr_par' dir='ltr' id='par_1_25' title="bbox 2170 1100 3753 1164">
     <span class='ocr_line' id='line_1_25' title="bbox 2170 1100 3753 1164; baseline 0.008 -12"><span class='ocrx_word' id='word_1_181' title='bbox 2170 1100 2304 1154; x_wconf 80' lang='lat' dir='ltr'><strong>dixit</strong></span> <span class='ocrx_word' id='word_1_182' title='bbox 2349 1113 2536 1158; x_wconf 89' lang='lat' dir='ltr'><strong>contra</strong></span> <span class='ocrx_word' id='word_1_183' title='bbox 2585 1107 2908 1160; x_wconf 87' lang='lat' dir='ltr'><strong>sententiam</strong></span> <span class='ocrx_word' id='word_1_184' title='bbox 2959 1106 3026 1160; x_wconf 88' lang='lat' dir='ltr'><strong>de</strong></span> <span class='ocrx_word' id='word_1_185' title='bbox 3069 1106 3290 1161; x_wconf 85' lang='lat' dir='ltr'><strong>traduce</strong></span> <span class='ocrx_word' id='word_1_186' title='bbox 3333 1108 3642 1162; x_wconf 85' lang='lat' dir='ltr'><strong>animarum</strong></span> <span class='ocrx_word' id='word_1_187' title='bbox 3694 1125 3753 1164; x_wconf 80' lang='lat' dir='ltr'><strong>eo</strong></span> 
     </span>
    </p>
   </div>
   <div class='ocr_carea' id='block_1_26' title="bbox 2169 1187 3752 1266">
    <p class='ocr_par' dir='ltr' id='par_1_26' title="bbox 2169 1187 3752 1266">
     <span class='ocr_line' id='line_1_26' title="bbox 2169 1187 3752 1266; baseline 0.008 -23"><span class='ocrx_word' id='word_1_188' title='bbox 2169 1192 2328 1246; x_wconf 88' lang='lat' dir='ltr'><strong>modo</strong></span> <span class='ocrx_word' id='word_1_189' title='bbox 2358 1209 2464 1263; x_wconf 92' lang='lat' dir='ltr'><strong>quo</strong></span> <span class='ocrx_word' id='word_1_190' title='bbox 2486 1195 2554 1248; x_wconf 85' lang='lat' dir='ltr'><strong>ab</strong></span> <span class='ocrx_word' id='word_1_191' title='bbox 2586 1195 2888 1263; x_wconf 73' lang='lat' dir='ltr'><strong>Augustino</strong></span> <span class='ocrx_word' id='word_1_192' title='bbox 2918 1187 3398 1266; x_wconf 9' lang='lat' dir='ltr'><strong>explicabatur,iut</strong></span> <span class='ocrx_word' id='word_1_193' title='bbox 3423 1203 3752 1266; x_wconf 69' lang='lat' dir='ltr'><strong>argumentis</strong></span> 
     </span>
    </p>
   </div>
   <div class='ocr_carea' id='block_1_27' title="bbox 2164 1285 3746 1354">
    <p class='ocr_par' dir='ltr' id='par_1_27' title="bbox 2164 1285 3746 1354">
     <span class='ocr_line' id='line_1_27' title="bbox 2164 1285 3746 1354; baseline 0.007 -22"><span class='ocrx_word' id='word_1_194' title='bbox 2164 1285 2446 1337; x_wconf 66' lang='lat' dir='ltr'><strong>contrariae</strong></span> <span class='ocrx_word' id='word_1_195' title='bbox 2493 1285 2775 1338; x_wconf 76' lang='lat' dir='ltr'><strong>sententia:</strong></span> <span class='ocrx_word' id='word_1_196' title='bbox 2828 1285 3200 1354; x_wconf 87' lang='lat' dir='ltr'><strong>responderet.</strong></span> <span class='ocrx_word' id='word_1_197' title='bbox 3248 1285 3629 1354; x_wconf 87' lang='lat' dir='ltr'><strong>accipiendum</strong></span> <span class='ocrx_word' id='word_1_198' title='bbox 3654 1300 3746 1343; x_wconf 83' lang='lat' dir='ltr'><strong>est.</strong></span> 
     </span>
    </p>
   </div>
   <div class='ocr_carea' id='block_1_28' title="bbox 2165 1373 3744 1446">
    <p class='ocr_par' dir='ltr' id='par_1_28' title="bbox 2165 1373 3744 1446">
     <span class='ocr_line' id='line_1_28' title="bbox 2165 1373 3744 1446; baseline 0.004 -20"><span class='ocrx_word' id='word_1_199' title='bbox 2165 1374 2295 1427; x_wconf 80' lang='lat' dir='ltr'><strong>Nam</strong></span> <span class='ocrx_word' id='word_1_200' title='bbox 2321 1373 2686 1430; x_wconf 84' lang='lat' dir='ltr'><strong>Tcrtullianus</strong></span> <span class='ocrx_word' id='word_1_201' title='bbox 2725 1376 2850 1431; x_wconf 92' lang='lat' dir='ltr'><strong>inde</strong></span> <span class='ocrx_word' id='word_1_202' title='bbox 2877 1379 2944 1430; x_wconf 90' lang='lat' dir='ltr'><strong>ab</strong></span> <span class='ocrx_word' id='word_1_203' title='bbox 2971 1377 3265 1444; x_wconf 83' lang='lat' dir='ltr'><strong>Augustino</strong></span> <span class='ocrx_word' id='word_1_204' title='bbox 3311 1377 3744 1446; x_wconf 88' lang='lat' dir='ltr'><strong>reprehenditur,</strong></span> 
     </span>
    </p>
   </div>
   <div class='ocr_carea' id='block_1_29' title="bbox 2165 1466 3748 1539">
    <p class='ocr_par' dir='ltr' id='par_1_29' title="bbox 2165 1466 3748 1539">
     <span class='ocr_line' id='line_1_29' title="bbox 2165 1466 3748 1539; baseline 0.005 -24"><span class='ocrx_word' id='word_1_205' title='bbox 2165 1478 2269 1516; x_wconf 92' lang='lat' dir='ltr'><strong>non</strong></span> <span class='ocrx_word' id='word_1_206' title='bbox 2310 1466 2451 1530; x_wconf 91' lang='lat' dir='ltr'><strong>quod</strong></span> <span class='ocrx_word' id='word_1_207' title='bbox 2507 1466 2779 1520; x_wconf 88' lang='lat' dir='ltr'><strong>traducem</strong></span> <span class='ocrx_word' id='word_1_208' title='bbox 2829 1467 3130 1522; x_wconf 88' lang='lat' dir='ltr'><strong>animarum</strong></span> <span class='ocrx_word' id='word_1_209' title='bbox 3183 1476 3427 1534; x_wconf 87' lang='lat' dir='ltr'><strong>poneret,</strong></span> <span class='ocrx_word' id='word_1_210' title='bbox 3481 1469 3584 1523; x_wconf 88' lang='lat' dir='ltr'><strong>sed</strong></span> <span class='ocrx_word' id='word_1_211' title='bbox 3618 1473 3748 1539; x_wconf 84' lang='lat' dir='ltr'><strong>quod</strong></span> 
     </span>
    </p>
   </div>
   <div class='ocr_carea' id='block_1_30' title="bbox 2163 1555 3747 1626">
    <p class='ocr_par' dir='ltr' id='par_1_30' title="bbox 2163 1555 3747 1626">
     <span class='ocr_line' id='line_1_30' title="bbox 2163 1555 3747 1626; baseline 0.003 -18"><span class='ocrx_word' id='word_1_212' title='bbox 2163 1570 2269 1608; x_wconf 86' lang='lat' dir='ltr'><strong>non</strong></span> <span class='ocrx_word' id='word_1_213' title='bbox 2295 1565 2438 1609; x_wconf 91' lang='lat' dir='ltr'><strong>recte</strong></span> <span class='ocrx_word' id='word_1_214' title='bbox 2468 1555 2614 1609; x_wconf 89' lang='lat' dir='ltr'><strong>illum</strong></span> <span class='ocrx_word' id='word_1_215' title='bbox 2647 1568 2936 1623; x_wconf 83' lang='lat' dir='ltr'><strong>assereret,</strong></span> <span class='ocrx_word' id='word_1_216' title='bbox 2969 1572 3090 1611; x_wconf 91' lang='lat' dir='ltr'><strong>cum</strong></span> <span class='ocrx_word' id='word_1_217' title='bbox 3121 1566 3331 1626; x_wconf 88' lang='lat' dir='ltr'><strong>putaret</strong></span> <span class='ocrx_word' id='word_1_218' title='bbox 3366 1557 3610 1612; x_wconf 87' lang='lat' dir='ltr'><strong>animam</strong></span> <span class='ocrx_word' id='word_1_219' title='bbox 3639 1575 3747 1618; x_wconf 80' lang='lat' dir='ltr'><strong>esse</strong></span> 
     </span>
    </p>
   </div>
   <div class='ocr_carea' id='block_1_31' title="bbox 2161 1650 3747 1722">
    <p class='ocr_par' dir='ltr' id='par_1_31' title="bbox 2161 1650 3747 1722">
     <span class='ocr_line' id='line_1_31' title="bbox 2161 1650 3747 1722; baseline 0.004 -22"><span class='ocrx_word' id='word_1_220' title='bbox 2161 1661 2472 1714; x_wconf 83' lang='lat' dir='ltr'><strong>corpoream</strong></span> <span class='ocrx_word' id='word_1_221' title='bbox 2525 1657 2686 1718; x_wconf 89' lang='lat' dir='ltr'><strong>atque</strong></span> <span class='ocrx_word' id='word_1_222' title='bbox 2711 1650 2846 1704; x_wconf 89' lang='lat' dir='ltr'><strong>adeo</strong></span> <span class='ocrx_word' id='word_1_223' title='bbox 2891 1665 2986 1718; x_wconf 90' lang='lat' dir='ltr'><strong>per</strong></span> <span class='ocrx_word' id='word_1_224' title='bbox 3013 1664 3196 1705; x_wconf 84' lang='lat' dir='ltr'><strong>semen</strong></span> <span class='ocrx_word' id='word_1_225' title='bbox 3229 1665 3554 1718; x_wconf 88' lang='lat' dir='ltr'><strong>corporeum</strong></span> <span class='ocrx_word' id='word_1_226' title='bbox 3594 1668 3747 1722; x_wconf 77' lang='lat' dir='ltr'><strong>gene-</strong></span> 
     </span>
    </p>
   </div>
   <div class='ocr_carea' id='block_1_32' title="bbox 2162 1740 3747 1813">
    <p class='ocr_par' dir='ltr' id='par_1_32' title="bbox 2162 1740 3747 1813">
     <span class='ocr_line' id='line_1_32' title="bbox 2162 1740 3747 1813; baseline 0.002 -21"><span class='ocrx_word' id='word_1_227' title='bbox 2162 1740 2329 1792; x_wconf 72' lang='lat' dir='ltr'><strong>rantis</strong></span> <span class='ocrx_word' id='word_1_228' title='bbox 2389 1740 2593 1794; x_wconf 86' lang='lat' dir='ltr'><strong>traduci</strong></span> <span class='ocrx_word' id='word_1_229' title='bbox 2629 1757 2642 1794; x_wconf 88' lang='lat'><strong>:</strong></span> <span class='ocrx_word' id='word_1_230' title='bbox 2680 1759 2698 1790; x_wconf 82' lang='lat' dir='ltr'><strong>t</strong></span> <span class='ocrx_word' id='word_1_231' title='bbox 2729 1740 2860 1795; x_wconf 84' lang='lat' dir='ltr'><strong>Nam</strong></span> <span class='ocrx_word' id='word_1_232' title='bbox 2901 1751 2956 1796; x_wconf 89' lang='lat' dir='ltr'><strong>et</strong></span> <span class='ocrx_word' id='word_1_233' title='bbox 2999 1743 3070 1794; x_wconf 90' lang='lat' dir='ltr'><strong>illi</strong></span> <span class='ocrx_word' id='word_1_234' title='bbox 3131 1742 3342 1813; x_wconf 67' lang='lat' dir='ltr'><strong>(SCl&#39;ibil</strong></span> <span class='ocrx_word' id='word_1_235' title='bbox 3396 1745 3747 1812; x_wconf 77' lang='lat' dir='ltr'><strong>Augustinus)</strong></span> 
     </span>
    </p>
   </div>
   <div class='ocr_carea' id='block_1_33' title="bbox 475 1830 3743 1906">
    <p class='ocr_par' dir='ltr' id='par_1_33' title="bbox 475 1830 3743 1906">
     <span class='ocr_line' id='line_1_33' title="bbox 475 1830 3743 1906; baseline 0.004 -24"><span class='ocrx_word' id='word_1_236' title='bbox 475 1834 636 1883; x_wconf 76' lang='lat' dir='ltr'><strong>rcttis</strong></span> <span class='ocrx_word' id='word_1_237' title='bbox 681 1833 950 1902; x_wconf 79' lang='lat' dir='ltr'><strong>ClariSqtte</strong></span> <span class='ocrx_word' id='word_1_238' title='bbox 989 1835 1348 1896; x_wconf 68' lang='lat' dir='ltr'><strong>documentis,</strong></span> <span class='ocrx_word' id='word_1_239' title='bbox 1379 1835 1633 1889; x_wconf 78' lang='lat' dir='ltr'><strong>(‘oh:hcre</strong></span> <span class='ocrx_word' id='word_1_240' title='bbox 1673 1851 1731 1890; x_wconf 74' lang='lat' dir='ltr'><strong>se</strong></span> <span class='ocrx_word' id='word_1_241' title='bbox 1767 1835 1926 1888; x_wconf 84' lang='lat' dir='ltr'><strong>debet</strong></span> <span class='ocrx_word' id='word_1_242' title='bbox 1957 1835 2055 1889; x_wconf 84' lang='lat' dir='ltr'><strong>hu-</strong></span> <span class='ocrx_word' id='word_1_243' title='bbox 2087 1832 2130 1891; x_wconf 84' lang='lat' dir='ltr'><strong>B</strong></span> <span class='ocrx_word' id='word_1_244' title='bbox 2158 1830 2245 1898; x_wconf 75' lang='grc' dir='ltr'><strong>(ιιιὶ</strong></span> <span class='ocrx_word' id='word_1_245' title='bbox 2294 1831 2502 1884; x_wconf 69' lang='lat' dir='ltr'><strong>animas</strong></span> <span class='ocrx_word' id='word_1_246' title='bbox 2533 1847 2594 1884; x_wconf 70' lang='grc' dir='ltr'><strong>εἰ</strong></span> <span class='ocrx_word' id='word_1_247' title='bbox 2645 1848 2748 1885; x_wconf 74' lang='lat' dir='ltr'><strong>una</strong></span> <span class='ocrx_word' id='word_1_248' title='bbox 2780 1835 3060 1902; x_wconf 74' lang='lat' dir='ltr'><strong>propagari</strong></span> <span class='ocrx_word' id='word_1_249' title='bbox 3105 1844 3374 1901; x_wconf 69' lang='grc' dir='ltr'><strong>ηεςετυηι,</strong></span> <span class='ocrx_word' id='word_1_250' title='bbox 3405 1851 3574 1906; x_wconf 84' lang='lat' dir='ltr'><strong>quam</strong></span> <span class='ocrx_word' id='word_1_251' title='bbox 3615 1835 3743 1890; x_wconf 71' lang='lat' dir='ltr'><strong>Deus</strong></span> 
     </span>
    </p>
   </div>
   <div class='ocr_carea' id='block_1_34' title="bbox 477 1925 2052 1994">
    <p class='ocr_par' dir='ltr' id='par_1_34' title="bbox 477 1925 2052 1994">
     <span class='ocr_line' id='line_1_34' title="bbox 477 1925 2052 1994; baseline 0.005 -22"><span class='ocrx_word' id='word_1_252' title='bbox 477 1937 632 1973; x_wconf 86' lang='lat' dir='ltr'><strong>mana</strong></span> <span class='ocrx_word' id='word_1_253' title='bbox 685 1927 1050 1992; x_wconf 66' lang='lat' dir='ltr'><strong>prmsumptio,</strong></span> <span class='ocrx_word' id='word_1_254' title='bbox 1091 1926 1219 1978; x_wconf 82' lang='lat' dir='ltr'><strong>nihil</strong></span> <span class='ocrx_word' id='word_1_255' title='bbox 1255 1925 1452 1980; x_wconf 78' lang='lat' dir='ltr'><strong>faciens</strong></span> <span class='ocrx_word' id='word_1_256' title='bbox 1503 1926 1552 1979; x_wconf 94' lang='lat' dir='ltr'><strong>in</strong></span> <span class='ocrx_word' id='word_1_257' title='bbox 1593 1937 1796 1994; x_wconf 79' lang='lat' dir='ltr'><strong>partem</strong></span> <span class='ocrx_word' id='word_1_258' title='bbox 1831 1928 2052 1981; x_wconf 77' lang='lat' dir='ltr'><strong>alteram</strong></span> 
     </span>
    </p>
   </div>
   <div class='ocr_carea' id='block_1_35' title="bbox 473 2011 2057 2086">
    <p class='ocr_par' dir='ltr' id='par_1_35' title="bbox 473 2011 2057 2086">
     <span class='ocr_line' id='line_1_35' title="bbox 473 2011 2057 2086; baseline 0.009 -28"><span class='ocrx_word' id='word_1_259' title='bbox 473 2011 812 2063; x_wconf 82' lang='lat' dir='ltr'><strong>declinando.</strong></span> <span class='ocrx_word' id='word_1_260' title='bbox 845 2032 864 2064; x_wconf 72' lang='grc' dir='ltr'><strong><em>ι</em></strong></span> <span class='ocrx_word' id='word_1_261' title='bbox 900 2020 972 2068; x_wconf 88' lang='lat' dir='ltr'><strong>Ita</strong></span> <span class='ocrx_word' id='word_1_262' title='bbox 1019 2031 1169 2068; x_wconf 90' lang='lat' dir='ltr'><strong>suam</strong></span> <span class='ocrx_word' id='word_1_263' title='bbox 1217 2019 1354 2071; x_wconf 88' lang='lat' dir='ltr'><strong>hanc</strong></span> <span class='ocrx_word' id='word_1_264' title='bbox 1386 2019 1788 2086; x_wconf 72' lang='lat' dir='ltr'><strong>perplexitatem</strong></span> <span class='ocrx_word' id='word_1_265' title='bbox 1819 2019 2057 2074; x_wconf 73' lang='lat' dir='ltr'><strong>defendit</strong></span> 
     </span>
    </p>
   </div>
   <div class='ocr_carea' id='block_1_36' title="bbox 475 2099 2054 2175">
    <p class='ocr_par' dir='ltr' id='par_1_36' title="bbox 475 2099 2054 2175">
     <span class='ocr_line' id='line_1_36' title="bbox 475 2099 2054 2175; baseline 0.008 -24"><span class='ocrx_word' id='word_1_266' title='bbox 475 2099 567 2152; x_wconf 79' lang='lat' dir='ltr'><strong>lib.</strong></span> <span class='ocrx_word' id='word_1_267' title='bbox 610 2115 646 2154; x_wconf 92' lang='lat' dir='ltr'><strong>ll</strong></span> <span class='ocrx_word' id='word_1_268' title='bbox 694 2102 760 2155; x_wconf 92' lang='lat' dir='ltr'><strong>de</strong></span> <span class='ocrx_word' id='word_1_269' title='bbox 791 2117 1131 2169; x_wconf 83' lang='lat' dir='ltr'><strong>peccatorum</strong></span> <span class='ocrx_word' id='word_1_270' title='bbox 1179 2107 1404 2171; x_wconf 79' lang='lat' dir='ltr'><strong>Meritis,</strong></span> <span class='ocrx_word' id='word_1_271' title='bbox 1455 2123 1571 2175; x_wconf 87' lang='lat' dir='ltr'><strong>cap.</strong></span> <span class='ocrx_word' id='word_1_272' title='bbox 1625 2107 1714 2163; x_wconf 81' lang='grc'><strong>56.</strong></span> <span class='ocrx_word' id='word_1_273' title='bbox 1757 2110 1893 2164; x_wconf 82' lang='lat' dir='ltr'><strong>l-linc</strong></span> <span class='ocrx_word' id='word_1_274' title='bbox 1934 2123 2054 2164; x_wconf 87' lang='lat' dir='ltr'><strong>cum</strong></span> 
     </span>
    </p>
   </div>
   <div class='ocr_carea' id='block_1_37' title="bbox 477 2193 2057 2272">
    <p class='ocr_par' dir='ltr' id='par_1_37' title="bbox 477 2193 2057 2272">
     <span class='ocr_line' id='line_1_37' title="bbox 477 2193 2057 2272; baseline 0.009 -28"><span class='ocrx_word' id='word_1_275' title='bbox 477 2193 748 2261; x_wconf 73' lang='lat' dir='ltr'><strong>Pelagiani</strong></span> <span class='ocrx_word' id='word_1_276' title='bbox 782 2211 847 2252; x_wconf 73' lang='lat' dir='ltr'><strong>ex</strong></span> <span class='ocrx_word' id='word_1_277' title='bbox 878 2199 1152 2252; x_wconf 81' lang='lat' dir='ltr'><strong>creatione</strong></span> <span class='ocrx_word' id='word_1_278' title='bbox 1178 2201 1496 2265; x_wconf 80' lang='lat' dir='ltr'><strong>animarum,</strong></span> <span class='ocrx_word' id='word_1_279' title='bbox 1525 2217 1682 2269; x_wconf 88' lang='lat' dir='ltr'><strong>quam</strong></span> <span class='ocrx_word' id='word_1_280' title='bbox 1715 2202 1876 2257; x_wconf 87' lang='lat' dir='ltr'><strong>altius</strong></span> <span class='ocrx_word' id='word_1_281' title='bbox 1898 2219 2057 2272; x_wconf 83' lang='lat' dir='ltr'><strong>exag-</strong></span> 
     </span>
    </p>
   </div>
   <div class='ocr_carea' id='block_1_38' title="bbox 475 2287 2056 2362">
    <p class='ocr_par' dir='ltr' id='par_1_38' title="bbox 475 2287 2056 2362">
     <span class='ocr_line' id='line_1_38' title="bbox 475 2287 2056 2362; baseline 0.004 -24"><span class='ocrx_word' id='word_1_282' title='bbox 475 2287 748 2352; x_wconf 73' lang='lat' dir='ltr'><strong>gerabant,</strong></span> <span class='ocrx_word' id='word_1_283' title='bbox 789 2289 1111 2343; x_wconf 81' lang='lat' dir='ltr'><strong>deducerent</strong></span> <span class='ocrx_word' id='word_1_284' title='bbox 1158 2308 1261 2344; x_wconf 84' lang='lat' dir='ltr'><strong>non</strong></span> <span class='ocrx_word' id='word_1_285' title='bbox 1293 2307 1448 2358; x_wconf 81' lang='lat' dir='ltr'><strong>posse</strong></span> <span class='ocrx_word' id='word_1_286' title='bbox 1480 2293 1598 2346; x_wconf 85' lang='lat' dir='ltr'><strong>illas</strong></span> <span class='ocrx_word' id='word_1_287' title='bbox 1640 2295 1838 2348; x_wconf 85' lang='lat' dir='ltr'><strong>habere</strong></span> <span class='ocrx_word' id='word_1_288' title='bbox 1870 2310 2056 2362; x_wconf 78' lang='lat' dir='ltr'><strong>pecca-</strong></span> 
     </span>
    </p>
   </div>
   <div class='ocr_carea' id='block_1_39' title="bbox 476 2375 2056 2451">
    <p class='ocr_par' dir='ltr' id='par_1_39' title="bbox 476 2375 2056 2451">
     <span class='ocr_line' id='line_1_39' title="bbox 476 2375 2056 2451; baseline 0.009 -27"><span class='ocrx_word' id='word_1_289' title='bbox 476 2375 584 2426; x_wconf 84' lang='lat' dir='ltr'><strong>tum</strong></span> <span class='ocrx_word' id='word_1_290' title='bbox 618 2378 897 2443; x_wconf 74' lang='lat' dir='ltr'><strong>originale,</strong></span> <span class='ocrx_word' id='word_1_291' title='bbox 934 2395 999 2433; x_wconf 87' lang='lat' dir='ltr'><strong>ne</strong></span> <span class='ocrx_word' id='word_1_292' title='bbox 1030 2380 1161 2432; x_wconf 84' lang='lat' dir='ltr'><strong>alias</strong></span> <span class='ocrx_word' id='word_1_293' title='bbox 1197 2381 1246 2433; x_wconf 90' lang='lat' dir='ltr'><strong>in</strong></span> <span class='ocrx_word' id='word_1_294' title='bbox 1281 2381 1444 2435; x_wconf 91' lang='lat' dir='ltr'><strong>Deum</strong></span> <span class='ocrx_word' id='word_1_295' title='bbox 1479 2395 1753 2436; x_wconf 78' lang='lat' dir='ltr'><strong>creantcm</strong></span> <span class='ocrx_word' id='word_1_296' title='bbox 1785 2385 1937 2451; x_wconf 91' lang='lat' dir='ltr'><strong>culpa</strong></span> <span class='ocrx_word' id='word_1_297' title='bbox 1973 2401 2056 2438; x_wconf 90' lang='lat' dir='ltr'><strong>re-</strong></span> 
     </span>
    </p>
   </div>
   <div class='ocr_carea' id='block_1_40' title="bbox 472 2465 2056 2537">
    <p class='ocr_par' dir='ltr' id='par_1_40' title="bbox 472 2465 2056 2537">
     <span class='ocr_line' id='line_1_40' title="bbox 472 2465 2056 2537; baseline 0.012 -29"><span class='ocrx_word' id='word_1_298' title='bbox 472 2465 632 2527; x_wconf 89' lang='lat' dir='ltr'><strong>diret,</strong></span> <span class='ocrx_word' id='word_1_299' title='bbox 669 2466 760 2519; x_wconf 90' lang='lat' dir='ltr'><strong>lib.</strong></span> <span class='ocrx_word' id='word_1_300' title='bbox 789 2481 847 2518; x_wconf 80' lang='grc' dir='ltr'>ιιι</span> <span class='ocrx_word' id='word_1_301' title='bbox 897 2468 962 2519; x_wconf 90' lang='lat' dir='ltr'><strong>ad</strong></span> <span class='ocrx_word' id='word_1_302' title='bbox 1019 2469 1368 2537; x_wconf 71' lang='lat' dir='ltr'><strong>llonilacium,</strong></span> <span class='ocrx_word' id='word_1_303' title='bbox 1403 2472 1452 2524; x_wconf 92' lang='lat' dir='ltr'><strong>in</strong></span> <span class='ocrx_word' id='word_1_304' title='bbox 1506 2473 1632 2536; x_wconf 84' lang='lat' dir='ltr'><strong>line,</strong></span> <span class='ocrx_word' id='word_1_305' title='bbox 1675 2482 1729 2526; x_wconf 91' lang='lat' dir='ltr'><strong>et</strong></span> <span class='ocrx_word' id='word_1_306' title='bbox 1768 2487 1831 2526; x_wconf 84' lang='lat' dir='ltr'><strong>ex</strong></span> <span class='ocrx_word' id='word_1_307' title='bbox 1865 2473 2056 2528; x_wconf 82' lang='lat' dir='ltr'><strong>litteris</strong></span> 
     </span>
    </p>
   </div>
   <div class='ocr_carea' id='block_1_41' title="bbox 476 2553 2051 2634">
    <p class='ocr_par' dir='ltr' id='par_1_41' title="bbox 476 2553 2051 2634">
     <span class='ocr_line' id='line_1_41' title="bbox 476 2553 2051 2634; baseline 0.008 -28"><span class='ocrx_word' id='word_1_308' title='bbox 476 2553 700 2617; x_wconf 83' lang='lat' dir='ltr'><strong>Zosimi,</strong></span> <span class='ocrx_word' id='word_1_309' title='bbox 732 2572 958 2626; x_wconf 90' lang='lat' dir='ltr'><strong>quarum</strong></span> <span class='ocrx_word' id='word_1_310' title='bbox 985 2559 1339 2624; x_wconf 60' lang='lat' dir='ltr'><strong>fragmentum</strong></span> <span class='ocrx_word' id='word_1_311' title='bbox 1367 2564 1553 2616; x_wconf 88' lang='lat' dir='ltr'><strong>recitat</strong></span> <span class='ocrx_word' id='word_1_312' title='bbox 1581 2563 1630 2617; x_wconf 91' lang='lat' dir='ltr'><strong>in</strong></span> <span class='ocrx_word' id='word_1_313' title='bbox 1671 2565 1894 2632; x_wconf 87' lang='lat' dir='ltr'><strong>epistola</strong></span> <span class='ocrx_word' id='word_1_314' title='bbox 1931 2566 2051 2634; x_wconf 82' lang='grc'><strong>157,</strong></span> 
     </span>
    </p>
   </div>
   <div class='ocr_carea' id='block_1_42' title="bbox 473 2650 2054 2723">
    <p class='ocr_par' dir='ltr' id='par_1_42' title="bbox 473 2650 2054 2723">
     <span class='ocr_line' id='line_1_42' title="bbox 473 2650 2054 2723; baseline 0.009 -25"><span class='ocrx_word' id='word_1_315' title='bbox 473 2657 688 2702; x_wconf 78' lang='lat' dir='ltr'><strong>sanetus</strong></span> <span class='ocrx_word' id='word_1_316' title='bbox 711 2650 898 2704; x_wconf 88' lang='lat' dir='ltr'><strong>doctor</strong></span> <span class='ocrx_word' id='word_1_317' title='bbox 922 2653 971 2703; x_wconf 89' lang='lat' dir='ltr'><strong>in</strong></span> <span class='ocrx_word' id='word_1_318' title='bbox 1004 2664 1228 2723; x_wconf 79' lang='lat' dir='ltr'><strong>utraque</strong></span> <span class='ocrx_word' id='word_1_319' title='bbox 1251 2658 1512 2708; x_wconf 69' lang='lat' dir='ltr'><strong>sententia</strong></span> <span class='ocrx_word' id='word_1_320' title='bbox 1541 2664 1643 2708; x_wconf 88' lang='lat' dir='ltr'><strong>tam</strong></span> <span class='ocrx_word' id='word_1_321' title='bbox 1675 2655 2054 2712; x_wconf 74' lang='lat' dir='ltr'><strong>aliirtnantiun‘t</strong></span> 
     </span>
    </p>
   </div>
   <div class='ocr_carea' id='block_1_43' title="bbox 474 2741 2054 2814">
    <p class='ocr_par' dir='ltr' id='par_1_43' title="bbox 474 2741 2054 2814">
     <span class='ocr_line' id='line_1_43' title="bbox 474 2741 2054 2814; baseline 0.008 -25"><span class='ocrx_word' id='word_1_322' title='bbox 474 2741 771 2794; x_wconf 79' lang='lat' dir='ltr'><strong>animarum</strong></span> <span class='ocrx_word' id='word_1_323' title='bbox 825 2741 1133 2808; x_wconf 59' lang='lat' dir='ltr'><strong>traducem,</strong></span> <span class='ocrx_word' id='word_1_324' title='bbox 1179 2761 1337 2813; x_wconf 85' lang='lat' dir='ltr'><strong>qnam</strong></span> <span class='ocrx_word' id='word_1_325' title='bbox 1385 2750 1716 2812; x_wconf 87' lang='lat' dir='ltr'><strong>negantium,</strong></span> <span class='ocrx_word' id='word_1_326' title='bbox 1781 2757 2054 2814; x_wconf 90' lang='lat' dir='ltr'><strong>peccatum</strong></span> 
     </span>
    </p>
   </div>
   <div class='ocr_carea' id='block_1_44' title="bbox 474 2831 2055 2901">
    <p class='ocr_par' dir='ltr' id='par_1_44' title="bbox 474 2831 2055 2901">
     <span class='ocr_line' id='line_1_44' title="bbox 474 2831 2055 2901; baseline 0.008 -23"><span class='ocrx_word' id='word_1_327' title='bbox 474 2831 734 2898; x_wconf 70' lang='lat' dir='ltr'><strong>originale</strong></span> <span class='ocrx_word' id='word_1_328' title='bbox 765 2831 898 2886; x_wconf 87' lang='lat' dir='ltr'><strong>bene</strong></span> <span class='ocrx_word' id='word_1_329' title='bbox 930 2849 1087 2901; x_wconf 69' lang='lat' dir='ltr'><strong>posse</strong></span> <span class='ocrx_word' id='word_1_330' title='bbox 1133 2834 1378 2899; x_wconf 77' lang='lat' dir='ltr'><strong>componi</strong></span> <span class='ocrx_word' id='word_1_331' title='bbox 1413 2835 1818 2900; x_wconf 63' lang='lat' dir='ltr'><strong>demonstravit,</strong></span> <span class='ocrx_word' id='word_1_332' title='bbox 1853 2853 1914 2891; x_wconf 84' lang='lat' dir='ltr'><strong>ac</strong></span> <span class='ocrx_word' id='word_1_333' title='bbox 1942 2854 2055 2892; x_wconf 86' lang='lat' dir='ltr'><strong>rctn</strong></span> 
     </span>
    </p>
   </div>
   <div class='ocr_carea' id='block_1_45' title="bbox 477 2924 2056 2999">
    <p class='ocr_par' dir='ltr' id='par_1_45' title="bbox 477 2924 2056 2999">
     <span class='ocr_line' id='line_1_45' title="bbox 477 2924 2056 2999; baseline 0.007 -27"><span class='ocrx_word' id='word_1_334' title='bbox 477 2924 614 2988; x_wconf 80' lang='lat' dir='ltr'><strong>apud</strong></span> <span class='ocrx_word' id='word_1_335' title='bbox 648 2925 939 2978; x_wconf 35' lang='lat' dir='ltr'><strong>Ecclesium</strong></span> <span class='ocrx_word' id='word_1_336' title='bbox 975 2927 1329 2980; x_wconf 71' lang='lat' dir='ltr'><strong>Cl‘tli~Sllllam</strong></span> <span class='ocrx_word' id='word_1_337' title='bbox 1351 2928 1499 2995; x_wconf 65' lang='lat' dir='ltr'><strong>juxta</strong></span> <span class='ocrx_word' id='word_1_338' title='bbox 1544 2942 1823 2998; x_wconf 71' lang='lat' dir='ltr'><strong>utramque</strong></span> <span class='ocrx_word' id='word_1_339' title='bbox 1849 2931 2056 2999; x_wconf 89' lang='lat' dir='ltr'><strong>opinio-</strong></span> 
     </span>
    </p>
   </div>
   <div class='ocr_carea' id='block_1_46' title="bbox 473 3017 2050 3091">
    <p class='ocr_par' dir='ltr' id='par_1_46' title="bbox 473 3017 2050 3091">
     <span class='ocr_line' id='line_1_46' title="bbox 473 3017 2050 3091; baseline 0.006 -25"><span class='ocrx_word' id='word_1_340' title='bbox 473 3030 595 3066; x_wconf 83' lang='lat' dir='ltr'><strong>nem</strong></span> <span class='ocrx_word' id='word_1_341' title='bbox 637 3017 908 3083; x_wconf 71' lang='lat' dir='ltr'><strong>explieare</strong></span> <span class='ocrx_word' id='word_1_342' title='bbox 952 3027 1176 3071; x_wconf 70' lang='lat' dir='ltr'><strong>conatus</strong></span> <span class='ocrx_word' id='word_1_343' title='bbox 1207 3028 1307 3084; x_wconf 70' lang='lat' dir='ltr'><strong>est,</strong></span> <span class='ocrx_word' id='word_1_344' title='bbox 1358 3035 1424 3073; x_wconf 91' lang='lat' dir='ltr'><strong>ne</strong></span> <span class='ocrx_word' id='word_1_345' title='bbox 1451 3021 1533 3072; x_wconf 90' lang='lat' dir='ltr'><strong>cui</strong></span> <span class='ocrx_word' id='word_1_346' title='bbox 1571 3032 1843 3087; x_wconf 72' lang='lat' dir='ltr'><strong>peccatum</strong></span> <span class='ocrx_word' id='word_1_347' title='bbox 1885 3023 2050 3091; x_wconf 75' lang='lat' dir='ltr'><strong>origi-</strong></span> 
     </span>
    </p>
   </div>
   <div class='ocr_carea' id='block_1_47' title="bbox 473 3105 1268 3161">
    <p class='ocr_par' dir='ltr' id='par_1_47' title="bbox 473 3105 1268 3161">
     <span class='ocr_line' id='line_1_47' title="bbox 473 3105 1268 3161; baseline 0.009 -7"><span class='ocrx_word' id='word_1_348' title='bbox 473 3106 595 3155; x_wconf 60' lang='lat' dir='ltr'><strong>rule</strong></span> <span class='ocrx_word' id='word_1_349' title='bbox 629 3105 942 3160; x_wconf 79' lang='lat' dir='ltr'><strong>incredibile</strong></span> <span class='ocrx_word' id='word_1_350' title='bbox 976 3108 1268 3161; x_wconf 79' lang='lat' dir='ltr'><strong>videretur.</strong></span> 
     </span>
    </p>
   </div>
   <div class='ocr_carea' id='block_1_48' title="bbox 2159 1923 3744 2000">
    <p class='ocr_par' dir='ltr' id='par_1_48' title="bbox 2159 1923 3744 2000">
     <span class='ocr_line' id='line_1_48' title="bbox 2159 1923 3744 2000; baseline 0.006 -25"><span class='ocrx_word' id='word_1_351' title='bbox 2159 1924 2332 1993; x_wconf 80' lang='lat' dir='ltr'><strong>primo</strong></span> <span class='ocrx_word' id='word_1_352' title='bbox 2386 1923 2587 1978; x_wconf 82' lang='lat' dir='ltr'><strong>homini</strong></span> <span class='ocrx_word' id='word_1_353' title='bbox 2627 1926 2794 1991; x_wconf 91' lang='lat' dir='ltr'><strong>dedit,</strong></span> <span class='ocrx_word' id='word_1_354' title='bbox 2849 1935 3010 1993; x_wconf 89' lang='lat' dir='ltr'><strong>atque</strong></span> <span class='ocrx_word' id='word_1_355' title='bbox 3055 1929 3124 1980; x_wconf 90' lang='lat' dir='ltr'><strong>ita</strong></span> <span class='ocrx_word' id='word_1_356' title='bbox 3174 1943 3266 1982; x_wconf 88' lang='lat' dir='ltr'><strong>eas</strong></span> <span class='ocrx_word' id='word_1_357' title='bbox 3307 1945 3373 1984; x_wconf 88' lang='lat' dir='ltr'><strong>ex</strong></span> <span class='ocrx_word' id='word_1_358' title='bbox 3431 1930 3744 2000; x_wconf 77' lang='lat' dir='ltr'><strong>parentibus</strong></span> 
     </span>
    </p>
   </div>
   <div class='ocr_carea' id='block_1_49' title="bbox 2159 2015 3738 2090">
    <p class='ocr_par' dir='ltr' id='par_1_49' title="bbox 2159 2015 3738 2090">
     <span class='ocr_line' id='line_1_49' title="bbox 2159 2015 3738 2090; baseline 0.003 -24"><span class='ocrx_word' id='word_1_359' title='bbox 2159 2015 2297 2066; x_wconf 85' lang='lat' dir='ltr'><strong>trahi</strong></span> <span class='ocrx_word' id='word_1_360' title='bbox 2344 2015 2548 2081; x_wconf 84' lang='lat' dir='ltr'><strong>dicunt,</strong></span> <span class='ocrx_word' id='word_1_361' title='bbox 2601 2017 2645 2070; x_wconf 89' lang='lat' dir='ltr'><strong>si</strong></span> <span class='ocrx_word' id='word_1_362' title='bbox 2695 2015 3009 2071; x_wconf 89' lang='lat' dir='ltr'><strong>Tertulliani</strong></span> <span class='ocrx_word' id='word_1_363' title='bbox 3051 2018 3359 2086; x_wconf 85' lang='lat' dir='ltr'><strong>opinionem</strong></span> <span class='ocrx_word' id='word_1_364' title='bbox 3413 2030 3738 2090; x_wconf 83' lang='lat' dir='ltr'><strong>sequuntur,</strong></span> 
     </span>
    </p>
   </div>
   <div class='ocr_carea' id='block_1_50' title="bbox 2161 2103 3740 2175">
    <p class='ocr_par' dir='ltr' id='par_1_50' title="bbox 2161 2103 3740 2175">
     <span class='ocr_line' id='line_1_50' title="bbox 2161 2103 3740 2175; baseline 0.005 -19"><span class='ocrx_word' id='word_1_365' title='bbox 2161 2103 2400 2172; x_wconf 84' lang='lat' dir='ltr'><strong>profecto</strong></span> <span class='ocrx_word' id='word_1_366' title='bbox 2431 2119 2522 2158; x_wconf 87' lang='lat' dir='ltr'><strong>eas</strong></span> <span class='ocrx_word' id='word_1_367' title='bbox 2551 2120 2655 2159; x_wconf 93' lang='lat' dir='ltr'><strong>non</strong></span> <span class='ocrx_word' id='word_1_368' title='bbox 2685 2104 2928 2174; x_wconf 81' lang='lat' dir='ltr'><strong>Spiritus,</strong></span> <span class='ocrx_word' id='word_1_369' title='bbox 2959 2107 3053 2161; x_wconf 90' lang='lat' dir='ltr'><strong>sed</strong></span> <span class='ocrx_word' id='word_1_370' title='bbox 3099 2122 3325 2175; x_wconf 89' lang='lat' dir='ltr'><strong>corpora</strong></span> <span class='ocrx_word' id='word_1_371' title='bbox 3352 2122 3481 2164; x_wconf 89' lang='lat' dir='ltr'><strong>esse</strong></span> <span class='ocrx_word' id='word_1_372' title='bbox 3523 2119 3740 2164; x_wconf 59' lang='lat' dir='ltr'><strong>contend</strong></span> 
     </span>
    </p>
   </div>
   <div class='ocr_carea' id='block_1_51' title="bbox 2157 2195 3742 2268">
    <p class='ocr_par' dir='ltr' id='par_1_51' title="bbox 2157 2195 3742 2268">
     <span class='ocr_line' id='line_1_51' title="bbox 2157 2195 3742 2268; baseline 0.004 -21"><span class='ocrx_word' id='word_1_373' title='bbox 2157 2195 2309 2256; x_wconf 86' lang='lat' dir='ltr'><strong>dunt,</strong></span> <span class='ocrx_word' id='word_1_374' title='bbox 2343 2204 2396 2248; x_wconf 90' lang='lat' dir='ltr'><strong>et</strong></span> <span class='ocrx_word' id='word_1_375' title='bbox 2425 2195 2751 2264; x_wconf 83' lang='lat' dir='ltr'><strong>curpulentis</strong></span> <span class='ocrx_word' id='word_1_376' title='bbox 2801 2195 3092 2250; x_wconf 89' lang='lat' dir='ltr'><strong>seminibus</strong></span> <span class='ocrx_word' id='word_1_377' title='bbox 3130 2196 3347 2252; x_wconf 76' lang='lat' dir='ltr'><strong>exoriri.</strong></span> <span class='ocrx_word' id='word_1_378' title='bbox 3381 2198 3507 2266; x_wconf 85' lang='lat' dir='ltr'><strong>Quo</strong></span> <span class='ocrx_word' id='word_1_379' title='bbox 3535 2214 3742 2268; x_wconf 78' lang='lat' dir='ltr'><strong>perver-</strong></span> 
     </span>
    </p>
   </div>
   <div class='ocr_carea' id='block_1_52' title="bbox 2159 2286 3742 2355">
    <p class='ocr_par' dir='ltr' id='par_1_52' title="bbox 2159 2286 3742 2355">
     <span class='ocr_line' id='line_1_52' title="bbox 2159 2286 3742 2355; baseline 0.004 -17"><span class='ocrx_word' id='word_1_380' title='bbox 2159 2287 2270 2339; x_wconf 90' lang='lat' dir='ltr'><strong>sius</strong></span> <span class='ocrx_word' id='word_1_381' title='bbox 2297 2286 2420 2355; x_wconf 90' lang='lat' dir='ltr'><strong>quid</strong></span> <span class='ocrx_word' id='word_1_382' title='bbox 2445 2287 2549 2340; x_wconf 89' lang='lat' dir='ltr'><strong>dici</strong></span> <span class='ocrx_word' id='word_1_383' title='bbox 2580 2287 2798 2354; x_wconf 82' lang='lat' dir='ltr'><strong>potest?</strong></span> <span class='ocrx_word' id='word_1_384' title='bbox 2825 2305 2844 2338; x_wconf 73' lang='grc' dir='ltr'><strong><em>ι</em></strong></span> <span class='ocrx_word' id='word_1_385' title='bbox 2875 2286 2940 2340; x_wconf 82' lang='grc' dir='ltr'><strong>Ει</strong></span> <span class='ocrx_word' id='word_1_386' title='bbox 2972 2287 3020 2340; x_wconf 83' lang='grc' dir='ltr'><strong>ἱη</strong></span> <span class='ocrx_word' id='word_1_387' title='bbox 3052 2287 3149 2341; x_wconf 88' lang='lat' dir='ltr'><strong>hoc</strong></span> <span class='ocrx_word' id='word_1_388' title='bbox 3174 2301 3335 2342; x_wconf 86' lang='lat' dir='ltr'><strong>sensu</strong></span> <span class='ocrx_word' id='word_1_389' title='bbox 3360 2299 3592 2344; x_wconf 86' lang='lat' dir='ltr'><strong>sanctus</strong></span> <span class='ocrx_word' id='word_1_390' title='bbox 3610 2289 3742 2344; x_wconf 65' lang='grc' dir='ltr'><strong>Τὺοι</strong></span> 
     </span>
    </p>
   </div>
   <div class='ocr_carea' id='block_1_53' title="bbox 2160 2371 3740 2446">
    <p class='ocr_par' dir='ltr' id='par_1_53' title="bbox 2160 2371 3740 2446">
     <span class='ocr_line' id='line_1_53' title="bbox 2160 2371 3740 2446; baseline 0.003 -17"><span class='ocrx_word' id='word_1_391' title='bbox 2160 2391 2296 2440; x_wconf 87' lang='lat' dir='ltr'><strong>tuas,</strong></span> <span class='ocrx_word' id='word_1_392' title='bbox 2330 2371 2467 2442; x_wconf 87' lang='lat' dir='ltr'><strong>part.</strong></span> <span class='ocrx_word' id='word_1_393' title='bbox 2503 2392 2536 2440; x_wconf 91' lang='lat' dir='ltr'><strong>t,</strong></span> <span class='ocrx_word' id='word_1_394' title='bbox 2571 2386 2761 2446; x_wconf 77' lang='lat' dir='ltr'><strong>quzest.</strong></span> <span class='ocrx_word' id='word_1_395' title='bbox 2798 2377 2924 2440; x_wconf 82' lang='grc'><strong>118,</strong></span> <span class='ocrx_word' id='word_1_396' title='bbox 2955 2386 3058 2440; x_wconf 80' lang='lat' dir='ltr'><strong>art.</strong></span> <span class='ocrx_word' id='word_1_397' title='bbox 3089 2377 3144 2440; x_wconf 78' lang='lat'><strong>‘2,</strong></span> <span class='ocrx_word' id='word_1_398' title='bbox 3177 2379 3270 2444; x_wconf 87' lang='lat' dir='ltr'><strong>ait,</strong></span> <span class='ocrx_word' id='word_1_399' title='bbox 3306 2378 3606 2432; x_wconf 70' lang='lat' dir='ltr'><strong>limi-eliciam</strong></span> <span class='ocrx_word' id='word_1_400' title='bbox 3643 2394 3740 2433; x_wconf 76' lang='lat' dir='ltr'><strong>esse</strong></span> 
     </span>
    </p>
   </div>
   <div class='ocr_carea' id='block_1_54' title="bbox 2159 2466 3740 2537">
    <p class='ocr_par' dir='ltr' id='par_1_54' title="bbox 2159 2466 3740 2537">
     <span class='ocr_line' id='line_1_54' title="bbox 2159 2466 3740 2537; baseline 0.001 -18"><span class='ocrx_word' id='word_1_401' title='bbox 2159 2467 2340 2520; x_wconf 75' lang='lat' dir='ltr'><strong>dit-ere</strong></span> <span class='ocrx_word' id='word_1_402' title='bbox 2385 2467 2618 2519; x_wconf 88' lang='lat' dir='ltr'><strong>animam</strong></span> <span class='ocrx_word' id='word_1_403' title='bbox 2652 2466 2856 2520; x_wconf 88' lang='lat' dir='ltr'><strong>traduci</strong></span> <span class='ocrx_word' id='word_1_404' title='bbox 2888 2481 3011 2520; x_wconf 91' lang='lat' dir='ltr'><strong>cum</strong></span> <span class='ocrx_word' id='word_1_405' title='bbox 3060 2467 3286 2533; x_wconf 88' lang='lat' dir='ltr'><strong>semine,</strong></span> <span class='ocrx_word' id='word_1_406' title='bbox 3326 2482 3528 2537; x_wconf 88' lang='lat' dir='ltr'><strong>nempe</strong></span> <span class='ocrx_word' id='word_1_407' title='bbox 3559 2483 3740 2536; x_wconf 88' lang='lat' dir='ltr'><strong>corpo-</strong></span> 
     </span>
    </p>
   </div>
   <div class='ocr_carea' id='block_1_55' title="bbox 2159 2557 3736 2628">
    <p class='ocr_par' dir='ltr' id='par_1_55' title="bbox 2159 2557 3736 2628">
     <span class='ocr_line' id='line_1_55' title="bbox 2159 2557 3736 2628; baseline 0.001 -17"><span class='ocrx_word' id='word_1_408' title='bbox 2159 2573 2274 2621; x_wconf 87' lang='lat' dir='ltr'><strong>rco,</strong></span> <span class='ocrx_word' id='word_1_409' title='bbox 2310 2569 2365 2610; x_wconf 92' lang='lat' dir='ltr'><strong>ut</strong></span> <span class='ocrx_word' id='word_1_410' title='bbox 2389 2557 2506 2626; x_wconf 84' lang='lat' dir='ltr'><strong>ipse</strong></span> <span class='ocrx_word' id='word_1_411' title='bbox 2530 2557 2724 2611; x_wconf 88' lang='lat' dir='ltr'><strong>ibidem</strong></span> <span class='ocrx_word' id='word_1_412' title='bbox 2758 2557 2968 2626; x_wconf 90' lang='lat' dir='ltr'><strong>probat,</strong></span> <span class='ocrx_word' id='word_1_413' title='bbox 3017 2559 3068 2611; x_wconf 95' lang='lat' dir='ltr'><strong>in</strong></span> <span class='ocrx_word' id='word_1_414' title='bbox 3111 2573 3217 2628; x_wconf 89' lang='lat' dir='ltr'><strong>quo</strong></span> <span class='ocrx_word' id='word_1_415' title='bbox 3243 2573 3405 2613; x_wconf 88' lang='lat' dir='ltr'><strong>sensu</strong></span> <span class='ocrx_word' id='word_1_416' title='bbox 3443 2562 3736 2615; x_wconf 82' lang='lat' dir='ltr'><strong>communi-</strong></span> 
     </span>
    </p>
   </div>
   <div class='ocr_carea' id='block_1_56' title="bbox 2159 2649 3732 2714">
    <p class='ocr_par' dir='ltr' id='par_1_56' title="bbox 2159 2649 3732 2714">
     <span class='ocr_line' id='line_1_56' title="bbox 2159 2649 3732 2714; baseline 0.001 -10"><span class='ocrx_word' id='word_1_417' title='bbox 2159 2659 2240 2704; x_wconf 91' lang='lat' dir='ltr'><strong>ter</strong></span> <span class='ocrx_word' id='word_1_418' title='bbox 2285 2649 2448 2704; x_wconf 90' lang='lat' dir='ltr'><strong>etiatn</strong></span> <span class='ocrx_word' id='word_1_419' title='bbox 2494 2649 2823 2714; x_wconf 86' lang='lat' dir='ltr'><strong>scholastici,</strong></span> <span class='ocrx_word' id='word_1_420' title='bbox 2851 2650 2906 2714; x_wconf 76' lang='grc'>2,</span> <span class='ocrx_word' id='word_1_421' title='bbox 2938 2649 3067 2704; x_wconf 93' lang='lat' dir='ltr'><strong>dist.</strong></span> <span class='ocrx_word' id='word_1_422' title='bbox 3102 2651 3162 2702; x_wconf 89' lang='lat' dir='ltr'><strong>l7</strong></span> <span class='ocrx_word' id='word_1_423' title='bbox 3194 2661 3248 2704; x_wconf 88' lang='lat' dir='ltr'><strong>ct</strong></span> <span class='ocrx_word' id='word_1_424' title='bbox 3279 2649 3362 2714; x_wconf 91' lang='lat' dir='ltr'><strong>l8,</strong></span> <span class='ocrx_word' id='word_1_425' title='bbox 3414 2652 3732 2705; x_wconf 79' lang='lat' dir='ltr'><strong>sententiam</strong></span> 
     </span>
    </p>
   </div>
   <div class='ocr_carea' id='block_1_57' title="bbox 2159 2739 3734 2809">
    <p class='ocr_par' dir='ltr' id='par_1_57' title="bbox 2159 2739 3734 2809">
     <span class='ocr_line' id='line_1_57' title="bbox 2159 2739 3734 2809; baseline 0.001 -15"><span class='ocrx_word' id='word_1_426' title='bbox 2159 2741 2226 2795; x_wconf 90' lang='lat' dir='ltr'><strong>de</strong></span> <span class='ocrx_word' id='word_1_427' title='bbox 2260 2739 2477 2794; x_wconf 85' lang='lat' dir='ltr'><strong>traduce</strong></span> <span class='ocrx_word' id='word_1_428' title='bbox 2523 2741 2820 2794; x_wconf 88' lang='lat' dir='ltr'><strong>animarum</strong></span> <span class='ocrx_word' id='word_1_429' title='bbox 2875 2741 3137 2809; x_wconf 80' lang='lat' dir='ltr'><strong>rejieiunt.</strong></span> <span class='ocrx_word' id='word_1_430' title='bbox 3173 2745 3241 2795; x_wconf 90' lang='lat' dir='ltr'><strong>At</strong></span> <span class='ocrx_word' id='word_1_431' title='bbox 3289 2752 3513 2798; x_wconf 89' lang='lat' dir='ltr'><strong>sanctus</strong></span> <span class='ocrx_word' id='word_1_432' title='bbox 3559 2744 3734 2797; x_wconf 91' lang='lat' dir='ltr'><strong>doctor</strong></span> 
     </span>
    </p>
   </div>
   <div class='ocr_carea' id='block_1_58' title="bbox 2161 2829 3734 2900">
    <p class='ocr_par' dir='ltr' id='par_1_58' title="bbox 2161 2829 3734 2900">
     <span class='ocr_line' id='line_1_58' title="bbox 2161 2829 3734 2900; baseline 0.002 -16"><span class='ocrx_word' id='word_1_433' title='bbox 2161 2847 2430 2900; x_wconf 68' lang='lat' dir='ltr'><strong>nunquam</strong></span> <span class='ocrx_word' id='word_1_434' title='bbox 2461 2831 2528 2885; x_wconf 91' lang='lat' dir='ltr'><strong>de</strong></span> <span class='ocrx_word' id='word_1_435' title='bbox 2564 2829 2663 2885; x_wconf 92' lang='lat' dir='ltr'><strong>hoc</strong></span> <span class='ocrx_word' id='word_1_436' title='bbox 2709 2831 2870 2886; x_wconf 91' lang='lat' dir='ltr'><strong>modo</strong></span> <span class='ocrx_word' id='word_1_437' title='bbox 2896 2832 3210 2886; x_wconf 87' lang='lat' dir='ltr'><strong>Tertulliani</strong></span> <span class='ocrx_word' id='word_1_438' title='bbox 3255 2833 3606 2888; x_wconf 61' lang='lat' dir='ltr'><strong>traducenda:</strong></span> <span class='ocrx_word' id='word_1_439' title='bbox 3634 2837 3734 2888; x_wconf 43' lang='lat' dir='ltr'><strong>anis</strong></span> 
     </span>
    </p>
   </div>
   <div class='ocr_carea' id='block_1_59' title="bbox 2160 2919 3731 2991">
    <p class='ocr_par' dir='ltr' id='par_1_59' title="bbox 2160 2919 3731 2991">
     <span class='ocr_line' id='line_1_59' title="bbox 2160 2919 3731 2991; baseline 0.003 -18"><span class='ocrx_word' id='word_1_440' title='bbox 2160 2938 2260 2973; x_wconf 77' lang='lat' dir='ltr'><strong>tnze</strong></span> <span class='ocrx_word' id='word_1_441' title='bbox 2290 2920 2574 2987; x_wconf 84' lang='lat' dir='ltr'><strong>dubitavit,</strong></span> <span class='ocrx_word' id='word_1_442' title='bbox 2607 2919 2702 2973; x_wconf 83' lang='lat' dir='ltr'><strong>sed</strong></span> <span class='ocrx_word' id='word_1_443' title='bbox 2730 2921 2977 2974; x_wconf 90' lang='lat' dir='ltr'><strong>eumdem</strong></span> <span class='ocrx_word' id='word_1_444' title='bbox 3009 2929 3120 2974; x_wconf 87' lang='lat' dir='ltr'><strong>tum</strong></span> <span class='ocrx_word' id='word_1_445' title='bbox 3153 2921 3204 2974; x_wconf 89' lang='lat' dir='ltr'><strong>in</strong></span> <span class='ocrx_word' id='word_1_446' title='bbox 3250 2936 3312 2976; x_wconf 84' lang='lat' dir='ltr'><strong>ea</strong></span> <span class='ocrx_word' id='word_1_447' title='bbox 3343 2923 3603 2991; x_wconf 84' lang='lat' dir='ltr'><strong>epistola,</strong></span> <span class='ocrx_word' id='word_1_448' title='bbox 3634 2935 3731 2977; x_wconf 91' lang='lat' dir='ltr'><strong>tum</strong></span> 
     </span>
    </p>
   </div>
   <div class='ocr_carea' id='block_1_60' title="bbox 2160 3010 3790 3080">
    <p class='ocr_par' dir='ltr' id='par_1_60' title="bbox 2160 3010 3790 3080">
     <span class='ocr_line' id='line_1_60' title="bbox 2160 3010 3790 3080; baseline 0.001 -15"><span class='ocrx_word' id='word_1_449' title='bbox 2160 3013 2254 3066; x_wconf 90' lang='lat' dir='ltr'><strong>lib.</strong></span> <span class='ocrx_word' id='word_1_450' title='bbox 2286 3029 2318 3066; x_wconf 76' lang='grc' dir='ltr'><strong>χ</strong></span> <span class='ocrx_word' id='word_1_451' title='bbox 2347 3011 2413 3066; x_wconf 90' lang='lat' dir='ltr'><strong>de</strong></span> <span class='ocrx_word' id='word_1_452' title='bbox 2438 3011 2597 3075; x_wconf 86' lang='lat' dir='ltr'><strong>Gen.,</strong></span> <span class='ocrx_word' id='word_1_453' title='bbox 2627 3026 2743 3080; x_wconf 89' lang='lat' dir='ltr'><strong>cap.</strong></span> <span class='ocrx_word' id='word_1_454' title='bbox 2775 3010 2868 3076; x_wconf 74' lang='lat'><strong>9.5,</strong></span> <span class='ocrx_word' id='word_1_455' title='bbox 2897 3011 3150 3079; x_wconf 85' lang='lat' dir='ltr'><strong>explosit,</strong></span> <span class='ocrx_word' id='word_1_456' title='bbox 3200 3021 3358 3079; x_wconf 74' lang='lat' dir='ltr'><strong>atque</strong></span> <span class='ocrx_word' id='word_1_457' title='bbox 3388 3014 3733 3068; x_wconf 74' lang='lat' dir='ltr'><strong>incredibilius</strong></span> <span class='ocrx_word' id='word_1_458' title='bbox 3785 3023 3790 3028; x_wconf 85' lang='lat'><strong><em>&#39;</em></strong></span> 
     </span>
    </p>
   </div>
   <div class='ocr_carea' id='block_1_61' title="bbox 2157 3102 3731 3173">
    <p class='ocr_par' dir='ltr' id='par_1_61' title="bbox 2157 3102 3731 3173">
     <span class='ocr_line' id='line_1_61' title="bbox 2157 3102 3731 3173; baseline 0.002 -17"><span class='ocrx_word' id='word_1_459' title='bbox 2157 3104 2346 3173; x_wconf 81' lang='lat' dir='ltr'><strong>dogma</strong></span> <span class='ocrx_word' id='word_1_460' title='bbox 2369 3103 2751 3171; x_wconf 86' lang='lat' dir='ltr'><strong>pronuntiavit.</strong></span> <span class='ocrx_word' id='word_1_461' title='bbox 2771 3103 2875 3158; x_wconf 85' lang='lat' dir='ltr'><strong>Sed</strong></span> <span class='ocrx_word' id='word_1_462' title='bbox 2893 3102 3152 3156; x_wconf 82' lang='lat' dir='ltr'><strong>dubitavit</strong></span> <span class='ocrx_word' id='word_1_463' title='bbox 3169 3105 3499 3170; x_wconf 79' lang='lat' dir='ltr'><strong>Augustinus</strong></span> <span class='ocrx_word' id='word_1_464' title='bbox 3524 3124 3542 3156; x_wconf 77' lang='lat' dir='ltr'><strong>t</strong></span> <span class='ocrx_word' id='word_1_465' title='bbox 3567 3117 3731 3160; x_wconf 87' lang='lat' dir='ltr'><strong>utrum</strong></span> 
     </span>
    </p>
   </div>
   <div class='ocr_carea' id='block_1_62' title="bbox 549 3193 3732 3266">
    <p class='ocr_par' dir='ltr' id='par_1_62' title="bbox 549 3193 3732 3266">
     <span class='ocr_line' id='line_1_62' title="bbox 549 3193 3732 3266; baseline 0.005 -18"><span class='ocrx_word' id='word_1_466' title='bbox 549 3197 894 3249; x_wconf 78' lang='lat' dir='ltr'><strong>Bellarmintts</strong></span> <span class='ocrx_word' id='word_1_467' title='bbox 941 3199 1187 3253; x_wconf 83' lang='lat' dir='ltr'><strong>concedit</strong></span> <span class='ocrx_word' id='word_1_468' title='bbox 1228 3200 1576 3266; x_wconf 80' lang='lat' dir='ltr'><strong>Augustinum</strong></span> <span class='ocrx_word' id='word_1_469' title='bbox 1619 3201 1684 3255; x_wconf 88' lang='lat' dir='ltr'><strong>de</strong></span> <span class='ocrx_word' id='word_1_470' title='bbox 1713 3203 1906 3256; x_wconf 74' lang='lat' dir='ltr'><strong>anima:</strong></span> <span class='ocrx_word' id='word_1_471' title='bbox 1945 3205 2052 3256; x_wconf 88' lang='lat' dir='ltr'><strong>ori-</strong></span> <span class='ocrx_word' id='word_1_472' title='bbox 2081 3198 2126 3262; x_wconf 89' lang='lat' dir='ltr'><strong>C</strong></span> <span class='ocrx_word' id='word_1_473' title='bbox 2159 3208 2526 3246; x_wconf 60' lang='lat' dir='ltr'><strong>INCWPOREU“</strong></span> <span class='ocrx_word' id='word_1_474' title='bbox 2585 3207 2768 3246; x_wconf 64' lang='lat' dir='ltr'><strong>semen</strong></span> <span class='ocrx_word' id='word_1_475' title='bbox 2819 3193 2997 3246; x_wconf 68' lang='lat' dir='ltr'><strong>anima</strong></span> <span class='ocrx_word' id='word_1_476' title='bbox 3026 3208 3121 3246; x_wconf 69' lang='lat' dir='ltr'><strong>sua</strong></span> <span class='ocrx_word' id='word_1_477' title='bbox 3153 3194 3378 3263; x_wconf 66' lang='lat' dir='ltr'><strong>quadam</strong></span> <span class='ocrx_word' id='word_1_478' title='bbox 3430 3198 3645 3250; x_wconf 65' lang='grc'><strong>000111³³</strong></span> <span class='ocrx_word' id='word_1_479' title='bbox 3685 3197 3732 3249; x_wconf 61' lang='grc' dir='ltr'><strong>τί</strong></span> 
     </span>
    </p>
   </div>
   <div class='ocr_carea' id='block_1_63' title="bbox 475 3287 2053 3363">
    <p class='ocr_par' dir='ltr' id='par_1_63' title="bbox 475 3287 2053 3363">
     <span class='ocr_line' id='line_1_63' title="bbox 475 3287 2053 3363; baseline 0.01 -27"><span class='ocrx_word' id='word_1_480' title='bbox 475 3287 598 3352; x_wconf 64' lang='lat' dir='ltr'><strong>gine</strong></span> <span class='ocrx_word' id='word_1_481' title='bbox 624 3287 938 3350; x_wconf 85' lang='lat' dir='ltr'><strong>dubitasse:</strong></span> <span class='ocrx_word' id='word_1_482' title='bbox 974 3292 1118 3345; x_wconf 89' lang='lat' dir='ltr'><strong>addit</strong></span> <span class='ocrx_word' id='word_1_483' title='bbox 1150 3301 1324 3346; x_wconf 84' lang='lat' dir='ltr'><strong>latnt-tt</strong></span> <span class='ocrx_word' id='word_1_484' title='bbox 1359 3295 1409 3345; x_wconf 91' lang='lat' dir='ltr'><strong>in</strong></span> <span class='ocrx_word' id='word_1_485' title='bbox 1462 3295 1676 3362; x_wconf 80' lang='lat' dir='ltr'><strong>scriptis</strong></span> <span class='ocrx_word' id='word_1_486' title='bbox 1729 3306 1845 3363; x_wconf 92' lang='lat' dir='ltr'><strong>post</strong></span> <span class='ocrx_word' id='word_1_487' title='bbox 1888 3298 2053 3351; x_wconf 77' lang='lat' dir='ltr'><strong>liltrns</strong></span> 
     </span>
    </p>
   </div>
   <div class='ocr_carea' id='block_1_64' title="bbox 475 3377 2052 3451">
    <p class='ocr_par' dir='ltr' id='par_1_64' title="bbox 475 3377 2052 3451">
     <span class='ocr_line' id='line_1_64' title="bbox 475 3377 2052 3451; baseline 0.008 -24"><span class='ocrx_word' id='word_1_488' title='bbox 475 3377 543 3428; x_wconf 83' lang='lat' dir='ltr'><strong>tle</strong></span> <span class='ocrx_word' id='word_1_489' title='bbox 581 3378 774 3431; x_wconf 86' lang='lat' dir='ltr'><strong>Genesi</strong></span> <span class='ocrx_word' id='word_1_490' title='bbox 807 3381 868 3432; x_wconf 83' lang='lat' dir='ltr'><strong>ad</strong></span> <span class='ocrx_word' id='word_1_491' title='bbox 923 3382 1146 3434; x_wconf 84' lang='lat' dir='ltr'><strong>litteram</strong></span> <span class='ocrx_word' id='word_1_492' title='bbox 1189 3385 1504 3451; x_wconf 70' lang='lat' dir='ltr'><strong>apertissime</strong></span> <span class='ocrx_word' id='word_1_493' title='bbox 1544 3385 1795 3450; x_wconf 63' lang='lat' dir='ltr'><strong>refe/Issa</strong></span> <span class='ocrx_word' id='word_1_494' title='bbox 1836 3377 2052 3439; x_wconf 80' lang='lat' dir='ltr'><strong>senten-</strong></span> 
     </span>
    </p>
   </div>
   <div class='ocr_carea' id='block_1_65' title="bbox 477 3468 2048 3542">
    <p class='ocr_par' dir='ltr' id='par_1_65' title="bbox 477 3468 2048 3542">
     <span class='ocr_line' id='line_1_65' title="bbox 477 3468 2048 3542; baseline 0.008 -24"><span class='ocrx_word' id='word_1_495' title='bbox 477 3468 603 3521; x_wconf 79' lang='lat' dir='ltr'><strong>tiam</strong></span> <span class='ocrx_word' id='word_1_496' title='bbox 651 3469 717 3522; x_wconf 80' lang='lat' dir='ltr'><strong>de</strong></span> <span class='ocrx_word' id='word_1_497' title='bbox 750 3471 966 3525; x_wconf 87' lang='lat' dir='ltr'><strong>traduce</strong></span> <span class='ocrx_word' id='word_1_498' title='bbox 1009 3475 1329 3538; x_wconf 88' lang='lat' dir='ltr'><strong>animarum,</strong></span> <span class='ocrx_word' id='word_1_499' title='bbox 1371 3474 1508 3541; x_wconf 76' lang='lat' dir='ltr'><strong>quod</strong></span> <span class='ocrx_word' id='word_1_500' title='bbox 1560 3473 1614 3527; x_wconf 90' lang='lat' dir='ltr'><strong>in</strong></span> <span class='ocrx_word' id='word_1_501' title='bbox 1657 3476 1812 3542; x_wconf 80' lang='lat' dir='ltr'><strong>cpist‘.</strong></span> <span class='ocrx_word' id='word_1_502' title='bbox 1857 3474 1953 3528; x_wconf 82' lang='grc'><strong>157</strong></span> <span class='ocrx_word' id='word_1_503' title='bbox 1982 3477 2048 3530; x_wconf 89' lang='lat' dir='ltr'><strong>ad</strong></span> 
     </span>
    </p>
   </div>
   <div class='ocr_carea' id='block_1_66' title="bbox 476 3560 2048 3634">
    <p class='ocr_par' dir='ltr' id='par_1_66' title="bbox 476 3560 2048 3634">
     <span class='ocr_line' id='line_1_66' title="bbox 476 3560 2048 3634; baseline 0.006 -24"><span class='ocrx_word' id='word_1_504' title='bbox 476 3562 725 3626; x_wconf 71' lang='lat' dir='ltr'><strong>Optatum</strong></span> <span class='ocrx_word' id='word_1_505' title='bbox 767 3560 881 3616; x_wconf 79' lang='lat' dir='ltr'><strong>lizrc</strong></span> <span class='ocrx_word' id='word_1_506' title='bbox 922 3563 1120 3617; x_wconf 81' lang='lat' dir='ltr'><strong>set-ibit</strong></span> <span class='ocrx_word' id='word_1_507' title='bbox 1147 3581 1160 3617; x_wconf 85' lang='lat'><strong>:</strong></span> <span class='ocrx_word' id='word_1_508' title='bbox 1191 3583 1209 3615; x_wconf 77' lang='grc' dir='ltr'>ι</span> <span class='ocrx_word' id='word_1_509' title='bbox 1236 3565 1417 3632; x_wconf 81' lang='lat' dir='ltr'><strong>Itaque</strong></span> <span class='ocrx_word' id='word_1_510' title='bbox 1459 3565 1532 3618; x_wconf 76' lang='lat' dir='ltr'><strong>illi</strong></span> <span class='ocrx_word' id='word_1_511' title='bbox 1579 3565 1666 3632; x_wconf 85' lang='lat' dir='ltr'><strong>qui</strong></span> <span class='ocrx_word' id='word_1_512' title='bbox 1707 3567 2048 3634; x_wconf 77' lang='lat' dir='ltr'><strong>propaginem</strong></span> 
     </span>
    </p>
   </div>
   <div class='ocr_carea' id='block_1_67' title="bbox 475 3653 2052 3722">
    <p class='ocr_par' dir='ltr' id='par_1_67' title="bbox 475 3653 2052 3722">
     <span class='ocr_line' id='line_1_67' title="bbox 475 3653 2052 3722; baseline 0.006 -20"><span class='ocrx_word' id='word_1_513' title='bbox 475 3653 772 3707; x_wconf 84' lang='lat' dir='ltr'><strong>animarum</strong></span> <span class='ocrx_word' id='word_1_514' title='bbox 816 3657 1206 3710; x_wconf 79' lang='lat' dir='ltr'><strong>inconsiderata</strong></span> <span class='ocrx_word' id='word_1_515' title='bbox 1250 3659 1546 3711; x_wconf 86' lang='lat' dir='ltr'><strong>temeritate</strong></span> <span class='ocrx_word' id='word_1_516' title='bbox 1591 3657 1911 3722; x_wconf 87' lang='lat' dir='ltr'><strong>defendunt;</strong></span> <span class='ocrx_word' id='word_1_517' title='bbox 1945 3678 1962 3709; x_wconf 86' lang='grc'><strong>›</strong></span> <span class='ocrx_word' id='word_1_518' title='bbox 1999 3669 2052 3712; x_wconf 90' lang='lat' dir='ltr'><strong>et</strong></span> 
     </span>
    </p>
   </div>
   <div class='ocr_carea' id='block_1_68' title="bbox 475 3745 2052 3815">
    <p class='ocr_par' dir='ltr' id='par_1_68' title="bbox 475 3745 2052 3815">
     <span class='ocr_line' id='line_1_68' title="bbox 475 3745 2052 3815; baseline 0.005 -21"><span class='ocrx_word' id='word_1_519' title='bbox 475 3745 742 3808; x_wconf 76' lang='lat' dir='ltr'><strong>superius,</strong></span> <span class='ocrx_word' id='word_1_520' title='bbox 779 3745 1001 3811; x_wconf 75' lang='lat' dir='ltr'><strong>loquens</strong></span> <span class='ocrx_word' id='word_1_521' title='bbox 1051 3747 1116 3798; x_wconf 90' lang='lat' dir='ltr'><strong>de</strong></span> <span class='ocrx_word' id='word_1_522' title='bbox 1170 3750 1427 3802; x_wconf 87' lang='lat' dir='ltr'><strong>sententia</strong></span> <span class='ocrx_word' id='word_1_523' title='bbox 1459 3748 1794 3810; x_wconf 86' lang='lat' dir='ltr'><strong>Tertulliani,</strong></span> <span class='ocrx_word' id='word_1_524' title='bbox 1839 3750 1924 3814; x_wconf 90' lang='lat' dir='ltr'><strong>qui</strong></span> <span class='ocrx_word' id='word_1_525' title='bbox 1959 3765 2052 3815; x_wconf 85' lang='lat' dir='ltr'><strong>po-</strong></span> 
     </span>
    </p>
   </div>
   <div class='ocr_carea' id='block_1_69' title="bbox 478 3835 2050 3906">
    <p class='ocr_par' dir='ltr' id='par_1_69' title="bbox 478 3835 2050 3906">
     <span class='ocr_line' id='line_1_69' title="bbox 478 3835 2050 3906; baseline 0.006 -23"><span class='ocrx_word' id='word_1_526' title='bbox 478 3835 639 3886; x_wconf 74' lang='lat' dir='ltr'><strong>nebat</strong></span> <span class='ocrx_word' id='word_1_527' title='bbox 672 3835 944 3887; x_wconf 68' lang='lat' dir='ltr'><strong>tradut-ettt</strong></span> <span class='ocrx_word' id='word_1_528' title='bbox 987 3837 1310 3899; x_wconf 65' lang='lat' dir='ltr'><strong>animarum,</strong></span> <span class='ocrx_word' id='word_1_529' title='bbox 1349 3839 1413 3888; x_wconf 47' lang='lat' dir='ltr'><strong>dit</strong></span> <span class='ocrx_word' id='word_1_530' title='bbox 1435 3844 1489 3887; x_wconf 84' lang='lat' dir='ltr'><strong>at</strong></span> <span class='ocrx_word' id='word_1_531' title='bbox 1519 3853 1532 3887; x_wconf 75' lang='grc' dir='ltr'><strong><em>τ</em></strong></span> <span class='ocrx_word' id='word_1_532' title='bbox 1569 3854 1585 3883; x_wconf 75' lang='lat' dir='ltr'><strong>t</strong></span> <span class='ocrx_word' id='word_1_533' title='bbox 1617 3837 1732 3902; x_wconf 75' lang='lat' dir='ltr'><strong>QUti</strong></span> <span class='ocrx_word' id='word_1_534' title='bbox 1761 3837 1886 3906; x_wconf 84' lang='lat' dir='ltr'><strong>quid</strong></span> <span class='ocrx_word' id='word_1_535' title='bbox 1931 3855 2050 3905; x_wconf 84' lang='lat' dir='ltr'><strong>per-</strong></span> 
     </span>
    </p>
   </div>
   <div class='ocr_carea' id='block_1_70' title="bbox 475 3921 2048 3988">
    <p class='ocr_par' dir='ltr' id='par_1_70' title="bbox 475 3921 2048 3988">
     <span class='ocr_line' id='line_1_70' title="bbox 475 3921 2048 3988; baseline 0.006 -17"><span class='ocrx_word' id='word_1_536' title='bbox 475 3925 684 3974; x_wconf 80' lang='lat' dir='ltr'><strong>versius</strong></span> <span class='ocrx_word' id='word_1_537' title='bbox 723 3921 823 3973; x_wconf 84' lang='lat' dir='ltr'><strong>diei</strong></span> <span class='ocrx_word' id='word_1_538' title='bbox 869 3925 1089 3988; x_wconf 75' lang='lat' dir='ltr'><strong>potest?</strong></span> <span class='ocrx_word' id='word_1_539' title='bbox 1121 3943 1138 3973; x_wconf 69' lang='grc' dir='ltr'><strong><em>ι</em></strong></span> <span class='ocrx_word' id='word_1_540' title='bbox 1191 3923 1303 3976; x_wconf 85' lang='lat' dir='ltr'><strong>Non</strong></span> <span class='ocrx_word' id='word_1_541' title='bbox 1357 3927 1639 3986; x_wconf 42' lang='lat' dir='ltr'><strong>amentior,</strong></span> <span class='ocrx_word' id='word_1_542' title='bbox 1681 3941 1804 3979; x_wconf 83' lang='lat' dir='ltr'><strong>cum</strong></span> <span class='ocrx_word' id='word_1_543' title='bbox 1864 3929 1914 3981; x_wconf 95' lang='lat' dir='ltr'><strong>in</strong></span> <span class='ocrx_word' id='word_1_544' title='bbox 1960 3929 2048 3982; x_wconf 87' lang='lat' dir='ltr'><strong>illa</strong></span> 
     </span>
    </p>
   </div>
   <div class='ocr_carea' id='block_1_71' title="bbox 475 4013 2047 4084">
    <p class='ocr_par' dir='ltr' id='par_1_71' title="bbox 475 4013 2047 4084">
     <span class='ocr_line' id='line_1_71' title="bbox 475 4013 2047 4084; baseline 0.006 -22"><span class='ocrx_word' id='word_1_545' title='bbox 475 4013 693 4078; x_wconf 45' lang='lat' dir='ltr'><strong>epistola</strong></span> <span class='ocrx_word' id='word_1_546' title='bbox 748 4013 918 4063; x_wconf 86' lang='lat' dir='ltr'><strong>adhuc</strong></span> <span class='ocrx_word' id='word_1_547' title='bbox 963 4028 1021 4064; x_wconf 90' lang='lat' dir='ltr'><strong>se</strong></span> <span class='ocrx_word' id='word_1_548' title='bbox 1067 4013 1310 4067; x_wconf 85' lang='lat' dir='ltr'><strong>dubitare</strong></span> <span class='ocrx_word' id='word_1_549' title='bbox 1343 4013 1603 4078; x_wconf 88' lang='lat' dir='ltr'><strong>fateatur;</strong></span> <span class='ocrx_word' id='word_1_550' title='bbox 1661 4032 1781 4069; x_wconf 90' lang='lat' dir='ltr'><strong>nam</strong></span> <span class='ocrx_word' id='word_1_551' title='bbox 1825 4020 2047 4084; x_wconf 84' lang='lat' dir='ltr'><strong>recitata</strong></span> 
     </span>
    </p>
   </div>
   <div class='ocr_carea' id='block_1_72' title="bbox 477 4102 2044 4178">
    <p class='ocr_par' dir='ltr' id='par_1_72' title="bbox 477 4102 2044 4178">
     <span class='ocr_line' id='line_1_72' title="bbox 477 4102 2044 4178; baseline 0.007 -27"><span class='ocrx_word' id='word_1_552' title='bbox 477 4112 702 4167; x_wconf 82' lang='lat' dir='ltr'><strong>utraque</strong></span> <span class='ocrx_word' id='word_1_553' title='bbox 730 4102 982 4165; x_wconf 80' lang='lat' dir='ltr'><strong>opinione.</strong></span> <span class='ocrx_word' id='word_1_554' title='bbox 1009 4103 1075 4155; x_wconf 91' lang='lat' dir='ltr'><strong>de</strong></span> <span class='ocrx_word' id='word_1_555' title='bbox 1097 4103 1370 4157; x_wconf 90' lang='lat' dir='ltr'><strong>creatione</strong></span> <span class='ocrx_word' id='word_1_556' title='bbox 1400 4113 1455 4158; x_wconf 89' lang='lat' dir='ltr'><strong>et</strong></span> <span class='ocrx_word' id='word_1_557' title='bbox 1482 4105 1700 4159; x_wconf 84' lang='lat' dir='ltr'><strong>traduce</strong></span> <span class='ocrx_word' id='word_1_558' title='bbox 1724 4109 2044 4178; x_wconf 89' lang='lat' dir='ltr'><strong>animarum,</strong></span> 
     </span>
    </p>
   </div>
   <div class='ocr_carea' id='block_1_73' title="bbox 473 4192 2045 4263">
    <p class='ocr_par' dir='ltr' id='par_1_73' title="bbox 473 4192 2045 4263">
     <span class='ocr_line' id='line_1_73' title="bbox 473 4192 2045 4263; baseline 0.007 -19"><span class='ocrx_word' id='word_1_559' title='bbox 473 4192 624 4244; x_wconf 88' lang='lat' dir='ltr'><strong>initio</strong></span> <span class='ocrx_word' id='word_1_560' title='bbox 655 4194 834 4246; x_wconf 88' lang='lat' dir='ltr'><strong>statim</strong></span> <span class='ocrx_word' id='word_1_561' title='bbox 885 4195 1123 4262; x_wconf 82' lang='lat' dir='ltr'><strong>epistolae</strong></span> <span class='ocrx_word' id='word_1_562' title='bbox 1166 4196 1280 4252; x_wconf 88' lang='lat' dir='ltr'><strong>ait:</strong></span> <span class='ocrx_word' id='word_1_563' title='bbox 1319 4197 1598 4263; x_wconf 72' lang='lat' dir='ltr'><strong>«Quarum</strong></span> <span class='ocrx_word' id='word_1_564' title='bbox 1645 4207 1822 4254; x_wconf 89' lang='lat' dir='ltr'><strong>autem</strong></span> <span class='ocrx_word' id='word_1_565' title='bbox 1867 4214 2045 4255; x_wconf 87' lang='lat' dir='ltr'><strong>rerum</strong></span> 
     </span>
    </p>
   </div>
   <div class='ocr_carea' id='block_1_74' title="bbox 472 4284 2044 4354">
    <p class='ocr_par' dir='ltr' id='par_1_74' title="bbox 472 4284 2044 4354">
     <span class='ocr_line' id='line_1_74' title="bbox 472 4284 2044 4354; baseline 0.007 -20"><span class='ocrx_word' id='word_1_566' title='bbox 472 4292 632 4350; x_wconf 85' lang='lat' dir='ltr'><strong>atque</strong></span> <span class='ocrx_word' id='word_1_567' title='bbox 674 4297 951 4336; x_wconf 82' lang='lat' dir='ltr'><strong>causarum</strong></span> <span class='ocrx_word' id='word_1_568' title='bbox 995 4284 1426 4340; x_wconf 86' lang='lat' dir='ltr'><strong>consideratione</strong></span> <span class='ocrx_word' id='word_1_569' title='bbox 1483 4302 1819 4354; x_wconf 74' lang='lat' dir='ltr'><strong>permovear,</strong></span> <span class='ocrx_word' id='word_1_570' title='bbox 1877 4297 1939 4343; x_wconf 90' lang='lat' dir='ltr'><strong>ut</strong></span> <span class='ocrx_word' id='word_1_571' title='bbox 1993 4290 2044 4345; x_wconf 93' lang='lat' dir='ltr'><strong>in</strong></span> 
     </span>
    </p>
   </div>
   <div class='ocr_carea' id='block_1_75' title="bbox 473 4376 2047 4445">
    <p class='ocr_par' dir='ltr' id='par_1_75' title="bbox 473 4376 2047 4445">
     <span class='ocr_line' id='line_1_75' title="bbox 473 4376 2047 4445; baseline 0.005 -17"><span class='ocrx_word' id='word_1_572' title='bbox 473 4382 716 4428; x_wconf 86' lang='lat' dir='ltr'><strong>neutram</strong></span> <span class='ocrx_word' id='word_1_573' title='bbox 749 4376 1097 4429; x_wconf 86' lang='lat' dir='ltr'><strong>assertionem</strong></span> <span class='ocrx_word' id='word_1_574' title='bbox 1146 4391 1295 4430; x_wconf 89' lang='lat' dir='ltr'><strong>meus</strong></span> <span class='ocrx_word' id='word_1_575' title='bbox 1340 4376 1619 4432; x_wconf 89' lang='lat' dir='ltr'><strong>inclinetur</strong></span> <span class='ocrx_word' id='word_1_576' title='bbox 1644 4393 1915 4445; x_wconf 88' lang='lat' dir='ltr'><strong>assensus,</strong></span> <span class='ocrx_word' id='word_1_577' title='bbox 1952 4381 2047 4436; x_wconf 87' lang='lat' dir='ltr'><strong>sed</strong></span> 
     </span>
    </p>
   </div>
   <div class='ocr_carea' id='block_1_76' title="bbox 474 4468 2047 4537">
    <p class='ocr_par' dir='ltr' id='par_1_76' title="bbox 474 4468 2047 4537">
     <span class='ocr_line' id='line_1_76' title="bbox 474 4468 2047 4537; baseline 0.004 -17"><span class='ocrx_word' id='word_1_578' title='bbox 474 4481 648 4521; x_wconf 64' lang='grc' dir='ltr'><strong>Λευίς</strong></span> <span class='ocrx_word' id='word_1_579' title='bbox 679 4468 816 4521; x_wconf 90' lang='lat' dir='ltr'><strong>inter</strong></span> <span class='ocrx_word' id='word_1_580' title='bbox 841 4477 1123 4537; x_wconf 85' lang='lat' dir='ltr'><strong>utramque</strong></span> <span class='ocrx_word' id='word_1_581' title='bbox 1160 4469 1474 4537; x_wconf 90' lang='lat' dir='ltr'><strong>disceptem.</strong></span> <span class='ocrx_word' id='word_1_582' title='bbox 1511 4489 1528 4521; x_wconf 73' lang='grc' dir='ltr'><strong><em>ι</em></strong></span> <span class='ocrx_word' id='word_1_583' title='bbox 1564 4470 1626 4524; x_wconf 84' lang='lat' dir='ltr'><strong>Et</strong></span> <span class='ocrx_word' id='word_1_584' title='bbox 1655 4471 1748 4525; x_wconf 90' lang='lat' dir='ltr'><strong>lib.</strong></span> <span class='ocrx_word' id='word_1_585' title='bbox 1779 4488 1793 4525; x_wconf 90' lang='grc' dir='ltr'>ι</span> <span class='ocrx_word' id='word_1_586' title='bbox 1831 4471 1896 4527; x_wconf 91' lang='lat' dir='ltr'><strong>de</strong></span> <span class='ocrx_word' id='word_1_587' title='bbox 1925 4473 2047 4527; x_wconf 80' lang='lat' dir='ltr'><strong>Ori-</strong></span> 
     </span>
    </p>
   </div>
   <div class='ocr_carea' id='block_1_77' title="bbox 2157 3286 3730 3354">
    <p class='ocr_par' dir='ltr' id='par_1_77' title="bbox 2157 3286 3730 3354">
     <span class='ocr_line' id='line_1_77' title="bbox 2157 3286 3730 3354; baseline -0.001 -14"><span class='ocrx_word' id='word_1_588' title='bbox 2157 3286 2407 3340; x_wconf 67' lang='lat' dir='ltr'><strong>invisibili</strong></span> <span class='ocrx_word' id='word_1_589' title='bbox 2439 3287 2520 3338; x_wconf 83' lang='lat' dir='ltr'><strong>via</strong></span> <span class='ocrx_word' id='word_1_590' title='bbox 2565 3288 2806 3340; x_wconf 75' lang='lat' dir='ltr'><strong>seorsum</strong></span> <span class='ocrx_word' id='word_1_591' title='bbox 2857 3300 2920 3340; x_wconf 87' lang='lat' dir='ltr'><strong>ex</strong></span> <span class='ocrx_word' id='word_1_592' title='bbox 2971 3293 3124 3354; x_wconf 89' lang='lat' dir='ltr'><strong>patre</strong></span> <span class='ocrx_word' id='word_1_593' title='bbox 3165 3293 3348 3339; x_wconf 87' lang='lat' dir='ltr'><strong>currat</strong></span> <span class='ocrx_word' id='word_1_594' title='bbox 3387 3288 3440 3340; x_wconf 91' lang='lat' dir='ltr'><strong>in</strong></span> <span class='ocrx_word' id='word_1_595' title='bbox 3492 3299 3730 3351; x_wconf 81' lang='lat' dir='ltr'><strong>matrem,</strong></span> 
     </span>
    </p>
   </div>
   <div class='ocr_carea' id='block_1_78' title="bbox 2155 3377 3728 3449">
    <p class='ocr_par' dir='ltr' id='par_1_78' title="bbox 2155 3377 3728 3449">
     <span class='ocr_line' id='line_1_78' title="bbox 2155 3377 3728 3449; baseline -0.001 -15"><span class='ocrx_word' id='word_1_596' title='bbox 2155 3395 2272 3434; x_wconf 83' lang='lat' dir='ltr'><strong>Cll&#39;lt</strong></span> <span class='ocrx_word' id='word_1_597' title='bbox 2309 3380 2365 3433; x_wconf 87' lang='lat' dir='ltr'><strong>lit</strong></span> <span class='ocrx_word' id='word_1_598' title='bbox 2407 3388 2697 3446; x_wconf 89' lang='lat' dir='ltr'><strong>conceptus</strong></span> <span class='ocrx_word' id='word_1_599' title='bbox 2722 3379 2774 3432; x_wconf 90' lang='lat' dir='ltr'><strong>in</strong></span> <span class='ocrx_word' id='word_1_600' title='bbox 2805 3377 3020 3432; x_wconf 80' lang='lat' dir='ltr'><strong>femina.</strong></span> <span class='ocrx_word' id='word_1_601' title='bbox 3051 3396 3070 3429; x_wconf 75' lang='grc' dir='ltr'><strong><em>ι</em></strong></span> <span class='ocrx_word' id='word_1_602' title='bbox 3106 3379 3160 3432; x_wconf 94' lang='lat' dir='ltr'><strong>ln</strong></span> <span class='ocrx_word' id='word_1_603' title='bbox 3191 3379 3377 3433; x_wconf 87' lang='lat' dir='ltr'><strong>eadem</strong></span> <span class='ocrx_word' id='word_1_604' title='bbox 3419 3381 3590 3449; x_wconf 89' lang='lat' dir='ltr'><strong>epist.</strong></span> <span class='ocrx_word' id='word_1_605' title='bbox 3621 3382 3728 3436; x_wconf 80' lang='grc' dir='ltr'><strong>15ῖ.</strong></span> 
     </span>
    </p>
   </div>
   <div class='ocr_carea' id='block_1_79' title="bbox 2156 3467 3725 3536">
    <p class='ocr_par' dir='ltr' id='par_1_79' title="bbox 2156 3467 3725 3536">
     <span class='ocr_line' id='line_1_79' title="bbox 2156 3467 3725 3536; baseline 0.002 -15"><span class='ocrx_word' id='word_1_606' title='bbox 2156 3469 2230 3522; x_wconf 85' lang='lat' dir='ltr'><strong>De</strong></span> <span class='ocrx_word' id='word_1_607' title='bbox 2254 3469 2319 3522; x_wconf 91' lang='lat' dir='ltr'><strong>iis</strong></span> <span class='ocrx_word' id='word_1_608' title='bbox 2349 3482 2474 3521; x_wconf 87' lang='lat' dir='ltr'><strong>vero</strong></span> <span class='ocrx_word' id='word_1_609' title='bbox 2497 3469 2586 3536; x_wconf 85' lang='lat' dir='ltr'><strong>qui</strong></span> <span class='ocrx_word' id='word_1_610' title='bbox 2621 3467 2812 3521; x_wconf 90' lang='lat' dir='ltr'><strong>minori</strong></span> <span class='ocrx_word' id='word_1_611' title='bbox 2841 3482 2962 3521; x_wconf 90' lang='lat' dir='ltr'><strong>cum</strong></span> <span class='ocrx_word' id='word_1_612' title='bbox 2992 3467 3306 3522; x_wconf 84' lang='lat' dir='ltr'><strong>difllcultate</strong></span> <span class='ocrx_word' id='word_1_613' title='bbox 3335 3469 3619 3526; x_wconf 87' lang='lat' dir='ltr'><strong>traducem</strong></span> <span class='ocrx_word' id='word_1_614' title='bbox 3645 3483 3725 3524; x_wconf 71' lang='lat' dir='ltr'><strong>«&#39;e—</strong></span> 
     </span>
    </p>
   </div>
   <div class='ocr_carea' id='block_1_80' title="bbox 2157 3556 3725 3631">
    <p class='ocr_par' dir='ltr' id='par_1_80' title="bbox 2157 3556 3725 3631">
     <span class='ocr_line' id='line_1_80' title="bbox 2157 3556 3725 3631; baseline 0.001 -18"><span class='ocrx_word' id='word_1_615' title='bbox 2157 3559 2461 3622; x_wconf 74' lang='lat' dir='ltr'><strong>tendebant,</strong></span> <span class='ocrx_word' id='word_1_616' title='bbox 2494 3557 2679 3611; x_wconf 88' lang='lat' dir='ltr'><strong>scribit</strong></span> <span class='ocrx_word' id='word_1_617' title='bbox 2709 3557 2804 3611; x_wconf 92' lang='lat' dir='ltr'><strong>lib.</strong></span> <span class='ocrx_word' id='word_1_618' title='bbox 2840 3573 2872 3611; x_wconf 86' lang='lat' dir='ltr'><strong>x</strong></span> <span class='ocrx_word' id='word_1_619' title='bbox 2906 3558 2972 3611; x_wconf 81' lang='lat' dir='ltr'><strong>de</strong></span> <span class='ocrx_word' id='word_1_620' title='bbox 3018 3556 3154 3613; x_wconf 87' lang='lat' dir='ltr'><strong>Gen.</strong></span> <span class='ocrx_word' id='word_1_621' title='bbox 3205 3559 3271 3614; x_wconf 83' lang='lat' dir='ltr'><strong>ad</strong></span> <span class='ocrx_word' id='word_1_622' title='bbox 3301 3559 3430 3626; x_wconf 88' lang='lat' dir='ltr'><strong>litt.,</strong></span> <span class='ocrx_word' id='word_1_623' title='bbox 3458 3574 3588 3631; x_wconf 87' lang='lat' dir='ltr'><strong>cap.</strong></span> <span class='ocrx_word' id='word_1_624' title='bbox 3622 3562 3725 3615; x_wconf 69' lang='lat'><strong>20:</strong></span> 
     </span>
    </p>
   </div>
   <div class='ocr_carea' id='block_1_81' title="bbox 2160 3646 3728 3719">
    <p class='ocr_par' dir='ltr' id='par_1_81' title="bbox 2160 3646 3728 3719">
     <span class='ocr_line' id='line_1_81' title="bbox 2160 3646 3728 3719; baseline 0.004 -19"><span class='ocrx_word' id='word_1_625' title='bbox 2160 3669 2176 3700; x_wconf 75' lang='grc' dir='ltr'>ι</span> <span class='ocrx_word' id='word_1_626' title='bbox 2205 3651 2305 3704; x_wconf 86' lang='lat' dir='ltr'><strong>Per</strong></span> <span class='ocrx_word' id='word_1_627' title='bbox 2342 3663 2525 3704; x_wconf 88' lang='lat' dir='ltr'><strong>semen</strong></span> <span class='ocrx_word' id='word_1_628' title='bbox 2555 3646 2753 3718; x_wconf 81' lang='lat' dir='ltr'><strong>quippe</strong></span> <span class='ocrx_word' id='word_1_629' title='bbox 2790 3649 3195 3704; x_wconf 86' lang='lat' dir='ltr'><strong>concumbentis</strong></span> <span class='ocrx_word' id='word_1_630' title='bbox 3234 3651 3400 3719; x_wconf 90' lang='lat' dir='ltr'><strong>patris</strong></span> <span class='ocrx_word' id='word_1_631' title='bbox 3431 3651 3728 3707; x_wconf 80' lang='lat' dir='ltr'><strong>transfundi</strong></span> 
     </span>
    </p>
   </div>
   <div class='ocr_carea' id='block_1_82' title="bbox 2153 3738 3729 3797">
    <p class='ocr_par' dir='ltr' id='par_1_82' title="bbox 2153 3738 3729 3797">
     <span class='ocr_line' id='line_1_82' title="bbox 2153 3738 3729 3797; baseline 0.001 -2"><span class='ocrx_word' id='word_1_632' title='bbox 2153 3742 2314 3795; x_wconf 89' lang='lat' dir='ltr'><strong>etiam</strong></span> <span class='ocrx_word' id='word_1_633' title='bbox 2345 3754 2528 3795; x_wconf 89' lang='lat' dir='ltr'><strong>semen</strong></span> <span class='ocrx_word' id='word_1_634' title='bbox 2559 3740 2753 3794; x_wconf 64' lang='lat' dir='ltr'><strong>animae</strong></span> <span class='ocrx_word' id='word_1_635' title='bbox 2780 3738 2984 3794; x_wconf 84' lang='lat' dir='ltr'><strong>volunt.</strong></span> <span class='ocrx_word' id='word_1_636' title='bbox 3013 3759 3034 3792; x_wconf 77' lang='grc' dir='ltr'><strong><em>ι</em></strong></span> <span class='ocrx_word' id='word_1_637' title='bbox 3067 3738 3199 3794; x_wconf 83' lang='lat' dir='ltr'><strong>Nam</strong></span> <span class='ocrx_word' id='word_1_638' title='bbox 3231 3741 3465 3795; x_wconf 87' lang='lat' dir='ltr'><strong>animam</strong></span> <span class='ocrx_word' id='word_1_639' title='bbox 3503 3746 3729 3797; x_wconf 83' lang='lat' dir='ltr'><strong>rationa-</strong></span> 
     </span>
    </p>
   </div>
   <div class='ocr_carea' id='block_1_83' title="bbox 2155 3831 3728 3900">
    <p class='ocr_par' dir='ltr' id='par_1_83' title="bbox 2155 3831 3728 3900">
     <span class='ocr_line' id='line_1_83' title="bbox 2155 3831 3728 3900; baseline 0.002 -14"><span class='ocrx_word' id='word_1_640' title='bbox 2155 3833 2253 3886; x_wconf 82' lang='lat' dir='ltr'><strong>lein</strong></span> <span class='ocrx_word' id='word_1_641' title='bbox 2278 3847 2341 3885; x_wconf 76' lang='lat' dir='ltr'><strong>ex</strong></span> <span class='ocrx_word' id='word_1_642' title='bbox 2373 3831 2596 3884; x_wconf 86' lang='lat' dir='ltr'><strong>materia</strong></span> <span class='ocrx_word' id='word_1_643' title='bbox 2618 3845 2876 3900; x_wconf 88' lang='lat' dir='ltr'><strong>corporea</strong></span> <span class='ocrx_word' id='word_1_644' title='bbox 2906 3831 3101 3888; x_wconf 82' lang='lat' dir='ltr'><strong>factam</strong></span> <span class='ocrx_word' id='word_1_645' title='bbox 3130 3833 3295 3890; x_wconf 86' lang='lat' dir='ltr'><strong>fuisse</strong></span> <span class='ocrx_word' id='word_1_646' title='bbox 3323 3835 3396 3889; x_wconf 93' lang='lat' dir='ltr'><strong>illi</strong></span> <span class='ocrx_word' id='word_1_647' title='bbox 3428 3835 3532 3890; x_wconf 90' lang='lat' dir='ltr'><strong>soli</strong></span> <span class='ocrx_word' id='word_1_648' title='bbox 3557 3837 3728 3890; x_wconf 76' lang='lat' dir='ltr'><strong>dixero</strong></span> 
     </span>
    </p>
   </div>
   <div class='ocr_carea' id='block_1_84' title="bbox 2151 3925 3724 3994">
    <p class='ocr_par' dir='ltr' id='par_1_84' title="bbox 2151 3925 3724 3994">
     <span class='ocr_line' id='line_1_84' title="bbox 2151 3925 3724 3994; baseline 0 -16"><span class='ocrx_word' id='word_1_649' title='bbox 2151 3927 2239 3994; x_wconf 90' lang='lat' dir='ltr'><strong>qui</strong></span> <span class='ocrx_word' id='word_1_650' title='bbox 2270 3925 2516 3979; x_wconf 86' lang='lat' dir='ltr'><strong>eamdem</strong></span> <span class='ocrx_word' id='word_1_651' title='bbox 2549 3937 2745 3991; x_wconf 84' lang='lat' dir='ltr'><strong>corpus</strong></span> <span class='ocrx_word' id='word_1_652' title='bbox 2775 3938 2896 3978; x_wconf 89' lang='lat' dir='ltr'><strong>esse</strong></span> <span class='ocrx_word' id='word_1_653' title='bbox 2930 3934 3182 3994; x_wconf 84' lang='lat' dir='ltr'><strong>putarunt</strong></span> <span class='ocrx_word' id='word_1_654' title='bbox 3209 3941 3272 3979; x_wconf 89' lang='lat' dir='ltr'><strong>ex</strong></span> <span class='ocrx_word' id='word_1_655' title='bbox 3305 3925 3609 3994; x_wconf 86' lang='lat' dir='ltr'><strong>Augustino</strong></span> <span class='ocrx_word' id='word_1_656' title='bbox 3640 3926 3724 3979; x_wconf 90' lang='lat' dir='ltr'><strong>lib.</strong></span> 
     </span>
    </p>
   </div>
   <div class='ocr_carea' id='block_1_85' title="bbox 2153 4014 3724 4085">
    <p class='ocr_par' dir='ltr' id='par_1_85' title="bbox 2153 4014 3724 4085">
     <span class='ocr_line' id='line_1_85' title="bbox 2153 4014 3724 4085; baseline 0.003 -19"><span class='ocrx_word' id='word_1_657' title='bbox 2153 4031 2226 4069; x_wconf 79' lang='lat' dir='ltr'><strong>vn</strong></span> <span class='ocrx_word' id='word_1_658' title='bbox 2263 4015 2330 4070; x_wconf 90' lang='lat' dir='ltr'><strong>de</strong></span> <span class='ocrx_word' id='word_1_659' title='bbox 2359 4014 2516 4080; x_wconf 90' lang='lat' dir='ltr'><strong>Gen.,</strong></span> <span class='ocrx_word' id='word_1_660' title='bbox 2563 4029 2681 4082; x_wconf 87' lang='lat' dir='ltr'><strong>cap.</strong></span> <span class='ocrx_word' id='word_1_661' title='bbox 2723 4014 2778 4081; x_wconf 86' lang='lat'><strong>9,</strong></span> <span class='ocrx_word' id='word_1_662' title='bbox 2823 4025 3008 4070; x_wconf 89' lang='lat' dir='ltr'><strong>contra</strong></span> <span class='ocrx_word' id='word_1_663' title='bbox 3048 4030 3182 4085; x_wconf 89' lang='lat' dir='ltr'><strong>quos</strong></span> <span class='ocrx_word' id='word_1_664' title='bbox 3227 4016 3283 4071; x_wconf 93' lang='lat' dir='ltr'><strong>in</strong></span> <span class='ocrx_word' id='word_1_665' title='bbox 3327 4031 3392 4070; x_wconf 85' lang='lat' dir='ltr'><strong>eo</strong></span> <span class='ocrx_word' id='word_1_666' title='bbox 3425 4017 3565 4072; x_wconf 92' lang='lat' dir='ltr'><strong>libro</strong></span> <span class='ocrx_word' id='word_1_667' title='bbox 3596 4019 3724 4072; x_wconf 83' lang='lat' dir='ltr'><strong>idem</strong></span> 
     </span>
    </p>
   </div>
   <div class='ocr_carea' id='block_1_86' title="bbox 2149 4108 3723 4181">
    <p class='ocr_par' dir='ltr' id='par_1_86' title="bbox 2149 4108 3723 4181">
     <span class='ocr_line' id='line_1_86' title="bbox 2149 4108 3723 4181; baseline 0.001 -18"><span class='ocrx_word' id='word_1_668' title='bbox 2149 4110 2458 4164; x_wconf 71' lang='lat' dir='ltr'><strong>acuti~sime</strong></span> <span class='ocrx_word' id='word_1_669' title='bbox 2503 4108 2758 4178; x_wconf 83' lang='lat' dir='ltr'><strong>disputat.</strong></span> <span class='ocrx_word' id='word_1_670' title='bbox 2803 4109 2978 4175; x_wconf 84' lang='lat' dir='ltr'><strong>Quare</strong></span> <span class='ocrx_word' id='word_1_671' title='bbox 3026 4123 3254 4164; x_wconf 87' lang='lat' dir='ltr'><strong>censura</strong></span> <span class='ocrx_word' id='word_1_672' title='bbox 3309 4109 3398 4164; x_wconf 90' lang='lat' dir='ltr'><strong>illa</strong></span> <span class='ocrx_word' id='word_1_673' title='bbox 3447 4111 3723 4181; x_wconf 85' lang='lat' dir='ltr'><strong>Augustini</strong></span> 
     </span>
    </p>
   </div>
   <div class='ocr_carea' id='block_1_87' title="bbox 2148 4199 3722 4273">
    <p class='ocr_par' dir='ltr' id='par_1_87' title="bbox 2148 4199 3722 4273">
     <span class='ocr_line' id='line_1_87' title="bbox 2148 4199 3722 4273; baseline 0.002 -20"><span class='ocrx_word' id='word_1_674' title='bbox 2148 4215 2241 4253; x_wconf 90' lang='lat' dir='ltr'><strong>eos</strong></span> <span class='ocrx_word' id='word_1_675' title='bbox 2271 4208 2473 4252; x_wconf 85' lang='lat' dir='ltr'><strong>tantum</strong></span> <span class='ocrx_word' id='word_1_676' title='bbox 2505 4199 2811 4268; x_wconf 85' lang='lat' dir='ltr'><strong>perstringit</strong></span> <span class='ocrx_word' id='word_1_677' title='bbox 2843 4199 2931 4266; x_wconf 89' lang='lat' dir='ltr'><strong>qui</strong></span> <span class='ocrx_word' id='word_1_678' title='bbox 2957 4199 3188 4252; x_wconf 91' lang='lat' dir='ltr'><strong>animam</strong></span> <span class='ocrx_word' id='word_1_679' title='bbox 3217 4215 3561 4269; x_wconf 81' lang='lat' dir='ltr'><strong>corpoream,</strong></span> <span class='ocrx_word' id='word_1_680' title='bbox 3581 4204 3722 4273; x_wconf 83' lang='lat' dir='ltr'><strong>juxta</strong></span> 
     </span>
    </p>
   </div>
   <div class='ocr_carea' id='block_1_88' title="bbox 2148 4289 3722 4360">
    <p class='ocr_par' dir='ltr' id='par_1_88' title="bbox 2148 4289 3722 4360">
     <span class='ocr_line' id='line_1_88' title="bbox 2148 4289 3722 4360; baseline 0 -16"><span class='ocrx_word' id='word_1_681' title='bbox 2148 4289 2460 4344; x_wconf 87' lang='lat' dir='ltr'><strong>Tertulliani</strong></span> <span class='ocrx_word' id='word_1_682' title='bbox 2486 4303 2744 4354; x_wconf 89' lang='lat' dir='ltr'><strong>errorem,</strong></span> <span class='ocrx_word' id='word_1_683' title='bbox 2787 4304 2854 4342; x_wconf 85' lang='lat' dir='ltr'><strong>ex</strong></span> <span class='ocrx_word' id='word_1_684' title='bbox 2883 4290 3211 4357; x_wconf 80' lang='lat' dir='ltr'><strong>corpulentis</strong></span> <span class='ocrx_word' id='word_1_685' title='bbox 3243 4289 3545 4347; x_wconf 87' lang='lat' dir='ltr'><strong>seminibus</strong></span> <span class='ocrx_word' id='word_1_686' title='bbox 3572 4291 3722 4360; x_wconf 66' lang='lat' dir='ltr'><strong>origio</strong></span> 
     </span>
    </p>
   </div>
   <div class='ocr_carea' id='block_1_89' title="bbox 2149 4381 3721 4448">
    <p class='ocr_par' dir='ltr' id='par_1_89' title="bbox 2149 4381 3721 4448">
     <span class='ocr_line' id='line_1_89' title="bbox 2149 4381 3721 4448; baseline 0 -10"><span class='ocrx_word' id='word_1_687' title='bbox 2149 4398 2271 4439; x_wconf 90' lang='lat' dir='ltr'><strong>nem</strong></span> <span class='ocrx_word' id='word_1_688' title='bbox 2304 4382 2520 4437; x_wconf 88' lang='lat' dir='ltr'><strong>trahere</strong></span> <span class='ocrx_word' id='word_1_689' title='bbox 2556 4382 2952 4436; x_wconf 77' lang='lat' dir='ltr'><strong>asseverabant.</strong></span> <span class='ocrx_word' id='word_1_690' title='bbox 2986 4381 3208 4448; x_wconf 88' lang='lat' dir='ltr'><strong>Qualem</strong></span> <span class='ocrx_word' id='word_1_691' title='bbox 3240 4398 3371 4438; x_wconf 91' lang='lat' dir='ltr'><strong>vero</strong></span> <span class='ocrx_word' id='word_1_692' title='bbox 3399 4398 3458 4438; x_wconf 88' lang='lat' dir='ltr'><strong>se</strong></span> <span class='ocrx_word' id='word_1_693' title='bbox 3508 4386 3721 4438; x_wconf 79' lang='lat' dir='ltr'><strong>exhibe-</strong></span> 
     </span>
    </p>
   </div>
   <div class='ocr_carea' id='block_1_90' title="bbox 2149 4471 3720 4544">
    <p class='ocr_par' dir='ltr' id='par_1_90' title="bbox 2149 4471 3720 4544">
     <span class='ocr_line' id='line_1_90' title="bbox 2149 4471 3720 4544; baseline -0.003 -15"><span class='ocrx_word' id='word_1_694' title='bbox 2149 4485 2231 4529; x_wconf 85' lang='lat' dir='ltr'><strong>ret</strong></span> <span class='ocrx_word' id='word_1_695' title='bbox 2269 4471 2598 4544; x_wconf 83' lang='lat' dir='ltr'><strong>Augustinus</strong></span> <span class='ocrx_word' id='word_1_696' title='bbox 2637 4487 2760 4542; x_wconf 82' lang='lat' dir='ltr'><strong>erga</strong></span> <span class='ocrx_word' id='word_1_697' title='bbox 2800 4481 3082 4541; x_wconf 83' lang='lat' dir='ltr'><strong>utramque</strong></span> <span class='ocrx_word' id='word_1_698' title='bbox 3116 4474 3436 4527; x_wconf 88' lang='lat' dir='ltr'><strong>sententiam</strong></span> <span class='ocrx_word' id='word_1_699' title='bbox 3481 4477 3720 4528; x_wconf 84' lang='lat' dir='ltr'><strong>audiatur</strong></span> 
     </span>
    </p>
   </div>
   <div class='ocr_carea' id='block_1_91' title="bbox 472 4557 3718 4631">
    <p class='ocr_par' dir='ltr' id='par_1_91' title="bbox 472 4557 3718 4631">
     <span class='ocr_line' id='line_1_91' title="bbox 472 4557 3718 4631; baseline 0.003 -26"><span class='ocrx_word' id='word_1_700' title='bbox 472 4557 596 4621; x_wconf 69' lang='lat' dir='ltr'><strong>gine</strong></span> <span class='ocrx_word' id='word_1_701' title='bbox 644 4559 856 4622; x_wconf 66' lang='lat' dir='ltr'><strong>animae,</strong></span> <span class='ocrx_word' id='word_1_702' title='bbox 897 4572 1016 4626; x_wconf 90' lang='lat' dir='ltr'><strong>cap.</strong></span> <span class='ocrx_word' id='word_1_703' title='bbox 1064 4559 1150 4627; x_wconf 88' lang='grc'><strong>16,</strong></span> <span class='ocrx_word' id='word_1_704' title='bbox 1197 4559 1265 4612; x_wconf 91' lang='lat' dir='ltr'><strong>de</strong></span> <span class='ocrx_word' id='word_1_705' title='bbox 1323 4559 1540 4614; x_wconf 90' lang='lat' dir='ltr'><strong>traduce</strong></span> <span class='ocrx_word' id='word_1_706' title='bbox 1587 4563 1884 4616; x_wconf 83' lang='lat' dir='ltr'><strong>animarum</strong></span> <span class='ocrx_word' id='word_1_707' title='bbox 1927 4565 2001 4617; x_wconf 89' lang='lat' dir='ltr'><strong>ait</strong></span> <span class='ocrx_word' id='word_1_708' title='bbox 2029 4582 2042 4619; x_wconf 88' lang='lat'><strong>:</strong></span> <span class='ocrx_word' id='word_1_709' title='bbox 2071 4561 2122 4622; x_wconf 84' lang='grc' dir='ltr'><strong>Ι)</strong></span> <span class='ocrx_word' id='word_1_710' title='bbox 2151 4565 2242 4619; x_wconf 92' lang='lat' dir='ltr'><strong>lib.</strong></span> <span class='ocrx_word' id='word_1_711' title='bbox 2270 4581 2298 4618; x_wconf 84' lang='lat' dir='ltr'><strong>x</strong></span> <span class='ocrx_word' id='word_1_712' title='bbox 2324 4564 2391 4618; x_wconf 89' lang='lat' dir='ltr'><strong>de</strong></span> <span class='ocrx_word' id='word_1_713' title='bbox 2421 4565 2580 4627; x_wconf 83' lang='lat' dir='ltr'><strong>Gen.,</strong></span> <span class='ocrx_word' id='word_1_714' title='bbox 2610 4577 2728 4628; x_wconf 88' lang='lat' dir='ltr'><strong>cap.</strong></span> <span class='ocrx_word' id='word_1_715' title='bbox 2750 4561 2814 4615; x_wconf 75' lang='grc'><strong>21</strong></span> <span class='ocrx_word' id='word_1_716' title='bbox 2846 4579 2860 4614; x_wconf 88' lang='lat'><strong>:</strong></span> <span class='ocrx_word' id='word_1_717' title='bbox 2895 4581 2912 4612; x_wconf 73' lang='grc' dir='ltr'>ι</span> <span class='ocrx_word' id='word_1_718' title='bbox 2952 4563 3060 4631; x_wconf 84' lang='lat' dir='ltr'><strong>Ego</strong></span> <span class='ocrx_word' id='word_1_719' title='bbox 3089 4562 3264 4617; x_wconf 84' lang='lat' dir='ltr'><strong>adhuc</strong></span> <span class='ocrx_word' id='word_1_720' title='bbox 3305 4563 3442 4617; x_wconf 90' lang='lat' dir='ltr'><strong>inter</strong></span> <span class='ocrx_word' id='word_1_721' title='bbox 3472 4573 3718 4629; x_wconf 83' lang='lat' dir='ltr'><strong>utrosque</strong></span> 
     </span>
    </p>
   </div>
   <div class='ocr_carea' id='block_1_92' title="bbox 479 4648 2046 4716">
    <p class='ocr_par' dir='ltr' id='par_1_92' title="bbox 479 4648 2046 4716">
     <span class='ocr_line' id='line_1_92' title="bbox 479 4648 2046 4716; baseline 0.008 -18"><span class='ocrx_word' id='word_1_722' title='bbox 479 4664 500 4698; x_wconf 74' lang='lat' dir='ltr'><strong>r</strong></span> <span class='ocrx_word' id='word_1_723' title='bbox 535 4649 644 4716; x_wconf 75' lang='lat' dir='ltr'><strong>Ego</strong></span> <span class='ocrx_word' id='word_1_724' title='bbox 692 4663 788 4702; x_wconf 87' lang='lat' dir='ltr'><strong>ncc</strong></span> <span class='ocrx_word' id='word_1_725' title='bbox 814 4648 1066 4712; x_wconf 79' lang='lat' dir='ltr'><strong>defendo,</strong></span> <span class='ocrx_word' id='word_1_726' title='bbox 1099 4663 1199 4703; x_wconf 91' lang='lat' dir='ltr'><strong>nec</strong></span> <span class='ocrx_word' id='word_1_727' title='bbox 1229 4649 1437 4703; x_wconf 89' lang='lat' dir='ltr'><strong>refello.</strong></span> <span class='ocrx_word' id='word_1_728' title='bbox 1474 4668 1490 4702; x_wconf 75' lang='grc' dir='ltr'>ι</span> <span class='ocrx_word' id='word_1_729' title='bbox 1526 4651 1633 4704; x_wconf 85' lang='lat' dir='ltr'><strong>llos</strong></span> <span class='ocrx_word' id='word_1_730' title='bbox 1667 4660 1846 4706; x_wconf 89' lang='lat' dir='ltr'><strong>autem</strong></span> <span class='ocrx_word' id='word_1_731' title='bbox 1879 4651 2046 4710; x_wconf 74' lang='lat' dir='ltr'><strong>libros</strong></span> 
     </span>
    </p>
   </div>
   <div class='ocr_carea' id='block_1_93' title="bbox 467 4739 2041 4813">
    <p class='ocr_par' dir='ltr' id='par_1_93' title="bbox 467 4739 2041 4813">
     <span class='ocr_line' id='line_1_93' title="bbox 467 4739 2041 4813; baseline 0.006 -24"><span class='ocrx_word' id='word_1_732' title='bbox 467 4749 686 4792; x_wconf 84' lang='lat' dir='ltr'><strong>sanctus</strong></span> <span class='ocrx_word' id='word_1_733' title='bbox 712 4739 898 4794; x_wconf 85' lang='lat' dir='ltr'><strong>doctor</strong></span> <span class='ocrx_word' id='word_1_734' title='bbox 929 4741 1227 4808; x_wconf 78' lang='lat' dir='ltr'><strong>composuit</strong></span> <span class='ocrx_word' id='word_1_735' title='bbox 1257 4749 1377 4810; x_wconf 88' lang='lat' dir='ltr'><strong>post</strong></span> <span class='ocrx_word' id='word_1_736' title='bbox 1404 4741 1544 4794; x_wconf 85' lang='lat' dir='ltr'><strong>illam</strong></span> <span class='ocrx_word' id='word_1_737' title='bbox 1577 4743 1858 4809; x_wconf 85' lang='lat' dir='ltr'><strong>epistolam</strong></span> <span class='ocrx_word' id='word_1_738' title='bbox 1883 4760 2041 4813; x_wconf 89' lang='lat' dir='ltr'><strong>quam</strong></span> 
     </span>
    </p>
   </div>
   <div class='ocr_carea' id='block_1_94' title="bbox 465 4819 2046 4897">
    <p class='ocr_par' dir='ltr' id='par_1_94' title="bbox 465 4819 2046 4897">
     <span class='ocr_line' id='line_1_94' title="bbox 465 4819 2046 4897; baseline 0.006 -18"><span class='ocrx_word' id='word_1_739' title='bbox 465 4819 711 4882; x_wconf 59' lang='lat' dir='ltr'><strong>Ctesarea</strong></span> <span class='ocrx_word' id='word_1_740' title='bbox 750 4829 896 4884; x_wconf 90' lang='lat' dir='ltr'><strong>dedit</strong></span> <span class='ocrx_word' id='word_1_741' title='bbox 917 4831 980 4883; x_wconf 88' lang='lat' dir='ltr'><strong>ad</strong></span> <span class='ocrx_word' id='word_1_742' title='bbox 1009 4830 1281 4897; x_wconf 86' lang='lat' dir='ltr'><strong>Optatum,</strong></span> <span class='ocrx_word' id='word_1_743' title='bbox 1324 4831 1731 4885; x_wconf 90' lang='lat' dir='ltr'><strong>utostenditnus</strong></span> <span class='ocrx_word' id='word_1_744' title='bbox 1761 4831 1892 4886; x_wconf 88' lang='lat' dir='ltr'><strong>lib.t</strong></span> <span class='ocrx_word' id='word_1_745' title='bbox 1927 4835 2046 4889; x_wconf 88' lang='lat' dir='ltr'><strong>llis-</strong></span> 
     </span>
    </p>
   </div>
   <div class='ocr_carea' id='block_1_95' title="bbox 469 4919 2044 4990">
    <p class='ocr_par' dir='ltr' id='par_1_95' title="bbox 469 4919 2044 4990">
     <span class='ocr_line' id='line_1_95' title="bbox 469 4919 2044 4990; baseline 0.006 -21"><span class='ocrx_word' id='word_1_746' title='bbox 469 4927 570 4971; x_wconf 90' lang='lat' dir='ltr'><strong>tor.</strong></span> <span class='ocrx_word' id='word_1_747' title='bbox 611 4919 812 4988; x_wconf 59' lang='lat' dir='ltr'><strong>Pelag,</strong></span> <span class='ocrx_word' id='word_1_748' title='bbox 861 4937 983 4990; x_wconf 87' lang='lat' dir='ltr'><strong>cap.</strong></span> <span class='ocrx_word' id='word_1_749' title='bbox 1012 4921 1111 4986; x_wconf 78' lang='lat' dir='ltr'><strong>l3;</strong></span> <span class='ocrx_word' id='word_1_750' title='bbox 1141 4923 1193 4976; x_wconf 92' lang='lat' dir='ltr'><strong>in</strong></span> <span class='ocrx_word' id='word_1_751' title='bbox 1225 4922 1290 4976; x_wconf 90' lang='lat' dir='ltr'><strong>iis</strong></span> <span class='ocrx_word' id='word_1_752' title='bbox 1318 4929 1495 4977; x_wconf 85' lang='lat' dir='ltr'><strong>autem</strong></span> <span class='ocrx_word' id='word_1_753' title='bbox 1528 4922 1674 4976; x_wconf 90' lang='lat' dir='ltr'><strong>libris</strong></span> <span class='ocrx_word' id='word_1_754' title='bbox 1703 4937 1853 4976; x_wconf 89' lang='lat' dir='ltr'><strong>suam</strong></span> <span class='ocrx_word' id='word_1_755' title='bbox 1878 4923 2044 4987; x_wconf 47' lang='lat' dir='ltr'><strong>,dubi-</strong></span> 
     </span>
    </p>
   </div>
   <div class='ocr_carea' id='block_1_96' title="bbox 470 5007 2048 5070">
    <p class='ocr_par' dir='ltr' id='par_1_96' title="bbox 470 5007 2048 5070">
     <span class='ocr_line' id='line_1_96' title="bbox 470 5007 2048 5070; baseline 0.007 -11"><span class='ocrx_word' id='word_1_756' title='bbox 470 5007 726 5060; x_wconf 86' lang='lat' dir='ltr'><strong>tationem</strong></span> <span class='ocrx_word' id='word_1_757' title='bbox 759 5009 1025 5065; x_wconf 80' lang='lat' dir='ltr'><strong>fusissiu.e</strong></span> <span class='ocrx_word' id='word_1_758' title='bbox 1051 5013 1290 5068; x_wconf 78' lang='lat' dir='ltr'><strong>defendit</strong></span> <span class='ocrx_word' id='word_1_759' title='bbox 1319 5024 1503 5068; x_wconf 88' lang='lat' dir='ltr'><strong>contra</strong></span> <span class='ocrx_word' id='word_1_760' title='bbox 1530 5014 1792 5068; x_wconf 82' lang='lat' dir='ltr'><strong>\‘ineentii</strong></span> <span class='ocrx_word' id='word_1_761' title='bbox 1823 5015 2048 5070; x_wconf 83' lang='lat' dir='ltr'><strong>VictOtis</strong></span> 
     </span>
    </p>
   </div>
   <div class='ocr_carea' id='block_1_97' title="bbox 465 5097 2043 5175">
    <p class='ocr_par' dir='ltr' id='par_1_97' title="bbox 465 5097 2043 5175">
     <span class='ocr_line' id='line_1_97' title="bbox 465 5097 2043 5175; baseline 0.007 -24"><span class='ocrx_word' id='word_1_762' title='bbox 465 5097 935 5168; x_wconf 76' lang='lat' dir='ltr'><strong>reprehensiones.</strong></span> <span class='ocrx_word' id='word_1_763' title='bbox 988 5104 1157 5157; x_wconf 66' lang='lat' dir='ltr'><strong>Solvit</strong></span> <span class='ocrx_word' id='word_1_764' title='bbox 1187 5114 1362 5159; x_wconf 88' lang='lat' dir='ltr'><strong>tamen</strong></span> <span class='ocrx_word' id='word_1_765' title='bbox 1404 5106 1476 5160; x_wconf 91' lang='lat' dir='ltr'><strong>ibi</strong></span> <span class='ocrx_word' id='word_1_766' title='bbox 1509 5123 1654 5162; x_wconf 90' lang='lat' dir='ltr'><strong>more</strong></span> <span class='ocrx_word' id='word_1_767' title='bbox 1694 5107 1856 5162; x_wconf 91' lang='lat' dir='ltr'><strong>solito</strong></span> <span class='ocrx_word' id='word_1_768' title='bbox 1887 5124 2043 5175; x_wconf 55' lang='lat' dir='ltr'><strong>argu-</strong></span> 
     </span>
    </p>
   </div>
   <div class='ocr_carea' id='block_1_98' title="bbox 464 5190 2039 5266">
    <p class='ocr_par' dir='ltr' id='par_1_98' title="bbox 464 5190 2039 5266">
     <span class='ocr_line' id='line_1_98' title="bbox 464 5190 2039 5266; baseline 0.007 -25"><span class='ocrx_word' id='word_1_769' title='bbox 464 5201 642 5242; x_wconf 86' lang='lat' dir='ltr'><strong>menta</strong></span> <span class='ocrx_word' id='word_1_770' title='bbox 683 5190 957 5258; x_wconf 85' lang='lat' dir='ltr'><strong>utriusque</strong></span> <span class='ocrx_word' id='word_1_771' title='bbox 987 5195 1292 5257; x_wconf 66' lang='lat' dir='ltr'><strong>sententiae,</strong></span> <span class='ocrx_word' id='word_1_772' title='bbox 1317 5196 1456 5264; x_wconf 90' lang='lat' dir='ltr'><strong>qttod</strong></span> <span class='ocrx_word' id='word_1_773' title='bbox 1489 5213 1591 5250; x_wconf 92' lang='lat' dir='ltr'><strong>non</strong></span> <span class='ocrx_word' id='word_1_774' title='bbox 1622 5206 1704 5250; x_wconf 90' lang='lat' dir='ltr'><strong>est</strong></span> <span class='ocrx_word' id='word_1_775' title='bbox 1729 5197 2039 5266; x_wconf 83' lang='lat' dir='ltr'><strong>Opinionem</strong></span> 
     </span>
    </p>
   </div>
   <div class='ocr_carea' id='block_1_99' title="bbox 460 5280 2042 5354">
    <p class='ocr_par' dir='ltr' id='par_1_99' title="bbox 460 5280 2042 5354">
     <span class='ocr_line' id='line_1_99' title="bbox 460 5280 2042 5354; baseline 0.004 -19"><span class='ocrx_word' id='word_1_776' title='bbox 460 5280 527 5336; x_wconf 83' lang='lat' dir='ltr'><strong>de</strong></span> <span class='ocrx_word' id='word_1_777' title='bbox 558 5282 772 5337; x_wconf 86' lang='lat' dir='ltr'><strong>traduce</strong></span> <span class='ocrx_word' id='word_1_778' title='bbox 805 5282 1068 5348; x_wconf 88' lang='lat' dir='ltr'><strong>refellere,</strong></span> <span class='ocrx_word' id='word_1_779' title='bbox 1097 5285 1190 5338; x_wconf 89' lang='lat' dir='ltr'><strong>sed</strong></span> <span class='ocrx_word' id='word_1_780' title='bbox 1221 5286 1461 5354; x_wconf 80' lang='lat' dir='ltr'><strong>ejusdem</strong></span> <span class='ocrx_word' id='word_1_781' title='bbox 1489 5287 1921 5342; x_wconf 90' lang='lat' dir='ltr'><strong>incertitudinem</strong></span> <span class='ocrx_word' id='word_1_782' title='bbox 1954 5287 2042 5342; x_wconf 88' lang='lat' dir='ltr'><strong>de-</strong></span> 
     </span>
    </p>
   </div>
   <div class='ocr_carea' id='block_1_100' title="bbox 459 5374 2040 5432">
    <p class='ocr_par' dir='ltr' id='par_1_100' title="bbox 459 5374 2040 5432">
     <span class='ocr_line' id='line_1_100' title="bbox 459 5374 2040 5432; baseline 0.003 -5"><span class='ocrx_word' id='word_1_783' title='bbox 459 5380 779 5429; x_wconf 80' lang='lat' dir='ltr'><strong>monstrare.</strong></span> <span class='ocrx_word' id='word_1_784' title='bbox 819 5375 952 5428; x_wconf 91' lang='lat' dir='ltr'><strong>llinc</strong></span> <span class='ocrx_word' id='word_1_785' title='bbox 999 5374 1136 5428; x_wconf 92' lang='lat' dir='ltr'><strong>illius</strong></span> <span class='ocrx_word' id='word_1_786' title='bbox 1166 5385 1466 5431; x_wconf 88' lang='lat' dir='ltr'><strong>assertores</strong></span> <span class='ocrx_word' id='word_1_787' title='bbox 1509 5377 1916 5431; x_wconf 68' lang='lat' dir='ltr'><strong>inconsiderata:</strong></span> <span class='ocrx_word' id='word_1_788' title='bbox 1959 5387 2040 5432; x_wconf 89' lang='lat' dir='ltr'><strong>te-</strong></span> 
     </span>
    </p>
   </div>
   <div class='ocr_carea' id='block_1_101' title="bbox 462 5466 2037 5534">
    <p class='ocr_par' dir='ltr' id='par_1_101' title="bbox 462 5466 2037 5534">
     <span class='ocr_line' id='line_1_101' title="bbox 462 5466 2037 5534; baseline 0.003 -15"><span class='ocrx_word' id='word_1_789' title='bbox 462 5467 723 5520; x_wconf 83' lang='lat' dir='ltr'><strong>tncritntis</strong></span> <span class='ocrx_word' id='word_1_790' title='bbox 751 5469 943 5533; x_wconf 85' lang='lat' dir='ltr'><strong>arguit,</strong></span> <span class='ocrx_word' id='word_1_791' title='bbox 970 5482 1074 5518; x_wconf 87' lang='lat' dir='ltr'><strong>ttun</strong></span> <span class='ocrx_word' id='word_1_792' title='bbox 1097 5468 1238 5534; x_wconf 87' lang='lat' dir='ltr'><strong>quod</strong></span> <span class='ocrx_word' id='word_1_793' title='bbox 1273 5476 1480 5534; x_wconf 89' lang='lat' dir='ltr'><strong>putaret</strong></span> <span class='ocrx_word' id='word_1_794' title='bbox 1508 5466 1627 5520; x_wconf 85' lang='lat' dir='ltr'><strong>illos</strong></span> <span class='ocrx_word' id='word_1_795' title='bbox 1661 5466 1847 5520; x_wconf 90' lang='lat' dir='ltr'><strong>falsum</strong></span> <span class='ocrx_word' id='word_1_796' title='bbox 1885 5480 2037 5522; x_wconf 80' lang='lat' dir='ltr'><strong>asse-</strong></span> 
     </span>
    </p>
   </div>
   <div class='ocr_carea' id='block_1_102' title="bbox 457 5557 2033 5626">
    <p class='ocr_par' dir='ltr' id='par_1_102' title="bbox 457 5557 2033 5626">
     <span class='ocr_line' id='line_1_102' title="bbox 457 5557 2033 5626; baseline 0.001 -19"><span class='ocrx_word' id='word_1_797' title='bbox 457 5560 597 5621; x_wconf 76' lang='lat' dir='ltr'><strong>rere,</strong></span> <span class='ocrx_word' id='word_1_798' title='bbox 626 5557 720 5609; x_wconf 76' lang='grc' dir='ltr'><strong>ειιά</strong></span> <span class='ocrx_word' id='word_1_799' title='bbox 749 5559 886 5624; x_wconf 67' lang='lat' dir='ltr'><strong>quod</strong></span> <span class='ocrx_word' id='word_1_800' title='bbox 915 5562 1155 5624; x_wconf 85' lang='lat' dir='ltr'><strong>culparet</strong></span> <span class='ocrx_word' id='word_1_801' title='bbox 1190 5567 1487 5626; x_wconf 76' lang='lat' dir='ltr'><strong>promptam</strong></span> <span class='ocrx_word' id='word_1_802' title='bbox 1512 5572 1693 5610; x_wconf 86' lang='lat' dir='ltr'><strong>eorum</strong></span> <span class='ocrx_word' id='word_1_803' title='bbox 1733 5557 2033 5624; x_wconf 86' lang='lat' dir='ltr'><strong>audaciam,</strong></span> 
     </span>
    </p>
   </div>
   <div class='ocr_carea' id='block_1_103' title="bbox 457 5648 2034 5720">
    <p class='ocr_par' dir='ltr' id='par_1_103' title="bbox 457 5648 2034 5720">
     <span class='ocr_line' id='line_1_103' title="bbox 457 5648 2034 5720; baseline 0.006 -25"><span class='ocrx_word' id='word_1_804' title='bbox 457 5658 560 5711; x_wconf 79' lang='lat' dir='ltr'><strong>qua</strong></span> <span class='ocrx_word' id='word_1_805' title='bbox 594 5648 898 5715; x_wconf 83' lang='lat' dir='ltr'><strong>opini-ttem</strong></span> <span class='ocrx_word' id='word_1_806' title='bbox 949 5670 1053 5706; x_wconf 89' lang='lat' dir='ltr'><strong>non</strong></span> <span class='ocrx_word' id='word_1_807' title='bbox 1090 5654 1249 5706; x_wconf 57' lang='grc' dir='ltr'><strong>τρι-ιίς</strong></span> <span class='ocrx_word' id='word_1_808' title='bbox 1281 5654 1608 5720; x_wconf 62' lang='lat' dir='ltr'><strong>argumentis</strong></span> <span class='ocrx_word' id='word_1_809' title='bbox 1639 5652 1925 5706; x_wconf 83' lang='lat' dir='ltr'><strong>stabilitam</strong></span> <span class='ocrx_word' id='word_1_810' title='bbox 1961 5657 2034 5708; x_wconf 90' lang='lat' dir='ltr'><strong>nti</strong></span> 
     </span>
    </p>
   </div>
   <div class='ocr_carea' id='block_1_104' title="bbox 455 5739 2030 5816">
    <p class='ocr_par' dir='ltr' id='par_1_104' title="bbox 455 5739 2030 5816">
     <span class='ocr_line' id='line_1_104' title="bbox 455 5739 2030 5816; baseline 0.01 -29"><span class='ocrx_word' id='word_1_811' title='bbox 455 5739 632 5787; x_wconf 67' lang='lat' dir='ltr'><strong>tamin</strong></span> <span class='ocrx_word' id='word_1_812' title='bbox 682 5741 1019 5797; x_wconf 81' lang='lat' dir='ltr'><strong>contentiose</strong></span> <span class='ocrx_word' id='word_1_813' title='bbox 1058 5743 1432 5816; x_wconf 76' lang='lat' dir='ltr'><strong>defenderent,</strong></span> <span class='ocrx_word' id='word_1_814' title='bbox 1480 5745 1625 5814; x_wconf 80' lang='lat' dir='ltr'><strong>quia,</strong></span> <span class='ocrx_word' id='word_1_815' title='bbox 1666 5754 1724 5799; x_wconf 88' lang='lat' dir='ltr'><strong>ut</strong></span> <span class='ocrx_word' id='word_1_816' title='bbox 1771 5747 1939 5814; x_wconf 80' lang='lat' dir='ltr'><strong>inquit</strong></span> <span class='ocrx_word' id='word_1_817' title='bbox 1983 5748 2030 5789; x_wconf 75' lang='grc'><strong>³⁸⁸</strong></span> 
     </span>
    </p>
   </div>
   <div class='ocr_carea' id='block_1_105' title="bbox 2144 4650 3715 4722">
    <p class='ocr_par' dir='ltr' id='par_1_105' title="bbox 2144 4650 3715 4722">
     <span class='ocr_line' id='line_1_105' title="bbox 2144 4650 3715 4722; baseline -0.001 -14"><span class='ocrx_word' id='word_1_818' title='bbox 2144 4654 2376 4722; x_wconf 86' lang='lat' dir='ltr'><strong>ambigo.</strong></span> <span class='ocrx_word' id='word_1_819' title='bbox 2418 4661 2472 4707; x_wconf 92' lang='lat' dir='ltr'><strong>et</strong></span> <span class='ocrx_word' id='word_1_820' title='bbox 2501 4665 2722 4704; x_wconf 83' lang='lat' dir='ltr'><strong>moveor</strong></span> <span class='ocrx_word' id='word_1_821' title='bbox 2750 4650 3035 4720; x_wconf 89' lang='lat' dir='ltr'><strong>aliquando</strong></span> <span class='ocrx_word' id='word_1_822' title='bbox 3079 4652 3180 4716; x_wconf 60' lang='grc' dir='ltr'><strong>δίε,</strong></span> <span class='ocrx_word' id='word_1_823' title='bbox 3229 4652 3518 4721; x_wconf 79' lang='lat' dir='ltr'><strong>aliquando</strong></span> <span class='ocrx_word' id='word_1_824' title='bbox 3546 4665 3715 4708; x_wconf 61' lang='lat' dir='ltr'><strong>autem</strong></span> 
     </span>
    </p>
   </div>
   <div class='ocr_carea' id='block_1_106' title="bbox 2144 4741 3716 4812">
    <p class='ocr_par' dir='ltr' id='par_1_106' title="bbox 2144 4741 3716 4812">
     <span class='ocr_line' id='line_1_106' title="bbox 2144 4741 3716 4812; baseline 0.001 -14"><span class='ocrx_word' id='word_1_825' title='bbox 2144 4747 2240 4799; x_wconf 87' lang='lat' dir='ltr'><strong>sic.</strong></span> <span class='ocrx_word' id='word_1_826' title='bbox 2275 4763 2292 4795; x_wconf 75' lang='grc' dir='ltr'><strong><em>ι</em></strong></span> <span class='ocrx_word' id='word_1_827' title='bbox 2327 4743 2394 4796; x_wconf 85' lang='lat' dir='ltr'><strong>Et</strong></span> <span class='ocrx_word' id='word_1_828' title='bbox 2416 4757 2533 4809; x_wconf 83' lang='lat' dir='ltr'><strong>cap.</strong></span> <span class='ocrx_word' id='word_1_829' title='bbox 2570 4741 2678 4795; x_wconf 73' lang='lat'><strong>25:</strong></span> <span class='ocrx_word' id='word_1_830' title='bbox 2712 4759 2730 4792; x_wconf 74' lang='grc' dir='ltr'>ι</span> <span class='ocrx_word' id='word_1_831' title='bbox 2757 4743 3034 4796; x_wconf 84' lang='lat' dir='ltr'><strong>Admoneo</strong></span> <span class='ocrx_word' id='word_1_832' title='bbox 3063 4757 3213 4806; x_wconf 86' lang='lat' dir='ltr'><strong>sane,</strong></span> <span class='ocrx_word' id='word_1_833' title='bbox 3244 4743 3436 4808; x_wconf 73' lang='lat' dir='ltr'><strong>intuit,</strong></span> <span class='ocrx_word' id='word_1_834' title='bbox 3467 4757 3716 4812; x_wconf 85' lang='lat' dir='ltr'><strong>quantum</strong></span> 
     </span>
    </p>
   </div>
   <div class='ocr_carea' id='block_1_107' title="bbox 2145 4830 3716 4901">
    <p class='ocr_par' dir='ltr' id='par_1_107' title="bbox 2145 4830 3716 4901">
     <span class='ocr_line' id='line_1_107' title="bbox 2145 4830 3716 4901; baseline 0.001 -14"><span class='ocrx_word' id='word_1_835' title='bbox 2145 4833 2319 4894; x_wconf 87' lang='lat' dir='ltr'><strong>valeo,</strong></span> <span class='ocrx_word' id='word_1_836' title='bbox 2360 4831 2404 4883; x_wconf 88' lang='lat' dir='ltr'><strong>si</strong></span> <span class='ocrx_word' id='word_1_837' title='bbox 2449 4845 2585 4900; x_wconf 91' lang='lat' dir='ltr'><strong>quos</strong></span> <span class='ocrx_word' id='word_1_838' title='bbox 2615 4830 2714 4884; x_wconf 85' lang='lat' dir='ltr'><strong>ista</strong></span> <span class='ocrx_word' id='word_1_839' title='bbox 2765 4831 3159 4900; x_wconf 66' lang='lat' dir='ltr'><strong>praaoccupavit</strong></span> <span class='ocrx_word' id='word_1_840' title='bbox 3190 4832 3394 4901; x_wconf 82' lang='lat' dir='ltr'><strong>Opinio,</strong></span> <span class='ocrx_word' id='word_1_841' title='bbox 3434 4844 3490 4887; x_wconf 85' lang='grc' dir='ltr'>ιιι</span> <span class='ocrx_word' id='word_1_842' title='bbox 3517 4837 3716 4888; x_wconf 79' lang='lat' dir='ltr'><strong>animas</strong></span> 
     </span>
    </p>
   </div>
   <div class='ocr_carea' id='block_1_108' title="bbox 2147 4922 3713 4993">
    <p class='ocr_par' dir='ltr' id='par_1_108' title="bbox 2147 4922 3713 4993">
     <span class='ocr_line' id='line_1_108' title="bbox 2147 4922 3713 4993; baseline 0.002 -16"><span class='ocrx_word' id='word_1_843' title='bbox 2147 4939 2210 4978; x_wconf 83' lang='lat' dir='ltr'><strong>ex</strong></span> <span class='ocrx_word' id='word_1_844' title='bbox 2252 4923 2560 4991; x_wconf 79' lang='lat' dir='ltr'><strong>parentibus</strong></span> <span class='ocrx_word' id='word_1_845' title='bbox 2605 4922 2828 4978; x_wconf 86' lang='lat' dir='ltr'><strong>credant</strong></span> <span class='ocrx_word' id='word_1_846' title='bbox 2857 4923 3160 4992; x_wconf 81' lang='lat' dir='ltr'><strong>propagari,</strong></span> <span class='ocrx_word' id='word_1_847' title='bbox 3193 4934 3448 4993; x_wconf 84' lang='lat' dir='ltr'><strong>quantum</strong></span> <span class='ocrx_word' id='word_1_848' title='bbox 3496 4936 3713 4993; x_wconf 89' lang='lat' dir='ltr'><strong>possunt</strong></span> 
     </span>
    </p>
   </div>
   <div class='ocr_carea' id='block_1_109' title="bbox 2146 5013 3712 5084">
    <p class='ocr_par' dir='ltr' id='par_1_109' title="bbox 2146 5013 3712 5084">
     <span class='ocr_line' id='line_1_109' title="bbox 2146 5013 3712 5084; baseline 0 -16"><span class='ocrx_word' id='word_1_849' title='bbox 2146 5029 2204 5068; x_wconf 86' lang='lat' dir='ltr'><strong>se</strong></span> <span class='ocrx_word' id='word_1_850' title='bbox 2233 5014 2378 5083; x_wconf 88' lang='lat' dir='ltr'><strong>ipsos</strong></span> <span class='ocrx_word' id='word_1_851' title='bbox 2405 5013 2764 5077; x_wconf 87' lang='lat' dir='ltr'><strong>considerent,</strong></span> <span class='ocrx_word' id='word_1_852' title='bbox 2793 5020 2847 5066; x_wconf 91' lang='lat' dir='ltr'><strong>ct</strong></span> <span class='ocrx_word' id='word_1_853' title='bbox 2876 5013 3087 5068; x_wconf 89' lang='lat' dir='ltr'><strong>interim</strong></span> <span class='ocrx_word' id='word_1_854' title='bbox 3110 5015 3322 5084; x_wconf 86' lang='lat' dir='ltr'><strong>sapiant</strong></span> <span class='ocrx_word' id='word_1_855' title='bbox 3347 5029 3571 5084; x_wconf 82' lang='lat' dir='ltr'><strong>corpora</strong></span> <span class='ocrx_word' id='word_1_856' title='bbox 3614 5030 3712 5069; x_wconf 86' lang='lat' dir='ltr'><strong>non</strong></span> 
     </span>
    </p>
   </div>
   <div class='ocr_carea' id='block_1_110' title="bbox 2149 5103 3714 5172">
    <p class='ocr_par' dir='ltr' id='par_1_110' title="bbox 2149 5103 3714 5172">
     <span class='ocr_line' id='line_1_110' title="bbox 2149 5103 3714 5172; baseline -0.001 -13"><span class='ocrx_word' id='word_1_857' title='bbox 2149 5119 2268 5160; x_wconf 79' lang='lat' dir='ltr'><strong>esse</strong></span> <span class='ocrx_word' id='word_1_858' title='bbox 2295 5107 2502 5159; x_wconf 87' lang='lat' dir='ltr'><strong>animas</strong></span> <span class='ocrx_word' id='word_1_859' title='bbox 2527 5117 2670 5157; x_wconf 87' lang='lat' dir='ltr'><strong>suas.</strong></span> <span class='ocrx_word' id='word_1_860' title='bbox 2696 5122 2714 5155; x_wconf 72' lang='grc' dir='ltr'><strong><em>ι</em></strong></span> <span class='ocrx_word' id='word_1_861' title='bbox 2758 5103 2832 5156; x_wconf 81' lang='lat' dir='ltr'><strong>Ex</strong></span> <span class='ocrx_word' id='word_1_862' title='bbox 2857 5103 3048 5172; x_wconf 90' lang='lat' dir='ltr'><strong>quibus</strong></span> <span class='ocrx_word' id='word_1_863' title='bbox 3077 5105 3311 5160; x_wconf 83' lang='lat' dir='ltr'><strong>Adamus</strong></span> <span class='ocrx_word' id='word_1_864' title='bbox 3342 5107 3532 5162; x_wconf 90' lang='lat' dir='ltr'><strong>iterum</strong></span> <span class='ocrx_word' id='word_1_865' title='bbox 3565 5106 3714 5162; x_wconf 83' lang='lat' dir='ltr'><strong>refel-</strong></span> 
     </span>
    </p>
   </div>
   <div class='ocr_carea' id='block_1_111' title="bbox 2147 5194 3711 5262">
    <p class='ocr_par' dir='ltr' id='par_1_111' title="bbox 2147 5194 3711 5262">
     <span class='ocr_line' id='line_1_111' title="bbox 2147 5194 3711 5262; baseline -0.003 -12"><span class='ocrx_word' id='word_1_866' title='bbox 2147 5197 2292 5262; x_wconf 91' lang='lat' dir='ltr'><strong>litur,</strong></span> <span class='ocrx_word' id='word_1_867' title='bbox 2349 5197 2475 5250; x_wconf 90' lang='lat' dir='ltr'><strong>dum</strong></span> <span class='ocrx_word' id='word_1_868' title='bbox 2516 5194 2702 5248; x_wconf 91' lang='lat' dir='ltr'><strong>scribit</strong></span> <span class='ocrx_word' id='word_1_869' title='bbox 2752 5195 3109 5262; x_wconf 79' lang='lat' dir='ltr'><strong>Augustinum</strong></span> <span class='ocrx_word' id='word_1_870' title='bbox 3151 5196 3448 5251; x_wconf 89' lang='lat' dir='ltr'><strong>credidisse</strong></span> <span class='ocrx_word' id='word_1_871' title='bbox 3489 5199 3711 5251; x_wconf 83' lang='lat' dir='ltr'><strong>animant</strong></span> 
     </span>
    </p>
   </div>
   <div class='ocr_carea' id='block_1_112' title="bbox 2144 5293 3712 5356">
    <p class='ocr_par' dir='ltr' id='par_1_112' title="bbox 2144 5293 3712 5356">
     <span class='ocr_line' id='line_1_112' title="bbox 2144 5293 3712 5356; baseline -0.003 -13"><span class='ocrx_word' id='word_1_872' title='bbox 2144 5303 2265 5344; x_wconf 87' lang='lat' dir='ltr'><strong>esse</strong></span> <span class='ocrx_word' id='word_1_873' title='bbox 2292 5300 2624 5356; x_wconf 88' lang='lat' dir='ltr'><strong>corpoream,</strong></span> <span class='ocrx_word' id='word_1_874' title='bbox 2667 5302 2826 5355; x_wconf 86' lang='lat' dir='ltr'><strong>quem</strong></span> <span class='ocrx_word' id='word_1_875' title='bbox 2859 5301 3102 5344; x_wconf 84' lang='lat' dir='ltr'><strong>errorem</strong></span> <span class='ocrx_word' id='word_1_876' title='bbox 3145 5299 3365 5344; x_wconf 82' lang='lat' dir='ltr'><strong>sanctus</strong></span> <span class='ocrx_word' id='word_1_877' title='bbox 3395 5293 3580 5344; x_wconf 87' lang='lat' dir='ltr'><strong>doctor</strong></span> <span class='ocrx_word' id='word_1_878' title='bbox 3613 5296 3712 5341; x_wconf 88' lang='lat' dir='ltr'><strong>toto</strong></span> 
     </span>
    </p>
   </div>
   <div class='ocr_carea' id='block_1_113' title="bbox 2141 5379 2754 5448">
    <p class='ocr_par' dir='ltr' id='par_1_113' title="bbox 2141 5379 2754 5448">
     <span class='ocr_line' id='line_1_113' title="bbox 2141 5379 2754 5448; baseline -0.005 -12"><span class='ocrx_word' id='word_1_879' title='bbox 2141 5395 2209 5437; x_wconf 91' lang='lat' dir='ltr'><strong>eo</strong></span> <span class='ocrx_word' id='word_1_880' title='bbox 2237 5381 2372 5435; x_wconf 86' lang='lat' dir='ltr'><strong>l.bro</strong></span> <span class='ocrx_word' id='word_1_881' title='bbox 2399 5379 2754 5448; x_wconf 78' lang='lat' dir='ltr'><strong>persequitur.</strong></span> 
     </span>
    </p>
   </div>
   <div class='ocr_carea' id='block_1_114' title="bbox 2218 5468 3703 5538">
    <p class='ocr_par' dir='ltr' id='par_1_114' title="bbox 2218 5468 3703 5538">
     <span class='ocr_line' id='line_1_114' title="bbox 2218 5468 3703 5538; baseline -0.001 -14"><span class='ocrx_word' id='word_1_882' title='bbox 2218 5470 2591 5534; x_wconf 81' lang='lat' dir='ltr'><strong>Bellartninus,</strong></span> <span class='ocrx_word' id='word_1_883' title='bbox 2621 5477 2676 5522; x_wconf 89' lang='lat' dir='ltr'><strong>ut</strong></span> <span class='ocrx_word' id='word_1_884' title='bbox 2700 5468 2890 5538; x_wconf 86' lang='lat' dir='ltr'><strong>probet</strong></span> <span class='ocrx_word' id='word_1_885' title='bbox 2915 5485 2984 5526; x_wconf 75' lang='lat' dir='ltr'><strong>ex</strong></span> <span class='ocrx_word' id='word_1_886' title='bbox 3018 5468 3306 5525; x_wconf 87' lang='lat' dir='ltr'><strong>traditione</strong></span> <span class='ocrx_word' id='word_1_887' title='bbox 3347 5470 3703 5525; x_wconf 80' lang='lat' dir='ltr'><strong>ecclesiastica</strong></span> 
     </span>
    </p>
   </div>
   <div class='ocr_carea' id='block_1_115' title="bbox 2148 5557 3706 5628">
    <p class='ocr_par' dir='ltr' id='par_1_115' title="bbox 2148 5557 3706 5628">
     <span class='ocr_line' id='line_1_115' title="bbox 2148 5557 3706 5628; baseline -0.001 -14"><span class='ocrx_word' id='word_1_888' title='bbox 2148 5562 2352 5616; x_wconf 78' lang='lat' dir='ltr'><strong>animas</strong></span> <span class='ocrx_word' id='word_1_889' title='bbox 2383 5576 2411 5614; x_wconf 90' lang='lat' dir='ltr'><strong>a</strong></span> <span class='ocrx_word' id='word_1_890' title='bbox 2445 5559 2553 5614; x_wconf 85' lang='lat' dir='ltr'><strong>Deo</strong></span> <span class='ocrx_word' id='word_1_891' title='bbox 2589 5561 2782 5623; x_wconf 87' lang='lat' dir='ltr'><strong>creari,</strong></span> <span class='ocrx_word' id='word_1_892' title='bbox 2816 5561 3101 5616; x_wconf 90' lang='lat' dir='ltr'><strong>nonnullos</strong></span> <span class='ocrx_word' id='word_1_893' title='bbox 3149 5561 3334 5618; x_wconf 86' lang='lat' dir='ltr'><strong>Patres</strong></span> <span class='ocrx_word' id='word_1_894' title='bbox 3362 5561 3596 5626; x_wconf 84' lang='lat' dir='ltr'><strong>adducit,</strong></span> <span class='ocrx_word' id='word_1_895' title='bbox 3624 5557 3706 5628; x_wconf 89' lang='lat' dir='ltr'><strong>qui</strong></span> 
     </span>
    </p>
   </div>
   <div class='ocr_carea' id='block_1_116' title="bbox 2145 5653 3707 5725">
    <p class='ocr_par' dir='ltr' id='par_1_116' title="bbox 2145 5653 3707 5725">
     <span class='ocr_line' id='line_1_116' title="bbox 2145 5653 3707 5725; baseline -0.002 -17"><span class='ocrx_word' id='word_1_896' title='bbox 2145 5653 2357 5708; x_wconf 88' lang='lat' dir='ltr'><strong>etiamsi</strong></span> <span class='ocrx_word' id='word_1_897' title='bbox 2399 5654 2578 5722; x_wconf 89' lang='lat' dir='ltr'><strong>aliquo</strong></span> <span class='ocrx_word' id='word_1_898' title='bbox 2614 5653 2772 5708; x_wconf 92' lang='lat' dir='ltr'><strong>modo</strong></span> <span class='ocrx_word' id='word_1_899' title='bbox 2799 5654 3052 5721; x_wconf 80' lang='lat' dir='ltr'><strong>explicari</strong></span> <span class='ocrx_word' id='word_1_900' title='bbox 3102 5664 3340 5725; x_wconf 87' lang='lat' dir='ltr'><strong>possent,</strong></span> <span class='ocrx_word' id='word_1_901' title='bbox 3373 5656 3520 5710; x_wconf 91' lang='lat' dir='ltr'><strong>nullo</strong></span> <span class='ocrx_word' id='word_1_902' title='bbox 3563 5653 3707 5708; x_wconf 77' lang='lat' dir='ltr'><strong>nobis</strong></span> 
     </span>
    </p>
   </div>
   <div class='ocr_carea' id='block_1_117' title="bbox 2141 5743 3717 5827">
    <p class='ocr_par' dir='ltr' id='par_1_117' title="bbox 2141 5743 3717 5827">
     <span class='ocr_line' id='line_1_117' title="bbox 2141 5743 3717 5827; baseline -0.001 -26"><span class='ocrx_word' id='word_1_903' title='bbox 2141 5743 2525 5814; x_wconf 86' lang='lat' dir='ltr'><strong>impedimento</strong></span> <span class='ocrx_word' id='word_1_904' title='bbox 2580 5758 2698 5801; x_wconf 81' lang='lat' dir='ltr'><strong>esse</strong></span> <span class='ocrx_word' id='word_1_905' title='bbox 2751 5743 2968 5809; x_wconf 84' lang='lat' dir='ltr'><strong>debent,</strong></span> <span class='ocrx_word' id='word_1_906' title='bbox 2997 5761 3164 5827; x_wconf 0' lang='lat' dir='ltr'><strong>&quot;nam,</strong></span> <span class='ocrx_word' id='word_1_907' title='bbox 3201 5745 3343 5816; x_wconf 87' lang='lat' dir='ltr'><strong>apud</strong></span> <span class='ocrx_word' id='word_1_908' title='bbox 3399 5746 3610 5804; x_wconf 67' lang='lat' dir='ltr'><strong>Graecos</strong></span> <span class='ocrx_word' id='word_1_909' title='bbox 3651 5743 3717 5809; x_wconf 20' lang='lat' dir='ltr'><strong>in,</strong></span> 
     </span>
    </p>
   </div>
  </div>
