3892 6320
147 374 256 429 C97

1327 374 1645 431 VINDlCl/E
1688 374 2237 433 AUCUSTENIANA‘I.

3308 376 3409 433 698

147 490 416 545 Uricntali
450 490 682 544 Ecclesia
708 491 907 544 creatio
947 504 1239 544 animarum
1270 490 1623 545 communiter
1649 496 1727 541 te-
1758 519 1806 572 Α
1836 498 2049 541 sanctus
2079 489 2407 558 Augustinus
2446 490 2680 559 disputat
2720 490 2771 544 iu
2800 490 3023 560 epistola
3046 492 3117 547 28
3164 493 3229 546 ad
3280 493 3405 547 l‘lie-

146 582 405 636 uehatur.
434 581 584 649 Apud
614 581 984 637 Occidentales
1009 597 1136 636 vero
1157 623 1171 645 ,
1212 592 1347 635 teste
1380 582 1725 649 Hieronymo,

144 673 341 733 Opinio
366 672 431 725 de
463 672 679 727 traduce
706 674 1047 739 praavilebat.
1083 673 1222 725 Idi-ni
1249 674 1404 727 Pater
1433 674 1586 725 initio
1615 673 1733 740 qui-

146 762 278 815 dem
310 763 447 817 lianc
473 766 756 817 secundant
782 767 1100 819 sententiam
1135 765 1389 818 irridebat
1410 768 1457 816 in
1484 779 1603 833 cap.
1634 765 1725 815 ult.

146 856 223 931 ξῐυ
248 857 541 919 lesiastiei,
584 867 786 909 mortus
815 857 916 909 illis
959 859 1135 911 verbis
1164 876 1176 911 :
1205 857 1269 909 Et
1319 860 1527 924 spiritus
1557 859 1730 909 rideat

140 948 211 1000 at!
246 948 307 998 D.
326 964 435 1012 um,
467 950 554 1017 qui
583 950 724 1001 dedit
771 951 941 1014 illum,
975 965 1112 1003 vers.
1142 952 1195 1004 7.
1226 950 1329 1004 Sed
1363 950 1460 1002 hoc
1490 950 1727 1001 testimo-

143 1040 294 1089 nimn
328 1038 547 1107 egregie
602 1040 981 1108 interpretatur
1028 1044 1253 1108 August.
1293 1043 1386 1095 lib.
1422 1058 1452 1095 x
1480 1043 1545 1095 de
1569 1041 1727 1105 Gen.,

138 1140 259 1191 Cap.
295 1132 352 1195 9,
381 1138 435 1182 et
461 1144 578 1182 cum
605 1131 652 1181 in
680 1131 837 1197 epist.
866 1129 935 1184 ‘28
975 1132 1039 1185 ad
1071 1133 1315 1185 eumdem
1351 1134 1728 1201 llieronymnm

138 1219 475 1272 ostendisset
502 1235 622 1272 eum
656 1221 828 1274 locum
870 1225 986 1292 plus
1010 1222 1287 1292 suffragari
1307 1226 1379 1276 eis
1408 1224 1491 1292 qui
1538 1240 1598 1276 ex
1628 1239 1732 1276 nua

138 1319 330 1374 putant
360 1324 534 1361 omnes
556 1325 660 1363 esse
690 1312 909 1376 anilitas,
944 1328 1048 1365 non
1081 1316 1307 1381 amplius
1330 1316 1646 1367 sententiam
1667 1316 1732 1366 de

139 1400 369 1451 traduce
417 1400 774 1471 Hieronymus
812 1403 1005 1465 irrisit,
1038 1404 1131 1456 sed
1191 1404 1397 1456 laudata
1454 1404 1731 1470 Augustini

133 1486 419 1553 ditigi-ntia
446 1490 495 1539 in
528 1492 649 1556 i-xpl
676 1491 858 1544 caudis
900 1507 1067 1545 sacra:
1099 1494 1389 1562 Scriptura:
1418 1496 1731 1548 testimoniis

132 1577 381 1631 adnibita
408 1580 682 1647 rescripsit
707 1583 862 1648 epist.
892 1582 960 1636 50
976 1581 1112 1647 apud
1128 1584 1473 1649 Augustinum
1506 1600 1520 1633 :
1555 1582 1729 1637 Uniu-

131 1670 359 1735 quisque
389 1670 443 1723 in
472 1686 566 1723 suo
593 1688 743 1724 sensu
765 1674 1006 1738 abundet,
1043 1684 1373 1728 eontestatus
1402 1675 1532 1729 nihil
1562 1691 1637 1729 εει
1677 1678 1728 1729 in

133 1758 343 1812 litteris
401 1762 709 1826 Augustini,
767 1764 818 1815 in
868 1764 1057 1829 quibus
1108 1762 1363 1819 Litissime
1407 1767 1473 1820 de
1524 1768 1729 1838 origine

1838 596 2144 651 ronymum,
2166 582 2355 636 .nullus
2375 583 2601 638 fortasse
2618 584 2905 652 Scriptura:
2922 585 3066 637 locus
3081 586 3399 650 invenietur,

1834 672 1887 725 in
1920 687 2025 741 quo
2052 675 2333 742 perspicue
2385 674 2640 728 doceatur
2666 676 2871 729 animas
2902 690 3005 728 non
3050 675 3161 728 fieri
3193 690 3255 727 ex
3284 690 3406 740 pro-

1835 765 2046 829 pagine,
2072 765 2163 815 sed
2190 766 2377 818 creati.
2410 785 2428 817 ι
2454 766 2628 831 Quare
2648 768 2923 819 secundum
2952 768 3148 835 eloquia
3172 765 3401 820 Salvato-

1833 856 1902 906 ris
1935 854 2070 907 haud
2098 857 2373 923 perspicue
2402 858 2654 910 statuitur
2695 868 2953 911 assertum
2984 860 3111 912 illud
3155 859 3221 911 de
3247 874 3402 912 crea-

1837 943 1980 995 tione
2006 946 2324 1009 animarum,
2358 957 2411 999 et
2463 951 2538 1000 sic
2586 948 2945 1006 Bellartninns
2996 965 3024 1002 a
3081 951 3404 1020 llierooymo

1833 1032 2079 1099 discedit,
2108 1038 2265 1104 Quem
2294 1052 2386 1101 pro
2410 1051 2466 1089 se
2491 1038 2832 1105 produxerat,
2862 1055 3031 1107 neque
3052 1041 3153 1093 erit
3178 1040 3405 1107 amplius

1834 1134 2095 1178 assertum
2146 1127 2589 1193 ecclesiasticum,
2623 1145 2743 1183 cum
2792 1146 2856 1183 eo
2912 1130 3063 1183 titulo
3115 1139 3314 1183 tantum
3375 1146 3411 1184 at

1839 1218 2164 1287 llieronymo
2243 1219 2488 1286 dicatur,
2538 1223 2675 1289 quod
2749 1223 2816 1275 sit
2882 1223 3155 1274 secundum
3207 1221 3407 1289 eloquia

1835 1306 2141 1373 Saluatoris,
2168 1308 2320 1377 juxta
2367 1312 2775 1379 explicationem
2799 1321 3075 1365 auctorum
3106 1310 3249 1365 illius
3280 1326 3405 1364 sen-

1833 1400 2033 1452 tentias.

1904 1492 2139 1559 θμιιοιιίι
2163 1493 2300 1547 idem
2329 1501 2515 1547 auctor
2540 1493 2769 1547 Leonem
2796 1493 3060 1561 Magnum,
3096 1492 3146 1545 in
3179 1491 3402 1560 epistola

1832 1580 1895 1632 ad
1922 1581 2218 1644 'l‘uribium,
2259 1596 2376 1649 Cap.
2437 1584 2523 1647 10,
2570 1583 2684 1637 haec
2734 1582 2966 1637 srribere
3002 1599 3016 1637 :
3054 1599 3072 1633 ι
3136 1581 3406 1635 Catholica

1836 1670 1967 1723 lides
1988 1678 2297 1725 constanter
2324 1671 2576 1739 prmdicat
2603 1670 2761 1738 atqite
2812 1672 3097 1734 veraciter,
3121 1670 3259 1739 quod
3290 1671 3408 1723 ani-

1838 1776 1939 1813 mai
1971 1752 2601 1829 hominum,priusquam
2632 1762 2741 1814 suis
2769 1762 3160 1830 inspirarentur
3212 1774 3407 1828 corpo-

127 1850 333 1899 aniina:
358 1849 667 1915 disputavit,
688 1851 1183 1919 reprehendendum
1210 1865 1412 1922 putare.
1443 1856 1723 1910 Commen-

1834 1850 2005 1913 ribns,
2036 1865 2139 1903 non
2172 1850 2340 1913 fuere,
2377 1866 2473 1903 nec
2503 1852 2567 1903 ab
2598 1852 2708 1904 ullo
2735 1852 3142 1916 incorporentnr
3198 1851 3295 1903 nisi
3339 1849 3405 1901 ab

132 1950 201 1991 tat
221 1944 302 1992 ius
325 1953 506 1995 autem
538 1944 587 1995 in
622 1944 1000 1999 Ecclesiastetn
1025 1948 1542 2014 scripsitanteamtos
1571 1950 1727 2015 [erute

129 2032 303 2082 deum
339 2048 498 2097 quam
545 2049 586 2086 St
607 2035 804 2089 riberet
837 2037 903 2089 ad
942 2038 1336 2091 l’amntacbium
1367 2051 1551 2093 contra
1575 2056 1726 2093 erro-

131 2130 218 2173 res
245 2121 475 2175 Joannis
503 2124 971 2194 llierosolytnitani
992 2165 1006 2189 ,
1036 2142 1176 2180 anno
1208 2144 1401 2195 nempe
1429 2129 1571 2184 485:
1603 2146 1724 2184 nam

131 2212 359 2276 cpistola
394 2214 482 2265 ila
520 2215 639 2267 data
670 2227 749 2268 est
801 2232 939 2267 anno
988 2216 1113 2285 493,
1142 2228 1198 2272 ιιι
1243 2219 1452 2274 erudite
1504 2237 1653 2276 num.
1689 2220 1723 2274 2

133 2299 247 2367 ejus
271 2301 401 2354 anni
438 2306 626 2369 probat
661 2305 939 2361 Baroniu-u
970 2307 1098 2360 Cum
1128 2324 1255 2361 vero
1288 2310 1406 2362 libri
1442 2311 1722 2379 Augustini

137 2403 229 2453 per
262 2390 560 2442 Ecclesium
594 2396 748 2445 avide
799 2394 1121 2459 legerentur,
1148 2398 1503 2460 Sapientiores
1530 2400 1723 2468 quique

136 2494 258 2529 t-ntu
294 2480 597 2545 AugUstino
628 2482 869 2535 dubitare
907 2498 1181 2551 cmperant
1210 2486 1261 2538 iit
1309 2498 1551 2541 neutram
1604 2506 1723 2557 par-

136 2576 240 2619 tem
297 2569 644 2633 inclinantes,
698 2582 752 2624 ut
794 2575 1304 2633 demonstravimus.
1360 2594 1549 2644 magna
1601 2596 1721 2633 cum

134 2658 427 2725 Augustini
451 2664 638 2726 globa,
668 2677 786 2713 cum
838 2665 1021 2715 Patres
1076 2667 1349 2719 suisecuti
1400 2670 1528 2718 tanti
1585 2670 1724 2722 illius

133 2750 517 2801 auctoritatem
554 2752 792 2815 fecerint,
824 2765 878 2803 ut
934 2770 1037 2805 non
1092 2756 1248 2806 modo
1300 2757 1601 2819 docentem,
1632 2759 1725 2810 sed

137 2840 299 2891 ctiam
326 2840 664 2894 dubitantem
693 2844 841 2909 sciui
885 2846 1171 2906 volui-rint,
1205 2849 1355 2913 quasi
1383 2848 1726 2913 desperantes

136 2935 414 2987 veritatem
443 2935 587 2988 illam
618 2938 851 3003 assequi,
879 2938 943 2990 ad
971 2954 1126 3004 quam
1159 2939 1435 3007 Augustini
1459 2942 1725 3008 ingenium

142 3028 427 3093 pervenire
459 3044 562 3080 non
591 3041 851 3096 pomerat.
889 3029 1068 3097 Itaque
1120 3040 1337 3084 sanctus
1366 3032 1554 3085 doctor
1579 3041 1724 3087 tanto

141 3118 313 3171 studio
344 3133 410 3172 ac
464 3118 737 3187 till-gentia
793 3121 970 3173 ouilia
1019 3121 1411 3187 Scripturarnm
1461 3123 1572 3176 loca
1627 3139 1721 3189 pro

1831 1941 2021 2007 opifiee
2053 1942 2182 2004 Deo,
2208 1942 2295 2008 qui
2321 1943 2551 2007 ipsarum
2577 1951 2659 1995 est
2689 1952 2898 1995 creator
2938 1951 2991 1995 et
3038 1956 3342 2007 corporum.
3380 1958 3399 1990 ι

1830 2016 1935 2084 Sed
1962 2030 2033 2083 ibi
2064 2030 2298 2098 pontifex
2327 2033 2571 2101 Urigenis
2614 2033 2930 2086 sententiam
2980 2034 3048 2087 de
3092 2033 3305 2101 antiqua
3340 2044 3403 2086 ac

1831 2123 2151 2177 simultanea
2182 2127 2418 2179 omnium
2470 2126 2769 2179 animarum
2823 2126 3092 2180 creatione
3140 2123 3403 2187 confutat,

1826 2225 1886 2269 ιιι
1913 2226 2055 2282 patet
2081 2232 2144 2270 cx
2187 2217 2273 2270 illa
2328 2217 2549 2284 epistola
2608 2219 2697 2283 9|,
2727 2218 2878 2271 initio
2927 2234 3048 2284 cap.
3086 2218 3179 2281 10;
3233 2230 3408 2284 neque

1828 2309 2005 2362 minus
2026 2310 2219 2363 dicitur
2250 2311 2443 2363 ibidem
2472 2311 2613 2363 Deus
2659 2320 2869 2364 creator
2899 2326 3179 2377 corporum
3205 2323 3267 2362 ac
3294 2308 3407 2359 ani-

1827 2415 2063 2463 marum;
2096 2400 2235 2454 unde
2261 2403 2393 2455 sicut
2420 2417 2481 2454 cx
2518 2402 2605 2454 illo
2634 2402 2790 2453 modo
2823 2400 3073 2469 loquendi
3105 2416 3207 2452 non
3239 2397 3408 2451 dedu-

1826 2490 1965 2542 citur
1994 2505 2189 2558 corpus
2227 2507 2329 2544 non
2358 2507 2475 2545 csse
2508 2508 2569 2543 ex
2616 2492 2852 2554 traduce,
2884 2492 3027 2543 nullo
3080 2491 3203 2543 item
3249 2488 3407 2541 modo

1832 2580 2019 2633 inferri
2052 2592 2225 2648 potest
2260 2598 2360 2634 non
2396 2583 2504 2633 fieri
2538 2599 2603 2634 ex
2662 2582 2878 2634 traduce
2935 2583 3100 2647 ipsam
3148 2583 3404 2633 an'mam.

1830 2670 1995 2723 Addit
2039 2671 2267 2725 Leonem
2320 2671 2563 2723 eamdem
2608 2674 2765 2733 epist.
2803 2671 2853 2721 ll
2894 2670 2956 2720 ad
3012 2667 3301 2730 Jnlianum,
3338 2669 3409 2718 ita

1831 2759 1975 2827 loqui
2004 2760 2070 2811 de
2091 2760 2263 2811 anima
2289 2759 2491 2812 Cbrisri
2524 2776 2538 2811 :
2570 2777 2586 2808 ι
2628 2758 2733 2810 Nec
2756 2759 2861 2809 alio
2904 2758 2977 2809 illi
3009 2772 3163 2825 quam
3199 2742 3409 2808 ca‘tetis

1832 2855 2141 2909 hominibus
2168 2856 2341 2907 anima
2373 2863 2455 2907 est
2478 2854 2731 2919 inSpirata
2764 2851 3043 2919 principio,
3069 2864 3187 2917 qum
3232 2848 3403 2903 excelo

1838 2947 1979 3001 leret
2003 2962 2105 2999 non
2138 2945 2445 2999 diversitate
2471 2946 2703 3013 gnncr's,
2731 2943 2823 2996 sed
2887 2942 3212 2996 sublimitate
3242 2941 3410 2994 virtu-

1836 3039 1921 3091 tis.
1964 3057 1981 3089 ι
2020 3038 2086 3109 At
2116 3038 2287 3090 anima
2312 3037 2508 3089 Christi
2559 3035 2815 3103 producta
2861 3044 3036 3088 estex
3076 3034 3265 3098 nihilo,
3299 3048 3404 3087 non

1827 3142 1921 3197 per
1975 3129 2249 3183 traducem
2301 3138 2587 3196 propagata
2657 3143 2720 3181 ex
2772 3127 3067 3195 Augustino
3123 3127 3216 3180 lib.
3252 3142 3282 3178 x
3340 3126 3409 3179 de

143 3218 354 3275 Utraque
384 3218 535 3274 parte
585 3209 808 3261 adducta
856 3226 1153 3275 exponens,
1188 3227 1297 3263 rem
1342 3213 1470 3263 satis
1501 3212 1715 3265 dubiam
1748 3234 1792 3295 ρ
1824 3220 1985 3285 Gen.,
2013 3235 2129 3282 cap.
2160 3222 2224 3272 lSl
2254 3228 2307 3272 et
2338 3220 2425 3281 ΞΟ,
2462 3219 2602 3272 unde
2642 3232 2689 3273 el
2745 3219 3068 3283 reliquorum
3128 3218 3403 3271 hominum

143 3300 269 3367 apud
296 3312 543 3369 posteros
571 3302 712 3357 feclt.
746 3303 1460 3367 suamqneillisdubietatem
1496 3318 1718 3370 perstra-

142 3394 221 3445 sit.
255 3394 615 3449 Bellartninus
636 3394 826 3447 ibidem
849 3411 911 3449 ex
941 3395 1263 3463 Hieronymo
1292 3404 1409 3447 eam
1440 3396 1722 3462 ecclesias.

146 3485 290 3538 ticam
318 3488 663 3540 traditionem
696 3487 765 3539 ita
803 3488 989 3554 pruhul
1023 3504 1035 3537 :
1068 3505 1085 3535 ι
1128 3487 1181 3540 ln
1211 3488 1435 3555 epistola
1462 3489 1526 3540 ad
1568 3488 1722 3541 Pam—

148 3574 401 3628 utachium
427 3578 504 3629 de
533 3578 805 3630 erroribus
830 3576 1049 3630 Joannis
1104 3576 1573 3645 llierosolymitani
1598 3586 1723 3630 ante

144 3664 361 3718 medium
413 3667 666 3720 recitatis
711 3668 993 3731 sententiis
1031 3666 1298 3733 Origenis,
1324 3666 1639 3719 Tertulliani
1670 3678 1724 3720 et

141 3757 486 3824 Apollinaris,
516 3759 892 3815 haereticorum
919 3761 983 3813 de
1008 3762 1206 3825 anima,
1232 3761 1355 3814 dicit
1386 3779 1397 3813 :
1432 3757 1721 3813 Ecclesias-

144 3848 281 3899 ticum
310 3852 509 3919 dogma
528 3866 656 3914 esse,
683 3859 736 3902 ut
763 3850 899 3903 Deus
944 3852 1170 3916 quotidie
1192 3853 1388 3904 animas
1408 3852 1721 3920 fabricetur;

142 3935 216 3989 ubi
254 3956 367 3992 cum
412 3951 669 4009 Opponat
734 3941 1155 3995 ecclesia~ticum
1204 3941 1393 4011 dogma
1444 3942 1723 3997 sententiis

143 4028 461 4085 lta'reticurur
480 4049 539 4096 tt,
562 4032 771 4085 videtur
822 4033 1040 4085 ouinino
1069 4022 1303 4085 sensisse
1326 4033 1586 4086 catholica
1620 4033 1723 4087 fide

147 4133 254 4171 esse
280 4130 579 4177 tenendum
610 4125 813 4175 animas
847 4139 949 4176 non
976 4124 1177 4176 traduci
1211 4140 1237 4173 a
1272 4124 1602 4191 parentibus,
1628 4124 1720 4177 sed

153 4212 325 4265 ereari.
359 4234 375 4265 ι
410 4216 540 4269 Ιιειιε
567 4216 938 4269 Bellartuinus.
975 4217 1166 4269 Verum
1221 4218 1528 4286 Hieronymi
1561 4217 1725 4271 verba

156 4301 320 4356 audire
349 4314 568 4371 praestat
599 4307 647 4357 in
695 4306 920 4370 epistola
980 4304 1045 4357 ad
1103 4306 1502 4358 l’ammachium
1534 4323 1545 4357 :
1585 4323 1603 4355 ί
1641 4306 1725 4360 An-

157 4398 286 4445 certe
334 4398 507 4464 (quod
552 4397 977 4449 ecclesrasticum
1032 4406 1113 4448 est
1166 4396 1457 4449 secundum
1510 4398 1721 4465 eloquia

160 4476 423 4539 Salvatoris
448 4505 460 4539 :
493 4486 658 4540 Pater
681 4503 838 4555 usque
869 4488 1021 4538 modo
1052 4497 1307 4553 aperatur,
1337 4495 1382 4538 et
1424 4503 1515 4555 ego
1542 4504 1722 4556 θίγω-οι·

1832 3311 2045 3374 animm,
2080 3311 2223 3377 juxta
2259 3310 2448 3363 Leonis
2471 3310 2773 3373 decretum,
2807 3325 2833 3361 a
2866 3308 2976 3363 Deo
3016 3320 3208 3363 creata:
3241 3309 3406 3363 fuis~e

1822 3401 2103 3457 credendae
2133 3411 2275 3455 sunt.
2302 3402 2405 3456 Sed
2431 3402 2538 3455 Leo
2585 3402 2781 3455 ibidem
2833 3402 3049 3454 damnat
3098 3402 3403 3470 opinioiem

1841 3494 2155 3561 Eutychetis
2186 3508 2303 3544 cum
2336 3492 2560 3557 Origene
2584 3507 2664 3543 cor
2689 3491 2918 3543 cincntis
2944 3509 2957 3551 ;
2988 3493 3192 3543 natuita
3228 3493 3406 3558 loqui—

1825 3590 1947 3635 tur:
1981 3599 1998 3630 ι
2040 3582 2283 3633 Arbitror
2329 3582 2471 3632 enim
2525 3580 2645 3631 talia
2704 3580 3007 3645 loquentem
3060 3581 3163 3632 hoc
3206 3580 3405 3633 habere

1824 3688 2176 3742 persuasum,
2210 3670 2350 3737 quod
2405 3670 2579 3722 anima
2638 3685 2794 3736 quam
2828 3670 3072 3723 Salvator
3115 3671 3408 3737 assumpsit

1826 3764 1973 3832 prius
1997 3762 2048 3814 iu
2074 3760 2224 3815 caelis
2255 3761 2323 3813 sit
2344 3768 2669 3812 commorata
2703 3774 2857 3822 quam
2905 3759 2970 3813 de
3001 3760 3156 3813 Maria
3188 3759 3407 3830 Virgine

1826 3862 2155 3911 nasceetur,
2181 3864 2412 3916 eamque
2440 3849 2540 3903 sibi
2566 3849 2795 3902 Verbum
2814 3849 2863 3901 in
2882 3858 3032 3901 utero
3061 3848 3353 3912 conularet.
3380 3870 3400 3903 ι

1825 3943 1900 3997 Ex
1925 3943 2115 4011 quibus
2147 3950 2310 4005 patet,
2344 3941 2447 3993 illis
2480 3940 2655 3993 verbis
2691 3958 2702 3991 :
2732 3938 2838 3991 Nec
2862 3941 2965 3992 alio
2994 3941 3091 4004 illi,
3118 3958 3271 4009 quam
3300 3958 3403 3995 ctu-

1824 4040 1943 4091 teris
1974 4036 2259 4088 hominibus
2284 4035 2455 4086 anima
2510 4042 2582 4086 est
2614 4033 2865 4097 inspirata
2907 4033 3177 4101 principio,
3206 4049 3307 4087 non
3334 4036 3407 4089 si-

1825 4127 2063 4197 gnificari
2093 4126 2442 4194 principium,
2477 4127 2616 4191 quod
2649 4126 2785 4178 idem
2817 4134 2899 4179 cst
2926 4142 2985 4176 ac
3009 4141 3168 4179 caua
3208 4126 3403 4181 anima:

1824 4221 2164 4287 productiva,
2199 4220 2265 4272 de
2292 4234 2397 4287 quo
2436 4220 2578 4271 nulla
2612 4228 2866 4272 eratcum
2902 4219 3153 4273 Ita't‘clico
3182 4232 3401 4273 contro-

1824 4312 2023 4373 versia,
2055 4311 2146 4362 sed
2181 4310 2499 4378 principium
2522 4349 2537 4369 ,
2571 4310 2671 4364 hoc
2700 4320 2779 4363 est
2825 4311 3031 4363 initium
3079 4310 3398 4374 duratiouis,

1825 4404 1964 4467 quod
1995 4404 2131 4455 idem
2172 4402 2342 4454 fuerat
2390 4402 2439 4454 in
2470 4402 2680 4455 Christo
2703 4417 2762 4455 ac
2796 4403 2844 4454 in
2876 4401 3048 4466 nobis,
3085 4415 3272 4466 nempe
3306 4402 3405 4451 ini.

1827 4494 1956 4545 tium
1992 4493 2200 4545 visendi
2248 4494 2296 4543 in
2328 4508 2570 4559 corpore,
2597 4507 2699 4545 non
2726 4493 2775 4545 in
2831 4494 2980 4545 caelis
3013 4503 3133 4543 ante
3164 4492 3404 4556 corporis

161 4577 321 4644 (Joan.
344 4600 394 4648 v,
418 4588 543 4655 l7);
574 4595 628 4639 et
657 4587 783 4639 illud
814 4586 958 4638 ISaite
991 4602 1004 4636 :
1039 4586 1136 4650 Qui
1161 4591 1348 4652 format
1367 4587 1604 4655 spiritum
1632 4586 1723 4637 Ito-
1754 4590 1797 4646 ι)
1831 4583 2225 4636 formationem.
2262 4585 2337 4635 Do
2371 4584 2529 4636 verba
2574 4584 2837 4649 pontificis
2867 4582 2932 4634 de
2964 4581 3135 4633 Verbo
3156 4582 3401 4633 scriben-

162 4671 292 4725 ntinis
330 4676 379 4727 in
415 4678 528 4747 ipso
569 4676 700 4742 (Isa.
754 4678 881 4745 XLII)
930 4686 1025 4740 ;et
1055 4677 1105 4729 in
1139 4676 1361 4729 Psalmis
1392 4693 1404 4728 :
1436 4676 1535 4740 Qui
1574 4676 1720 4743 ﬁngit

164 4775 239 4819 Ρετ
264 4765 483 4835 singulos
510 4768 669 4821 cordo
694 4782 867 4827 eorum
888 4766 1056 4835 (Psal.
1087 4768 1280 4833 xxxii).
1310 4767 1543 4835 quotidie
1583 4766 1721 4819 Deus

167 4845 428 4909 fabrici-tur
457 4874 692 4921 animus,
721 4868 827 4911 etc.
861 4877 878 4907 ι
933 4858 1288 4910 Iiellarminus
1314 4858 1463 4909 addit
1511 4858 1718 4924 dogma,

164 4948 211 4990 et
234 4944 341 4997 silet
365 4948 496 5013 haec,
526 4952 811 5001 secundum
859 4950 1061 5017 eloquia
1119 4948 1426 5008 Saluatoris.
1451 4964 1570 5001 cum
1600 4948 1723 5001 llie-

168 5042 549 5103 ronytnusillud
579 5051 844 5096 assertum
893 5042 1317 5096 ecclesiasticum
1368 5040 1582 5103 dixerit,
1616 5056 1721 5093 non

168 5127 290 5185 (ιυοά
311 5140 448 5184 isset
471 5138 660 5201 dogma
696 5134 973 5187 deﬁnitum
1002 5134 1068 5187 ab
1098 5132 1331 5186 Ecclesia
1353 5130 1632 5195 catholica,
1659 5147 1723 5186 ac

172 5210 230 5265 tle
257 5215 351 5271 fide
382 5224 691 5289 tenendum,
722 5240 841 5277 cum
892 5226 1167 5291 scripserit
1195 5222 1593 5275 ecclesiasticos
1622 5224 1723 5273 Ue-

172 5303 440 5367 cidentales
490 5318 761 5369 traducem
796 5317 969 5369 solere
1016 5314 1374 5365 communiter
1413 5311 1718 5372 defendere,

173 5400 221 5443 ut
245 5396 423 5454 fatetur
448 5404 668 5471 ipsemet
700 5405 1053 5458 Bellarminus
1083 5418 1199 5469 cap.
1228 5401 1321 5455 illo
1346 5403 1432 5466 ll,
1467 5401 1493 5469 ᾗ
1523 5401 1723 5464 Quarta

176 5491 413 5553 «utentia,
436 5495 556 5559 sed,
587 5508 643 5550 ut
695 5495 890 5549 ibidem
949 5494 1146 5555 subdit,
1177 5494 1317 5560 quod
1348 5502 1489 5545 esset
1519 5507 1717 5545 secun-

177 5565 285 5623 dum
311 5582 663 5637 auctoritatem
687 5585 1000 5653 Scriptum,
1024 5598 1141 5650 qua:
1154 5582 1363 5635 videtur
1389 5582 1717 5635 creationem

179 5654 445 5735 i"Willare,
470 5687 585 5739 qua:
617 5683 790 5727 tamen
840 5676 954 5728 loca
985 5673 1223 5740 explicat
1265 5674 1592 5739 Augustinus
1622 5686 1716 5723 su-

189 5752 346 5811 perius
366 5758 615 5833 laudatus,
644 5776 695 5823 et
723 5766 1069 5821 Bellarutinus
1092 5765 1205 5834 ipse
1232 5764 1304 5818 ait
1333 5779 1347 5817 :
1384 5783 1400 5813 I
1437 5763 1633 5831 Quare,
1661 5773 1719 5818 ut

1827 4673 1895 4725 tis
1926 4688 1939 4723 :
1980 4663 1995 4720 ι
2037 4672 2142 4726 Nec
2172 4674 2403 4725 animum
2433 4673 2573 4726 enim
2597 4716 2610 4739 ,
2644 4688 2763 4741 qua:
2805 4672 3041 4725 anterior
3086 4671 3397 4735 exstitisset,

1828 4780 1926 4819 nec
1951 4780 2187 4828 carnem,
2215 4782 2331 4835 qua:
2362 4782 2465 4819 non
2515 4766 2737 4819 materni
2781 4764 3019 4827 corporis
3048 4774 3211 4827 esset,
3243 4779 3403 4819 acce-

1830 4856 1922 4923 pit.
1965 4876 1983 4907 ι
2019 4858 2297 4920 Quomodo
2358 4873 2483 4909 vero
2534 4855 2878 4909 defeinlentes
2927 4853 3198 4907 traducem
3248 4868 3404 4910 acute

1829 4945 2113 5010 probarent
2146 4947 2376 4997 animam
2401 4946 2595 4996 Christi
2626 4943 2788 4995 fuisse
2821 4954 3051 4996 creatam
3081 4960 3107 4995 a
3136 4944 3267 5009 Deo,
3296 4962 3402 5001 non

1829 5036 2205 5099 verotel'npias
2229 5034 2451 5085 aliorum
2499 5033 2819 5085 hominum?
2850 5034 2990 5103 Lege
3050 5037 3402 5103 Augustinum

1825 5124 1917 5176 lib.
1945 5122 2009 5175 de
2038 5122 2168 5173 Gen.
2200 5122 2292 5175 cit.
2323 5137 2387 5172 xx
2416 5137 2428 5181 ;
2459 5124 2613 5176 nobis
2642 5122 2781 5176 enim
2812 5128 2941 5179 satis
2969 5137 3050 5181 est
3101 5129 3404 5182 ostendisse

1827 5213 1955 5265 nihil
1987 5220 2170 5263 contra
2198 5210 2469 5262 traducem
2503 5226 2530 5263 a
2558 5212 2735 5267 Leone
2782 5230 2898 5268 csse
2920 5225 3197 5281 statutum,
3232 5227 3287 5269 ut
3314 5232 3405 5269 ec—

1827 5304 2126 5357 clesiastica
2177 5304 2266 5355 illa
2324 5303 2537 5355 traditio
2593 5304 2660 5359 de
2713 5309 2988 5359 creatione
3042 5309 3340 5359 animarum
3374 5321 3405 5358 a

1832 5393 2152 5448 Beliartnino
2184 5407 2387 5445 asserta
2414 5394 2573 5446 nullis
2624 5396 2803 5449 innixa
2849 5395 3206 5448 fundamentis
3236 5408 3402 5460 appa-

1829 5496 1961 5549 reat,
1996 5501 2114 5539 cum
2150 5486 2323 5552 potius
2353 5485 2419 5539 de
2440 5487 2630 5539 animae
2673 5488 2880 5556 origine
2906 5484 3167 5538 dubitatio
3198 5489 3405 5552 Augus-

1829 5581 2029 5631 tiniano
2075 5579 2351 5646 speculata
2421 5577 2803 5643 corroborata,
2845 5592 2940 5645 per
2997 5575 3145 5642 plura
3209 5575 3406 5630 s:ecula

1825 5671 1962 5736 apud
1998 5670 2179 5725 Patres
2202 5669 2485 5723 invaluerit
2501 5712 2515 5737 ,
2531 5676 2588 5725 ut
2612 5668 2741 5723 satis
2762 5669 3035 5735 hucusque
3047 5676 3131 5721 est
3155 5666 3408 5723 demons-

1826 5771 2037 5818 tratum.
2433 5774 2438 5779 '
2754 5772 2757 5775 ·
