3892 6298
509 309 611 365 cs9
645 372 654 378 _

1369 320 1928 384 SCPPLEMENIUM
1972 331 2059 386 AD
2097 331 2326 392 OPERA
2368 339 2424 394 S.
2466 339 2858 400 AUGUSTINI.

3687 359 3789 418 700

575 427 862 496 Moraines,
898 435 985 502 qtti
1014 450 1132 490 eam
1166 442 1334 493 sancti
1396 441 1572 496 Patris
1617 443 2002 501 dubitationem
2035 449 2086 502 in
2117 454 2165 508 A
2196 469 2335 509 mam
2379 475 2440 512 ex
2488 462 2678 516 eadem
2726 465 2945 519 materia
3012 465 3291 535 spirituali.
3331 470 3522 528 Noster
3571 475 3786 547 Alipius

575 533 744 547 ἰη-ιη...
779 523 1002 547 :-..l!..----
1042 544 1053 547 _
1106 529 1146 547 9,
1194 532 1223 547 -.
1543 536 1550 547 ι
1777 538 1788 547 .
2202 546 2210 547 ,

503 531 745 575 errorum
777 523 1007 580 indicem
1042 529 1248 597 ri-jecit,
1275 547 1378 585 non
1431 536 1590 587 modo
1645 538 1824 602 omnia
1854 555 1972 608 quae
1994 556 2088 595 an-

508 612 728 680 tiquitus
758 618 897 672 dicta
926 634 1050 675 sunt
1098 625 1378 691 ignoravit.
1421 628 1514 681 sed
1539 645 1636 684 nec
1663 632 1788 700 quid
1821 636 2085 689 recentio-

505 715 591 754 res
621 705 875 762 audacter
919 714 1330 778 pronuntiarunt
1380 717 1534 784 plane
1583 724 1748 775 novit.
1780 724 2083 791 Seripserat

499 791 579 843 vir
602 794 943 852 doetissitnus
967 800 1306 856 Christianus
1355 804 1550 874 Lupus,
1579 811 1886 866 Cllll‘ladllllc
1922 813 2082 882 juve-

500 885 580 933 nis
613 884 815 952 scripto
845 887 1072 952 luderet,
1110 891 1158 944 in
1184 894 1494 951 defensione
1516 901 1788 967 Apologize
1809 902 1874 955 de
1904 906 2080 957 anima

495 975 608 1034 ovi,
641 988 757 1042 cap.
803 976 883 1037 l5,
910 978 1156 1032 doctores
1202 983 1592 1054 Marpurgensis
1621 992 1912 1043 academite
1946 993 2083 1048 hanc

497 1064 689 1118 thesim
751 1068 1296 1127 delenderezAuinm
1354 1079 1620 1131 rationalis
1673 1098 1762 1146 per
1819 1085 2081 1136 traducem

487 1141 818 1220 infunditur,
850 1173 948 1209 non
975 1172 1196 1215 creatur.
1229 1163 1280 1214 lu
1315 1163 1411 1218 hac
1457 1168 1614 1220 etiam
1648 1173 1914 1223 sententia
1941 1173 2079 1228 alios

495 1260 613 1297 esse
659 1259 919 1302 tt-saantur
970 1252 1183 1307 Vossius
1213 1257 1302 1308 lib.
1337 1273 1371 1310 ιι
1429 1260 1561 1312 llist.
1619 1261 1821 1332 l’clag.,
1875 1274 2009 1332 part.
2039 1281 2075 1332 ι,

498 1345 529 1387 t-
558 1341 631 1389 ιι>ἱ
669 1355 856 1402 pruna,
883 1350 935 1394 et
984 1345 1190 1411 Alipius
1251 1347 1462 1418 μοι-Μ,
1494 1349 1583 1404 lib.
1619 1367 1665 1403 \‘l
1697 1353 1762 1406 de
1795 1355 1983 1407 Anima
2011 1357 2076 1408 ad

492 1439 722 1484 mentem
778 1433 946 1486 Sancti
1000 1437 1319 1504 Augustini,
1371 1454 1487 1508 cap.
1519 1441 1628 1510 λδ
1680 1441 1734 1508 5,
1795 1450 2076 1501 triminans

491 1515 828 1576 Timotheum
884 1525 1194 1596 Brighthum
1251 1528 2075 1607 Cantabrigiensmn,Georgium

491 1612 755 1664 Solinium
785 1624 836 1666 et
871 1616 1148 1672 Danielum
1191 1619 1537 1693 Scnnertum,
1571 1627 1658 1693 qui
1690 1642 1808 1680 eum
1862 1628 1930 1682 ob
1958 1630 2074 1684 exi-

496 1703 655 1754 tniam
688 1705 1042 1761 eruditionem
1076 1709 1213 1762 inter
1239 1711 1622 1767 celeberrimos
1667 1725 1863 1771 nostra:
1902 1721 2074 1774 aetatis

492 1791 731 1844 medicos
757 1795 948 1848 merito
981 1812 1292 1866 reponatur,
1326 1801 1622 1857 audiendus
1667 1816 1768 1871 est,
1796 1807 1918 1862 licet
1963 1825 2068 1864 non

484 1883 887 1948 approbandus.
920 1887 1016 1940 llic
1068 1903 1214 1958 ergo,
1273 1893 1688 1962 bypomnemate
1741 1900 1793 1962 4,
1825 1915 1940 1970 cap.
1981 1903 2069 1970 14,

487 1972 561 2022 :.it
604 1989 616 2024 :
647 1991 665 2024 ι
703 1975 998 2033 [tationalis
1029 1983 1202 2035 anima
1236 1985 1286 2038 in
1322 1989 1488 2053 prima
1522 1992 1792 2044 creatione
1818 2004 1869 2047 et
1900 2010 1928 2046 a
1962 1995 2070 2051 Deo

483 2072 598 2130 0pt.
629 2080 770 2119 max.
799 2069 1036 2131 condita,
1082 2084 1130 2125 et
1163 2078 1376 2142 corpori
1403 2077 1634 2130 humano
1661 2081 1816 2134 insita
1853 2084 2066 2151 qu‘dem

482 2163 563 2204 est
590 2169 606 2218 ;
632 2171 815 2208 verum
843 2175 936 2226 per
961 2161 1106 2227 illud,
1152 2162 1368 2220 Crescite
1407 2180 1454 2220 et
1498 2171 1914 2239 multiplicamini
1946 2176 2069 2246 (Ge-

483 2259 590 2296 nes.
623 2250 681 2313 ι),
709 2249 813 2300 vim
842 2265 899 2304 se
926 2255 1252 2321 propagandi
1283 2268 1332 2307 et
1350 2259 1732 2324 niultiplii-andi
1760 2265 1982 2332 accepit,
2016 2277 2070 2320 et

481 2336 694 2400 quidem
719 2355 838 2391 cum
879 2344 1100 2398 semine.
1135 2345 1319 2414 Neque
1366 2352 1508 2403 enim
1556 2354 1730 2406 anima
1790 2359 2066 2412 rationalis

481 2427 713 2480 essentia
741 2446 836 2495 per
863 2447 921 2485 se
958 2436 1222 2502 completa
1267 2448 1367 2503 est,
1403 2451 1460 2494 ut
1506 2443 1701 2511 angeli,
1734 2460 1853 2514 qua:
1878 2463 1970 2513 per
2005 2465 2066 2504 se

477 2515 592 2568 sola
623 2519 902 2589 subsistat,
927 2526 1019 2576 sed
1061 2541 1138 2579 εει
1170 2542 1291 2595 pars
1327 2531 1495 2586 altera
1526 2535 1778 2600 hominis,
1798 2554 1916 2608 qua:
1945 2556 2066 2596 cor-

480 2619 578 2673 pus
607 2609 895 2664 humanum
931 2615 1206 2680 informat,
1231 2629 1286 2673 et
1316 2622 1536 2688 proinde
1560 2627 1696 2681 sient
1726 2630 1956 2685 societas
1975 2633 2062 2689 illa

476 2701 720 2766 corporis
754 2703 882 2757 nihil
909 2706 1028 2773 ejus
1060 2697 1326 2766 nobilitati
1366 2715 1606 2784 derogat,
1634 2718 1704 2770 ita
1751 2735 1849 2774 nec
1877 2738 2064 2793 propa-

474 2785 616 2851 gatio
649 2803 767 2843 cum
818 2795 1044 2848 semine.
1083 2813 1101 2847 ι
1156 2796 1285 2851 Item
1365 2803 1560 2856 ibidem
1610 2805 1791 2859 addit:
1832 2827 1850 2860 ι
1911 2812 2060 2877 Quod

482 2874 641 2928 lieni.
674 2878 872 2936 Fienns
905 2883 1130 2951 falsum,
1165 2889 1453 2944 ahsnrdutn
1484 2903 1537 2948 et
1587 2911 1615 2947 a
1664 2898 1922 2966 religione
1975 2916 2064 2956 ca-

480 2966 678 3023 tholica
704 2975 936 3028 alzenum
960 2988 1129 3045 putat,
1176 2981 1408 3035 animam
1441 3001 1560 3039 esse
1610 3004 1674 3040 ex
1709 2991 1948 3058 traduce,
1981 3005 2063 3050 est

480 3064 816 3117 t'erissitnum
846 3077 897 3120 et
947 3072 1114 3123 sacris
1172 3073 1363 3127 lithris
1417 3090 1858 3136 consentaneum.
1896 3105 1914 3136 ι
1945 3087 2057 3141 Ad-

475 3153 729 3222 ducitque
760 3160 1012 3212 nonnulla
1037 3177 1205 3215 sacra:
1251 3167 1542 3235 Scriptura:
1576 3175 1902 3242 testimonia,
1937 3196 2056 3247 qua:
2084 3201 2130 3262 ρ

474 3253 650 3300 tamen
683 3252 890 3306 erudite
921 3254 1046 3307 olim
1095 3263 1342 3326 exposuit
1370 3265 1717 3336 Augustinus,
1752 3289 1819 3326 ne
1862 3290 1924 3328 ex
1971 3293 2057 3331 Sa-

470 3335 574 3389 cris
597 3339 806 3394 areanis
830 3343 1043 3414 aliquod
1088 3353 1347 3418 opposita:
1375 3359 1658 3412 sententia:
1688 3363 2054 3434 pra-judicium

469 3417 644 3484 ﬁeret.
699 3431 844 3500 llaec,
892 3436 1127 3506 inquam,
1175 3442 1373 3507 refero,
1405 3447 1500 3501 sed
1551 3465 1656 3504 non
1709 3454 2053 3520 probo.lllud

468 3525 648 3575 tamen
679 3522 1067 3582 advertendum
1095 3540 1197 3597 est,
1224 3535 1365 3603 quod
1414 3543 1665 3608 superius
1705 3559 1768 3597 ex
1819 3547 2050 3612 epistola

473 3605 599 3676 157,
631 3614 696 3668 ad
720 3615 970 3685 Optatum
1002 3621 1376 3696 indicavimus,
1405 3605 1757 3700 Augustinum
1782 3605 2051 3698 dubitasse

466 3716 592 3758 num
617 3707 792 3762 anima
820 3728 910 3780 per
948 3729 1322 3774 meoneoneou
1352 3738 1522 3776 semen
1580 3727 1966 3798 traduceretur,
1997 3735 2048 3790 in

464 3809 566 3859 qua
595 3803 860 3855 sententia
890 3805 1036 3858 nulla
1065 3809 1228 3862 videri
1262 3811 1423 3865 debet
1470 3815 1691 3870 evidens
1749 3835 2050 3891 repugnan-

465 3886 559 3949 tia,
593 3905 711 3942 cum
739 3891 979 3961 plerique
1004 3897 1309 3952 scholastici
1334 3902 1614 3958 admittant
1640 3886 1915 3967 materiam
1938 3917 2049 3984 spi-

463 3977 713 4031 ritualem
743 3995 848 4034 non
879 3997 1000 4037 esse
1053 3985 1464 4053 impossibilem.
1490 3994 1565 4048 lta
1595 4013 1658 4050 ex
1692 4005 1908 4056 materia
1937 4009 2048 4078 spi-

463 4066 642 4119 rituali
671 4069 891 4136 angelos
930 4087 1259 4144 compenunt
1288 4093 1507 4137 sanetus
1569 4066 2043 4165 Bonaventura,'2,

461 4150 588 4211 dist.
625 4161 676 4224 3,
710 4160 760 4214 in
817 4176 952 4232 part.
989 4181 1025 4231 ι,
1060 4181 1161 4224 art.
1195 4173 1244 4238 l,
1276 4191 1329 4242 q.
1361 4173 1431 4243 2;
1482 4179 1696 4238 Alensis
1727 4195 1863 4254 part.
1894 4205 1954 4256 ll,
1984 4207 2037 4262 q.

461 4245 554 4312 9.0,
587 4252 781 4306 niemb.
815 4255 868 4321 2,
899 4256 926 4328 ξ
957 4258 1016 4324 l;
1047 4261 1342 4334 Aureolos,
1368 4267 1423 4334 2,
1460 4269 1586 4326 dist.
1611 4272 1665 4342 5,
1695 4245 1748 4346 ιι..
1784 4278 1835 4344 1,
1860 4245 1965 4336 art'.

467 4337 544 4408 lix
577 4346 962 4405 recentioribus
994 4357 1274 4412 materiam
1308 4361 1454 4417 illam
1487 4369 1796 4435 possibilem
1825 4376 2041 4434 tradunt

462 4431 694 4490 Bubalus
719 4437 769 4491 in
801 4455 852 4509 q.
883 4442 954 4498 50
992 4448 1163 4502 sancti
1211 4450 1434 4508 Thoma:
1463 4431 1530 4512 de
1571 4462 1811 4532 Angelis,
1844 4477 1946 4521 art.
1979 4431 2037 4537 2,

2197 546 2407 617 Reylof,
2436 555 2676 618 proxime
2707 556 2968 615 laudatus.
2997 571 3065 610 ex
3087 574 3151 613 eo
3181 562 3478 618 animarum
3508 567 3785 626 traducem

2198 641 2505 705 possibilem
2537 644 2811 707 defendit,
2841 647 2979 712 quod
3009 651 3186 703 anima
3221 660 3278 704 ut
3331 652 3422 708 Dei
3456 655 3787 713 instrumen-

2194 737 2303 782 tum
2327 733 2547 786 alteram
2577 736 2807 788 animam
2849 751 3033 790 creare
3057 750 3230 806 potest
3265 759 3278 795 :
3309 758 3466 811 quam
3522 747 3783 803 virtu'em

2191 830 2452 876 ereatnra:
2477 838 2728 878 continuo
2753 828 2866 880 cari.
2896 843 3050 895 posse
3075 831 3280 886 nobiles
3308 833 3416 886 schi
3442 835 3625 890 l-istici
3650 837 3784 892 exis-

2195 916 2473 967 timarunt.
2509 917 2611 970 Sed
2667 922 2811 994 prior
2849 920 3044 974 modus
3071 925 3241 990 magis
3288 925 3478 992 placet.
3504 927 3646 994 Qua
3705 913 3785 987 hic.

2191 1004 2345 1057 libuit.
2397 992 2711 1075 insinuare,
2741 1024 2792 1063 ut
2836 1012 3065 1066 insulsas
3116 1017 3468 1084 quorumdam
3519 1034 3783 1080 censuras

2190 1096 2284 1148 ref.
2308 1097 2452 1162 llam,
2481 1101 2570 1167 ιιιιί
2605 1103 2954 1167 Augustinum
2989 1107 3388 1172 reprehendunt
3408 1113 3552 1180 quod
3597 1115 3784 1170 tradu-

2185 1203 2300 1244 cem
2341 1192 2634 1245 animarum
2700 1195 3027 1261 probabilem
3071 1202 3397 1266 asseruerit,
3437 1218 3560 1257 eum
3603 1216 3777 1264 tamen

2185 1281 2466 1336 evidenter
2490 1296 2699 1339 constet
2733 1288 2940 1341 animas
2971 1305 3076 1344 non
3107 1306 3263 1359 posse
3286 1294 3439 1349 educi
3494 1298 3567 1352 de
3594 1311 3780 1364 poten-

2186 1373 2254 1424 tia
2281 1376 2520 1428 materia}
2545 1391 2839 1446 corporcaa,
2871 1379 3000 1435 alias
3042 1391 3227 1436 essent
3247 1386 3526 1440 mortales.
3564 1389 3773 1445 Etenim

2183 1476 2444 1530 nusquam
2477 1475 2696 1517 sanctus
2725 1466 2913 1521 doctor
2956 1469 3244 1524 arbitratus
3275 1482 3358 1527 est
3385 1474 3602 1528 animas
3625 1492 3777 1544 posse

2180 1554 2333 1606 educi
2355 1554 2422 1608 de
2466 1557 2686 1610 materia
2720 1573 2998 1626 corporea,
3049 1562 3142 1614 sed
3187 1572 3388 1624 tantum
3429 1565 3498 1620 de
3552 1574 3774 1626 materia

2180 1644 2470 1709 Spirituali,
2502 1663 2659 1712 quam
2694 1663 2816 1701 esse
2849 1651 3162 1715 possibilem
3189 1662 3266 1707 tot
3296 1656 3548 1723 superius
3573 1675 3775 1713 memo-

2179 1733 2277 1786 rati
2321 1734 2570 1790 doctores
2615 1739 2954 1804 conc'edunt;
2985 1741 3070 1795 illa
3117 1752 3295 1797 autem
3344 1759 3643 1812 concessa,
3673 1767 3772 1806 nun

2101 1830 2147 1891 Β
2180 1824 2334 1877 video
2365 1841 2460 1878 cur
2499 1826 2711 1881 eductio
2760 1828 2944 1882 forma:
2975 1833 3267 1898 Spiritualis
3294 1852 3357 1890 ex
3397 1843 3632 1894 materia
3665 1846 3764 1910 spi-

2179 1931 2204 1968 r
2231 1917 2355 1968 tuali
2389 1917 2522 1970 adeo
2550 1919 2826 1974 evidenter
2852 1922 3196 1990 impossibilia
3210 1939 3486 1995 appareat,
3507 1941 3574 1983 ut
3605 1935 3770 1990 errori

2174 2009 2312 2060 verti
2343 2008 2533 2063 debeat
2561 2011 2856 2080 Augustino
2883 2013 3024 2082 quod
3059 2016 3202 2069 illam
3254 2018 3609 2074 eductioncm
3653 2039 3769 2090 pro-

2176 2093 2412 2154 habilem~
2454 2103 2684 2156 duxerit.
2749 2104 2941 2158 Fateor
2988 2110 3262 2161 materiam
3314 2112 3765 2180 spiritualem,ex

2174 2203 2279 2256 qua
2306 2191 2480 2243 anima
2514 2192 2667 2246 ﬁeret
2717 2194 2888 2248 visam
2921 2193 3086 2250 fuisse
3116 2197 3386 2255 difﬁcilem
3440 2206 3763 2272 Augustino,

2176 2289 2232 2332 ut
2265 2291 2407 2349 patet
2437 2298 2500 2336 ex
2536 2283 2628 2338 lib.
2664 2300 2735 2337 vn
2765 2285 2833 2339 de
2863 2285 3056 2343 Genesi
3091 2291 3156 2343 ad
3189 2291 3315 2357 litt.,
3343 2308 3465 2359 cap.
3499 2297 3531 2347 6
3563 2308 3618 2351 et
3650 2315 3758 2368 seq.

2174 2369 2326 2426 Unde
2353 2375 2562 2442 aitcap.
2595 2376 2622 2426 7
2651 2391 2665 2428 :
2702 2395 2720 2426 ι
2754 2377 2834 2429 An
2876 2393 3006 2432 vero
3051 2381 3140 2435 illa
3197 2385 3454 2452 spiritalis
3483 2394 3760 2461 materies,

2171 2461 2215 2514 si
2245 2461 2340 2515 fuit
2369 2466 2470 2517 ufla
2518 2466 2656 2520 unde
2698 2469 2874 2523 anima
2927 2472 3096 2534 ﬁeret,
3149 2477 3229 2528 vel
3271 2476 3314 2528 si
3348 2487 3430 2532 est
3461 2479 3569 2533 nlla
3630 2487 3762 2539 unde

2170 2556 2362 2610 anima:
2393 2557 2543 2622 ﬁunt,
2578 2559 2704 2628 quid
2737 2560 2850 2630 ipsa
2882 2572 2987 2630 est,
3019 2565 3157 2633 quod
3188 2581 3406 2635 nomen,
3433 2587 3603 2638 quam
3635 2589 3757 2644 spe-

2170 2649 2332 2713 ciem,
2364 2665 2521 2718 quem
2552 2665 2704 2705 nsum
2729 2653 2778 2707 in
2822 2656 2984 2710 rebus
3005 2659 3232 2714 conditis
3269 2663 3452 2717 tenet?
3488 2665 3659 2735 Vivit,
3689 2685 3752 2724 an

2172 2740 2317 2790 non?
2345 2749 2448 2794 etc.
2491 2759 2510 2793 ι
2540 2742 2635 2797 Ubi
2665 2741 2784 2799 fuse
2840 2749 3118 2803 materiam
3150 2751 3482 2819 Spiritnalem
3516 2773 3622 2824 per
3651 2777 3754 2816 mo-

2168 2829 2294 2882 dum
2319 2831 2641 2900 disputantis
2664 2836 2960 2891 examinat.
2995 2839 3137 2893 Idem
3170 2857 3295 2896 vero
3324 2854 3543 2901 sanctus
3575 2849 3754 2916 Pater,

2167 2924 2326 2990 epist.
2363 2926 2488 2993 157,
2519 2928 2587 2982 ad
2633 2931 2906 3000 Optatum,
2953 2938 3201 3004 proponit
3254 2939 3610 3000 difficultates
3644 2964 3752 3016 qua:

2169 3013 2453 3086 insurgunt
2485 3020 2662 3086 posito
2689 3022 2779 3074 illo
2811 3028 3020 3081 semine
3064 3030 3292 3097 spiritali
3319 3048 3382 3088 ex
3437 3051 3544 3104 quo
3576 3041 3752 3094 anima

2167 3104 2290 3160 ﬁat:
2326 3119 2379 3160 ut
2412 3109 2536 3162 inde
2563 3116 2694 3166 satis
2729 3125 2900 3178 pateat
2924 3131 3196 3190 quantum,
3222 3124 3380 3177 studii
3415 3125 3488 3179 illi
3537 3129 3750 3184 dubita-

2164 3196 2292 3248 ti0ni
2339 3200 2585 3254 tollentia:
2630 3203 2980 3272 impenderit;
3029 3211 3124 3264 sed
3163 3228 3284 3268 eum
3330 3217 3592 3287 utrinque
3645 3239 3748 3276 ma-

2161 3286 2279 3354 gnis
2307 3287 2707 3346 dilﬁcnltatibus
2737 3311 2794 3348 se
2819 3300 2990 3365 premi
3015 3314 3283 3369 cerneret,
3314 3319 3606 3364 assensum
3635 3326 3750 3365 sns-

2161 3375 2363 3446 pendit.
2398 3377 2578 3446 Neque
2605 3383 2747 3435 enim
2792 3385 3018 3453 probare
3047 3405 3260 3457 rossnm
3294 3395 3408 3450 [nec
3437 3397 3747 3457 Bcllarmini

2157 3469 2319 3520 verba
2349 3467 2441 3521 lib.
2469 3485 2519 3523 tv
2539 3471 2607 3525 de
2622 3476 2921 3532 Amissione
2950 3483 3156 3550 gratiae,
3181 3499 3299 3555 cap.
3334 3489 3392 3542 ll
3457 3509 3472 3545 :
3506 3511 3526 3544 ι
3593 3496 3745 3552 Certe

2157 3567 2375 3613 sanctus
2400 3562 2746 3634 Augustinus,
2771 3570 2814 3622 si
2858 3587 2998 3627 nunc
3041 3575 3180 3630 inter
3238 3581 3482 3638 homines
3513 3589 3740 3652 viveret,

2158 3661 2262 3702 non
2291 3653 2463 3706 solum
2493 3654 2718 3722 faveret,
2749 3661 2842 3714 sed
2893 3665 3052 3717 etiam
3083 3670 3278 3737 gratias
3309 3687 3494 3743 ageret
3538 3679 3627 3747 iis,
3657 3682 3741 3751 qui

2155 3750 2395 3797 nostram
2419 3746 2558 3800 hanc
2585 3754 2902 3808 sententiam
2941 3757 3029 3824 (de
3057 3762 3351 3832 creatione)
3381 3775 3686 3826 tuerentur.
3714 3793 3731 3824 ι

2154 3831 2222 3884 At
2249 3849 2344 3887 cur
2375 3836 2536 3891 hasce
2556 3844 2755 3909 gratias
2788 3849 3178 3904 recentioribus
3215 3854 3543 3925 Augustinus
3573 3864 3739 3919 debe-

2154 3935 2230 3976 ret
2258 3925 2453 3991 ?Quod
2479 3945 2545 3983 ex
2576 3931 2848 4000 Scriptura
2873 3941 3192 3995 sententiam
3225 3943 3292 3997 de
3319 3951 3602 4007 creatione
3632 3958 3738 4007 ani-

2153 4029 2360 4070 marum
2393 4010 2766 4075 ostenderint?
2807 4035 2862 4079 at
2905 4029 3082 4083 omnia
3133 4046 3404 4089 sacrarum
3439 4040 3734 4097 litterarum

2152 4105 2460 4161 testimonia
2526 4111 2856 4180 Augustinus
2923 4121 3175 4186 expendit
3243 4127 3610 4198 excussitque.
3655 4133 3734 4188 An

2151 4196 2594 4255 scholasticorum
2623 4207 2996 4263 auctoritatem
3040 4217 3390 4281 sequeretur?
3419 4196 3528 4275 imo
3557 4227 3734 4291 potius

2150 4303 2270 4344 cum
2323 4291 2589 4360 Patribns,
2621 4311 2756 4366 quos
2804 4297 3035 4366 laudavi,
3066 4305 3240 4360 adhuc
3285 4308 3336 4362 in
3368 4313 3538 4368 veteri
3574 4316 3727 4371 dubi-

2150 4383 2350 4439 tatione
2370 4387 2700 4454 persisteret.
2737 4389 3048 4449 ltationibus
3069 4401 3378 4455 eorumdem
3403 4413 3596 4459 contra
3624 4416 3728 4461 tra—

2148 4474 2342 4531 ducem
2369 4481 2812 4536 convinceretur?
2837 4493 2890 4538 at
2919 4485 3043 4552 illte,
3078 4497 3431 4561 praeterquam
3483 4498 3632 4564 quod
3662 4500 3726 4552 ab

1664 4530 1677 4532 _
2022 4530 2033 4537 ,
2269 4530 2279 4531 ,
2381 4530 2764 4536 -__-.._------_-
2795 4530 2804 4534 -
2839 4530 2890 4538 --
2919 4530 3043 4552 ...νη
3116 4530 3260 4544 ..μω
3526 4530 3630 4552 υυυ
3662 4530 3725 4552 ..υ

453 4537 644 4592 (Ιίῖοειο
693 4530 748 4596 2ο
791 4531 1035 4591 “imm”-
1064 4537 1117 4605 2.
1179 4541 1206 4611 ἕ
1246 4543 1266 4595 1
1298 4560 1312 4609 ὅ
1366 4545 1610 4618 ΑΓΓῘίιὲθν
1668 4553 1869 4625 disput.
1903 4558 1925 4610 1
1970 4560 2037 4614 de
2072 4585 2119 4644 ο
2147 4565 2538 4623 affirmantibus
2576 4573 2851 4626 materiam
2895 4530 3222 4643 spiritu'aIem
3257 4530 3409 4637 facile
3436 4530 3571 4638 so‘ivi
3605 4602 3725 4656 pos-

462 4618 645 4656 Animq
695 4631 803 4656 cont
855 4625 916 4656 κ.
950 4625 1277 4656 [την-...μημη
1334 4635 1441 4656 4:-_
1498 4638 1530 4656 η
1581 4641 1593 4656 ι
1672 4643 1686 4656 .
1747 4645 1756 4655 .
1887 4643 1894 4649 .

448 4618 668 4685 .Anima,
693 4631 825 4677 sect.
851 4625 917 4691 5;
950 4625 1300 4698 Cumptonus,
1329 4635 1467 4704 disp.
1498 4638 1531 4691 9
1561 4641 1628 4694 de
1658 4618 2032 4712 Anima,'sect.

456 4703 508 4761 8.
542 4704 690 4768 Hanc
717 4718 1034 4772 sententiain
1055 4721 1120 4776 de
1144 4725 1367 4778 materia
1386 4729 1612 4797 spiritali
1639 4747 1703 4788 ex
1729 4750 1830 4804 qua
1858 4741 2034 4794 anima

451 4816 826 4873 componatur,
861 4809 976 4867 fuse
1006 4813 1246 4871 defendit
1285 4817 1442 4875 Pater
1473 4821 1756 4881 Mattha-us
1787 4829 2030 4898 Veglicn-

451 4889 550 4956 sis,
583 4895 635 4948 in
668 4896 766 4952 hac
816 4903 1166 4960 celeberrima
1211 4906 1460 4965 Patavina
1511 4915 1785 4971 acadeinia
1828 4921 2034 4975 theolo-

449 4983 582 5050 gica:
613 4988 882 5043 cathedra:
914 4993 1057 5048 Seoti
1105 4999 1430 5066 moderator,
1464 5003 1542 5056 vir
1590 5007 1694 5060 rari
1741 5008 1936 5079 ingenii
1968 5027 2031 5067 ac

448 5082 632 5128 nostro
665 5081 932 5145 praeconio
976 5085 1166 5154 major.
1201 5089 1295 5144 llic
1351 5095 1493 5147 etiim
1549 5107 1692 5152 tomo
1745 5103 1906 5170 priori
1963 5105 2029 5160 de

446 5167 687 5239 Angelis,
708 5185 760 5240 q.
795 5170 882 5236 27,
918 5176 1106 5241 probat
1145 5182 1364 5250 angelos
1392 5201 1457 5238 ex
1517 5167 2028 5262 niateria—spiritnali

443 5262 714 5330 compeni,
741 5263 879 5333 quod
932 5271 1229 5334 quzrstioue
1276 5281 1518 5346 sequenti
1548 5285 1710 5336 etiam
1755 5287 1822 5340 de
1850 5291 2024 5346 anima

388 5375 402 5466 1
439 5354 721 5408 dicendum
769 5369 887 5409 esse
942 5361 1239 5430 contendit,
1294 5365 1515 5423 laudans
1559 5387 1676 5440 cap.
1709 5377 1754 5434 ι.
1790 5391 1935 5432 num.
1969 5382 2022 5449 5,

439 5448 697 5514 quosdam
730 5445 992 5502 Scotistas
1017 5451 1106 5518 qui
1141 5454 1189 5505 in
1244 5458 1487 5512 eamdem
1547 5465 1864 5520 sententiam
1898 5469 2018 5524 (les-

437 5540 748 5592 tendernnt.
785 5539 892 5595 llac
927 5558 1055 5611 ergo
1107 5550 1330 5602 materia
1364 5551 1628 5620 spirituali
1683 5558 1875 5611 animm
1924 5563 2021 5617 ad-

436 5629 620 5691 missa,
653 5646 813 5696 quam
846 5645 922 5690 tot
955 5638 1260 5697 scbo'astiei
1307 5642 1620 5714 defendunt,
1654 5665 1758 5702 non
1785 5653 1886 5706 erit
1916 5655 2010 5708 dif-

434 5716 574 5789 ﬁeile
600 5725 836 5778 statuere
865 5727 1162 5785 animarum
1206 5733 1546 5796 cductionem
1589 5743 1884 5800 secundum
1911 5746 2016 5803 for-

2143 4666 2284 4721 sunt,
2319 4657 2367 4710 id
2397 4667 2599 4713 tantum
2627 4663 2958 4732 evincerent,
2995 4676 3052 4720 ut
3080 4670 3403 4738 Augustinus
3433 4674 3500 4728 ab
3522 4678 3721 4733 admit-

2145 4745 2304 4800 tendo
2333 4747 2552 4802 traduce
2583 4763 2860 4806 assensum
2911 4756 3229 4826 contineret,
3261 4762 3399 4828 quod
3425 4772 3479 4818 et
3506 4780 3722 4837 semper

2139 4834 2286 4901 fecit,
2320 4852 2424 4891 non
2451 4848 2628 4894 autem
2672 4841 2724 4895 in
2773 4847 3094 4902 sententiam
3123 4851 3188 4903 de
3234 4854 3508 4912 creatione
3538 4860 3716 4929 singu-

2139 4926 2306 4982 larum
2339 4930 2640 4986 animarum
2670 4935 2917 4990 eumdem
2944 4940 3240 5007 traherent,
3274 4943 3324 4998 in
3347 4960 3448 5014 qua
3476 4965 3588 5004 non
3618 4951 3714 5005 mi-

2138 5019 2360 5074 noribus
2399 5020 2802 5079 difﬁcultatibus
2831 5040 2890 5081 se
2914 5031 3080 5096 premi
3128 5035 3412 5103 sentiebat,
3447 5043 3710 5110 praecipue

2139 5126 2272 5167 vero
2293 5114 2432 5183 quod
2463 5114 2583 5168 data
2613 5131 2674 5171 ea
2720 5121 3008 5187 sententia,
3045 5138 3202 5193 quam
3235 5129 3393 5183 etiam
3442 5131 3706 5204 Pelagiani

2135 5211 2247 5256 toto
2277 5214 2468 5258 conatu
2501 5209 2791 5276 urgebant,
2821 5209 3112 5269 difﬁcultas
3163 5219 3472 5274 traducendi
3515 5238 3703 5292 pecca-

2133 5303 2242 5348 tum
2283 5295 2545 5364 originale
2592 5296 2770 5350 statim
2812 5304 3060 5370 emergit,
3089 5320 3188 5372 qna
3229 5307 3363 5362 adeo
3393 5324 3702 5378 premuntur

2129 5387 2458 5454 scholastici,
2491 5396 2548 5442 nt
2577 5389 2629 5441 in
2655 5390 2976 5460 assignando
3005 5397 3162 5451 modo
3189 5415 3291 5466 quo
3322 5403 3465 5457 labes
3495 5404 3581 5458 illa
3609 5421 3700 5474 per

2129 5479 2524 5545 generationem
2558 5478 2798 5535 trahatur
2822 5523 2836 5548 ,
2869 5483 3088 5540 minime
3113 5488 3250 5544 inter
3280 5507 3338 5545 se
3359 5495 3697 5560 conveniant,

2128 5569 2222 5623 sed
2251 5583 2370 5623 sese
2395 5570 2619 5624 invicem
2663 5575 2927 5631 acerrime
2987 5592 3311 5649 oppugnent.
3336 5583 3698 5654 Suspenderct

2127 5660 2289 5728 igitur
2316 5659 2477 5714 etiam
2507 5677 2647 5717 nunc
2668 5679 2946 5721 assensum
2979 5668 3320 5738 Augustinus,
3353 5686 3405 5729 et
3436 5686 3562 5731 tunc
3578 5693 3695 5744 gra-

2127 5752 2226 5808 tias
2256 5760 2458 5808 tantum
2483 5764 2658 5825 ageret
2683 5770 2804 5811 cum
2831 5768 3035 5815 certum
3074 5763 3288 5818 modum
3311 5775 3690 5838 proponerent,
