  <div class='ocr_page' id='page_1' title='image "/cluster/home/n/w/nwhite01/storage/ocr_20150623/47/uva.x000827107/358.png"; bbox 0 0 3892 6364; ppageno 0'>
   <div class='ocr_carea' id='block_1_1' title="bbox 106 372 232 447">
    <p class='ocr_par' dir='ltr' id='par_1_1' title="bbox 106 372 232 447">
     <span class='ocr_line' id='line_1_1' title="bbox 106 372 232 447; baseline 0.032 -4"><span class='ocrx_word' id='word_1_1' title='bbox 106 372 232 447; x_wconf 73' lang='lat'><strong>7&#39;0!</strong></span> 
     </span>
    </p>
   </div>
   <div class='ocr_carea' id='block_1_2' title="bbox 1345 386 2269 452">
    <p class='ocr_par' dir='ltr' id='par_1_2' title="bbox 1345 386 2269 452">
     <span class='ocr_line' id='line_1_2' title="bbox 1345 386 2269 452; baseline 0.004 -4"><span class='ocrx_word' id='word_1_2' title='bbox 1345 388 1668 450; x_wconf 64' lang='lat' dir='ltr'><strong>VINDICI/E</strong></span> <span class='ocrx_word' id='word_1_3' title='bbox 1712 386 2269 452; x_wconf 59' lang='lat' dir='ltr'><strong>AUGUSTINIANE.</strong></span> 
     </span>
    </p>
   </div>
   <div class='ocr_carea' id='block_1_3' title="bbox 3345 402 3451 459">
    <p class='ocr_par' dir='ltr' id='par_1_3' title="bbox 3345 402 3451 459">
     <span class='ocr_line' id='line_1_3' title="bbox 3345 402 3451 459; baseline -0.019 -1"><span class='ocrx_word' id='word_1_4' title='bbox 3345 402 3451 459; x_wconf 69' lang='lat'><strong>702</strong></span> 
     </span>
    </p>
   </div>
   <div class='ocr_carea' id='block_1_4' title="bbox 106 494 3451 584">
    <p class='ocr_par' dir='ltr' id='par_1_4' title="bbox 106 494 3451 584">
     <span class='ocr_line' id='line_1_4' title="bbox 106 494 3451 584; baseline 0.005 -27"><span class='ocrx_word' id='word_1_5' title='bbox 106 523 245 575; x_wconf 80' lang='lat' dir='ltr'><strong>quo</strong></span> <span class='ocrx_word' id='word_1_6' title='bbox 282 506 427 561; x_wconf 83' lang='lat' dir='ltr'><strong>data</strong></span> <span class='ocrx_word' id='word_1_7' title='bbox 454 507 727 562; x_wconf 78' lang='lat' dir='ltr'><strong>creatione</strong></span> <span class='ocrx_word' id='word_1_8' title='bbox 750 507 1051 561; x_wconf 87' lang='lat' dir='ltr'><strong>animarum</strong></span> <span class='ocrx_word' id='word_1_9' title='bbox 1093 506 1298 577; x_wconf 86' lang='lat' dir='ltr'><strong>peccati</strong></span> <span class='ocrx_word' id='word_1_10' title='bbox 1328 506 1604 575; x_wconf 78' lang='lat' dir='ltr'><strong>originalis</strong></span> <span class='ocrx_word' id='word_1_11' title='bbox 1629 519 1752 573; x_wconf 88' lang='lat' dir='ltr'><strong>pro-</strong></span> <span class='ocrx_word' id='word_1_12' title='bbox 1786 516 1833 571; x_wconf 82' lang='grc' dir='ltr'>Α</span> <span class='ocrx_word' id='word_1_13' title='bbox 1862 494 2065 562; x_wconf 88' lang='lat' dir='ltr'><strong>carnem</strong></span> <span class='ocrx_word' id='word_1_14' title='bbox 2092 507 2221 561; x_wconf 88' lang='lat' dir='ltr'><strong>Filii</strong></span> <span class='ocrx_word' id='word_1_15' title='bbox 2250 507 2494 573; x_wconf 80' lang='lat' dir='ltr'><strong>hominis,</strong></span> <span class='ocrx_word' id='word_1_16' title='bbox 2519 514 2566 562; x_wconf 80' lang='lat' dir='ltr'><strong>et</strong></span> <span class='ocrx_word' id='word_1_17' title='bbox 2620 510 2842 563; x_wconf 85' lang='lat' dir='ltr'><strong>biberitis</strong></span> <span class='ocrx_word' id='word_1_18' title='bbox 2864 512 2975 582; x_wconf 86' lang='lat' dir='ltr'><strong>ejus</strong></span> <span class='ocrx_word' id='word_1_19' title='bbox 3001 516 3319 584; x_wconf 78' lang='lat' dir='ltr'><strong>sanguinem,</strong></span> <span class='ocrx_word' id='word_1_20' title='bbox 3346 535 3451 573; x_wconf 76' lang='lat' dir='ltr'><strong>non</strong></span> 
     </span>
    </p>
   </div>
   <div class='ocr_carea' id='block_1_5' title="bbox 108 596 1756 666">
    <p class='ocr_par' dir='ltr' id='par_1_5' title="bbox 108 596 1756 666">
     <span class='ocr_line' id='line_1_5' title="bbox 108 596 1756 666; baseline 0.001 -17"><span class='ocrx_word' id='word_1_21' title='bbox 108 598 379 666; x_wconf 77' lang='lat' dir='ltr'><strong>pagatio</strong></span> <span class='ocrx_word' id='word_1_22' title='bbox 400 596 534 652; x_wconf 89' lang='lat' dir='ltr'><strong>adeo</strong></span> <span class='ocrx_word' id='word_1_23' title='bbox 556 597 790 653; x_wconf 88' lang='lat' dir='ltr'><strong>evidenti</strong></span> <span class='ocrx_word' id='word_1_24' title='bbox 816 598 1024 653; x_wconf 90' lang='lat' dir='ltr'><strong>ratione</strong></span> <span class='ocrx_word' id='word_1_25' title='bbox 1036 605 1332 666; x_wconf 76' lang='lat' dir='ltr'><strong>constaret,</strong></span> <span class='ocrx_word' id='word_1_26' title='bbox 1367 604 1424 651; x_wconf 91' lang='lat' dir='ltr'><strong>ut</strong></span> <span class='ocrx_word' id='word_1_27' title='bbox 1448 596 1642 652; x_wconf 90' lang='lat' dir='ltr'><strong>modus</strong></span> <span class='ocrx_word' id='word_1_28' title='bbox 1667 597 1756 651; x_wconf 88' lang='lat' dir='ltr'><strong>ille</strong></span> 
     </span>
    </p>
   </div>
   <div class='ocr_carea' id='block_1_6' title="bbox 103 689 849 759">
    <p class='ocr_par' dir='ltr' id='par_1_6' title="bbox 103 689 849 759">
     <span class='ocr_line' id='line_1_6' title="bbox 103 689 849 759; baseline 0.003 -17"><span class='ocrx_word' id='word_1_29' title='bbox 103 703 143 742; x_wconf 82' lang='lat' dir='ltr'><strong>a</strong></span> <span class='ocrx_word' id='word_1_30' title='bbox 182 691 441 744; x_wconf 85' lang='lat' dir='ltr'><strong>nemine</strong></span> <span class='ocrx_word' id='word_1_31' title='bbox 475 689 623 759; x_wconf 84' lang='lat' dir='ltr'><strong>rejici</strong></span> <span class='ocrx_word' id='word_1_32' title='bbox 650 698 849 758; x_wconf 94' lang='lat' dir='ltr'><strong>posset.</strong></span> 
     </span>
    </p>
   </div>
   <div class='ocr_carea' id='block_1_7' title="bbox 137 778 1754 849">
    <p class='ocr_par' dir='ltr' id='par_1_7' title="bbox 137 778 1754 849">
     <span class='ocr_line' id='line_1_7' title="bbox 137 778 1754 849; baseline -0.001 -17"><span class='ocrx_word' id='word_1_33' title='bbox 137 787 143 791; x_wconf 82' lang='lat'><strong>‘</strong></span> <span class='ocrx_word' id='word_1_34' title='bbox 198 778 303 832; x_wconf 77' lang='lat' dir='ltr'><strong>Ex</strong></span> <span class='ocrx_word' id='word_1_35' title='bbox 344 780 628 848; x_wconf 85' lang='lat' dir='ltr'><strong>hucusque</strong></span> <span class='ocrx_word' id='word_1_36' title='bbox 670 779 825 834; x_wconf 88' lang='lat' dir='ltr'><strong>dictis</strong></span> <span class='ocrx_word' id='word_1_37' title='bbox 854 782 987 836; x_wconf 89' lang='lat' dir='ltr'><strong>satis</strong></span> <span class='ocrx_word' id='word_1_38' title='bbox 1036 780 1213 836; x_wconf 80' lang='lat' dir='ltr'><strong>elucet</strong></span> <span class='ocrx_word' id='word_1_39' title='bbox 1260 794 1419 849; x_wconf 89' lang='lat' dir='ltr'><strong>quam</strong></span> <span class='ocrx_word' id='word_1_40' title='bbox 1459 779 1754 846; x_wconf 84' lang='lat' dir='ltr'><strong>immerito,</strong></span> 
     </span>
    </p>
   </div>
   <div class='ocr_carea' id='block_1_8' title="bbox 117 866 1759 943">
    <p class='ocr_par' dir='ltr' id='par_1_8' title="bbox 117 866 1759 943">
     <span class='ocr_line' id='line_1_8' title="bbox 117 866 1759 943; baseline 0.001 -19"><span class='ocrx_word' id='word_1_41' title='bbox 117 866 466 936; x_wconf 79' lang='lat' dir='ltr'><strong>Moraine‘s,</strong></span> <span class='ocrx_word' id='word_1_42' title='bbox 492 874 787 942; x_wconf 78' lang='lat' dir='ltr'><strong>Augustino</strong></span> <span class='ocrx_word' id='word_1_43' title='bbox 815 874 881 927; x_wconf 91' lang='lat' dir='ltr'><strong>de</strong></span> <span class='ocrx_word' id='word_1_44' title='bbox 904 874 1110 943; x_wconf 82' lang='lat' dir='ltr'><strong>origine</strong></span> <span class='ocrx_word' id='word_1_45' title='bbox 1153 874 1348 927; x_wconf 83' lang='lat' dir='ltr'><strong>animae</strong></span> <span class='ocrx_word' id='word_1_46' title='bbox 1376 872 1643 927; x_wconf 81' lang='lat' dir='ltr'><strong>dubitanti</strong></span> <span class='ocrx_word' id='word_1_47' title='bbox 1673 887 1759 926; x_wconf 92' lang='lat' dir='ltr'><strong>er-</strong></span> 
     </span>
    </p>
   </div>
   <div class='ocr_carea' id='block_1_9' title="bbox 106 960 1755 1035">
    <p class='ocr_par' dir='ltr' id='par_1_9' title="bbox 106 960 1755 1035">
     <span class='ocr_line' id='line_1_9' title="bbox 106 960 1755 1035; baseline 0.001 -20"><span class='ocrx_word' id='word_1_48' title='bbox 106 960 283 1016; x_wconf 79' lang='lat' dir='ltr'><strong>roris</strong></span> <span class='ocrx_word' id='word_1_49' title='bbox 314 969 513 1018; x_wconf 85' lang='lat' dir='ltr'><strong>notam</strong></span> <span class='ocrx_word' id='word_1_50' title='bbox 546 966 748 1030; x_wconf 90' lang='lat' dir='ltr'><strong>inuris,</strong></span> <span class='ocrx_word' id='word_1_51' title='bbox 782 975 942 1034; x_wconf 87' lang='lat' dir='ltr'><strong>quam</strong></span> <span class='ocrx_word' id='word_1_52' title='bbox 988 963 1162 1035; x_wconf 83' lang='lat' dir='ltr'><strong>plenis</strong></span> <span class='ocrx_word' id='word_1_53' title='bbox 1207 974 1513 1019; x_wconf 90' lang='lat' dir='ltr'><strong>sanctorum</strong></span> <span class='ocrx_word' id='word_1_54' title='bbox 1537 962 1755 1017; x_wconf 84' lang='lat' dir='ltr'><strong>Patrum</strong></span> 
     </span>
    </p>
   </div>
   <div class='ocr_carea' id='block_1_10' title="bbox 109 1054 1755 1126">
    <p class='ocr_par' dir='ltr' id='par_1_10' title="bbox 109 1054 1755 1126">
     <span class='ocr_line' id='line_1_10' title="bbox 109 1054 1755 1126; baseline -0.002 -17"><span class='ocrx_word' id='word_1_55' title='bbox 109 1056 437 1126; x_wconf 73' lang='lat' dir='ltr'><strong>suffragiis</strong></span> <span class='ocrx_word' id='word_1_56' title='bbox 478 1057 919 1120; x_wconf 80' lang='lat' dir='ltr'><strong>illc-absolvitur,</strong></span> <span class='ocrx_word' id='word_1_57' title='bbox 965 1068 1020 1111; x_wconf 91' lang='lat' dir='ltr'><strong>et</strong></span> <span class='ocrx_word' id='word_1_58' title='bbox 1062 1065 1112 1111; x_wconf 88' lang='lat' dir='ltr'><strong>te</strong></span> <span class='ocrx_word' id='word_1_59' title='bbox 1151 1058 1320 1111; x_wconf 88' lang='lat' dir='ltr'><strong>invito</strong></span> <span class='ocrx_word' id='word_1_60' title='bbox 1374 1054 1755 1124; x_wconf 79' lang='lat' dir='ltr'><strong>panegyricum</strong></span> 
     </span>
    </p>
   </div>
   <div class='ocr_carea' id='block_1_11' title="bbox 110 1144 1760 1218">
    <p class='ocr_par' dir='ltr' id='par_1_11' title="bbox 110 1144 1760 1218">
     <span class='ocr_line' id='line_1_11' title="bbox 110 1144 1760 1218; baseline -0.001 -19"><span class='ocrx_word' id='word_1_61' title='bbox 110 1144 321 1200; x_wconf 68' lang='lat' dir='ltr'><strong>eidem</strong></span> <span class='ocrx_word' id='word_1_62' title='bbox 354 1146 557 1201; x_wconf 88' lang='lat' dir='ltr'><strong>recitat</strong></span> <span class='ocrx_word' id='word_1_63' title='bbox 614 1163 861 1218; x_wconf 81' lang='lat' dir='ltr'><strong>magnum</strong></span> <span class='ocrx_word' id='word_1_64' title='bbox 896 1147 1164 1203; x_wconf 89' lang='lat' dir='ltr'><strong>Africanae</strong></span> <span class='ocrx_word' id='word_1_65' title='bbox 1196 1144 1451 1201; x_wconf 72' lang='lat' dir='ltr'><strong>Ecclesia:</strong></span> <span class='ocrx_word' id='word_1_66' title='bbox 1475 1160 1760 1199; x_wconf 88' lang='lat' dir='ltr'><strong>ornamen-</strong></span> 
     </span>
    </p>
   </div>
   <div class='ocr_carea' id='block_1_12' title="bbox 112 1238 1758 1311">
    <p class='ocr_par' dir='ltr' id='par_1_12' title="bbox 112 1238 1758 1311">
     <span class='ocr_line' id='line_1_12' title="bbox 112 1238 1758 1311; baseline -0.001 -17"><span class='ocrx_word' id='word_1_67' title='bbox 112 1252 243 1294; x_wconf 83' lang='lat' dir='ltr'><strong>tum</strong></span> <span class='ocrx_word' id='word_1_68' title='bbox 280 1253 526 1295; x_wconf 88' lang='lat' dir='ltr'><strong>sanctus</strong></span> <span class='ocrx_word' id='word_1_69' title='bbox 553 1240 884 1311; x_wconf 85' lang='lat' dir='ltr'><strong>Fulgentius,</strong></span> <span class='ocrx_word' id='word_1_70' title='bbox 904 1240 1199 1310; x_wconf 80' lang='lat' dir='ltr'><strong>Ruspensis</strong></span> <span class='ocrx_word' id='word_1_71' title='bbox 1223 1240 1467 1302; x_wconf 88' lang='lat' dir='ltr'><strong>antistes,</strong></span> <span class='ocrx_word' id='word_1_72' title='bbox 1498 1239 1580 1291; x_wconf 85' lang='lat' dir='ltr'><strong>his</strong></span> <span class='ocrx_word' id='word_1_73' title='bbox 1604 1238 1758 1305; x_wconf 84' lang='lat' dir='ltr'><strong>plane</strong></span> 
     </span>
    </p>
   </div>
   <div class='ocr_carea' id='block_1_13' title="bbox 108 1324 1758 1401">
    <p class='ocr_par' dir='ltr' id='par_1_13' title="bbox 108 1324 1758 1401">
     <span class='ocr_line' id='line_1_13' title="bbox 108 1324 1758 1401; baseline -0.001 -19"><span class='ocrx_word' id='word_1_74' title='bbox 108 1330 326 1384; x_wconf 84' lang='lat' dir='ltr'><strong>verbis</strong></span> <span class='ocrx_word' id='word_1_75' title='bbox 355 1341 685 1399; x_wconf 89' lang='lat' dir='ltr'><strong>conceptum</strong></span> <span class='ocrx_word' id='word_1_76' title='bbox 721 1349 732 1383; x_wconf 92' lang='lat'>:</span> <span class='ocrx_word' id='word_1_77' title='bbox 782 1348 799 1381; x_wconf 79' lang='grc' dir='ltr'><strong>ι</strong></span> <span class='ocrx_word' id='word_1_78' title='bbox 837 1330 1159 1396; x_wconf 68' lang='grc' dir='ltr'><strong>Ουωδιίοιιὶε</strong></span> <span class='ocrx_word' id='word_1_79' title='bbox 1189 1329 1279 1401; x_wconf 88' lang='lat' dir='ltr'><strong>(de</strong></span> <span class='ocrx_word' id='word_1_80' title='bbox 1305 1329 1511 1398; x_wconf 82' lang='lat' dir='ltr'><strong>origine</strong></span> <span class='ocrx_word' id='word_1_81' title='bbox 1540 1324 1758 1395; x_wconf 64' lang='lat' dir='ltr'><strong>animae)</strong></span> 
     </span>
    </p>
   </div>
   <div class='ocr_carea' id='block_1_14' title="bbox 111 1416 1755 1491">
    <p class='ocr_par' dir='ltr' id='par_1_14' title="bbox 111 1416 1755 1491">
     <span class='ocr_line' id='line_1_14' title="bbox 111 1416 1755 1491; baseline -0.003 -17"><span class='ocrx_word' id='word_1_82' title='bbox 111 1419 181 1474; x_wconf 82' lang='grc' dir='ltr'><strong>Β.</strong></span> <span class='ocrx_word' id='word_1_83' title='bbox 221 1422 590 1491; x_wconf 79' lang='lat' dir='ltr'><strong>Augustinus</strong></span> <span class='ocrx_word' id='word_1_84' title='bbox 634 1420 1050 1490; x_wconf 81' lang='lat' dir='ltr'><strong>profunditatem</strong></span> <span class='ocrx_word' id='word_1_85' title='bbox 1092 1419 1193 1474; x_wconf 86' lang='lat' dir='ltr'><strong>sibi</strong></span> <span class='ocrx_word' id='word_1_86' title='bbox 1240 1416 1755 1487; x_wconf 89' lang='lat' dir='ltr'><strong>imperscrutabilem</strong></span> 
     </span>
    </p>
   </div>
   <div class='ocr_carea' id='block_1_15' title="bbox 108 1507 1758 1582">
    <p class='ocr_par' dir='ltr' id='par_1_15' title="bbox 108 1507 1758 1582">
     <span class='ocr_line' id='line_1_15' title="bbox 108 1507 1758 1582; baseline -0.003 -17"><span class='ocrx_word' id='word_1_87' title='bbox 108 1514 386 1566; x_wconf 76' lang='lat' dir='ltr'><strong>Cernens</strong></span> <span class='ocrx_word' id='word_1_88' title='bbox 417 1555 431 1578; x_wconf 93' lang='lat'><strong>,</strong></span> <span class='ocrx_word' id='word_1_89' title='bbox 465 1514 665 1567; x_wconf 88' lang='lat' dir='ltr'><strong>nullam</strong></span> <span class='ocrx_word' id='word_1_90' title='bbox 692 1514 855 1567; x_wconf 85' lang='lat' dir='ltr'><strong>voluit</strong></span> <span class='ocrx_word' id='word_1_91' title='bbox 886 1511 1048 1582; x_wconf 83' lang='lat' dir='ltr'><strong>hujus</strong></span> <span class='ocrx_word' id='word_1_92' title='bbox 1090 1511 1166 1565; x_wconf 88' lang='lat' dir='ltr'><strong>rei</strong></span> <span class='ocrx_word' id='word_1_93' title='bbox 1195 1511 1465 1564; x_wconf 82' lang='lat' dir='ltr'><strong>definitam</strong></span> <span class='ocrx_word' id='word_1_94' title='bbox 1522 1507 1758 1577; x_wconf 88' lang='lat' dir='ltr'><strong>proferre</strong></span> 
     </span>
    </p>
   </div>
   <div class='ocr_carea' id='block_1_16' title="bbox 116 1594 1755 1669">
    <p class='ocr_par' dir='ltr' id='par_1_16' title="bbox 116 1594 1755 1669">
     <span class='ocr_line' id='line_1_16' title="bbox 116 1594 1755 1669; baseline -0.003 -17"><span class='ocrx_word' id='word_1_95' title='bbox 116 1601 514 1664; x_wconf 72' lang='lat' dir='ltr'><strong>sententiam,</strong></span> <span class='ocrx_word' id='word_1_96' title='bbox 546 1601 903 1669; x_wconf 86' lang='lat' dir='ltr'><strong>incongruum</strong></span> <span class='ocrx_word' id='word_1_97' title='bbox 930 1613 1144 1668; x_wconf 79' lang='lat' dir='ltr'><strong>prorsus</strong></span> <span class='ocrx_word' id='word_1_98' title='bbox 1192 1598 1507 1653; x_wconf 78' lang='lat' dir='ltr'><strong>existimans</strong></span> <span class='ocrx_word' id='word_1_99' title='bbox 1554 1594 1755 1664; x_wconf 88' lang='lat' dir='ltr'><strong>aliquid</strong></span> 
     </span>
    </p>
   </div>
   <div class='ocr_carea' id='block_1_17' title="bbox 109 1686 1756 1756">
    <p class='ocr_par' dir='ltr' id='par_1_17' title="bbox 109 1686 1756 1756">
     <span class='ocr_line' id='line_1_17' title="bbox 109 1686 1756 1756; baseline -0.001 -15"><span class='ocrx_word' id='word_1_100' title='bbox 109 1687 439 1746; x_wconf 86' lang='lat' dir='ltr'><strong>affirmare</strong></span> <span class='ocrx_word' id='word_1_101' title='bbox 488 1692 605 1745; x_wconf 91' lang='lat' dir='ltr'><strong>sine</strong></span> <span class='ocrx_word' id='word_1_102' title='bbox 642 1690 975 1744; x_wconf 86' lang='lat' dir='ltr'><strong>dubitatione</strong></span> <span class='ocrx_word' id='word_1_103' title='bbox 1022 1686 1163 1743; x_wconf 90' lang='lat' dir='ltr'><strong>velle</strong></span> <span class='ocrx_word' id='word_1_104' title='bbox 1208 1690 1345 1755; x_wconf 88' lang='lat' dir='ltr'><strong>quod</strong></span> <span class='ocrx_word' id='word_1_105' title='bbox 1378 1688 1514 1742; x_wconf 83' lang='lat' dir='ltr'><strong>alter</strong></span> <span class='ocrx_word' id='word_1_106' title='bbox 1572 1695 1756 1756; x_wconf 88' lang='lat' dir='ltr'><strong>posset</strong></span> 
     </span>
    </p>
   </div>
   <div class='ocr_carea' id='block_1_18' title="bbox 111 1778 1752 1851">
    <p class='ocr_par' dir='ltr' id='par_1_18' title="bbox 111 1778 1752 1851">
     <span class='ocr_line' id='line_1_18' title="bbox 111 1778 1752 1851; baseline 0.001 -18"><span class='ocrx_word' id='word_1_107' title='bbox 111 1782 443 1835; x_wconf 79' lang='lat' dir='ltr'><strong>contraria</strong></span> <span class='ocrx_word' id='word_1_108' title='bbox 475 1782 824 1851; x_wconf 85' lang='lat' dir='ltr'><strong>responsione</strong></span> <span class='ocrx_word' id='word_1_109' title='bbox 845 1779 1172 1835; x_wconf 88' lang='lat' dir='ltr'><strong>convellere.</strong></span> <span class='ocrx_word' id='word_1_110' title='bbox 1212 1778 1378 1848; x_wconf 89' lang='lat' dir='ltr'><strong>Cujus</strong></span> <span class='ocrx_word' id='word_1_111' title='bbox 1411 1786 1516 1833; x_wconf 88' lang='lat' dir='ltr'><strong>tam</strong></span> <span class='ocrx_word' id='word_1_112' title='bbox 1573 1779 1626 1834; x_wconf 92' lang='lat' dir='ltr'><strong>in</strong></span> <span class='ocrx_word' id='word_1_113' title='bbox 1657 1781 1752 1834; x_wconf 91' lang='lat' dir='ltr'><strong>de-</strong></span> 
     </span>
    </p>
   </div>
   <div class='ocr_carea' id='block_1_19' title="bbox 1860 601 3448 678">
    <p class='ocr_par' dir='ltr' id='par_1_19' title="bbox 1860 601 3448 678">
     <span class='ocr_line' id='line_1_19' title="bbox 1860 601 3448 678; baseline 0.007 -25"><span class='ocrx_word' id='word_1_114' title='bbox 1860 601 2105 655; x_wconf 80' lang='lat' dir='ltr'><strong>habebitis</strong></span> <span class='ocrx_word' id='word_1_115' title='bbox 2134 602 2288 655; x_wconf 85' lang='lat' dir='ltr'><strong>vitam</strong></span> <span class='ocrx_word' id='word_1_116' title='bbox 2311 603 2363 654; x_wconf 92' lang='lat' dir='ltr'><strong>in</strong></span> <span class='ocrx_word' id='word_1_117' title='bbox 2393 602 2532 656; x_wconf 82' lang='lat' dir='ltr'><strong>vobis</strong></span> <span class='ocrx_word' id='word_1_118' title='bbox 2552 647 2565 670; x_wconf 95' lang='lat'><strong>,</strong></span> <span class='ocrx_word' id='word_1_119' title='bbox 2594 603 2833 659; x_wconf 91' lang='lat' dir='ltr'><strong>inferens</strong></span> <span class='ocrx_word' id='word_1_120' title='bbox 2882 606 3131 672; x_wconf 90' lang='lat' dir='ltr'><strong>parvulos</strong></span> <span class='ocrx_word' id='word_1_121' title='bbox 3173 609 3289 663; x_wconf 89' lang='lat' dir='ltr'><strong>sine</strong></span> <span class='ocrx_word' id='word_1_122' title='bbox 3314 611 3448 678; x_wconf 85' lang='lat' dir='ltr'><strong>bap-</strong></span> 
     </span>
    </p>
   </div>
   <div class='ocr_carea' id='block_1_20' title="bbox 1862 691 3448 757">
    <p class='ocr_par' dir='ltr' id='par_1_20' title="bbox 1862 691 3448 757">
     <span class='ocr_line' id='line_1_20' title="bbox 1862 691 3448 757; baseline 0.008 -13"><span class='ocrx_word' id='word_1_123' title='bbox 1862 692 2020 745; x_wconf 84' lang='lat' dir='ltr'><strong>tismo</strong></span> <span class='ocrx_word' id='word_1_124' title='bbox 2049 691 2395 757; x_wconf 88' lang='lat' dir='ltr'><strong>decedentes,</strong></span> <span class='ocrx_word' id='word_1_125' title='bbox 2427 709 2548 746; x_wconf 91' lang='lat' dir='ltr'><strong>cum</strong></span> <span class='ocrx_word' id='word_1_126' title='bbox 2575 710 2680 748; x_wconf 93' lang='lat' dir='ltr'><strong>non</strong></span> <span class='ocrx_word' id='word_1_127' title='bbox 2709 697 3077 751; x_wconf 88' lang='lat' dir='ltr'><strong>manducarint</strong></span> <span class='ocrx_word' id='word_1_128' title='bbox 3101 714 3317 754; x_wconf 88' lang='lat' dir='ltr'><strong>carnem</strong></span> <span class='ocrx_word' id='word_1_129' title='bbox 3354 698 3448 756; x_wconf 81' lang='lat' dir='ltr'><strong>Fi—</strong></span> 
     </span>
    </p>
   </div>
   <div class='ocr_carea' id='block_1_21' title="bbox 1861 784 3449 857">
    <p class='ocr_par' dir='ltr' id='par_1_21' title="bbox 1861 784 3449 857">
     <span class='ocr_line' id='line_1_21' title="bbox 1861 784 3449 857; baseline 0.005 -20"><span class='ocrx_word' id='word_1_130' title='bbox 1861 784 1917 838; x_wconf 92' lang='lat' dir='ltr'><strong>lii</strong></span> <span class='ocrx_word' id='word_1_131' title='bbox 1942 784 2193 851; x_wconf 87' lang='lat' dir='ltr'><strong>hominis,</strong></span> <span class='ocrx_word' id='word_1_132' title='bbox 2228 790 2319 838; x_wconf 82' lang='lat' dir='ltr'><strong>au&#39;t</strong></span> <span class='ocrx_word' id='word_1_133' title='bbox 2349 786 2467 854; x_wconf 87' lang='lat' dir='ltr'><strong>ejus</strong></span> <span class='ocrx_word' id='word_1_134' title='bbox 2489 787 2804 857; x_wconf 87' lang='lat' dir='ltr'><strong>sanguinem</strong></span> <span class='ocrx_word' id='word_1_135' title='bbox 2864 788 3115 857; x_wconf 87' lang='lat' dir='ltr'><strong>biberint,</strong></span> <span class='ocrx_word' id='word_1_136' title='bbox 3147 805 3252 844; x_wconf 90' lang='lat' dir='ltr'><strong>non</strong></span> <span class='ocrx_word' id='word_1_137' title='bbox 3293 791 3449 845; x_wconf 90' lang='lat' dir='ltr'><strong>habi-</strong></span> 
     </span>
    </p>
   </div>
   <div class='ocr_carea' id='block_1_22' title="bbox 1862 874 3444 949">
    <p class='ocr_par' dir='ltr' id='par_1_22' title="bbox 1862 874 3444 949">
     <span class='ocr_line' id='line_1_22' title="bbox 1862 874 3444 949; baseline 0.006 -22"><span class='ocrx_word' id='word_1_138' title='bbox 1862 882 2011 928; x_wconf 91' lang='lat' dir='ltr'><strong>turos</strong></span> <span class='ocrx_word' id='word_1_139' title='bbox 2034 874 2197 928; x_wconf 88' lang='lat' dir='ltr'><strong>vitam</strong></span> <span class='ocrx_word' id='word_1_140' title='bbox 2214 875 2447 944; x_wconf 87' lang='lat' dir='ltr'><strong>beatam,</strong></span> <span class='ocrx_word' id='word_1_141' title='bbox 2470 887 2524 931; x_wconf 90' lang='lat' dir='ltr'><strong>et</strong></span> <span class='ocrx_word' id='word_1_142' title='bbox 2542 892 2633 947; x_wconf 89' lang='lat' dir='ltr'><strong>per</strong></span> <span class='ocrx_word' id='word_1_143' title='bbox 2651 893 2987 949; x_wconf 87' lang='lat' dir='ltr'><strong>consequens</strong></span> <span class='ocrx_word' id='word_1_144' title='bbox 3008 882 3119 937; x_wconf 91' lang='lat' dir='ltr'><strong>fore</strong></span> <span class='ocrx_word' id='word_1_145' title='bbox 3141 883 3444 939; x_wconf 89' lang='lat' dir='ltr'><strong>damnatos.</strong></span> 
     </span>
    </p>
   </div>
   <div class='ocr_carea' id='block_1_23' title="bbox 1861 966 3448 1044">
    <p class='ocr_par' dir='ltr' id='par_1_23' title="bbox 1861 966 3448 1044">
     <span class='ocr_line' id='line_1_23' title="bbox 1861 966 3448 1044; baseline 0.006 -25"><span class='ocrx_word' id='word_1_146' title='bbox 1861 966 1937 1020; x_wconf 92' lang='lat' dir='ltr'><strong>De</strong></span> <span class='ocrx_word' id='word_1_147' title='bbox 1970 968 2069 1021; x_wconf 88' lang='lat' dir='ltr'><strong>hoc</strong></span> <span class='ocrx_word' id='word_1_148' title='bbox 2100 975 2419 1037; x_wconf 83' lang='lat' dir='ltr'><strong>argumento</strong></span> <span class='ocrx_word' id='word_1_149' title='bbox 2463 984 2526 1022; x_wconf 81' lang='lat' dir='ltr'><strong>ex</strong></span> <span class='ocrx_word' id='word_1_150' title='bbox 2575 970 2744 1025; x_wconf 87' lang='lat' dir='ltr'><strong>sacris</strong></span> <span class='ocrx_word' id='word_1_151' title='bbox 2793 966 2982 1026; x_wconf 89' lang='lat' dir='ltr'><strong>litteris</strong></span> <span class='ocrx_word' id='word_1_152' title='bbox 3035 973 3103 1028; x_wconf 88' lang='lat' dir='ltr'><strong>ab</strong></span> <span class='ocrx_word' id='word_1_153' title='bbox 3151 974 3448 1044; x_wconf 83' lang='lat' dir='ltr'><strong>Augustino</strong></span> 
     </span>
    </p>
   </div>
   <div class='ocr_carea' id='block_1_24' title="bbox 1860 1057 3450 1119">
    <p class='ocr_par' dir='ltr' id='par_1_24' title="bbox 1860 1057 3450 1119">
     <span class='ocr_line' id='line_1_24' title="bbox 1860 1057 3450 1119; baseline 0.005 -8"><span class='ocrx_word' id='word_1_154' title='bbox 1860 1057 2087 1111; x_wconf 88' lang='lat' dir='ltr'><strong>deducto</strong></span> <span class='ocrx_word' id='word_1_155' title='bbox 2117 1057 2231 1113; x_wconf 44' lang='lat' dir='ltr'><strong>hate</strong></span> <span class='ocrx_word' id='word_1_156' title='bbox 2250 1059 2438 1113; x_wconf 77' lang='lat' dir='ltr'><strong>scribit</strong></span> <span class='ocrx_word' id='word_1_157' title='bbox 2487 1060 2685 1116; x_wconf 87' lang='lat' dir='ltr'><strong>ibidem</strong></span> <span class='ocrx_word' id='word_1_158' title='bbox 2724 1062 3024 1117; x_wconf 77' lang='lat' dir='ltr'><strong>Moraines:</strong></span> <span class='ocrx_word' id='word_1_159' title='bbox 3064 1082 3083 1115; x_wconf 77' lang='grc' dir='ltr'><strong>ι</strong></span> <span class='ocrx_word' id='word_1_160' title='bbox 3140 1065 3269 1119; x_wconf 87' lang='lat' dir='ltr'><strong>Item</strong></span> <span class='ocrx_word' id='word_1_161' title='bbox 3316 1064 3450 1119; x_wconf 89' lang='lat' dir='ltr'><strong>Iib.t</strong></span> 
     </span>
    </p>
   </div>
   <div class='ocr_carea' id='block_1_25' title="bbox 1860 1144 3449 1220">
    <p class='ocr_par' dir='ltr' id='par_1_25' title="bbox 1860 1144 3449 1220">
     <span class='ocr_line' id='line_1_25' title="bbox 1860 1144 3449 1220; baseline 0.005 -20"><span class='ocrx_word' id='word_1_162' title='bbox 1860 1145 1928 1201; x_wconf 91' lang='lat' dir='ltr'><strong>de</strong></span> <span class='ocrx_word' id='word_1_163' title='bbox 1956 1158 2289 1213; x_wconf 71' lang='lat' dir='ltr'><strong>peccatorum</strong></span> <span class='ocrx_word' id='word_1_164' title='bbox 2324 1144 2524 1203; x_wconf 84' lang='lat' dir='ltr'><strong>Meritis</strong></span> <span class='ocrx_word' id='word_1_165' title='bbox 2556 1160 2607 1203; x_wconf 91' lang='lat' dir='ltr'><strong>et</strong></span> <span class='ocrx_word' id='word_1_166' title='bbox 2638 1152 2871 1218; x_wconf 89' lang='lat' dir='ltr'><strong>remiss.,</strong></span> <span class='ocrx_word' id='word_1_167' title='bbox 2901 1167 3019 1220; x_wconf 89' lang='lat' dir='ltr'><strong>cap.</strong></span> <span class='ocrx_word' id='word_1_168' title='bbox 3051 1152 3145 1218; x_wconf 76' lang='lat'><strong>9.0,</strong></span> <span class='ocrx_word' id='word_1_169' title='bbox 3176 1153 3345 1208; x_wconf 89' lang='lat' dir='ltr'><strong>etlib.</strong></span> <span class='ocrx_word' id='word_1_170' title='bbox 3379 1153 3449 1208; x_wconf 86' lang='lat' dir='ltr'><strong>de</strong></span> 
     </span>
    </p>
   </div>
   <div class='ocr_carea' id='block_1_26' title="bbox 1864 1237 3449 1310">
    <p class='ocr_par' dir='ltr' id='par_1_26' title="bbox 1864 1237 3449 1310">
     <span class='ocr_line' id='line_1_26' title="bbox 1864 1237 3449 1310; baseline 0.004 -19"><span class='ocrx_word' id='word_1_171' title='bbox 1864 1237 2339 1293; x_wconf 67' lang='lat' dir='ltr'><strong>Prmdestinatione</strong></span> <span class='ocrx_word' id='word_1_172' title='bbox 2398 1250 2741 1305; x_wconf 87' lang='lat' dir='ltr'><strong>sanctorum,</strong></span> <span class='ocrx_word' id='word_1_173' title='bbox 2815 1255 2933 1310; x_wconf 85' lang='lat' dir='ltr'><strong>eap.</strong></span> <span class='ocrx_word' id='word_1_174' title='bbox 2997 1240 3099 1309; x_wconf 72' lang='grc'><strong>15,</strong></span> <span class='ocrx_word' id='word_1_175' title='bbox 3163 1253 3218 1296; x_wconf 78' lang='lat' dir='ltr'><strong>et</strong></span> <span class='ocrx_word' id='word_1_176' title='bbox 3266 1243 3361 1297; x_wconf 92' lang='lat' dir='ltr'><strong>lib.</strong></span> <span class='ocrx_word' id='word_1_177' title='bbox 3411 1256 3449 1297; x_wconf 83' lang='grc' dir='ltr'><strong>ιι</strong></span> 
     </span>
    </p>
   </div>
   <div class='ocr_carea' id='block_1_27' title="bbox 1860 1328 3446 1400">
    <p class='ocr_par' dir='ltr' id='par_1_27' title="bbox 1860 1328 3446 1400">
     <span class='ocr_line' id='line_1_27' title="bbox 1860 1328 3446 1400; baseline 0.002 -18"><span class='ocrx_word' id='word_1_178' title='bbox 1860 1328 2053 1398; x_wconf 83' lang='lat' dir='ltr'><strong>Operis</strong></span> <span class='ocrx_word' id='word_1_179' title='bbox 2076 1328 2288 1398; x_wconf 86' lang='lat' dir='ltr'><strong>impcrf.</strong></span> <span class='ocrx_word' id='word_1_180' title='bbox 2319 1342 2501 1384; x_wconf 86' lang='lat' dir='ltr'><strong>contra</strong></span> <span class='ocrx_word' id='word_1_181' title='bbox 2526 1330 2817 1396; x_wconf 89' lang='lat' dir='ltr'><strong>Juliannm,</strong></span> <span class='ocrx_word' id='word_1_182' title='bbox 2844 1346 2964 1400; x_wconf 82' lang='lat' dir='ltr'><strong>cap.</strong></span> <span class='ocrx_word' id='word_1_183' title='bbox 2998 1334 3067 1387; x_wconf 64' lang='lat'><strong>99</strong></span> <span class='ocrx_word' id='word_1_184' title='bbox 3088 1374 3100 1396; x_wconf 92' lang='lat'><strong>,</strong></span> <span class='ocrx_word' id='word_1_185' title='bbox 3135 1332 3335 1386; x_wconf 84' lang='lat' dir='ltr'><strong>docere</strong></span> <span class='ocrx_word' id='word_1_186' title='bbox 3364 1335 3446 1387; x_wconf 79' lang='lat' dir='ltr'><strong>vi-</strong></span> 
     </span>
    </p>
   </div>
   <div class='ocr_carea' id='block_1_28' title="bbox 1860 1422 3450 1479">
    <p class='ocr_par' dir='ltr' id='par_1_28' title="bbox 1860 1422 3450 1479">
     <span class='ocr_line' id='line_1_28' title="bbox 1860 1422 3450 1479; baseline 0.001 -2"><span class='ocrx_word' id='word_1_187' title='bbox 1860 1425 2014 1477; x_wconf 87' lang='lat' dir='ltr'><strong>detur</strong></span> <span class='ocrx_word' id='word_1_188' title='bbox 2035 1433 2426 1476; x_wconf 85' lang='lat' dir='ltr'><strong>sacramentum</strong></span> <span class='ocrx_word' id='word_1_189' title='bbox 2456 1422 2810 1477; x_wconf 82' lang='lat' dir='ltr'><strong>Eucharistiae</strong></span> <span class='ocrx_word' id='word_1_190' title='bbox 2838 1440 2942 1477; x_wconf 88' lang='lat' dir='ltr'><strong>non</strong></span> <span class='ocrx_word' id='word_1_191' title='bbox 3004 1425 3181 1478; x_wconf 87' lang='lat' dir='ltr'><strong>minus</strong></span> <span class='ocrx_word' id='word_1_192' title='bbox 3212 1441 3330 1478; x_wconf 59' lang='lat' dir='ltr'><strong>esse</strong></span> <span class='ocrx_word' id='word_1_193' title='bbox 3354 1428 3450 1479; x_wconf 81' lang='lat' dir='ltr'><strong>né-</strong></span> 
     </span>
    </p>
   </div>
   <div class='ocr_carea' id='block_1_29' title="bbox 1860 1515 3451 1585">
    <p class='ocr_par' dir='ltr' id='par_1_29' title="bbox 1860 1515 3451 1585">
     <span class='ocr_line' id='line_1_29' title="bbox 1860 1515 3451 1585; baseline 0.001 -17"><span class='ocrx_word' id='word_1_194' title='bbox 1860 1517 2150 1568; x_wconf 77' lang='lat' dir='ltr'><strong>cessarium</strong></span> <span class='ocrx_word' id='word_1_195' title='bbox 2198 1516 2434 1583; x_wconf 84' lang='lat' dir='ltr'><strong>parvulis</strong></span> <span class='ocrx_word' id='word_1_196' title='bbox 2482 1515 2561 1569; x_wconf 84' lang='lat' dir='ltr'><strong>ad&#39;</strong></span> <span class='ocrx_word' id='word_1_197' title='bbox 2591 1517 2853 1582; x_wconf 86' lang='lat' dir='ltr'><strong>salutem,</strong></span> <span class='ocrx_word' id='word_1_198' title='bbox 2888 1533 3045 1585; x_wconf 85' lang='lat' dir='ltr'><strong>quam</strong></span> <span class='ocrx_word' id='word_1_199' title='bbox 3103 1518 3451 1584; x_wconf 82' lang='lat' dir='ltr'><strong>baptismum,</strong></span> 
     </span>
    </p>
   </div>
   <div class='ocr_carea' id='block_1_30' title="bbox 1860 1608 3440 1680">
    <p class='ocr_par' dir='ltr' id='par_1_30' title="bbox 1860 1608 3440 1680">
     <span class='ocr_line' id='line_1_30' title="bbox 1860 1608 3440 1680; baseline 0.004 -21"><span class='ocrx_word' id='word_1_200' title='bbox 1860 1623 2033 1675; x_wconf 86' lang='lat' dir='ltr'><strong>neque</strong></span> <span class='ocrx_word' id='word_1_201' title='bbox 2058 1609 2235 1662; x_wconf 90' lang='lat' dir='ltr'><strong>minus</strong></span> <span class='ocrx_word' id='word_1_202' title='bbox 2264 1608 2330 1661; x_wconf 92' lang='lat' dir='ltr'><strong>ad</strong></span> <span class='ocrx_word' id='word_1_203' title='bbox 2365 1622 2454 1661; x_wconf 84' lang='lat' dir='ltr'><strong>eos</strong></span> <span class='ocrx_word' id='word_1_204' title='bbox 2482 1611 2751 1676; x_wconf 86' lang='lat' dir='ltr'><strong>pertinere</strong></span> <span class='ocrx_word' id='word_1_205' title='bbox 2777 1612 2919 1680; x_wconf 88' lang='lat' dir='ltr'><strong>quod</strong></span> <span class='ocrx_word' id='word_1_206' title='bbox 2962 1611 3155 1665; x_wconf 88' lang='lat' dir='ltr'><strong>dicitur</strong></span> <span class='ocrx_word' id='word_1_207' title='bbox 3184 1612 3340 1666; x_wconf 81' lang='lat' dir='ltr'><strong>.loan.</strong></span> <span class='ocrx_word' id='word_1_208' title='bbox 3372 1631 3440 1678; x_wconf 65' lang='grc' dir='ltr'><strong>τι,</strong></span> 
     </span>
    </p>
   </div>
   <div class='ocr_carea' id='block_1_31' title="bbox 1860 1698 3449 1766">
    <p class='ocr_par' dir='ltr' id='par_1_31' title="bbox 1860 1698 3449 1766">
     <span class='ocr_line' id='line_1_31' title="bbox 1860 1698 3449 1766; baseline 0.001 -13"><span class='ocrx_word' id='word_1_209' title='bbox 1860 1698 1929 1753; x_wconf 65' lang='grc'><strong>54</strong></span> <span class='ocrx_word' id='word_1_210' title='bbox 1963 1717 1976 1750; x_wconf 88' lang='lat'><strong>:</strong></span> <span class='ocrx_word' id='word_1_211' title='bbox 2005 1699 2185 1766; x_wconf 74' lang='lat' dir='ltr'><strong>Amen,</strong></span> <span class='ocrx_word' id='word_1_212' title='bbox 2215 1716 2358 1752; x_wconf 82' lang='lat' dir='ltr'><strong>amen</strong></span> <span class='ocrx_word' id='word_1_213' title='bbox 2388 1701 2501 1752; x_wconf 85' lang='lat' dir='ltr'><strong>dico</strong></span> <span class='ocrx_word' id='word_1_214' title='bbox 2531 1701 2687 1765; x_wconf 79' lang='lat' dir='ltr'><strong>vobis,</strong></span> <span class='ocrx_word' id='word_1_215' title='bbox 2720 1703 2819 1755; x_wconf 85' lang='lat' dir='ltr'><strong>nisi</strong></span> <span class='ocrx_word' id='word_1_216' title='bbox 2867 1705 3301 1756; x_wconf 78' lang='lat' dir='ltr'><strong>manducaveritis</strong></span> <span class='ocrx_word' id='word_1_217' title='bbox 3331 1720 3449 1757; x_wconf 82' lang='lat' dir='ltr'><strong>car-</strong></span> 
     </span>
    </p>
   </div>
   <div class='ocr_carea' id='block_1_32' title="bbox 1858 1787 3447 1864">
    <p class='ocr_par' dir='ltr' id='par_1_32' title="bbox 1858 1787 3447 1864">
     <span class='ocr_line' id='line_1_32' title="bbox 1858 1787 3447 1864; baseline 0.004 -25"><span class='ocrx_word' id='word_1_218' title='bbox 1858 1803 1971 1839; x_wconf 87' lang='lat' dir='ltr'><strong>nem</strong></span> <span class='ocrx_word' id='word_1_219' title='bbox 2004 1787 2129 1840; x_wconf 74' lang='lat' dir='ltr'><strong>Filii</strong></span> <span class='ocrx_word' id='word_1_220' title='bbox 2160 1790 2399 1855; x_wconf 80' lang='lat' dir='ltr'><strong>hominis,</strong></span> <span class='ocrx_word' id='word_1_221' title='bbox 2454 1800 2499 1842; x_wconf 83' lang='lat' dir='ltr'><strong>et</strong></span> <span class='ocrx_word' id='word_1_222' title='bbox 2556 1788 2777 1845; x_wconf 83' lang='lat' dir='ltr'><strong>biberitis</strong></span> <span class='ocrx_word' id='word_1_223' title='bbox 2830 1796 2941 1864; x_wconf 81' lang='lat' dir='ltr'><strong>ejus</strong></span> <span class='ocrx_word' id='word_1_224' title='bbox 2991 1794 3309 1861; x_wconf 81' lang='lat' dir='ltr'><strong>sanguinem,</strong></span> <span class='ocrx_word' id='word_1_225' title='bbox 3343 1810 3447 1847; x_wconf 86' lang='lat' dir='ltr'><strong>non</strong></span> 
     </span>
    </p>
   </div>
   <div class='ocr_carea' id='block_1_33' title="bbox 109 1869 3444 1951">
    <p class='ocr_par' dir='ltr' id='par_1_33' title="bbox 109 1869 3444 1951">
     <span class='ocr_line' id='line_1_33' title="bbox 109 1869 3444 1951; baseline 0.004 -27"><span class='ocrx_word' id='word_1_226' title='bbox 109 1871 283 1925; x_wconf 81' lang='lat' dir='ltr'><strong>Cimo</strong></span> <span class='ocrx_word' id='word_1_227' title='bbox 322 1871 479 1927; x_wconf 86' lang='lat' dir='ltr'><strong>libro</strong></span> <span class='ocrx_word' id='word_1_228' title='bbox 511 1873 576 1926; x_wconf 86' lang='lat' dir='ltr'><strong>de</strong></span> <span class='ocrx_word' id='word_1_229' title='bbox 616 1871 812 1926; x_wconf 84' lang='lat' dir='ltr'><strong>Genesi</strong></span> <span class='ocrx_word' id='word_1_230' title='bbox 836 1869 901 1923; x_wconf 91' lang='lat' dir='ltr'><strong>ad</strong></span> <span class='ocrx_word' id='word_1_231' title='bbox 932 1870 1166 1924; x_wconf 87' lang='lat' dir='ltr'><strong>litteram</strong></span> <span class='ocrx_word' id='word_1_232' title='bbox 1188 1911 1203 1937; x_wconf 95' lang='lat'><strong>,</strong></span> <span class='ocrx_word' id='word_1_233' title='bbox 1229 1885 1388 1939; x_wconf 84' lang='lat' dir='ltr'><strong>quam</strong></span> <span class='ocrx_word' id='word_1_234' title='bbox 1420 1869 1472 1924; x_wconf 90' lang='lat' dir='ltr'><strong>in</strong></span> <span class='ocrx_word' id='word_1_235' title='bbox 1506 1870 1658 1925; x_wconf 86' lang='lat' dir='ltr'><strong>libris</strong></span> <span class='ocrx_word' id='word_1_236' title='bbox 1686 1873 1752 1928; x_wconf 87' lang='lat' dir='ltr'><strong>ad</strong></span> <span class='ocrx_word' id='word_1_237' title='bbox 1785 1874 1830 1933; x_wconf 94' lang='lat' dir='ltr'><strong>B</strong></span> <span class='ocrx_word' id='word_1_238' title='bbox 1859 1877 2104 1931; x_wconf 73' lang='lat' dir='ltr'><strong>habebitis</strong></span> <span class='ocrx_word' id='word_1_239' title='bbox 2130 1880 2284 1931; x_wconf 85' lang='lat' dir='ltr'><strong>vitam</strong></span> <span class='ocrx_word' id='word_1_240' title='bbox 2327 1881 2378 1932; x_wconf 87' lang='lat' dir='ltr'><strong>in</strong></span> <span class='ocrx_word' id='word_1_241' title='bbox 2409 1879 2568 1948; x_wconf 84' lang='lat' dir='ltr'><strong>vobis,</strong></span> <span class='ocrx_word' id='word_1_242' title='bbox 2620 1884 2780 1951; x_wconf 76' lang='lat' dir='ltr'><strong>quam</strong></span> <span class='ocrx_word' id='word_1_243' title='bbox 2824 1882 2961 1936; x_wconf 87' lang='lat' dir='ltr'><strong>istud</strong></span> <span class='ocrx_word' id='word_1_244' title='bbox 3018 1882 3174 1937; x_wconf 79' lang='lat' dir='ltr'><strong>Joan.</strong></span> <span class='ocrx_word' id='word_1_245' title='bbox 3203 1899 3280 1950; x_wconf 90' lang='grc' dir='ltr'>ιιι,</span> <span class='ocrx_word' id='word_1_246' title='bbox 3338 1882 3371 1935; x_wconf 77' lang='lat'><strong>5</strong></span> <span class='ocrx_word' id='word_1_247' title='bbox 3431 1900 3444 1937; x_wconf 91' lang='lat'>:</span> 
     </span>
    </p>
   </div>
   <div class='ocr_carea' id='block_1_34' title="bbox 114 1961 1755 2031">
    <p class='ocr_par' dir='ltr' id='par_1_34' title="bbox 114 1961 1755 2031">
     <span class='ocr_line' id='line_1_34' title="bbox 114 1961 1755 2031; baseline 0.001 -14"><span class='ocrx_word' id='word_1_248' title='bbox 114 1963 511 2018; x_wconf 68' lang='lat' dir='ltr'><strong>Vincentium</strong></span> <span class='ocrx_word' id='word_1_249' title='bbox 546 1962 822 2017; x_wconf 82' lang='lat' dir='ltr'><strong>Victorem</strong></span> <span class='ocrx_word' id='word_1_250' title='bbox 854 1962 923 2016; x_wconf 90' lang='lat' dir='ltr'><strong>de</strong></span> <span class='ocrx_word' id='word_1_251' title='bbox 950 1961 1155 2031; x_wconf 87' lang='lat' dir='ltr'><strong>origine</strong></span> <span class='ocrx_word' id='word_1_252' title='bbox 1177 1965 1400 2027; x_wconf 63' lang='lat' dir='ltr'><strong>animae,</strong></span> <span class='ocrx_word' id='word_1_253' title='bbox 1436 1977 1533 2017; x_wconf 90' lang='lat' dir='ltr'><strong>nec</strong></span> <span class='ocrx_word' id='word_1_254' title='bbox 1564 1977 1670 2016; x_wconf 93' lang='lat' dir='ltr'><strong>non</strong></span> <span class='ocrx_word' id='word_1_255' title='bbox 1700 1965 1755 2019; x_wconf 90' lang='lat' dir='ltr'><strong>in</strong></span> 
     </span>
    </p>
   </div>
   <div class='ocr_carea' id='block_1_35' title="bbox 118 2053 1754 2125">
    <p class='ocr_par' dir='ltr' id='par_1_35' title="bbox 118 2053 1754 2125">
     <span class='ocr_line' id='line_1_35' title="bbox 118 2053 1754 2125; baseline 0 -15"><span class='ocrx_word' id='word_1_256' title='bbox 118 2057 279 2111; x_wconf 85' lang='lat' dir='ltr'><strong>libro</strong></span> <span class='ocrx_word' id='word_1_257' title='bbox 316 2056 508 2125; x_wconf 87' lang='lat' dir='ltr'><strong>primo</strong></span> <span class='ocrx_word' id='word_1_258' title='bbox 535 2072 599 2111; x_wconf 82' lang='lat' dir='ltr'><strong>ex</strong></span> <span class='ocrx_word' id='word_1_259' title='bbox 629 2056 837 2110; x_wconf 89' lang='lat' dir='ltr'><strong>duobus</strong></span> <span class='ocrx_word' id='word_1_260' title='bbox 859 2069 994 2124; x_wconf 91' lang='lat' dir='ltr'><strong>quos</strong></span> <span class='ocrx_word' id='word_1_261' title='bbox 1021 2054 1087 2108; x_wconf 89' lang='lat' dir='ltr'><strong>ad</strong></span> <span class='ocrx_word' id='word_1_262' title='bbox 1104 2063 1347 2108; x_wconf 89' lang='lat' dir='ltr'><strong>sanctum</strong></span> <span class='ocrx_word' id='word_1_263' title='bbox 1374 2053 1754 2125; x_wconf 58' lang='lat' dir='ltr'><strong>Hieronymum</strong></span> 
     </span>
    </p>
   </div>
   <div class='ocr_carea' id='block_1_36' title="bbox 124 2145 1754 2219">
    <p class='ocr_par' dir='ltr' id='par_1_36' title="bbox 124 2145 1754 2219">
     <span class='ocr_line' id='line_1_36' title="bbox 124 2145 1754 2219; baseline -0.001 -16"><span class='ocrx_word' id='word_1_264' title='bbox 124 2148 399 2219; x_wconf 81' lang='lat' dir='ltr'><strong>scripsit,</strong></span> <span class='ocrx_word' id='word_1_265' title='bbox 444 2148 499 2202; x_wconf 92' lang='lat' dir='ltr'><strong>in</strong></span> <span class='ocrx_word' id='word_1_266' title='bbox 525 2147 692 2201; x_wconf 87' lang='lat' dir='ltr'><strong>tribus</strong></span> <span class='ocrx_word' id='word_1_267' title='bbox 718 2162 932 2217; x_wconf 84' lang='lat' dir='ltr'><strong>quoque</strong></span> <span class='ocrx_word' id='word_1_268' title='bbox 962 2145 1201 2215; x_wconf 80' lang='lat' dir='ltr'><strong>epistolis</strong></span> <span class='ocrx_word' id='word_1_269' title='bbox 1243 2159 1375 2214; x_wconf 86' lang='lat' dir='ltr'><strong>quas</strong></span> <span class='ocrx_word' id='word_1_270' title='bbox 1410 2146 1474 2199; x_wconf 90' lang='lat' dir='ltr'><strong>ad</strong></span> <span class='ocrx_word' id='word_1_271' title='bbox 1503 2146 1754 2215; x_wconf 80' lang='lat' dir='ltr'><strong>Optatum</strong></span> 
     </span>
    </p>
   </div>
   <div class='ocr_carea' id='block_1_37' title="bbox 124 2230 1757 2307">
    <p class='ocr_par' dir='ltr' id='par_1_37' title="bbox 124 2230 1757 2307">
     <span class='ocr_line' id='line_1_37' title="bbox 124 2230 1757 2307; baseline 0.001 -14"><span class='ocrx_word' id='word_1_272' title='bbox 124 2239 476 2307; x_wconf 80' lang='lat' dir='ltr'><strong>episcopum</strong></span> <span class='ocrx_word' id='word_1_273' title='bbox 508 2238 575 2292; x_wconf 88' lang='lat' dir='ltr'><strong>de</strong></span> <span class='ocrx_word' id='word_1_274' title='bbox 593 2238 691 2293; x_wconf 88' lang='lat' dir='ltr'><strong>hac</strong></span> <span class='ocrx_word' id='word_1_275' title='bbox 717 2237 1014 2307; x_wconf 67' lang='lat' dir='ltr'><strong>quaestione</strong></span> <span class='ocrx_word' id='word_1_276' title='bbox 1035 2236 1360 2306; x_wconf 85' lang='lat' dir='ltr'><strong>composuit,</strong></span> <span class='ocrx_word' id='word_1_277' title='bbox 1394 2230 1757 2307; x_wconf 69' lang='lat' dir='ltr'><strong>disputatione</strong></span> 
     </span>
    </p>
   </div>
   <div class='ocr_carea' id='block_1_38' title="bbox 125 2328 1755 2399">
    <p class='ocr_par' dir='ltr' id='par_1_38' title="bbox 125 2328 1755 2399">
     <span class='ocr_line' id='line_1_38' title="bbox 125 2328 1755 2399; baseline 0.001 -15"><span class='ocrx_word' id='word_1_278' title='bbox 125 2328 387 2399; x_wconf 59' lang='lat' dir='ltr'><strong>refulget</strong></span> <span class='ocrx_word' id='word_1_279' title='bbox 424 2344 529 2382; x_wconf 93' lang='lat' dir='ltr'><strong>non</strong></span> <span class='ocrx_word' id='word_1_280' title='bbox 572 2329 748 2382; x_wconf 85' lang='lat' dir='ltr'><strong>minus</strong></span> <span class='ocrx_word' id='word_1_281' title='bbox 798 2328 1013 2396; x_wconf 83' lang='lat' dir='ltr'><strong>cepiosa</strong></span> <span class='ocrx_word' id='word_1_282' title='bbox 1063 2342 1223 2397; x_wconf 90' lang='lat' dir='ltr'><strong>quam</strong></span> <span class='ocrx_word' id='word_1_283' title='bbox 1278 2328 1575 2396; x_wconf 90' lang='lat' dir='ltr'><strong>profunda,</strong></span> <span class='ocrx_word' id='word_1_284' title='bbox 1608 2338 1755 2385; x_wconf 89' lang='lat' dir='ltr'><strong>eteo</strong></span> 
     </span>
    </p>
   </div>
   <div class='ocr_carea' id='block_1_39' title="bbox 126 2419 1750 2487">
    <p class='ocr_par' dir='ltr' id='par_1_39' title="bbox 126 2419 1750 2487">
     <span class='ocr_line' id='line_1_39' title="bbox 126 2419 1750 2487; baseline 0.002 -16"><span class='ocrx_word' id='word_1_285' title='bbox 126 2420 316 2487; x_wconf 73' lang='lat' dir='ltr'><strong>magis</strong></span> <span class='ocrx_word' id='word_1_286' title='bbox 362 2419 629 2473; x_wconf 86' lang='lat' dir='ltr'><strong>laudabili</strong></span> <span class='ocrx_word' id='word_1_287' title='bbox 680 2419 804 2487; x_wconf 88' lang='lat' dir='ltr'><strong>quia</strong></span> <span class='ocrx_word' id='word_1_288' title='bbox 846 2432 1083 2486; x_wconf 88' lang='lat' dir='ltr'><strong>congrua</strong></span> <span class='ocrx_word' id='word_1_289' title='bbox 1135 2420 1392 2487; x_wconf 88' lang='lat' dir='ltr'><strong>temperie</strong></span> <span class='ocrx_word' id='word_1_290' title='bbox 1438 2419 1750 2487; x_wconf 83' lang='lat' dir='ltr'><strong>moderata;</strong></span> 
     </span>
    </p>
   </div>
   <div class='ocr_carea' id='block_1_40' title="bbox 131 2508 1755 2578">
    <p class='ocr_par' dir='ltr' id='par_1_40' title="bbox 131 2508 1755 2578">
     <span class='ocr_line' id='line_1_40' title="bbox 131 2508 1755 2578; baseline 0.002 -16"><span class='ocrx_word' id='word_1_291' title='bbox 131 2510 227 2563; x_wconf 84' lang='lat' dir='ltr'><strong>ubi</strong></span> <span class='ocrx_word' id='word_1_292' title='bbox 258 2508 540 2578; x_wconf 62' lang='lat' dir='ltr'><strong>quidquid</strong></span> <span class='ocrx_word' id='word_1_293' title='bbox 572 2508 769 2578; x_wconf 89' lang='lat' dir='ltr'><strong>ingenii</strong></span> <span class='ocrx_word' id='word_1_294' title='bbox 793 2509 1062 2576; x_wconf 87' lang='lat' dir='ltr'><strong>acumine,</strong></span> <span class='ocrx_word' id='word_1_295' title='bbox 1098 2508 1355 2578; x_wconf 90' lang='lat' dir='ltr'><strong>quidquid</strong></span> <span class='ocrx_word' id='word_1_296' title='bbox 1388 2510 1755 2565; x_wconf 81' lang='lat' dir='ltr'><strong>ratiocinatio-</strong></span> 
     </span>
    </p>
   </div>
   <div class='ocr_carea' id='block_1_41' title="bbox 124 2596 1753 2670">
    <p class='ocr_par' dir='ltr' id='par_1_41' title="bbox 124 2596 1753 2670">
     <span class='ocr_line' id='line_1_41' title="bbox 124 2596 1753 2670; baseline 0.002 -18"><span class='ocrx_word' id='word_1_297' title='bbox 124 2600 213 2652; x_wconf 87' lang='lat' dir='ltr'><strong>nis</strong></span> <span class='ocrx_word' id='word_1_298' title='bbox 242 2599 493 2662; x_wconf 87' lang='lat' dir='ltr'><strong>ordine,</strong></span> <span class='ocrx_word' id='word_1_299' title='bbox 525 2596 779 2666; x_wconf 69' lang='lat' dir='ltr'><strong>quidquid</strong></span> <span class='ocrx_word' id='word_1_300' title='bbox 820 2600 1156 2653; x_wconf 89' lang='lat' dir='ltr'><strong>auctoritatis</strong></span> <span class='ocrx_word' id='word_1_301' title='bbox 1198 2601 1436 2668; x_wconf 89' lang='lat' dir='ltr'><strong>pondere</strong></span> <span class='ocrx_word' id='word_1_302' title='bbox 1473 2602 1753 2670; x_wconf 85' lang='lat' dir='ltr'><strong>inquiren-</strong></span> 
     </span>
    </p>
   </div>
   <div class='ocr_carea' id='block_1_42' title="bbox 122 2684 1753 2757">
    <p class='ocr_par' dir='ltr' id='par_1_42' title="bbox 122 2684 1753 2757">
     <span class='ocr_line' id='line_1_42' title="bbox 122 2684 1753 2757; baseline -0.001 -13"><span class='ocrx_word' id='word_1_303' title='bbox 122 2684 262 2745; x_wconf 85' lang='lat' dir='ltr'><strong>dum</strong></span> <span class='ocrx_word' id='word_1_304' title='bbox 321 2688 841 2756; x_wconf 68' lang='lat' dir='ltr'><strong>discutiendunrQue</strong></span> <span class='ocrx_word' id='word_1_305' title='bbox 886 2693 1185 2757; x_wconf 81' lang='lat' dir='ltr'><strong>conspexit,</strong></span> <span class='ocrx_word' id='word_1_306' title='bbox 1219 2699 1272 2743; x_wconf 91' lang='lat' dir='ltr'><strong>et</strong></span> <span class='ocrx_word' id='word_1_307' title='bbox 1325 2690 1600 2757; x_wconf 87' lang='lat' dir='ltr'><strong>inquisivit</strong></span> <span class='ocrx_word' id='word_1_308' title='bbox 1638 2691 1753 2743; x_wconf 89' lang='lat' dir='ltr'><strong>sin-</strong></span> 
     </span>
    </p>
   </div>
   <div class='ocr_carea' id='block_1_43' title="bbox 126 2779 1755 2849">
    <p class='ocr_par' dir='ltr' id='par_1_43' title="bbox 126 2779 1755 2849">
     <span class='ocr_line' id='line_1_43' title="bbox 126 2779 1755 2849; baseline 0.001 -17"><span class='ocrx_word' id='word_1_309' title='bbox 126 2780 447 2849; x_wconf 79' lang='lat' dir='ltr'><strong>gulariter,</strong></span> <span class='ocrx_word' id='word_1_310' title='bbox 481 2787 537 2832; x_wconf 87' lang='lat' dir='ltr'><strong>et</strong></span> <span class='ocrx_word' id='word_1_311' title='bbox 565 2779 847 2844; x_wconf 78' lang='lat' dir='ltr'><strong>discussit,</strong></span> <span class='ocrx_word' id='word_1_312' title='bbox 878 2792 1200 2833; x_wconf 91' lang='lat' dir='ltr'><strong>consensum</strong></span> <span class='ocrx_word' id='word_1_313' title='bbox 1236 2788 1413 2833; x_wconf 87' lang='lat' dir='ltr'><strong>tamen</strong></span> <span class='ocrx_word' id='word_1_314' title='bbox 1435 2779 1504 2833; x_wconf 91' lang='lat' dir='ltr'><strong>ab</strong></span> <span class='ocrx_word' id='word_1_315' title='bbox 1535 2790 1755 2846; x_wconf 80' lang='lat' dir='ltr'><strong>utraque</strong></span> 
     </span>
    </p>
   </div>
   <div class='ocr_carea' id='block_1_44' title="bbox 129 2867 1755 2937">
    <p class='ocr_par' dir='ltr' id='par_1_44' title="bbox 129 2867 1755 2937">
     <span class='ocr_line' id='line_1_44' title="bbox 129 2867 1755 2937; baseline -0.001 -13"><span class='ocrx_word' id='word_1_316' title='bbox 129 2869 479 2925; x_wconf 80' lang='lat' dir='ltr'><strong>definitione</strong></span> <span class='ocrx_word' id='word_1_317' title='bbox 523 2868 809 2937; x_wconf 84' lang='lat' dir='ltr'><strong>continuit,</strong></span> <span class='ocrx_word' id='word_1_318' title='bbox 844 2883 912 2922; x_wconf 90' lang='lat' dir='ltr'><strong>ne</strong></span> <span class='ocrx_word' id='word_1_319' title='bbox 956 2867 1192 2923; x_wconf 89' lang='lat' dir='ltr'><strong>laborem</strong></span> <span class='ocrx_word' id='word_1_320' title='bbox 1236 2876 1394 2922; x_wconf 65' lang='lat' dir='ltr'><strong>tantae</strong></span> <span class='ocrx_word' id='word_1_321' title='bbox 1440 2869 1755 2937; x_wconf 79' lang='lat' dir='ltr'><strong>disputatio-</strong></span> 
     </span>
    </p>
   </div>
   <div class='ocr_carea' id='block_1_45' title="bbox 134 2959 1754 3029">
    <p class='ocr_par' dir='ltr' id='par_1_45' title="bbox 134 2959 1754 3029">
     <span class='ocr_line' id='line_1_45' title="bbox 134 2959 1754 3029; baseline -0.001 -13"><span class='ocrx_word' id='word_1_322' title='bbox 134 2965 221 3016; x_wconf 81' lang='lat' dir='ltr'><strong>nis</strong></span> <span class='ocrx_word' id='word_1_323' title='bbox 252 2960 509 3015; x_wconf 87' lang='lat' dir='ltr'><strong>inaniter</strong></span> <span class='ocrx_word' id='word_1_324' title='bbox 536 2960 854 3028; x_wconf 82' lang='lat' dir='ltr'><strong>susciperet,</strong></span> <span class='ocrx_word' id='word_1_325' title='bbox 881 2975 1039 3028; x_wconf 89' lang='lat' dir='ltr'><strong>quem</strong></span> <span class='ocrx_word' id='word_1_326' title='bbox 1064 2959 1346 3029; x_wconf 87' lang='lat' dir='ltr'><strong>cujuslibet</strong></span> <span class='ocrx_word' id='word_1_327' title='bbox 1367 2962 1650 3015; x_wconf 71' lang='lat' dir='ltr'><strong>sententia:</strong></span> <span class='ocrx_word' id='word_1_328' title='bbox 1675 2971 1754 3015; x_wconf 88' lang='lat' dir='ltr'><strong>te—</strong></span> 
     </span>
    </p>
   </div>
   <div class='ocr_carea' id='block_1_46' title="bbox 137 3051 1755 3109">
    <p class='ocr_par' dir='ltr' id='par_1_46' title="bbox 137 3051 1755 3109">
     <span class='ocr_line' id='line_1_46' title="bbox 137 3051 1755 3109; baseline 0.001 -1"><span class='ocrx_word' id='word_1_329' title='bbox 137 3055 381 3109; x_wconf 71' lang='lat' dir='ltr'><strong>tnerarla</strong></span> <span class='ocrx_word' id='word_1_330' title='bbox 462 3051 703 3105; x_wconf 87' lang='lat' dir='ltr'><strong>definitio</strong></span> <span class='ocrx_word' id='word_1_331' title='bbox 749 3063 1016 3106; x_wconf 86' lang='lat' dir='ltr'><strong>vacuarct.</strong></span> <span class='ocrx_word' id='word_1_332' title='bbox 1068 3070 1087 3104; x_wconf 75' lang='grc' dir='ltr'><strong>ι</strong></span> <span class='ocrx_word' id='word_1_333' title='bbox 1132 3052 1249 3107; x_wconf 85' lang='lat' dir='ltr'><strong>Lib.</strong></span> <span class='ocrx_word' id='word_1_334' title='bbox 1296 3068 1352 3107; x_wconf 91' lang='grc' dir='ltr'><strong>ιιι</strong></span> <span class='ocrx_word' id='word_1_335' title='bbox 1392 3052 1460 3108; x_wconf 91' lang='lat' dir='ltr'><strong>de</strong></span> <span class='ocrx_word' id='word_1_336' title='bbox 1519 3053 1755 3109; x_wconf 75' lang='lat' dir='ltr'><strong>Veritate</strong></span> 
     </span>
    </p>
   </div>
   <div class='ocr_carea' id='block_1_47' title="bbox 142 3142 1232 3213">
    <p class='ocr_par' dir='ltr' id='par_1_47' title="bbox 142 3142 1232 3213">
     <span class='ocr_line' id='line_1_47' title="bbox 142 3142 1232 3213; baseline 0 -18"><span class='ocrx_word' id='word_1_337' title='bbox 142 3142 654 3213; x_wconf 77' lang='lat' dir='ltr'><strong>pra-destinationis</strong></span> <span class='ocrx_word' id='word_1_338' title='bbox 682 3152 734 3196; x_wconf 90' lang='lat' dir='ltr'><strong>et</strong></span> <span class='ocrx_word' id='word_1_339' title='bbox 764 3143 970 3211; x_wconf 82' lang='lat' dir='ltr'><strong>grati-.e,</strong></span> <span class='ocrx_word' id='word_1_340' title='bbox 993 3156 1113 3212; x_wconf 88' lang='lat' dir='ltr'><strong>cap.</strong></span> <span class='ocrx_word' id='word_1_341' title='bbox 1148 3142 1232 3196; x_wconf 84' lang='grc'><strong>18.</strong></span> 
     </span>
    </p>
   </div>
   <div class='ocr_carea' id='block_1_48' title="bbox 1864 1971 3448 2046">
    <p class='ocr_par' dir='ltr' id='par_1_48' title="bbox 1864 1971 3448 2046">
     <span class='ocr_line' id='line_1_48' title="bbox 1864 1971 3448 2046; baseline 0.003 -21"><span class='ocrx_word' id='word_1_342' title='bbox 1864 1971 1983 2025; x_wconf 69' lang='lat' dir='ltr'><strong>Nisi</strong></span> <span class='ocrx_word' id='word_1_343' title='bbox 2005 1973 2117 2042; x_wconf 83' lang='lat' dir='ltr'><strong>quis</strong></span> <span class='ocrx_word' id='word_1_344' title='bbox 2145 1982 2352 2026; x_wconf 85' lang='lat' dir='ltr'><strong>renatus</strong></span> <span class='ocrx_word' id='word_1_345' title='bbox 2376 1976 2532 2043; x_wconf 67' lang='lat' dir='ltr'><strong>fuerit</strong></span> <span class='ocrx_word' id='word_1_346' title='bbox 2561 1992 2624 2028; x_wconf 71' lang='lat' dir='ltr'><strong>ea:</strong></span> <span class='ocrx_word' id='word_1_347' title='bbox 2663 1992 2793 2045; x_wconf 84' lang='lat' dir='ltr'><strong>aqua</strong></span> <span class='ocrx_word' id='word_1_348' title='bbox 2811 1987 2856 2029; x_wconf 90' lang='lat' dir='ltr'><strong>et</strong></span> <span class='ocrx_word' id='word_1_349' title='bbox 2889 1975 3091 2046; x_wconf 85' lang='lat' dir='ltr'><strong>Spiritu</strong></span> <span class='ocrx_word' id='word_1_350' title='bbox 3117 1985 3313 2044; x_wconf 82' lang='lat' dir='ltr'><strong>sancto,</strong></span> <span class='ocrx_word' id='word_1_351' title='bbox 3346 1992 3448 2030; x_wconf 85' lang='lat' dir='ltr'><strong>non</strong></span> 
     </span>
    </p>
   </div>
   <div class='ocr_carea' id='block_1_49' title="bbox 1859 2068 2935 2137">
    <p class='ocr_par' dir='ltr' id='par_1_49' title="bbox 1859 2068 2935 2137">
     <span class='ocr_line' id='line_1_49' title="bbox 1859 2068 2935 2137; baseline 0.001 -17"><span class='ocrx_word' id='word_1_352' title='bbox 1859 2076 2023 2135; x_wconf 85' lang='lat' dir='ltr'><strong>potest</strong></span> <span class='ocrx_word' id='word_1_353' title='bbox 2054 2069 2267 2121; x_wconf 84' lang='lat' dir='ltr'><strong>introire</strong></span> <span class='ocrx_word' id='word_1_354' title='bbox 2297 2070 2347 2121; x_wconf 88' lang='lat' dir='ltr'><strong>in</strong></span> <span class='ocrx_word' id='word_1_355' title='bbox 2378 2085 2590 2137; x_wconf 68' lang='lat' dir='ltr'><strong>regnum</strong></span> <span class='ocrx_word' id='word_1_356' title='bbox 2620 2068 2737 2135; x_wconf 86' lang='lat' dir='ltr'><strong>Dei,</strong></span> <span class='ocrx_word' id='word_1_357' title='bbox 2771 2079 2875 2124; x_wconf 88' lang='lat' dir='ltr'><strong>etc.</strong></span> <span class='ocrx_word' id='word_1_358' title='bbox 2917 2089 2935 2121; x_wconf 78' lang='grc' dir='ltr'><strong>ι</strong></span> 
     </span>
    </p>
   </div>
   <div class='ocr_carea' id='block_1_50' title="bbox 1931 2159 3437 2231">
    <p class='ocr_par' dir='ltr' id='par_1_50' title="bbox 1931 2159 3437 2231">
     <span class='ocr_line' id='line_1_50' title="bbox 1931 2159 3437 2231; baseline 0.003 -19"><span class='ocrx_word' id='word_1_359' title='bbox 1931 2159 2033 2213; x_wconf 86' lang='lat' dir='ltr'><strong>Sed</strong></span> <span class='ocrx_word' id='word_1_360' title='bbox 2083 2167 2201 2227; x_wconf 90' lang='lat' dir='ltr'><strong>post</strong></span> <span class='ocrx_word' id='word_1_361' title='bbox 2232 2161 2584 2231; x_wconf 82' lang='lat' dir='ltr'><strong>Augustinum</strong></span> <span class='ocrx_word' id='word_1_362' title='bbox 2634 2160 2856 2215; x_wconf 78' lang='lat' dir='ltr'><strong>Romani</strong></span> <span class='ocrx_word' id='word_1_363' title='bbox 2896 2177 3109 2231; x_wconf 87' lang='lat' dir='ltr'><strong>quoque</strong></span> <span class='ocrx_word' id='word_1_364' title='bbox 3158 2162 3437 2229; x_wconf 70' lang='lat' dir='ltr'><strong>pootifices</strong></span> 
     </span>
    </p>
   </div>
   <div class='ocr_carea' id='block_1_51' title="bbox 1858 2250 3445 2323">
    <p class='ocr_par' dir='ltr' id='par_1_51' title="bbox 1858 2250 3445 2323">
     <span class='ocr_line' id='line_1_51' title="bbox 1858 2250 3445 2323; baseline 0.003 -20"><span class='ocrx_word' id='word_1_365' title='bbox 1858 2251 1960 2319; x_wconf 76' lang='lat' dir='ltr'><strong>qui.</strong></span> <span class='ocrx_word' id='word_1_366' title='bbox 1982 2250 2294 2321; x_wconf 86' lang='lat' dir='ltr'><strong>Pelagianos</strong></span> <span class='ocrx_word' id='word_1_367' title='bbox 2315 2254 2639 2308; x_wconf 86' lang='lat' dir='ltr'><strong>damnarunt</strong></span> <span class='ocrx_word' id='word_1_368' title='bbox 2668 2255 2856 2308; x_wconf 88' lang='lat' dir='ltr'><strong>eodem</strong></span> <span class='ocrx_word' id='word_1_369' title='bbox 2889 2268 3109 2323; x_wconf 89' lang='lat' dir='ltr'><strong>prorsus</strong></span> <span class='ocrx_word' id='word_1_370' title='bbox 3139 2254 3445 2308; x_wconf 76' lang='lat' dir='ltr'><strong>testimonio</strong></span> 
     </span>
    </p>
   </div>
   <div class='ocr_carea' id='block_1_52' title="bbox 1861 2332 3446 2415">
    <p class='ocr_par' dir='ltr' id='par_1_52' title="bbox 1861 2332 3446 2415">
     <span class='ocr_line' id='line_1_52' title="bbox 1861 2332 3446 2415; baseline 0.004 -21"><span class='ocrx_word' id='word_1_371' title='bbox 1861 2332 2083 2394; x_wconf 81' lang='lat' dir='ltr'><strong>Joannis</strong></span> <span class='ocrx_word' id='word_1_372' title='bbox 2109 2357 2158 2393; x_wconf 86' lang='lat' dir='ltr'><strong>vt</strong></span> <span class='ocrx_word' id='word_1_373' title='bbox 2185 2344 2345 2395; x_wconf 90' lang='lat' dir='ltr'><strong>citato</strong></span> <span class='ocrx_word' id='word_1_374' title='bbox 2370 2344 2449 2397; x_wconf 76' lang='lat' dir='ltr'><strong>usi</strong></span> <span class='ocrx_word' id='word_1_375' title='bbox 2472 2353 2615 2409; x_wconf 79' lang='lat' dir='ltr'><strong>sunt,</strong></span> <span class='ocrx_word' id='word_1_376' title='bbox 2644 2338 2711 2398; x_wconf 88' lang='lat' dir='ltr'><strong>ad</strong></span> <span class='ocrx_word' id='word_1_377' title='bbox 2735 2346 2895 2398; x_wconf 84' lang='lat' dir='ltr'><strong>vitam</strong></span> <span class='ocrx_word' id='word_1_378' title='bbox 2923 2345 3061 2399; x_wconf 87' lang='lat' dir='ltr'><strong>illam</strong></span> <span class='ocrx_word' id='word_1_379' title='bbox 3086 2361 3242 2415; x_wconf 79' lang='lat' dir='ltr'><strong>quam</strong></span> <span class='ocrx_word' id='word_1_380' title='bbox 3268 2350 3446 2413; x_wconf 86' lang='lat' dir='ltr'><strong>pueris</strong></span> 
     </span>
    </p>
   </div>
   <div class='ocr_carea' id='block_1_53' title="bbox 1857 2429 3441 2505">
    <p class='ocr_par' dir='ltr' id='par_1_53' title="bbox 1857 2429 3441 2505">
     <span class='ocr_line' id='line_1_53' title="bbox 1857 2429 3441 2505; baseline 0.006 -20"><span class='ocrx_word' id='word_1_381' title='bbox 1857 2430 2130 2502; x_wconf 78' lang='lat' dir='ltr'><strong>Pelagiani</strong></span> <span class='ocrx_word' id='word_1_382' title='bbox 2160 2434 2277 2489; x_wconf 86' lang='lat' dir='ltr'><strong>sine</strong></span> <span class='ocrx_word' id='word_1_383' title='bbox 2310 2434 2573 2503; x_wconf 90' lang='lat' dir='ltr'><strong>baptismo</strong></span> <span class='ocrx_word' id='word_1_384' title='bbox 2605 2436 3007 2505; x_wconf 85' lang='lat' dir='ltr'><strong>promittebant,</strong></span> <span class='ocrx_word' id='word_1_385' title='bbox 3040 2429 3441 2495; x_wconf 76' lang='lat' dir='ltr'><strong>eliminaudnm.</strong></span> 
     </span>
    </p>
   </div>
   <div class='ocr_carea' id='block_1_54' title="bbox 1857 2523 3445 2599">
    <p class='ocr_par' dir='ltr' id='par_1_54' title="bbox 1857 2523 3445 2599">
     <span class='ocr_line' id='line_1_54' title="bbox 1857 2523 3445 2599; baseline 0.003 -22"><span class='ocrx_word' id='word_1_386' title='bbox 1857 2523 2087 2579; x_wconf 89' lang='lat' dir='ltr'><strong>Sanctus</strong></span> <span class='ocrx_word' id='word_1_387' title='bbox 2140 2524 2483 2583; x_wconf 89' lang='lat' dir='ltr'><strong>Innocentius</strong></span> <span class='ocrx_word' id='word_1_388' title='bbox 2517 2570 2532 2595; x_wconf 97' lang='lat'><strong>,</strong></span> <span class='ocrx_word' id='word_1_389' title='bbox 2586 2528 2638 2582; x_wconf 91' lang='lat' dir='ltr'><strong>in</strong></span> <span class='ocrx_word' id='word_1_390' title='bbox 2672 2528 2863 2582; x_wconf 90' lang='lat' dir='ltr'><strong>litteris</strong></span> <span class='ocrx_word' id='word_1_391' title='bbox 2911 2528 2977 2582; x_wconf 90' lang='lat' dir='ltr'><strong>ad</strong></span> <span class='ocrx_word' id='word_1_392' title='bbox 3025 2530 3206 2583; x_wconf 83' lang='lat' dir='ltr'><strong>Patres</strong></span> <span class='ocrx_word' id='word_1_393' title='bbox 3255 2529 3445 2599; x_wconf 88' lang='lat' dir='ltr'><strong>synodi</strong></span> 
     </span>
    </p>
   </div>
   <div class='ocr_carea' id='block_1_55' title="bbox 1859 2616 3447 2689">
    <p class='ocr_par' dir='ltr' id='par_1_55' title="bbox 1859 2616 3447 2689">
     <span class='ocr_line' id='line_1_55' title="bbox 1859 2616 3447 2689; baseline 0.006 -20"><span class='ocrx_word' id='word_1_394' title='bbox 1859 2616 2175 2671; x_wconf 77' lang='lat' dir='ltr'><strong>Milevitana:</strong></span> <span class='ocrx_word' id='word_1_395' title='bbox 2204 2621 2275 2671; x_wconf 90' lang='lat' dir='ltr'><strong>ita</strong></span> <span class='ocrx_word' id='word_1_396' title='bbox 2307 2619 2493 2674; x_wconf 82' lang='lat' dir='ltr'><strong>scribit</strong></span> <span class='ocrx_word' id='word_1_397' title='bbox 2524 2636 2537 2673; x_wconf 93' lang='lat'><strong>:</strong></span> <span class='ocrx_word' id='word_1_398' title='bbox 2594 2638 2610 2671; x_wconf 80' lang='grc' dir='ltr'><strong>ι</strong></span> <span class='ocrx_word' id='word_1_399' title='bbox 2650 2621 2780 2675; x_wconf 92' lang='lat' dir='ltr'><strong>Illud</strong></span> <span class='ocrx_word' id='word_1_400' title='bbox 2808 2636 2935 2675; x_wconf 89' lang='lat' dir='ltr'><strong>vero</strong></span> <span class='ocrx_word' id='word_1_401' title='bbox 2964 2622 3101 2689; x_wconf 82' lang='lat' dir='ltr'><strong>quod</strong></span> <span class='ocrx_word' id='word_1_402' title='bbox 3145 2637 3237 2675; x_wconf 85' lang='lat' dir='ltr'><strong>eos</strong></span> <span class='ocrx_word' id='word_1_403' title='bbox 3269 2635 3447 2677; x_wconf 64' lang='lat' dir='ltr'><strong>vestra</strong></span> 
     </span>
    </p>
   </div>
   <div class='ocr_carea' id='block_1_56' title="bbox 1859 2707 3445 2780">
    <p class='ocr_par' dir='ltr' id='par_1_56' title="bbox 1859 2707 3445 2780">
     <span class='ocr_line' id='line_1_56' title="bbox 1859 2707 3445 2780; baseline 0.005 -20"><span class='ocrx_word' id='word_1_404' title='bbox 1859 2707 2164 2763; x_wconf 84' lang='lat' dir='ltr'><strong>fraternitas</strong></span> <span class='ocrx_word' id='word_1_405' title='bbox 2209 2712 2398 2764; x_wconf 85' lang='lat' dir='ltr'><strong>asserit</strong></span> <span class='ocrx_word' id='word_1_406' title='bbox 2431 2711 2759 2778; x_wconf 61' lang='lat' dir='ltr'><strong>praedicare,</strong></span> <span class='ocrx_word' id='word_1_407' title='bbox 2792 2712 3042 2780; x_wconf 84' lang='lat' dir='ltr'><strong>parvulos</strong></span> <span class='ocrx_word' id='word_1_408' title='bbox 3073 2723 3290 2767; x_wconf 66' lang='lat' dir='ltr'><strong>aeternae</strong></span> <span class='ocrx_word' id='word_1_409' title='bbox 3323 2720 3445 2768; x_wconf 64' lang='lat' dir='ltr'><strong>vitae</strong></span> 
     </span>
    </p>
   </div>
   <div class='ocr_carea' id='block_1_57' title="bbox 1860 2801 3449 2874">
    <p class='ocr_par' dir='ltr' id='par_1_57' title="bbox 1860 2801 3449 2874">
     <span class='ocr_line' id='line_1_57' title="bbox 1860 2801 3449 2874; baseline 0.004 -21"><span class='ocrx_word' id='word_1_410' title='bbox 1860 2801 2096 2869; x_wconf 63' lang='lat' dir='ltr'><strong>praemiis</strong></span> <span class='ocrx_word' id='word_1_411' title='bbox 2121 2802 2279 2855; x_wconf 85' lang='lat' dir='ltr'><strong>etiam</strong></span> <span class='ocrx_word' id='word_1_412' title='bbox 2311 2802 2427 2855; x_wconf 88' lang='lat' dir='ltr'><strong>sine</strong></span> <span class='ocrx_word' id='word_1_413' title='bbox 2461 2804 2793 2873; x_wconf 85' lang='lat' dir='ltr'><strong>baptismatis</strong></span> <span class='ocrx_word' id='word_1_414' title='bbox 2837 2807 3005 2873; x_wconf 78' lang='lat' dir='ltr'><strong>gratia</strong></span> <span class='ocrx_word' id='word_1_415' title='bbox 3039 2820 3193 2874; x_wconf 89' lang='lat' dir='ltr'><strong>posse</strong></span> <span class='ocrx_word' id='word_1_416' title='bbox 3225 2806 3449 2870; x_wconf 78' lang='lat' dir='ltr'><strong>donari,</strong></span> 
     </span>
    </p>
   </div>
   <div class='ocr_carea' id='block_1_58' title="bbox 1858 2894 3449 2962">
    <p class='ocr_par' dir='ltr' id='par_1_58' title="bbox 1858 2894 3449 2962">
     <span class='ocr_line' id='line_1_58' title="bbox 1858 2894 3449 2962; baseline 0.002 -14"><span class='ocrx_word' id='word_1_417' title='bbox 1858 2894 2162 2962; x_wconf 87' lang='lat' dir='ltr'><strong>perfaluum</strong></span> <span class='ocrx_word' id='word_1_418' title='bbox 2193 2903 2297 2949; x_wconf 75' lang='lat' dir='ltr'><strong>est.</strong></span> <span class='ocrx_word' id='word_1_419' title='bbox 2330 2895 2450 2949; x_wconf 83' lang='lat' dir='ltr'><strong>Nisi</strong></span> <span class='ocrx_word' id='word_1_420' title='bbox 2475 2896 2619 2950; x_wconf 86' lang='lat' dir='ltr'><strong>enim</strong></span> <span class='ocrx_word' id='word_1_421' title='bbox 2645 2899 3062 2951; x_wconf 85' lang='lat' dir='ltr'><strong>manducaverint</strong></span> <span class='ocrx_word' id='word_1_422' title='bbox 3089 2914 3289 2951; x_wconf 86' lang='lat' dir='ltr'><strong>carnem</strong></span> <span class='ocrx_word' id='word_1_423' title='bbox 3320 2895 3449 2951; x_wconf 83' lang='lat' dir='ltr'><strong>Filii</strong></span> 
     </span>
    </p>
   </div>
   <div class='ocr_carea' id='block_1_59' title="bbox 1859 2973 3449 3057">
    <p class='ocr_par' dir='ltr' id='par_1_59' title="bbox 1859 2973 3449 3057">
     <span class='ocr_line' id='line_1_59' title="bbox 1859 2973 3449 3057; baseline 0.003 -21"><span class='ocrx_word' id='word_1_424' title='bbox 1859 2973 2119 3053; x_wconf 78' lang='lat' dir='ltr'><strong>hominis,</strong></span> <span class='ocrx_word' id='word_1_425' title='bbox 2166 2994 2212 3037; x_wconf 89' lang='lat' dir='ltr'><strong>et</strong></span> <span class='ocrx_word' id='word_1_426' title='bbox 2256 2986 2467 3039; x_wconf 82' lang='lat' dir='ltr'><strong>biberint</strong></span> <span class='ocrx_word' id='word_1_427' title='bbox 2499 2987 2804 3055; x_wconf 81' lang='lat' dir='ltr'><strong>sanguinem</strong></span> <span class='ocrx_word' id='word_1_428' title='bbox 2850 2988 3004 3057; x_wconf 89' lang='lat' dir='ltr'><strong>ejus,</strong></span> <span class='ocrx_word' id='word_1_429' title='bbox 3054 3003 3154 3040; x_wconf 90' lang='lat' dir='ltr'><strong>non</strong></span> <span class='ocrx_word' id='word_1_430' title='bbox 3194 2986 3449 3040; x_wconf 87' lang='lat' dir='ltr'><strong>habebunt</strong></span> 
     </span>
    </p>
   </div>
   <div class='ocr_carea' id='block_1_60' title="bbox 1856 3075 3448 3147">
    <p class='ocr_par' dir='ltr' id='par_1_60' title="bbox 1856 3075 3448 3147">
     <span class='ocr_line' id='line_1_60' title="bbox 1856 3075 3448 3147; baseline 0.003 -20"><span class='ocrx_word' id='word_1_431' title='bbox 1856 3075 2009 3127; x_wconf 86' lang='lat' dir='ltr'><strong>vitam</strong></span> <span class='ocrx_word' id='word_1_432' title='bbox 2041 3075 2093 3128; x_wconf 91' lang='lat' dir='ltr'><strong>in</strong></span> <span class='ocrx_word' id='word_1_433' title='bbox 2123 3076 2427 3141; x_wconf 74' lang='lat' dir='ltr'><strong>semetipsis.</strong></span> <span class='ocrx_word' id='word_1_434' title='bbox 2462 3075 2561 3141; x_wconf 88' lang='lat' dir='ltr'><strong>Qui</strong></span> <span class='ocrx_word' id='word_1_435' title='bbox 2595 3086 2774 3130; x_wconf 90' lang='lat' dir='ltr'><strong>autem</strong></span> <span class='ocrx_word' id='word_1_436' title='bbox 2807 3076 2944 3130; x_wconf 87' lang='lat' dir='ltr'><strong>hanc</strong></span> <span class='ocrx_word' id='word_1_437' title='bbox 2973 3078 3049 3130; x_wconf 89' lang='lat' dir='ltr'><strong>eis</strong></span> <span class='ocrx_word' id='word_1_438' title='bbox 3080 3077 3195 3131; x_wconf 89' lang='lat' dir='ltr'><strong>sine</strong></span> <span class='ocrx_word' id='word_1_439' title='bbox 3226 3092 3448 3147; x_wconf 85' lang='lat' dir='ltr'><strong>regene-</strong></span> 
     </span>
    </p>
   </div>
   <div class='ocr_carea' id='block_1_61' title="bbox 1856 3168 3445 3239">
    <p class='ocr_par' dir='ltr' id='par_1_61' title="bbox 1856 3168 3445 3239">
     <span class='ocr_line' id='line_1_61' title="bbox 1856 3168 3445 3239; baseline 0 -17"><span class='ocrx_word' id='word_1_440' title='bbox 1856 3169 2066 3223; x_wconf 87' lang='lat' dir='ltr'><strong>ratione</strong></span> <span class='ocrx_word' id='word_1_441' title='bbox 2095 3168 2425 3233; x_wconf 87' lang='lat' dir='ltr'><strong>defendunt,</strong></span> <span class='ocrx_word' id='word_1_442' title='bbox 2466 3168 2713 3223; x_wconf 88' lang='lat' dir='ltr'><strong>videntur</strong></span> <span class='ocrx_word' id='word_1_443' title='bbox 2745 3170 2874 3223; x_wconf 87' lang='lat' dir='ltr'><strong>mihi</strong></span> <span class='ocrx_word' id='word_1_444' title='bbox 2916 3169 3086 3237; x_wconf 88' lang='lat' dir='ltr'><strong>ipsum</strong></span> <span class='ocrx_word' id='word_1_445' title='bbox 3120 3170 3445 3239; x_wconf 88' lang='lat' dir='ltr'><strong>baptismum</strong></span> 
     </span>
    </p>
   </div>
   <div class='ocr_carea' id='block_1_62' title="bbox 149 3233 1749 3348">
    <p class='ocr_par' dir='ltr' id='par_1_62' title="bbox 149 3276 1749 3348">
     <span class='ocr_line' id='line_1_62' title="bbox 149 3276 1749 3348; baseline -0.001 -16"><span class='ocrx_word' id='word_1_446' title='bbox 149 3279 176 3348; x_wconf 61' lang='grc' dir='ltr'>ᾗ</span> <span class='ocrx_word' id='word_1_447' title='bbox 210 3277 298 3333; x_wconf 80' lang='lat' dir='ltr'><strong>IV.</strong></span> <span class='ocrx_word' id='word_1_448' title='bbox 325 3280 411 3332; x_wconf 83' lang='lat' dir='ltr'><strong>An</strong></span> <span class='ocrx_word' id='word_1_449' title='bbox 435 3278 591 3347; x_wconf 80' lang='lat' dir='ltr'><strong>fuerit</strong></span> <span class='ocrx_word' id='word_1_450' title='bbox 614 3279 860 3348; x_wconf 77' lang='lat' dir='ltr'><strong>sententia</strong></span> <span class='ocrx_word' id='word_1_451' title='bbox 903 3276 1070 3331; x_wconf 81' lang='lat' dir='ltr'><strong>sancti</strong></span> <span class='ocrx_word' id='word_1_452' title='bbox 1091 3276 1361 3347; x_wconf 83' lang='lat' dir='ltr'><strong>Augustini</strong></span> <span class='ocrx_word' id='word_1_453' title='bbox 1416 3292 1601 3345; x_wconf 86' lang='lat' dir='ltr'><strong>pueros</strong></span> <span class='ocrx_word' id='word_1_454' title='bbox 1629 3276 1749 3344; x_wconf 86' lang='lat' dir='ltr'><strong>bap-</strong></span> 
     </span>
    </p>
   </div>
   <div class='ocr_carea' id='block_1_63' title="bbox 1858 3233 3445 3348">
    <p class='ocr_par' dir='ltr' id='par_1_63' title="bbox 1858 3262 3445 3331">
     <span class='ocr_line' id='line_1_63' title="bbox 1858 3262 3445 3331; baseline -0.003 -11"><span class='ocrx_word' id='word_1_455' title='bbox 1858 3263 1997 3321; x_wconf 90' lang='lat' dir='ltr'><strong>velle</strong></span> <span class='ocrx_word' id='word_1_456' title='bbox 2043 3277 2277 3329; x_wconf 88' lang='lat' dir='ltr'><strong>cassare,</strong></span> <span class='ocrx_word' id='word_1_457' title='bbox 2311 3278 2432 3316; x_wconf 90' lang='lat' dir='ltr'><strong>cum</strong></span> <span class='ocrx_word' id='word_1_458' title='bbox 2463 3262 2752 3330; x_wconf 74' lang='lat' dir='ltr'><strong>prmdicant</strong></span> <span class='ocrx_word' id='word_1_459' title='bbox 2804 3277 2899 3316; x_wconf 90' lang='lat' dir='ltr'><strong>eos</strong></span> <span class='ocrx_word' id='word_1_460' title='bbox 2953 3262 3152 3317; x_wconf 83' lang='lat' dir='ltr'><strong>habere</strong></span> <span class='ocrx_word' id='word_1_461' title='bbox 3199 3262 3339 3331; x_wconf 90' lang='lat' dir='ltr'><strong>quod</strong></span> <span class='ocrx_word' id='word_1_462' title='bbox 3392 3262 3445 3315; x_wconf 89' lang='lat' dir='ltr'><strong>in</strong></span> 
     </span>
    </p>
   </div>
   <div class='ocr_carea' id='block_1_64' title="bbox 215 3346 1753 3473">
    <p class='ocr_par' dir='ltr' id='par_1_64' title="bbox 215 3346 1753 3473">
     <span class='ocr_line' id='line_1_64' title="bbox 215 3346 1753 3473; baseline 0 -70"><span class='ocrx_word' id='word_1_463' title='bbox 215 3352 548 3473; x_wconf 55' lang='lat' dir='ltr'><strong>tizlatosgine</strong></span> <span class='ocrx_word' id='word_1_464' title='bbox 576 3346 702 3403; x_wconf 85' lang='lat' dir='ltr'><strong>reali</strong></span> <span class='ocrx_word' id='word_1_465' title='bbox 749 3347 1089 3402; x_wconf 79' lang='lat' dir='ltr'><strong>Eucharistiw</strong></span> <span class='ocrx_word' id='word_1_466' title='bbox 1126 3349 1414 3417; x_wconf 87' lang='lat' dir='ltr'><strong>sumptione</strong></span> <span class='ocrx_word' id='word_1_467' title='bbox 1451 3363 1555 3402; x_wconf 91' lang='lat' dir='ltr'><strong>non</strong></span> <span class='ocrx_word' id='word_1_468' title='bbox 1604 3364 1753 3419; x_wconf 82' lang='lat' dir='ltr'><strong>posse</strong></span> 
     </span>
     <span class='ocr_line' id='line_1_65' title="bbox 217 3436 443 3473; baseline -0.004 0"><span class='ocrx_word' id='word_1_469' title='bbox 217 3436 273 3473; x_wconf 84' lang='lat' dir='ltr'><strong>sa</strong></span> <span class='ocrx_word' id='word_1_470' title='bbox 299 3437 411 3473; x_wconf 75' lang='lat' dir='ltr'><strong>rari</strong></span> <span class='ocrx_word' id='word_1_471' title='bbox 430 3461 443 3473; x_wconf 96' lang='lat'><strong>.</strong></span> 
     </span>
    </p>
   </div>
   <div class='ocr_carea' id='block_1_65' title="bbox 217 3436 443 3474">
    <p class='ocr_par' dir='ltr' id='par_1_65' title="bbox 217 3436 443 3474">
     <span class='ocr_line' id='line_1_66' title="bbox 217 3436 443 3474; baseline -0.009 0"><span class='ocrx_word' id='word_1_472' title='bbox 217 3436 443 3474; x_wconf 67' lang='lat' dir='ltr'><strong>salvari:</strong></span> 
     </span>
    </p>
   </div>
   <div class='ocr_carea' id='block_1_66' title="bbox 218 3531 1753 3601">
    <p class='ocr_par' dir='ltr' id='par_1_66' title="bbox 218 3531 1753 3601">
     <span class='ocr_line' id='line_1_67' title="bbox 218 3531 1753 3601; baseline -0.004 -10"><span class='ocrx_word' id='word_1_473' title='bbox 218 3538 598 3591; x_wconf 85' lang='lat' dir='ltr'><strong>Transeamus</strong></span> <span class='ocrx_word' id='word_1_474' title='bbox 656 3533 812 3588; x_wconf 90' lang='lat' dir='ltr'><strong>modo</strong></span> <span class='ocrx_word' id='word_1_475' title='bbox 855 3532 922 3587; x_wconf 88' lang='lat' dir='ltr'><strong>ad</strong></span> <span class='ocrx_word' id='word_1_476' title='bbox 966 3532 1200 3601; x_wconf 89' lang='lat' dir='ltr'><strong>reliquos</strong></span> <span class='ocrx_word' id='word_1_477' title='bbox 1246 3545 1460 3587; x_wconf 86' lang='lat' dir='ltr'><strong>errores</strong></span> <span class='ocrx_word' id='word_1_478' title='bbox 1509 3546 1643 3600; x_wconf 92' lang='lat' dir='ltr'><strong>quos</strong></span> <span class='ocrx_word' id='word_1_479' title='bbox 1686 3531 1753 3585; x_wconf 91' lang='lat' dir='ltr'><strong>de</strong></span> 
     </span>
    </p>
   </div>
   <div class='ocr_carea' id='block_1_67' title="bbox 152 3620 1748 3697">
    <p class='ocr_par' dir='ltr' id='par_1_67' title="bbox 152 3620 1748 3697">
     <span class='ocr_line' id='line_1_68' title="bbox 152 3620 1748 3697; baseline -0.005 -15"><span class='ocrx_word' id='word_1_480' title='bbox 152 3628 458 3697; x_wconf 86' lang='lat' dir='ltr'><strong>Augustino</strong></span> <span class='ocrx_word' id='word_1_481' title='bbox 512 3626 841 3681; x_wconf 88' lang='lat' dir='ltr'><strong>recentiores</strong></span> <span class='ocrx_word' id='word_1_482' title='bbox 878 3624 1168 3692; x_wconf 90' lang='lat' dir='ltr'><strong>publicant.</strong></span> <span class='ocrx_word' id='word_1_483' title='bbox 1208 3620 1441 3690; x_wconf 85' lang='lat' dir='ltr'><strong>Opponit</strong></span> <span class='ocrx_word' id='word_1_484' title='bbox 1487 3624 1748 3687; x_wconf 72' lang='lat' dir='ltr'><strong>Aitamus,</strong></span> 
     </span>
    </p>
   </div>
   <div class='ocr_carea' id='block_1_68' title="bbox 149 3696 1775 3795">
    <p class='ocr_par' dir='ltr' id='par_1_68' title="bbox 149 3696 1775 3795">
     <span class='ocr_line' id='line_1_69' title="bbox 149 3696 1775 3795; baseline -0.004 -25"><span class='ocrx_word' id='word_1_485' title='bbox 149 3696 264 3788; x_wconf 73' lang='lat' dir='ltr'><strong>pag.</strong></span> <span class='ocrx_word' id='word_1_486' title='bbox 289 3719 419 3785; x_wconf 72' lang='grc'><strong>584,</strong></span> <span class='ocrx_word' id='word_1_487' title='bbox 450 3721 812 3787; x_wconf 76' lang='lat' dir='ltr'><strong>Augustinum</strong></span> <span class='ocrx_word' id='word_1_488' title='bbox 831 3716 1077 3770; x_wconf 88' lang='lat' dir='ltr'><strong>docuisse</strong></span> <span class='ocrx_word' id='word_1_489' title='bbox 1091 3715 1318 3782; x_wconf 77' lang='lat' dir='ltr'><strong>infantes</strong></span> <span class='ocrx_word' id='word_1_490' title='bbox 1342 3696 1501 3767; x_wconf 86' lang='lat' dir='ltr'><strong>etiam</strong></span> <span class='ocrx_word' id='word_1_491' title='bbox 1519 3720 1775 3795; x_wconf 84' lang='lat' dir='ltr'><strong>suscepto</strong></span> 
     </span>
    </p>
   </div>
   <div class='ocr_carea' id='block_1_69' title="bbox 148 3806 1750 3880">
    <p class='ocr_par' dir='ltr' id='par_1_69' title="bbox 148 3806 1750 3880">
     <span class='ocr_line' id='line_1_70' title="bbox 148 3806 1750 3880; baseline -0.004 -17"><span class='ocrx_word' id='word_1_492' title='bbox 148 3812 388 3880; x_wconf 87' lang='lat' dir='ltr'><strong>baptismo</strong></span> <span class='ocrx_word' id='word_1_493' title='bbox 411 3827 484 3863; x_wconf 88' lang='lat' dir='ltr'><strong>no</strong></span> <span class='ocrx_word' id='word_1_494' title='bbox 498 3828 532 3861; x_wconf 74' lang='grc' dir='ltr'><strong>ιι</strong></span> <span class='ocrx_word' id='word_1_495' title='bbox 557 3825 702 3877; x_wconf 86' lang='lat' dir='ltr'><strong>posse</strong></span> <span class='ocrx_word' id='word_1_496' title='bbox 717 3809 794 3861; x_wconf 83' lang='lat' dir='ltr'><strong>sal</strong></span> <span class='ocrx_word' id='word_1_497' title='bbox 800 3823 886 3861; x_wconf 87' lang='lat' dir='ltr'><strong>vos</strong></span> <span class='ocrx_word' id='word_1_498' title='bbox 901 3808 1013 3874; x_wconf 77' lang='lat' dir='ltr'><strong>ﬁeri</strong></span> <span class='ocrx_word' id='word_1_499' title='bbox 1026 3808 1133 3860; x_wconf 81' lang='lat' dir='ltr'><strong>sine</strong></span> <span class='ocrx_word' id='word_1_500' title='bbox 1156 3806 1280 3859; x_wconf 88' lang='lat' dir='ltr'><strong>reali</strong></span> <span class='ocrx_word' id='word_1_501' title='bbox 1294 3821 1404 3858; x_wconf 87' lang='lat' dir='ltr'><strong>sum</strong></span> <span class='ocrx_word' id='word_1_502' title='bbox 1412 3806 1584 3872; x_wconf 86' lang='lat' dir='ltr'><strong>ptione</strong></span> <span class='ocrx_word' id='word_1_503' title='bbox 1599 3821 1750 3857; x_wconf 88' lang='lat' dir='ltr'><strong>sanc-</strong></span> 
     </span>
    </p>
   </div>
   <div class='ocr_carea' id='block_1_70' title="bbox 147 3894 1749 3955">
    <p class='ocr_par' dir='ltr' id='par_1_70' title="bbox 147 3894 1749 3955">
     <span class='ocr_line' id='line_1_71' title="bbox 147 3894 1749 3955; baseline -0.002 -4"><span class='ocrx_word' id='word_1_504' title='bbox 147 3901 182 3953; x_wconf 89' lang='lat' dir='ltr'><strong>ti</strong></span> <span class='ocrx_word' id='word_1_505' title='bbox 209 3894 349 3955; x_wconf 73' lang='lat' dir='ltr'><strong>sintw</strong></span> <span class='ocrx_word' id='word_1_506' title='bbox 380 3900 761 3954; x_wconf 73' lang='lat' dir='ltr'><strong>Eucharistiae.</strong></span> <span class='ocrx_word' id='word_1_507' title='bbox 796 3896 1061 3951; x_wconf 83' lang='lat' dir='ltr'><strong>Moraines</strong></span> <span class='ocrx_word' id='word_1_508' title='bbox 1104 3895 1343 3950; x_wconf 87' lang='lat' dir='ltr'><strong>recitatis</strong></span> <span class='ocrx_word' id='word_1_509' title='bbox 1374 3894 1550 3949; x_wconf 85' lang='lat' dir='ltr'><strong>verbis</strong></span> <span class='ocrx_word' id='word_1_510' title='bbox 1580 3895 1749 3947; x_wconf 84' lang='lat' dir='ltr'><strong>sancti</strong></span> 
     </span>
    </p>
   </div>
   <div class='ocr_carea' id='block_1_71' title="bbox 146 3985 1748 4060">
    <p class='ocr_par' dir='ltr' id='par_1_71' title="bbox 146 3985 1748 4060">
     <span class='ocr_line' id='line_1_72' title="bbox 146 3985 1748 4060; baseline -0.004 -15"><span class='ocrx_word' id='word_1_511' title='bbox 146 3993 420 4060; x_wconf 80' lang='lat' dir='ltr'><strong>Augustini</strong></span> <span class='ocrx_word' id='word_1_512' title='bbox 469 3990 585 4045; x_wconf 83' lang='lat' dir='ltr'><strong>lib.</strong></span> <span class='ocrx_word' id='word_1_513' title='bbox 639 4005 656 4043; x_wconf 90' lang='grc' dir='ltr'><strong>ι</strong></span> <span class='ocrx_word' id='word_1_514' title='bbox 706 3989 773 4043; x_wconf 90' lang='lat' dir='ltr'><strong>de</strong></span> <span class='ocrx_word' id='word_1_515' title='bbox 818 3995 1160 4057; x_wconf 82' lang='lat' dir='ltr'><strong>peccatorum</strong></span> <span class='ocrx_word' id='word_1_516' title='bbox 1213 3986 1437 4048; x_wconf 85' lang='lat' dir='ltr'><strong>Meritis,</strong></span> <span class='ocrx_word' id='word_1_517' title='bbox 1492 4000 1608 4053; x_wconf 91' lang='lat' dir='ltr'><strong>cap.</strong></span> <span class='ocrx_word' id='word_1_518' title='bbox 1658 3985 1748 4051; x_wconf 64' lang='grc' dir='ltr'><strong>ΞΟ,</strong></span> 
     </span>
    </p>
   </div>
   <div class='ocr_carea' id='block_1_72' title="bbox 154 4077 1752 4156">
    <p class='ocr_par' dir='ltr' id='par_1_72' title="bbox 154 4077 1752 4156">
     <span class='ocr_line' id='line_1_73' title="bbox 154 4077 1752 4156; baseline -0.005 -19"><span class='ocrx_word' id='word_1_519' title='bbox 154 4083 181 4151; x_wconf 79' lang='lat'><strong>§</strong></span> <span class='ocrx_word' id='word_1_520' title='bbox 209 4086 489 4156; x_wconf 80' lang='lat' dir='ltr'><strong>Auferatur</strong></span> <span class='ocrx_word' id='word_1_521' title='bbox 502 4085 619 4155; x_wconf 88' lang='lat' dir='ltr'><strong>jam</strong></span> <span class='ocrx_word' id='word_1_522' title='bbox 641 4080 912 4144; x_wconf 86' lang='lat' dir='ltr'><strong>dubitatio,</strong></span> <span class='ocrx_word' id='word_1_523' title='bbox 930 4081 1003 4132; x_wconf 91' lang='lat' dir='ltr'><strong>ait</strong></span> <span class='ocrx_word' id='word_1_524' title='bbox 1026 4095 1038 4131; x_wconf 90' lang='lat'>:</span> <span class='ocrx_word' id='word_1_525' title='bbox 1078 4096 1097 4129; x_wconf 72' lang='grc' dir='ltr'><strong>ι</strong></span> <span class='ocrx_word' id='word_1_526' title='bbox 1132 4078 1259 4143; x_wconf 71' lang='lat' dir='ltr'><strong>Quae</strong></span> <span class='ocrx_word' id='word_1_527' title='bbox 1278 4077 1442 4131; x_wconf 85' lang='lat' dir='ltr'><strong>verba</strong></span> <span class='ocrx_word' id='word_1_528' title='bbox 1470 4084 1591 4129; x_wconf 90' lang='lat' dir='ltr'><strong>sunt</strong></span> <span class='ocrx_word' id='word_1_529' title='bbox 1617 4077 1752 4130; x_wconf 85' lang='lat' dir='ltr'><strong>adeo</strong></span> 
     </span>
    </p>
   </div>
   <div class='ocr_carea' id='block_1_73' title="bbox 160 4168 1749 4241">
    <p class='ocr_par' dir='ltr' id='par_1_73' title="bbox 160 4168 1749 4241">
     <span class='ocr_line' id='line_1_74' title="bbox 160 4168 1749 4241; baseline -0.004 -14"><span class='ocrx_word' id='word_1_530' title='bbox 160 4176 459 4241; x_wconf 77' lang='lat' dir='ltr'><strong>manifesta,</strong></span> <span class='ocrx_word' id='word_1_531' title='bbox 489 4186 553 4231; x_wconf 92' lang='lat' dir='ltr'><strong>ut</strong></span> <span class='ocrx_word' id='word_1_532' title='bbox 597 4172 916 4228; x_wconf 76' lang='lat' dir='ltr'><strong>difficillime</strong></span> <span class='ocrx_word' id='word_1_533' title='bbox 960 4169 1232 4239; x_wconf 90' lang='lat' dir='ltr'><strong>patiantur</strong></span> <span class='ocrx_word' id='word_1_534' title='bbox 1265 4168 1549 4238; x_wconf 87' lang='lat' dir='ltr'><strong>benignam</strong></span> <span class='ocrx_word' id='word_1_535' title='bbox 1583 4170 1749 4222; x_wconf 88' lang='lat' dir='ltr'><strong>inter-</strong></span> 
     </span>
    </p>
   </div>
   <div class='ocr_carea' id='block_1_74' title="bbox 165 4260 1749 4333">
    <p class='ocr_par' dir='ltr' id='par_1_74' title="bbox 165 4260 1749 4333">
     <span class='ocr_line' id='line_1_75' title="bbox 165 4260 1749 4333; baseline -0.002 -16"><span class='ocrx_word' id='word_1_536' title='bbox 165 4266 539 4331; x_wconf 86' lang='lat' dir='ltr'><strong>pretationem,</strong></span> <span class='ocrx_word' id='word_1_537' title='bbox 567 4278 671 4333; x_wconf 90' lang='lat' dir='ltr'><strong>qua</strong></span> <span class='ocrx_word' id='word_1_538' title='bbox 700 4261 946 4331; x_wconf 89' lang='lat' dir='ltr'><strong>plerique</strong></span> <span class='ocrx_word' id='word_1_539' title='bbox 968 4261 1344 4329; x_wconf 86' lang='lat' dir='ltr'><strong>theologorum</strong></span> <span class='ocrx_word' id='word_1_540' title='bbox 1395 4260 1749 4329; x_wconf 72' lang='lat' dir='ltr'><strong>Augusunum</strong></span> 
     </span>
    </p>
   </div>
   <div class='ocr_carea' id='block_1_75' title="bbox 162 4350 1750 4416">
    <p class='ocr_par' dir='ltr' id='par_1_75' title="bbox 162 4350 1750 4416">
     <span class='ocr_line' id='line_1_76' title="bbox 162 4350 1750 4416; baseline 0.001 -12"><span class='ocrx_word' id='word_1_541' title='bbox 162 4352 224 4406; x_wconf 88' lang='lat' dir='ltr'><strong>ab</strong></span> <span class='ocrx_word' id='word_1_542' title='bbox 244 4369 424 4411; x_wconf 83' lang='lat' dir='ltr'><strong>errore</strong></span> <span class='ocrx_word' id='word_1_543' title='bbox 455 4367 731 4410; x_wconf 83' lang='lat' dir='ltr'><strong>excusare</strong></span> <span class='ocrx_word' id='word_1_544' title='bbox 761 4362 1022 4406; x_wconf 88' lang='lat' dir='ltr'><strong>conantur</strong></span> <span class='ocrx_word' id='word_1_545' title='bbox 1042 4390 1056 4416; x_wconf 94' lang='lat'><strong>,</strong></span> <span class='ocrx_word' id='word_1_546' title='bbox 1081 4365 1231 4404; x_wconf 90' lang='lat' dir='ltr'><strong>error</strong></span> <span class='ocrx_word' id='word_1_547' title='bbox 1261 4350 1402 4404; x_wconf 89' lang='lat' dir='ltr'><strong>enim</strong></span> <span class='ocrx_word' id='word_1_548' title='bbox 1430 4360 1510 4404; x_wconf 92' lang='lat' dir='ltr'><strong>est</strong></span> <span class='ocrx_word' id='word_1_549' title='bbox 1538 4359 1750 4405; x_wconf 88' lang='lat' dir='ltr'><strong>notatus</strong></span> 
     </span>
    </p>
   </div>
   <div class='ocr_carea' id='block_1_76' title="bbox 165 4442 1744 4501">
    <p class='ocr_par' dir='ltr' id='par_1_76' title="bbox 165 4442 1744 4501">
     <span class='ocr_line' id='line_1_77' title="bbox 165 4442 1744 4501; baseline 0 -7"><span class='ocrx_word' id='word_1_550' title='bbox 165 4451 215 4495; x_wconf 83' lang='lat' dir='ltr'><strong>et</strong></span> <span class='ocrx_word' id='word_1_551' title='bbox 240 4445 523 4501; x_wconf 87' lang='lat' dir='ltr'><strong>damnatus</strong></span> <span class='ocrx_word' id='word_1_552' title='bbox 543 4444 648 4499; x_wconf 91' lang='lat' dir='ltr'><strong>sub</strong></span> <span class='ocrx_word' id='word_1_553' title='bbox 675 4444 1016 4497; x_wconf 88' lang='lat' dir='ltr'><strong>anathemate</strong></span> <span class='ocrx_word' id='word_1_554' title='bbox 1038 4458 1066 4496; x_wconf 92' lang='lat' dir='ltr'><strong>a</strong></span> <span class='ocrx_word' id='word_1_555' title='bbox 1098 4442 1328 4497; x_wconf 90' lang='lat' dir='ltr'><strong>concilio</strong></span> <span class='ocrx_word' id='word_1_556' title='bbox 1359 4442 1694 4497; x_wconf 83' lang='lat' dir='ltr'><strong>Tridentino.</strong></span> <span class='ocrx_word' id='word_1_557' title='bbox 1726 4462 1744 4494; x_wconf 72' lang='grc' dir='ltr'><strong>ι</strong></span> 
     </span>
    </p>
   </div>
   <div class='ocr_carea' id='block_1_77' title="bbox 168 4532 1750 4607">
    <p class='ocr_par' dir='ltr' id='par_1_77' title="bbox 168 4532 1750 4607">
     <span class='ocr_line' id='line_1_78' title="bbox 168 4532 1750 4607; baseline 0.004 -23"><span class='ocrx_word' id='word_1_558' title='bbox 168 4532 255 4588; x_wconf 90' lang='lat' dir='ltr'><strong>Ilic</strong></span> <span class='ocrx_word' id='word_1_559' title='bbox 282 4551 494 4607; x_wconf 90' lang='lat' dir='ltr'><strong>quoque</strong></span> <span class='ocrx_word' id='word_1_560' title='bbox 519 4536 803 4606; x_wconf 81' lang='lat' dir='ltr'><strong>Augustini</strong></span> <span class='ocrx_word' id='word_1_561' title='bbox 830 4550 990 4590; x_wconf 89' lang='lat' dir='ltr'><strong>causa</strong></span> <span class='ocrx_word' id='word_1_562' title='bbox 1023 4542 1131 4589; x_wconf 91' lang='lat' dir='ltr'><strong>tuta</strong></span> <span class='ocrx_word' id='word_1_563' title='bbox 1183 4543 1267 4588; x_wconf 83' lang='lat' dir='ltr'><strong>est</strong></span> <span class='ocrx_word' id='word_1_564' title='bbox 1294 4534 1529 4589; x_wconf 78' lang='lat' dir='ltr'><strong>Romana</strong></span> <span class='ocrx_word' id='word_1_565' title='bbox 1560 4536 1750 4589; x_wconf 56' lang='lat' dir='ltr'><strong>Ecl-le-</strong></span> 
     </span>
    </p>
   </div>
   <div class='ocr_carea' id='block_1_78' title="bbox 1857 3352 3441 3421">
    <p class='ocr_par' dir='ltr' id='par_1_78' title="bbox 1857 3352 3441 3421">
     <span class='ocr_line' id='line_1_79' title="bbox 1857 3352 3441 3421; baseline -0.003 -10"><span class='ocrx_word' id='word_1_566' title='bbox 1857 3372 1951 3411; x_wconf 89' lang='lat' dir='ltr'><strong>eos</strong></span> <span class='ocrx_word' id='word_1_567' title='bbox 2002 3352 2238 3410; x_wconf 86' lang='lat' dir='ltr'><strong>creditur</strong></span> <span class='ocrx_word' id='word_1_568' title='bbox 2283 3369 2388 3408; x_wconf 92' lang='lat' dir='ltr'><strong>non</strong></span> <span class='ocrx_word' id='word_1_569' title='bbox 2435 3354 2532 3407; x_wconf 91' lang='lat' dir='ltr'><strong>nisi</strong></span> <span class='ocrx_word' id='word_1_570' title='bbox 2582 3353 2901 3421; x_wconf 88' lang='lat' dir='ltr'><strong>baptismate</strong></span> <span class='ocrx_word' id='word_1_571' title='bbox 2944 3354 3346 3409; x_wconf 86' lang='lat' dir='ltr'><strong>conterendum.</strong></span> <span class='ocrx_word' id='word_1_572' title='bbox 3419 3370 3441 3407; x_wconf 77' lang='grc' dir='ltr'><strong>ι</strong></span> 
     </span>
    </p>
   </div>
   <div class='ocr_carea' id='block_1_79' title="bbox 1858 3444 3446 3512">
    <p class='ocr_par' dir='ltr' id='par_1_79' title="bbox 1858 3444 3446 3512">
     <span class='ocr_line' id='line_1_80' title="bbox 1858 3444 3446 3512; baseline -0.001 -11"><span class='ocrx_word' id='word_1_573' title='bbox 1858 3447 2014 3501; x_wconf 83' lang='lat' dir='ltr'><strong>Putat</strong></span> <span class='ocrx_word' id='word_1_574' title='bbox 2044 3445 2377 3501; x_wconf 75' lang='lat' dir='ltr'><strong>Maldonatus</strong></span> <span class='ocrx_word' id='word_1_575' title='bbox 2412 3452 2613 3498; x_wconf 76' lang='lat' dir='ltr'><strong>textum</strong></span> <span class='ocrx_word' id='word_1_576' title='bbox 2643 3458 2763 3497; x_wconf 88' lang='lat' dir='ltr'><strong>esse</strong></span> <span class='ocrx_word' id='word_1_577' title='bbox 2790 3454 3096 3512; x_wconf 84' lang='lat' dir='ltr'><strong>corruptum</strong></span> <span class='ocrx_word' id='word_1_578' title='bbox 3118 3484 3132 3508; x_wconf 90' lang='lat'><strong>,</strong></span> <span class='ocrx_word' id='word_1_579' title='bbox 3165 3444 3350 3499; x_wconf 86' lang='lat' dir='ltr'><strong>dicens</strong></span> <span class='ocrx_word' id='word_1_580' title='bbox 3381 3454 3446 3499; x_wconf 80' lang='lat' dir='ltr'><strong>ea</strong></span> 
     </span>
    </p>
   </div>
   <div class='ocr_carea' id='block_1_80' title="bbox 1855 3533 3442 3599">
    <p class='ocr_par' dir='ltr' id='par_1_80' title="bbox 1855 3533 3442 3599">
     <span class='ocr_line' id='line_1_81' title="bbox 1855 3533 3442 3599; baseline 0.001 -11"><span class='ocrx_word' id='word_1_581' title='bbox 1855 3538 2017 3589; x_wconf 80' lang='lat' dir='ltr'><strong>verba</strong></span> <span class='ocrx_word' id='word_1_582' title='bbox 2066 3534 2361 3589; x_wconf 89' lang='lat' dir='ltr'><strong>Innocentii</strong></span> <span class='ocrx_word' id='word_1_583' title='bbox 2424 3535 2509 3586; x_wconf 80' lang='lat' dir='ltr'><strong>vix</strong></span> <span class='ocrx_word' id='word_1_584' title='bbox 2569 3548 2781 3587; x_wconf 91' lang='lat' dir='ltr'><strong>sensum</strong></span> <span class='ocrx_word' id='word_1_585' title='bbox 2835 3533 2998 3586; x_wconf 91' lang='lat' dir='ltr'><strong>ullum</strong></span> <span class='ocrx_word' id='word_1_586' title='bbox 3060 3545 3442 3599; x_wconf 77' lang='lat' dir='ltr'><strong>congruentem</strong></span> 
     </span>
    </p>
   </div>
   <div class='ocr_carea' id='block_1_81' title="bbox 1857 3624 3440 3694">
    <p class='ocr_par' dir='ltr' id='par_1_81' title="bbox 1857 3624 3440 3694">
     <span class='ocr_line' id='line_1_82' title="bbox 1857 3624 3440 3694; baseline -0.001 -13"><span class='ocrx_word' id='word_1_587' title='bbox 1857 3629 2056 3682; x_wconf 89' lang='lat' dir='ltr'><strong>habere</strong></span> <span class='ocrx_word' id='word_1_588' title='bbox 2103 3640 2302 3694; x_wconf 85' lang='lat' dir='ltr'><strong>posse:</strong></span> <span class='ocrx_word' id='word_1_589' title='bbox 2363 3644 2381 3675; x_wconf 75' lang='grc' dir='ltr'><strong>ι</strong></span> <span class='ocrx_word' id='word_1_590' title='bbox 2420 3624 2520 3678; x_wconf 91' lang='lat' dir='ltr'><strong>Ubi</strong></span> <span class='ocrx_word' id='word_1_591' title='bbox 2549 3638 2676 3693; x_wconf 88' lang='lat' dir='ltr'><strong>ergo</strong></span> <span class='ocrx_word' id='word_1_592' title='bbox 2702 3665 2715 3685; x_wconf 89' lang='lat'><strong>,</strong></span> <span class='ocrx_word' id='word_1_593' title='bbox 2761 3625 2968 3691; x_wconf 90' lang='lat' dir='ltr'><strong>inquit,</strong></span> <span class='ocrx_word' id='word_1_594' title='bbox 3002 3633 3083 3677; x_wconf 89' lang='lat' dir='ltr'><strong>est</strong></span> <span class='ocrx_word' id='word_1_595' title='bbox 3122 3624 3440 3692; x_wconf 79' lang='lat' dir='ltr'><strong>defendunt,</strong></span> 
     </span>
    </p>
   </div>
   <div class='ocr_carea' id='block_1_82' title="bbox 1858 3712 3441 3786">
    <p class='ocr_par' dir='ltr' id='par_1_82' title="bbox 1858 3712 3441 3786">
     <span class='ocr_line' id='line_1_83' title="bbox 1858 3712 3441 3786; baseline -0.002 -14"><span class='ocrx_word' id='word_1_596' title='bbox 1858 3716 2140 3786; x_wconf 87' lang='lat' dir='ltr'><strong>legendum</strong></span> <span class='ocrx_word' id='word_1_597' title='bbox 2198 3722 2324 3783; x_wconf 89' lang='lat' dir='ltr'><strong>pulo</strong></span> <span class='ocrx_word' id='word_1_598' title='bbox 2353 3714 2606 3783; x_wconf 80' lang='lat' dir='ltr'><strong>deferunt,</strong></span> <span class='ocrx_word' id='word_1_599' title='bbox 2642 3723 2695 3767; x_wconf 89' lang='lat' dir='ltr'><strong>et</strong></span> <span class='ocrx_word' id='word_1_600' title='bbox 2725 3712 2810 3767; x_wconf 87' lang='lat' dir='ltr'><strong>ubi</strong></span> <span class='ocrx_word' id='word_1_601' title='bbox 2854 3723 2939 3767; x_wconf 89' lang='lat' dir='ltr'><strong>est</strong></span> <span class='ocrx_word' id='word_1_602' title='bbox 2984 3714 3082 3766; x_wconf 90' lang='lat' dir='ltr'><strong>nisi</strong></span> <span class='ocrx_word' id='word_1_603' title='bbox 3104 3714 3441 3784; x_wconf 79' lang='lat' dir='ltr'><strong>baptismate,</strong></span> 
     </span>
    </p>
   </div>
   <div class='ocr_carea' id='block_1_83' title="bbox 1858 3803 3442 3874">
    <p class='ocr_par' dir='ltr' id='par_1_83' title="bbox 1858 3803 3442 3874">
     <span class='ocr_line' id='line_1_84' title="bbox 1858 3803 3442 3874; baseline -0.002 -12"><span class='ocrx_word' id='word_1_604' title='bbox 1858 3807 2143 3873; x_wconf 76' lang='lat' dir='ltr'><strong>legendum</strong></span> <span class='ocrx_word' id='word_1_605' title='bbox 2176 3814 2327 3874; x_wconf 91' lang='lat' dir='ltr'><strong>puto,</strong></span> <span class='ocrx_word' id='word_1_606' title='bbox 2355 3806 2466 3858; x_wconf 86' lang='lat' dir='ltr'><strong>sine</strong></span> <span class='ocrx_word' id='word_1_607' title='bbox 2489 3803 2808 3871; x_wconf 86' lang='lat' dir='ltr'><strong>baptismate.</strong></span> <span class='ocrx_word' id='word_1_608' title='bbox 2852 3823 2870 3855; x_wconf 76' lang='grc' dir='ltr'><strong>ι</strong></span> <span class='ocrx_word' id='word_1_609' title='bbox 2905 3803 3169 3872; x_wconf 81' lang='lat' dir='ltr'><strong>Vasquez,</strong></span> <span class='ocrx_word' id='word_1_610' title='bbox 3196 3816 3327 3871; x_wconf 88' lang='lat' dir='ltr'><strong>part.</strong></span> <span class='ocrx_word' id='word_1_611' title='bbox 3360 3822 3442 3871; x_wconf 89' lang='grc' dir='ltr'>ιιι,</span> 
     </span>
    </p>
   </div>
   <div class='ocr_carea' id='block_1_84' title="bbox 1855 3892 3442 3963">
    <p class='ocr_par' dir='ltr' id='par_1_84' title="bbox 1855 3892 3442 3963">
     <span class='ocr_line' id='line_1_85' title="bbox 1855 3892 3442 3963; baseline -0.002 -11"><span class='ocrx_word' id='word_1_612' title='bbox 1855 3899 1995 3962; x_wconf 88' lang='lat' dir='ltr'><strong>disp.</strong></span> <span class='ocrx_word' id='word_1_613' title='bbox 2026 3894 2149 3960; x_wconf 65' lang='lat' dir='ltr'><strong>Q79,</strong></span> <span class='ocrx_word' id='word_1_614' title='bbox 2194 3910 2314 3963; x_wconf 85' lang='lat' dir='ltr'><strong>cap.</strong></span> <span class='ocrx_word' id='word_1_615' title='bbox 2358 3893 2420 3957; x_wconf 73' lang='lat' dir='ltr'><strong>lt,</strong></span> <span class='ocrx_word' id='word_1_616' title='bbox 2474 3910 2622 3948; x_wconf 92' lang='lat' dir='ltr'><strong>num.</strong></span> <span class='ocrx_word' id='word_1_617' title='bbox 2655 3892 2755 3957; x_wconf 81' lang='grc'><strong>55,</strong></span> <span class='ocrx_word' id='word_1_618' title='bbox 2790 3909 2907 3947; x_wconf 87' lang='lat' dir='ltr'><strong>eum</strong></span> <span class='ocrx_word' id='word_1_619' title='bbox 2946 3892 3442 3950; x_wconf 80' lang='lat' dir='ltr'><strong>animadversiones</strong></span> 
     </span>
    </p>
   </div>
   <div class='ocr_carea' id='block_1_85' title="bbox 1854 3984 3437 4055">
    <p class='ocr_par' dir='ltr' id='par_1_85' title="bbox 1854 3984 3437 4055">
     <span class='ocr_line' id='line_1_86' title="bbox 1854 3984 3437 4055; baseline -0.002 -13"><span class='ocrx_word' id='word_1_620' title='bbox 1854 3987 2138 4042; x_wconf 80' lang='lat' dir='ltr'><strong>Maldonati</strong></span> <span class='ocrx_word' id='word_1_621' title='bbox 2184 3993 2442 4049; x_wconf 89' lang='lat' dir='ltr'><strong>notasset,</strong></span> <span class='ocrx_word' id='word_1_622' title='bbox 2482 3985 2647 4053; x_wconf 85' lang='lat' dir='ltr'><strong>legit,</strong></span> <span class='ocrx_word' id='word_1_623' title='bbox 2677 3985 2849 4039; x_wconf 86' lang='lat' dir='ltr'><strong>in&#39;eis</strong></span> <span class='ocrx_word' id='word_1_624' title='bbox 2891 3984 3190 4055; x_wconf 78' lang='lat' dir='ltr'><strong>defendunt.</strong></span> <span class='ocrx_word' id='word_1_625' title='bbox 3234 3985 3303 4039; x_wconf 86' lang='lat' dir='ltr'><strong>At</strong></span> <span class='ocrx_word' id='word_1_626' title='bbox 3343 3985 3437 4039; x_wconf 89' lang='lat' dir='ltr'><strong>illa</strong></span> 
     </span>
    </p>
   </div>
   <div class='ocr_carea' id='block_1_86' title="bbox 1857 4075 3440 4149">
    <p class='ocr_par' dir='ltr' id='par_1_86' title="bbox 1857 4075 3440 4149">
     <span class='ocr_line' id='line_1_87' title="bbox 1857 4075 3440 4149; baseline 0 -17"><span class='ocrx_word' id='word_1_627' title='bbox 1857 4079 2013 4133; x_wconf 87' lang='lat' dir='ltr'><strong>verba</strong></span> <span class='ocrx_word' id='word_1_628' title='bbox 2046 4077 2306 4149; x_wconf 89' lang='lat' dir='ltr'><strong>optimum</strong></span> <span class='ocrx_word' id='word_1_629' title='bbox 2335 4092 2550 4131; x_wconf 67' lang='lat' dir='ltr'><strong>sensum</strong></span> <span class='ocrx_word' id='word_1_630' title='bbox 2580 4076 2805 4139; x_wconf 86' lang='lat' dir='ltr'><strong>habent,</strong></span> <span class='ocrx_word' id='word_1_631' title='bbox 2852 4090 2973 4129; x_wconf 83' lang='lat' dir='ltr'><strong>nam</strong></span> <span class='ocrx_word' id='word_1_632' title='bbox 2998 4075 3079 4129; x_wconf 89' lang='lat' dir='ltr'><strong>vel</strong></span> <span class='ocrx_word' id='word_1_633' title='bbox 3108 4077 3220 4145; x_wconf 90' lang='lat' dir='ltr'><strong>ipse</strong></span> <span class='ocrx_word' id='word_1_634' title='bbox 3248 4075 3440 4132; x_wconf 86' lang='lat' dir='ltr'><strong>Cicero</strong></span> 
     </span>
    </p>
   </div>
   <div class='ocr_carea' id='block_1_87' title="bbox 1855 4167 3437 4238">
    <p class='ocr_par' dir='ltr' id='par_1_87' title="bbox 1855 4167 3437 4238">
     <span class='ocr_line' id='line_1_88' title="bbox 1855 4167 3437 4238; baseline -0.003 -12"><span class='ocrx_word' id='word_1_635' title='bbox 1855 4186 1982 4226; x_wconf 80' lang='lat' dir='ltr'><strong>usos</strong></span> <span class='ocrx_word' id='word_1_636' title='bbox 2015 4180 2095 4223; x_wconf 89' lang='lat' dir='ltr'><strong>est</strong></span> <span class='ocrx_word' id='word_1_637' title='bbox 2126 4169 2228 4223; x_wconf 87' lang='lat' dir='ltr'><strong>illis</strong></span> <span class='ocrx_word' id='word_1_638' title='bbox 2275 4168 2547 4238; x_wconf 90' lang='lat' dir='ltr'><strong>particulis</strong></span> <span class='ocrx_word' id='word_1_639' title='bbox 2574 4184 2673 4221; x_wconf 89' lang='lat' dir='ltr'><strong>non</strong></span> <span class='ocrx_word' id='word_1_640' title='bbox 2703 4168 2800 4221; x_wconf 80' lang='lat' dir='ltr'><strong>nisi</strong></span> <span class='ocrx_word' id='word_1_641' title='bbox 2832 4168 2882 4221; x_wconf 92' lang='lat' dir='ltr'><strong>in</strong></span> <span class='ocrx_word' id='word_1_642' title='bbox 2915 4168 3007 4222; x_wconf 91' lang='lat' dir='ltr'><strong>lib.</strong></span> <span class='ocrx_word' id='word_1_643' title='bbox 3047 4168 3113 4222; x_wconf 84' lang='lat' dir='ltr'><strong>de</strong></span> <span class='ocrx_word' id='word_1_644' title='bbox 3139 4167 3387 4223; x_wconf 74' lang='lat' dir='ltr'><strong>Amicitia</strong></span> <span class='ocrx_word' id='word_1_645' title='bbox 3422 4184 3437 4222; x_wconf 90' lang='lat'><strong>:</strong></span> 
     </span>
    </p>
   </div>
   <div class='ocr_carea' id='block_1_88' title="bbox 1860 4258 3439 4329">
    <p class='ocr_par' dir='ltr' id='par_1_88' title="bbox 1860 4258 3439 4329">
     <span class='ocr_line' id='line_1_89' title="bbox 1860 4258 3439 4329; baseline 0.003 -18"><span class='ocrx_word' id='word_1_646' title='bbox 1860 4280 1877 4311; x_wconf 77' lang='grc' dir='ltr'><strong>ι</strong></span> <span class='ocrx_word' id='word_1_647' title='bbox 1919 4261 2028 4315; x_wconf 76' lang='grc' dir='ltr'>ιιοο</span> <span class='ocrx_word' id='word_1_648' title='bbox 2058 4260 2283 4329; x_wconf 88' lang='lat' dir='ltr'><strong>primum</strong></span> <span class='ocrx_word' id='word_1_649' title='bbox 2313 4260 2488 4313; x_wconf 80' lang='lat' dir='ltr'><strong>sentio</strong></span> <span class='ocrx_word' id='word_1_650' title='bbox 2544 4258 2645 4312; x_wconf 84' lang='lat' dir='ltr'><strong>nisi</strong></span> <span class='ocrx_word' id='word_1_651' title='bbox 2696 4259 2749 4311; x_wconf 91' lang='lat' dir='ltr'><strong>in</strong></span> <span class='ocrx_word' id='word_1_652' title='bbox 2780 4258 2935 4313; x_wconf 90' lang='lat' dir='ltr'><strong>bonis</strong></span> <span class='ocrx_word' id='word_1_653' title='bbox 2980 4259 3268 4314; x_wconf 66' lang='lat' dir='ltr'><strong>amicitiam</strong></span> <span class='ocrx_word' id='word_1_654' title='bbox 3316 4276 3439 4317; x_wconf 74' lang='lat'><strong>8:58</strong></span> 
     </span>
    </p>
   </div>
   <div class='ocr_carea' id='block_1_89' title="bbox 1855 4351 3437 4421">
    <p class='ocr_par' dir='ltr' id='par_1_89' title="bbox 1855 4351 3437 4421">
     <span class='ocr_line' id='line_1_90' title="bbox 1855 4351 3437 4421; baseline 0.001 -15"><span class='ocrx_word' id='word_1_655' title='bbox 1855 4368 1959 4407; x_wconf 91' lang='lat' dir='ltr'><strong>non</strong></span> <span class='ocrx_word' id='word_1_656' title='bbox 1989 4366 2167 4421; x_wconf 88' lang='lat' dir='ltr'><strong>posse.</strong></span> <span class='ocrx_word' id='word_1_657' title='bbox 2208 4370 2226 4403; x_wconf 77' lang='grc' dir='ltr'><strong>ι</strong></span> <span class='ocrx_word' id='word_1_658' title='bbox 2264 4352 2317 4405; x_wconf 90' lang='lat' dir='ltr'><strong>In</strong></span> <span class='ocrx_word' id='word_1_659' title='bbox 2369 4351 2575 4421; x_wconf 83' lang='lat' dir='ltr'><strong>synodo</strong></span> <span class='ocrx_word' id='word_1_660' title='bbox 2616 4351 2774 4405; x_wconf 86' lang='lat' dir='ltr'><strong>etiam</strong></span> <span class='ocrx_word' id='word_1_661' title='bbox 2816 4352 3254 4421; x_wconf 72' lang='lat' dir='ltr'><strong>Cartltaginensi,</strong></span> <span class='ocrx_word' id='word_1_662' title='bbox 3295 4369 3437 4409; x_wconf 87' lang='lat' dir='ltr'><strong>anno</strong></span> 
     </span>
    </p>
   </div>
   <div class='ocr_carea' id='block_1_90' title="bbox 1855 4442 3433 4509">
    <p class='ocr_par' dir='ltr' id='par_1_90' title="bbox 1855 4442 3433 4509">
     <span class='ocr_line' id='line_1_91' title="bbox 1855 4442 3433 4509; baseline 0.002 -13"><span class='ocrx_word' id='word_1_663' title='bbox 1855 4444 1975 4509; x_wconf 71' lang='lat'><strong>397,</strong></span> <span class='ocrx_word' id='word_1_664' title='bbox 2006 4458 2127 4497; x_wconf 91' lang='lat' dir='ltr'><strong>can.</strong></span> <span class='ocrx_word' id='word_1_665' title='bbox 2156 4442 2244 4506; x_wconf 69' lang='lat'><strong>29,</strong></span> <span class='ocrx_word' id='word_1_666' title='bbox 2288 4443 2483 4497; x_wconf 91' lang='lat' dir='ltr'><strong>dicitur</strong></span> <span class='ocrx_word' id='word_1_667' title='bbox 2512 4460 2524 4494; x_wconf 87' lang='lat'><strong>:</strong></span> <span class='ocrx_word' id='word_1_668' title='bbox 2558 4461 2575 4494; x_wconf 78' lang='grc' dir='ltr'><strong>ι</strong></span> <span class='ocrx_word' id='word_1_669' title='bbox 2616 4442 2682 4498; x_wconf 91' lang='lat' dir='ltr'><strong>Ut</strong></span> <span class='ocrx_word' id='word_1_670' title='bbox 2723 4452 3058 4497; x_wconf 84' lang='lat' dir='ltr'><strong>sacramenta</strong></span> <span class='ocrx_word' id='word_1_671' title='bbox 3102 4443 3285 4496; x_wconf 87' lang='lat' dir='ltr'><strong>altaris</strong></span> <span class='ocrx_word' id='word_1_672' title='bbox 3327 4459 3433 4499; x_wconf 82' lang='lat' dir='ltr'><strong>non</strong></span> 
     </span>
    </p>
   </div>
   <div class='ocr_carea' id='block_1_91' title="bbox 1856 4533 3435 4603">
    <p class='ocr_par' dir='ltr' id='par_1_91' title="bbox 1856 4533 3435 4603">
     <span class='ocr_line' id='line_1_92' title="bbox 1856 4533 3435 4603; baseline 0 -15"><span class='ocrx_word' id='word_1_673' title='bbox 1856 4535 1958 4589; x_wconf 73' lang='lat' dir='ltr'><strong>nisi</strong></span> <span class='ocrx_word' id='word_1_674' title='bbox 1988 4534 2232 4603; x_wconf 85' lang='lat' dir='ltr'><strong>ajejunis</strong></span> <span class='ocrx_word' id='word_1_675' title='bbox 2266 4534 2570 4589; x_wconf 83' lang='lat' dir='ltr'><strong>hominibus</strong></span> <span class='ocrx_word' id='word_1_676' title='bbox 2591 4534 2948 4590; x_wconf 89' lang='lat' dir='ltr'><strong>celebrentur.</strong></span> <span class='ocrx_word' id='word_1_677' title='bbox 2985 4552 3005 4585; x_wconf 78' lang='grc' dir='ltr'><strong>ι</strong></span> <span class='ocrx_word' id='word_1_678' title='bbox 3045 4533 3271 4587; x_wconf 87' lang='lat' dir='ltr'><strong>Verbum</strong></span> <span class='ocrx_word' id='word_1_679' title='bbox 3302 4548 3435 4588; x_wconf 85' lang='lat' dir='ltr'><strong>vero</strong></span> 
     </span>
    </p>
   </div>
   <div class='ocr_carea' id='block_1_92' title="bbox 169 4614 3427 4707">
    <p class='ocr_par' dir='ltr' id='par_1_92' title="bbox 169 4614 3427 4707">
     <span class='ocr_line' id='line_1_93' title="bbox 169 4614 3427 4707; baseline -0 -32"><span class='ocrx_word' id='word_1_680' title='bbox 169 4627 237 4677; x_wconf 83' lang='lat' dir='ltr'><strong>sia</strong></span> <span class='ocrx_word' id='word_1_681' title='bbox 260 4640 443 4683; x_wconf 89' lang='lat' dir='ltr'><strong>sancto</strong></span> <span class='ocrx_word' id='word_1_682' title='bbox 470 4629 685 4707; x_wconf 82' lang='lat' dir='ltr'><strong>doctori</strong></span> <span class='ocrx_word' id='word_1_683' title='bbox 719 4629 1112 4697; x_wconf 87' lang='lat' dir='ltr'><strong>patrocinante,</strong></span> <span class='ocrx_word' id='word_1_684' title='bbox 1138 4627 1449 4696; x_wconf 64' lang='lat' dir='ltr'><strong>apostolicae</strong></span> <span class='ocrx_word' id='word_1_685' title='bbox 1479 4628 1620 4681; x_wconf 91' lang='lat' dir='ltr'><strong>enim</strong></span> <span class='ocrx_word' id='word_1_686' title='bbox 1652 4642 1737 4681; x_wconf 83' lang='lat' dir='ltr'><strong>se-</strong></span> <span class='ocrx_word' id='word_1_687' title='bbox 1774 4614 1824 4675; x_wconf 78' lang='grc' dir='ltr'><strong>Β</strong></span> <span class='ocrx_word' id='word_1_688' title='bbox 1848 4625 2064 4693; x_wconf 78' lang='lat' dir='ltr'><strong>defendo</strong></span> <span class='ocrx_word' id='word_1_689' title='bbox 2086 4639 2203 4678; x_wconf 87' lang='lat' dir='ltr'><strong>cum</strong></span> <span class='ocrx_word' id='word_1_690' title='bbox 2226 4623 2408 4678; x_wconf 89' lang='lat' dir='ltr'><strong>dativo</strong></span> <span class='ocrx_word' id='word_1_691' title='bbox 2437 4624 2607 4693; x_wconf 85' lang='lat' dir='ltr'><strong>jungit</strong></span> <span class='ocrx_word' id='word_1_692' title='bbox 2630 4624 2877 4679; x_wconf 89' lang='lat' dir='ltr'><strong>lIoratius</strong></span> <span class='ocrx_word' id='word_1_693' title='bbox 2906 4623 2997 4677; x_wconf 89' lang='lat' dir='ltr'><strong>lib.</strong></span> <span class='ocrx_word' id='word_1_694' title='bbox 3033 4639 3070 4676; x_wconf 92' lang='grc' dir='ltr'>ι.</span> <span class='ocrx_word' id='word_1_695' title='bbox 3099 4623 3427 4690; x_wconf 86' lang='lat' dir='ltr'><strong>Carminum,</strong></span> 
     </span>
    </p>
   </div>
   <div class='ocr_carea' id='block_1_93' title="bbox 170 4713 1745 4788">
    <p class='ocr_par' dir='ltr' id='par_1_93' title="bbox 170 4713 1745 4788">
     <span class='ocr_line' id='line_1_94' title="bbox 170 4713 1745 4788; baseline 0.002 -19"><span class='ocrx_word' id='word_1_696' title='bbox 170 4713 244 4769; x_wconf 83' lang='lat' dir='ltr'><strong>dis</strong></span> <span class='ocrx_word' id='word_1_697' title='bbox 270 4721 554 4787; x_wconf 79' lang='lat' dir='ltr'><strong>pontifices</strong></span> <span class='ocrx_word' id='word_1_698' title='bbox 581 4720 767 4774; x_wconf 89' lang='lat' dir='ltr'><strong>eadem</strong></span> <span class='ocrx_word' id='word_1_699' title='bbox 812 4719 1031 4773; x_wconf 92' lang='lat' dir='ltr'><strong>omnino</strong></span> <span class='ocrx_word' id='word_1_700' title='bbox 1060 4718 1341 4788; x_wconf 85' lang='lat' dir='ltr'><strong>Augustini</strong></span> <span class='ocrx_word' id='word_1_701' title='bbox 1374 4719 1533 4772; x_wconf 84' lang='lat' dir='ltr'><strong>verba</strong></span> <span class='ocrx_word' id='word_1_702' title='bbox 1561 4732 1745 4773; x_wconf 64' lang='lat' dir='ltr'><strong>contra</strong></span> 
     </span>
    </p>
   </div>
   <div class='ocr_carea' id='block_1_94' title="bbox 176 4803 1748 4877">
    <p class='ocr_par' dir='ltr' id='par_1_94' title="bbox 176 4803 1748 4877">
     <span class='ocr_line' id='line_1_95' title="bbox 176 4803 1748 4877; baseline 0.005 -21"><span class='ocrx_word' id='word_1_703' title='bbox 176 4803 474 4877; x_wconf 81' lang='lat' dir='ltr'><strong>Pelagianos</strong></span> <span class='ocrx_word' id='word_1_704' title='bbox 524 4818 875 4877; x_wconf 85' lang='lat' dir='ltr'><strong>usurparunt.</strong></span> <span class='ocrx_word' id='word_1_705' title='bbox 915 4808 1049 4863; x_wconf 88' lang='lat' dir='ltr'><strong>Cum</strong></span> <span class='ocrx_word' id='word_1_706' title='bbox 1121 4809 1383 4876; x_wconf 62' lang='lat' dir='ltr'><strong>hatretici,</strong></span> <span class='ocrx_word' id='word_1_707' title='bbox 1417 4812 1587 4863; x_wconf 89' lang='lat' dir='ltr'><strong>coacti</strong></span> <span class='ocrx_word' id='word_1_708' title='bbox 1645 4811 1748 4864; x_wconf 86' lang='lat' dir='ltr'><strong>iliis</strong></span> 
     </span>
    </p>
   </div>
   <div class='ocr_carea' id='block_1_95' title="bbox 176 4896 1749 4969">
    <p class='ocr_par' dir='ltr' id='par_1_95' title="bbox 176 4896 1749 4969">
     <span class='ocr_line' id='line_1_96' title="bbox 176 4896 1749 4969; baseline 0.005 -24"><span class='ocrx_word' id='word_1_709' title='bbox 176 4896 336 4949; x_wconf 88' lang='lat' dir='ltr'><strong>\crbis</strong></span> <span class='ocrx_word' id='word_1_710' title='bbox 366 4899 579 4953; x_wconf 85' lang='lat' dir='ltr'><strong>Domini</strong></span> <span class='ocrx_word' id='word_1_711' title='bbox 612 4898 769 4954; x_wconf 78' lang='lat' dir='ltr'><strong>Joan.</strong></span> <span class='ocrx_word' id='word_1_712' title='bbox 810 4915 885 4963; x_wconf 88' lang='grc' dir='ltr'>ιιι,</span> <span class='ocrx_word' id='word_1_713' title='bbox 914 4899 945 4950; x_wconf 85' lang='grc'>6</span> <span class='ocrx_word' id='word_1_714' title='bbox 982 4916 993 4950; x_wconf 93' lang='lat'>:</span> <span class='ocrx_word' id='word_1_715' title='bbox 1024 4899 1141 4951; x_wconf 87' lang='lat' dir='ltr'><strong>Nisi</strong></span> <span class='ocrx_word' id='word_1_716' title='bbox 1179 4899 1292 4967; x_wconf 87' lang='lat' dir='ltr'><strong>quis</strong></span> <span class='ocrx_word' id='word_1_717' title='bbox 1333 4910 1541 4952; x_wconf 83' lang='lat' dir='ltr'><strong>renatus</strong></span> <span class='ocrx_word' id='word_1_718' title='bbox 1595 4901 1749 4969; x_wconf 77' lang='lat' dir='ltr'><strong>fuerit</strong></span> 
     </span>
    </p>
   </div>
   <div class='ocr_carea' id='block_1_96' title="bbox 177 4989 1791 5064">
    <p class='ocr_par' dir='ltr' id='par_1_96' title="bbox 177 4989 1791 5064">
     <span class='ocr_line' id='line_1_97' title="bbox 177 4989 1791 5064; baseline 0.004 -28"><span class='ocrx_word' id='word_1_719' title='bbox 177 4996 232 5034; x_wconf 76' lang='lat' dir='ltr'><strong>ea:</strong></span> <span class='ocrx_word' id='word_1_720' title='bbox 252 5002 378 5054; x_wconf 84' lang='lat' dir='ltr'><strong>aqua</strong></span> <span class='ocrx_word' id='word_1_721' title='bbox 406 5000 452 5043; x_wconf 89' lang='lat' dir='ltr'><strong>et</strong></span> <span class='ocrx_word' id='word_1_722' title='bbox 478 4991 685 5060; x_wconf 86' lang='lat' dir='ltr'><strong>Spiritu</strong></span> <span class='ocrx_word' id='word_1_723' title='bbox 711 5001 907 5053; x_wconf 86' lang='lat' dir='ltr'><strong>sancto,</strong></span> <span class='ocrx_word' id='word_1_724' title='bbox 939 5005 1042 5041; x_wconf 72' lang='lat' dir='ltr'><strong>non</strong></span> <span class='ocrx_word' id='word_1_725' title='bbox 1090 4996 1251 5059; x_wconf 82' lang='lat' dir='ltr'><strong>potest</strong></span> <span class='ocrx_word' id='word_1_726' title='bbox 1305 4989 1517 5043; x_wconf 82' lang='lat' dir='ltr'><strong>introire</strong></span> <span class='ocrx_word' id='word_1_727' title='bbox 1566 4990 1619 5042; x_wconf 92' lang='lat' dir='ltr'><strong>in</strong></span> <span class='ocrx_word' id='word_1_728' title='bbox 1667 5006 1751 5042; x_wconf 84' lang='lat' dir='ltr'><strong>re-</strong></span> <span class='ocrx_word' id='word_1_729' title='bbox 1776 5050 1791 5064; x_wconf 33' lang='grc' dir='ltr'>η</span> 
     </span>
    </p>
   </div>
   <div class='ocr_carea' id='block_1_97' title="bbox 180 5077 1748 5147">
    <p class='ocr_par' dir='ltr' id='par_1_97' title="bbox 180 5077 1748 5147">
     <span class='ocr_line' id='line_1_98' title="bbox 180 5077 1748 5147; baseline 0.005 -22"><span class='ocrx_word' id='word_1_730' title='bbox 180 5090 321 5139; x_wconf 68' lang='lat' dir='ltr'><strong>gnam</strong></span> <span class='ocrx_word' id='word_1_731' title='bbox 348 5078 463 5147; x_wconf 86' lang='lat' dir='ltr'><strong>Dei,</strong></span> <span class='ocrx_word' id='word_1_732' title='bbox 499 5080 863 5136; x_wconf 76' lang='lat' dir='ltr'><strong>concederent</strong></span> <span class='ocrx_word' id='word_1_733' title='bbox 891 5093 1085 5147; x_wconf 87' lang='lat' dir='ltr'><strong>pueros</strong></span> <span class='ocrx_word' id='word_1_734' title='bbox 1126 5079 1243 5132; x_wconf 90' lang='lat' dir='ltr'><strong>sine</strong></span> <span class='ocrx_word' id='word_1_735' title='bbox 1289 5077 1560 5143; x_wconf 86' lang='lat' dir='ltr'><strong>baptismo</strong></span> <span class='ocrx_word' id='word_1_736' title='bbox 1605 5094 1748 5133; x_wconf 41' lang='lat' dir='ltr'><strong>mors</strong></span> 
     </span>
    </p>
   </div>
   <div class='ocr_carea' id='block_1_98' title="bbox 189 5172 1749 5239">
    <p class='ocr_par' dir='ltr' id='par_1_98' title="bbox 189 5172 1749 5239">
     <span class='ocr_line' id='line_1_99' title="bbox 189 5172 1749 5239; baseline 0.007 -23"><span class='ocrx_word' id='word_1_737' title='bbox 189 5172 298 5219; x_wconf 86' lang='lat' dir='ltr'><strong>tuos</strong></span> <span class='ocrx_word' id='word_1_738' title='bbox 320 5184 420 5224; x_wconf 86' lang='lat' dir='ltr'><strong>non</strong></span> <span class='ocrx_word' id='word_1_739' title='bbox 452 5173 623 5227; x_wconf 90' lang='lat' dir='ltr'><strong>ituros</strong></span> <span class='ocrx_word' id='word_1_740' title='bbox 654 5173 705 5225; x_wconf 89' lang='lat' dir='ltr'><strong>in</strong></span> <span class='ocrx_word' id='word_1_741' title='bbox 740 5188 958 5239; x_wconf 83' lang='lat' dir='ltr'><strong>regnum</strong></span> <span class='ocrx_word' id='word_1_742' title='bbox 997 5172 1279 5235; x_wconf 77' lang='lat' dir='ltr'><strong>etelorum,</strong></span> <span class='ocrx_word' id='word_1_743' title='bbox 1313 5185 1433 5223; x_wconf 89' lang='lat' dir='ltr'><strong>cum</strong></span> <span class='ocrx_word' id='word_1_744' title='bbox 1483 5172 1601 5223; x_wconf 88' lang='lat' dir='ltr'><strong>illos</strong></span> <span class='ocrx_word' id='word_1_745' title='bbox 1631 5172 1749 5227; x_wconf 88' lang='lat' dir='ltr'><strong>sine</strong></span> 
     </span>
    </p>
   </div>
   <div class='ocr_carea' id='block_1_99' title="bbox 186 5261 1743 5332">
    <p class='ocr_par' dir='ltr' id='par_1_99' title="bbox 186 5261 1743 5332">
     <span class='ocr_line' id='line_1_100' title="bbox 186 5261 1743 5332; baseline -0.001 -15"><span class='ocrx_word' id='word_1_746' title='bbox 186 5265 384 5317; x_wconf 60' lang='lat' dir='ltr'><strong>licccato</strong></span> <span class='ocrx_word' id='word_1_747' title='bbox 429 5262 676 5332; x_wconf 87' lang='lat' dir='ltr'><strong>originali</strong></span> <span class='ocrx_word' id='word_1_748' title='bbox 716 5278 835 5316; x_wconf 85' lang='lat' dir='ltr'><strong>esse</strong></span> <span class='ocrx_word' id='word_1_749' title='bbox 872 5261 1089 5325; x_wconf 84' lang='lat' dir='ltr'><strong>vellent,</strong></span> <span class='ocrx_word' id='word_1_750' title='bbox 1142 5263 1405 5331; x_wconf 84' lang='lat' dir='ltr'><strong>negabant</strong></span> <span class='ocrx_word' id='word_1_751' title='bbox 1443 5263 1659 5315; x_wconf 80' lang='lat' dir='ltr'><strong>eosdem</strong></span> <span class='ocrx_word' id='word_1_752' title='bbox 1691 5262 1743 5316; x_wconf 93' lang='lat' dir='ltr'><strong>in</strong></span> 
     </span>
    </p>
   </div>
   <div class='ocr_carea' id='block_1_100' title="bbox 187 5340 1747 5423">
    <p class='ocr_par' dir='ltr' id='par_1_100' title="bbox 187 5340 1747 5423">
     <span class='ocr_line' id='line_1_101' title="bbox 187 5340 1747 5423; baseline 0.001 -16"><span class='ocrx_word' id='word_1_753' title='bbox 187 5340 345 5407; x_wconf 65' lang='lat' dir='ltr'><strong>itinem</strong></span> <span class='ocrx_word' id='word_1_754' title='bbox 374 5362 631 5407; x_wconf 77' lang='lat' dir='ltr'><strong>:eternum</strong></span> <span class='ocrx_word' id='word_1_755' title='bbox 657 5353 1042 5423; x_wconf 82' lang='lat' dir='ltr'><strong>projiciendos,</strong></span> <span class='ocrx_word' id='word_1_756' title='bbox 1073 5353 1164 5406; x_wconf 87' lang='lat' dir='ltr'><strong>sed</strong></span> <span class='ocrx_word' id='word_1_757' title='bbox 1211 5354 1465 5408; x_wconf 85' lang='lat' dir='ltr'><strong>dicebant</strong></span> <span class='ocrx_word' id='word_1_758' title='bbox 1506 5356 1621 5408; x_wconf 70' lang='lat' dir='ltr'><strong>ilzos</strong></span> <span class='ocrx_word' id='word_1_759' title='bbox 1656 5355 1747 5408; x_wconf 55' lang='lat' dir='ltr'><strong>hac</strong></span> 
     </span>
    </p>
   </div>
   <div class='ocr_carea' id='block_1_101' title="bbox 192 5429 1750 5513">
    <p class='ocr_par' dir='ltr' id='par_1_101' title="bbox 192 5429 1750 5513">
     <span class='ocr_line' id='line_1_102' title="bbox 192 5429 1750 5513; baseline 0.012 -33"><span class='ocrx_word' id='word_1_760' title='bbox 192 5429 376 5492; x_wconf 86' lang='lat' dir='ltr'><strong>hituros</strong></span> <span class='ocrx_word' id='word_1_761' title='bbox 407 5446 586 5498; x_wconf 88' lang='lat' dir='ltr'><strong>nescio</strong></span> <span class='ocrx_word' id='word_1_762' title='bbox 615 5460 773 5513; x_wconf 89' lang='lat' dir='ltr'><strong>quam</strong></span> <span class='ocrx_word' id='word_1_763' title='bbox 808 5446 968 5497; x_wconf 85' lang='lat' dir='ltr'><strong>vitam</strong></span> <span class='ocrx_word' id='word_1_764' title='bbox 1012 5456 1290 5505; x_wconf 73' lang='lat' dir='ltr'><strong>:eteruam,</strong></span> <span class='ocrx_word' id='word_1_765' title='bbox 1323 5445 1529 5498; x_wconf 82' lang='lat' dir='ltr'><strong>beatam</strong></span> <span class='ocrx_word' id='word_1_766' title='bbox 1582 5461 1642 5506; x_wconf 75' lang='lat' dir='ltr'><strong>ac</strong></span> <span class='ocrx_word' id='word_1_767' title='bbox 1672 5446 1750 5498; x_wconf 78' lang='lat' dir='ltr'><strong>fe-</strong></span> 
     </span>
    </p>
   </div>
   <div class='ocr_carea' id='block_1_102' title="bbox 195 5520 1744 5605">
    <p class='ocr_par' dir='ltr' id='par_1_102' title="bbox 195 5520 1744 5605">
     <span class='ocr_line' id='line_1_103' title="bbox 195 5520 1744 5605; baseline 0.014 -36"><span class='ocrx_word' id='word_1_768' title='bbox 195 5520 356 5591; x_wconf 83' lang='lat' dir='ltr'><strong>licem,</strong></span> <span class='ocrx_word' id='word_1_769' title='bbox 386 5541 441 5583; x_wconf 90' lang='lat' dir='ltr'><strong>ut</strong></span> <span class='ocrx_word' id='word_1_770' title='bbox 468 5535 967 5604; x_wconf 83' lang='lat' dir='ltr'><strong>traditAugust&#39;nus</strong></span> <span class='ocrx_word' id='word_1_771' title='bbox 984 5551 1145 5589; x_wconf 87' lang='lat' dir='ltr'><strong>serm.</strong></span> <span class='ocrx_word' id='word_1_772' title='bbox 1175 5537 1320 5590; x_wconf 64' lang='lat' dir='ltr'><strong>“de</strong></span> <span class='ocrx_word' id='word_1_773' title='bbox 1346 5537 1504 5590; x_wconf 82' lang='lat' dir='ltr'><strong>Verb.</strong></span> <span class='ocrx_word' id='word_1_774' title='bbox 1534 5542 1744 5605; x_wconf 84' lang='lat' dir='ltr'><strong>Apost.,</strong></span> 
     </span>
    </p>
   </div>
   <div class='ocr_carea' id='block_1_103' title="bbox 195 5607 1745 5695">
    <p class='ocr_par' dir='ltr' id='par_1_103' title="bbox 195 5607 1745 5695">
     <span class='ocr_line' id='line_1_104' title="bbox 195 5607 1745 5695; baseline 0.014 -32"><span class='ocrx_word' id='word_1_775' title='bbox 195 5607 277 5666; x_wconf 71' lang='lat' dir='ltr'><strong>&#39;ib.</strong></span> <span class='ocrx_word' id='word_1_776' title='bbox 307 5631 353 5669; x_wconf 88' lang='lat' dir='ltr'><strong>tv</strong></span> <span class='ocrx_word' id='word_1_777' title='bbox 374 5620 437 5673; x_wconf 91' lang='lat' dir='ltr'><strong>de</strong></span> <span class='ocrx_word' id='word_1_778' title='bbox 458 5626 599 5695; x_wconf 82' lang='lat' dir='ltr'><strong>Orig.</strong></span> <span class='ocrx_word' id='word_1_779' title='bbox 625 5628 835 5693; x_wconf 75' lang='lat' dir='ltr'><strong>animm,</strong></span> <span class='ocrx_word' id='word_1_780' title='bbox 858 5642 975 5694; x_wconf 87' lang='lat' dir='ltr'><strong>cap.</strong></span> <span class='ocrx_word' id='word_1_781' title='bbox 1004 5624 1087 5688; x_wconf 73' lang='lat'><strong>~13,</strong></span> <span class='ocrx_word' id='word_1_782' title='bbox 1121 5627 1342 5695; x_wconf 77' lang='lat' dir='ltr'><strong>epistola</strong></span> <span class='ocrx_word' id='word_1_783' title='bbox 1383 5628 1501 5691; x_wconf 82' lang='lat' dir='ltr'><strong>I06,</strong></span> <span class='ocrx_word' id='word_1_784' title='bbox 1528 5636 1580 5681; x_wconf 80' lang='lat' dir='ltr'><strong>et</strong></span> <span class='ocrx_word' id='word_1_785' title='bbox 1600 5629 1745 5684; x_wconf 88' lang='lat' dir='ltr'><strong>alibi.</strong></span> 
     </span>
    </p>
   </div>
   <div class='ocr_carea' id='block_1_104' title="bbox 195 5700 1745 5796">
    <p class='ocr_par' dir='ltr' id='par_1_104' title="bbox 195 5700 1745 5796">
     <span class='ocr_line' id='line_1_105' title="bbox 195 5700 1745 5796; baseline 0.001 -25"><span class='ocrx_word' id='word_1_786' title='bbox 195 5700 372 5796; x_wconf 51' lang='lat' dir='ltr'><strong>glir‘fe.</strong></span> <span class='ocrx_word' id='word_1_787' title='bbox 419 5725 469 5766; x_wconf 92' lang='lat' dir='ltr'><strong>ut</strong></span> <span class='ocrx_word' id='word_1_788' title='bbox 515 5718 675 5773; x_wconf 88' lang='lat' dir='ltr'><strong>hocce</strong></span> <span class='ocrx_word' id='word_1_789' title='bbox 737 5719 987 5787; x_wconf 67' lang='lat' dir='ltr'><strong>effugium</strong></span> <span class='ocrx_word' id='word_1_790' title='bbox 1038 5720 1335 5788; x_wconf 81' lang='lat' dir='ltr'><strong>Pelagianis</strong></span> <span class='ocrx_word' id='word_1_791' title='bbox 1376 5722 1745 5788; x_wconf 67' lang='lat' dir='ltr'><strong>pra-cluderet,</strong></span> 
     </span>
    </p>
   </div>
   <div class='ocr_carea' id='block_1_105' title="bbox 197 5791 1745 5879">
    <p class='ocr_par' dir='ltr' id='par_1_105' title="bbox 197 5791 1745 5879">
     <span class='ocr_line' id='line_1_106' title="bbox 197 5791 1745 5879; baseline 0.019 -41"><span class='ocrx_word' id='word_1_792' title='bbox 197 5791 309 5847; x_wconf 78' lang='lat' dir='ltr'><strong>illud</strong></span> <span class='ocrx_word' id='word_1_793' title='bbox 337 5796 542 5861; x_wconf 80' lang='lat' dir='ltr'><strong>Joannis</strong></span> <span class='ocrx_word' id='word_1_794' title='bbox 567 5824 640 5877; x_wconf 86' lang='lat' dir='ltr'><strong>vt,</strong></span> <span class='ocrx_word' id='word_1_795' title='bbox 666 5809 757 5877; x_wconf 81' lang='lat' dir='ltr'><strong>5i,</strong></span> <span class='ocrx_word' id='word_1_796' title='bbox 812 5810 1057 5879; x_wconf 81' lang='lat' dir='ltr'><strong>Opposuit</strong></span> <span class='ocrx_word' id='word_1_797' title='bbox 1087 5828 1100 5863; x_wconf 93' lang='lat'><strong>:</strong></span> <span class='ocrx_word' id='word_1_798' title='bbox 1155 5810 1274 5865; x_wconf 77' lang='lat' dir='ltr'><strong>Nisi</strong></span> <span class='ocrx_word' id='word_1_799' title='bbox 1321 5811 1745 5867; x_wconf 59' lang='lat' dir='ltr'><strong>manducaueritis</strong></span> 
     </span>
    </p>
   </div>
   <div class='ocr_carea' id='block_1_106' title="bbox 1851 4710 3435 4781">
    <p class='ocr_par' dir='ltr' id='par_1_106' title="bbox 1851 4710 3435 4781">
     <span class='ocr_line' id='line_1_107' title="bbox 1851 4710 3435 4781; baseline -0.002 -13"><span class='ocrx_word' id='word_1_800' title='bbox 1851 4714 1950 4768; x_wconf 89' lang='lat' dir='ltr'><strong>ode</strong></span> <span class='ocrx_word' id='word_1_801' title='bbox 2001 4712 2064 4766; x_wconf 82' lang='lat' dir='ltr'><strong>l7</strong></span> <span class='ocrx_word' id='word_1_802' title='bbox 2119 4730 2132 4765; x_wconf 92' lang='lat'><strong>:</strong></span> <span class='ocrx_word' id='word_1_803' title='bbox 2175 4710 2417 4781; x_wconf 83' lang='lat' dir='ltr'><strong>Defendit</strong></span> <span class='ocrx_word' id='word_1_804' title='bbox 2445 4722 2675 4767; x_wconf 72' lang='lat' dir='ltr'><strong>arstatem</strong></span> <span class='ocrx_word' id='word_1_805' title='bbox 2731 4712 2937 4780; x_wconf 81' lang='lat' dir='ltr'><strong>capellis</strong></span> <span class='ocrx_word' id='word_1_806' title='bbox 2968 4752 2983 4775; x_wconf 95' lang='lat'><strong>,</strong></span> <span class='ocrx_word' id='word_1_807' title='bbox 3038 4720 3091 4765; x_wconf 91' lang='lat' dir='ltr'><strong>et</strong></span> <span class='ocrx_word' id='word_1_808' title='bbox 3144 4710 3435 4780; x_wconf 73' lang='lat' dir='ltr'><strong>Virgilius,</strong></span> 
     </span>
    </p>
   </div>
   <div class='ocr_carea' id='block_1_107' title="bbox 1851 4802 3493 4877">
    <p class='ocr_par' dir='ltr' id='par_1_107' title="bbox 1851 4802 3493 4877">
     <span class='ocr_line' id='line_1_108' title="bbox 1851 4802 3493 4877; baseline -0.001 -15"><span class='ocrx_word' id='word_1_809' title='bbox 1851 4809 2022 4877; x_wconf 84' lang='lat' dir='ltr'><strong>eclog.</strong></span> <span class='ocrx_word' id='word_1_810' title='bbox 2053 4808 2086 4861; x_wconf 76' lang='grc'><strong>4</strong></span> <span class='ocrx_word' id='word_1_811' title='bbox 2114 4825 2125 4859; x_wconf 86' lang='grc'>;</span> <span class='ocrx_word' id='word_1_812' title='bbox 2162 4807 2454 4861; x_wconf 87' lang='lat' dir='ltr'><strong>Solstitium</strong></span> <span class='ocrx_word' id='word_1_813' title='bbox 2488 4806 2658 4874; x_wconf 87' lang='lat' dir='ltr'><strong>pecori</strong></span> <span class='ocrx_word' id='word_1_814' title='bbox 2700 4804 2975 4874; x_wconf 80' lang='lat' dir='ltr'><strong>defendite.</strong></span> <span class='ocrx_word' id='word_1_815' title='bbox 3012 4802 3118 4858; x_wconf 80' lang='lat' dir='ltr'><strong>Nec</strong></span> <span class='ocrx_word' id='word_1_816' title='bbox 3150 4803 3433 4871; x_wconf 76' lang='lat' dir='ltr'><strong>przefectus</strong></span> <span class='ocrx_word' id='word_1_817' title='bbox 3476 4864 3493 4869; x_wconf 26' lang='grc' dir='ltr'><em>Η</em></span> 
     </span>
    </p>
   </div>
   <div class='ocr_carea' id='block_1_108' title="bbox 1854 4894 3431 4966">
    <p class='ocr_par' dir='ltr' id='par_1_108' title="bbox 1854 4894 3431 4966">
     <span class='ocr_line' id='line_1_109' title="bbox 1854 4894 3431 4966; baseline -0.001 -14"><span class='ocrx_word' id='word_1_818' title='bbox 1854 4901 2038 4953; x_wconf 86' lang='lat' dir='ltr'><strong>urbem</strong></span> <span class='ocrx_word' id='word_1_819' title='bbox 2084 4898 2371 4953; x_wconf 88' lang='lat' dir='ltr'><strong>defendere</strong></span> <span class='ocrx_word' id='word_1_820' title='bbox 2418 4897 2520 4950; x_wconf 88' lang='lat' dir='ltr'><strong>sibi</strong></span> <span class='ocrx_word' id='word_1_821' title='bbox 2569 4894 2826 4948; x_wconf 87' lang='lat' dir='ltr'><strong>dicendus</strong></span> <span class='ocrx_word' id='word_1_822' title='bbox 2872 4894 2996 4962; x_wconf 73' lang='lat' dir='ltr'><strong>est,</strong></span> <span class='ocrx_word' id='word_1_823' title='bbox 3050 4895 3142 4950; x_wconf 83' lang='lat' dir='ltr'><strong>sed</strong></span> <span class='ocrx_word' id='word_1_824' title='bbox 3182 4895 3431 4966; x_wconf 90' lang='lat' dir='ltr'><strong>principi.</strong></span> 
     </span>
    </p>
   </div>
   <div class='ocr_carea' id='block_1_109' title="bbox 1854 4983 3431 5056">
    <p class='ocr_par' dir='ltr' id='par_1_109' title="bbox 1854 4983 3431 5056">
     <span class='ocr_line' id='line_1_110' title="bbox 1854 4983 3431 5056; baseline -0.001 -14"><span class='ocrx_word' id='word_1_825' title='bbox 1854 4989 2031 5051; x_wconf 85' lang='lat' dir='ltr'><strong>Quare</strong></span> <span class='ocrx_word' id='word_1_826' title='bbox 2067 4993 2243 5040; x_wconf 84' lang='lat' dir='ltr'><strong>textus</strong></span> <span class='ocrx_word' id='word_1_827' title='bbox 2273 4987 2442 5039; x_wconf 87' lang='lat' dir='ltr'><strong>sancti</strong></span> <span class='ocrx_word' id='word_1_828' title='bbox 2478 4983 2767 5037; x_wconf 77' lang='lat' dir='ltr'><strong>Innocentii</strong></span> <span class='ocrx_word' id='word_1_829' title='bbox 2800 4983 2959 5038; x_wconf 73' lang='lat' dir='ltr'><strong>nulla:</strong></span> <span class='ocrx_word' id='word_1_830' title='bbox 2990 5000 3140 5040; x_wconf 67' lang='lat' dir='ltr'><strong>nova:</strong></span> <span class='ocrx_word' id='word_1_831' title='bbox 3169 5002 3431 5056; x_wconf 86' lang='lat' dir='ltr'><strong>gramma-</strong></span> 
     </span>
    </p>
   </div>
   <div class='ocr_carea' id='block_1_110' title="bbox 1858 5072 3437 5142">
    <p class='ocr_par' dir='ltr' id='par_1_110' title="bbox 1858 5072 3437 5142">
     <span class='ocr_line' id='line_1_111' title="bbox 1858 5072 3437 5142; baseline 0.003 -13"><span class='ocrx_word' id='word_1_832' title='bbox 1858 5079 1978 5130; x_wconf 70' lang='lat' dir='ltr'><strong>ticac</strong></span> <span class='ocrx_word' id='word_1_833' title='bbox 2000 5076 2351 5142; x_wconf 79' lang='lat' dir='ltr'><strong>castigatione</strong></span> <span class='ocrx_word' id='word_1_834' title='bbox 2382 5072 2741 5127; x_wconf 84' lang='lat' dir='ltr'><strong>restituendus</strong></span> <span class='ocrx_word' id='word_1_835' title='bbox 2772 5073 2946 5140; x_wconf 89' lang='lat' dir='ltr'><strong>venit;</strong></span> <span class='ocrx_word' id='word_1_836' title='bbox 2973 5076 3064 5131; x_wconf 86' lang='lat' dir='ltr'><strong>sed</strong></span> <span class='ocrx_word' id='word_1_837' title='bbox 3099 5077 3296 5132; x_wconf 87' lang='lat' dir='ltr'><strong>leviora</strong></span> <span class='ocrx_word' id='word_1_838' title='bbox 3323 5078 3437 5132; x_wconf 72' lang='lat' dir='ltr'><strong>haec</strong></span> 
     </span>
    </p>
   </div>
   <div class='ocr_carea' id='block_1_111' title="bbox 1855 5164 3437 5234">
    <p class='ocr_par' dir='ltr' id='par_1_111' title="bbox 1855 5164 3437 5234">
     <span class='ocr_line' id='line_1_112' title="bbox 1855 5164 3437 5234; baseline 0 -11"><span class='ocrx_word' id='word_1_839' title='bbox 1855 5169 2154 5223; x_wconf 87' lang='lat' dir='ltr'><strong>insinuasse</strong></span> <span class='ocrx_word' id='word_1_840' title='bbox 2178 5166 2245 5220; x_wconf 90' lang='lat' dir='ltr'><strong>sit</strong></span> <span class='ocrx_word' id='word_1_841' title='bbox 2262 5166 2413 5219; x_wconf 74' lang='lat' dir='ltr'><strong>satis.</strong></span> <span class='ocrx_word' id='word_1_842' title='bbox 2434 5164 2636 5218; x_wconf 87' lang='lat' dir='ltr'><strong>Eodem</strong></span> <span class='ocrx_word' id='word_1_843' title='bbox 2662 5179 2880 5234; x_wconf 83' lang='lat' dir='ltr'><strong>prorsus</strong></span> <span class='ocrx_word' id='word_1_844' title='bbox 2899 5168 3204 5224; x_wconf 89' lang='lat' dir='ltr'><strong>testimonio</strong></span> <span class='ocrx_word' id='word_1_845' title='bbox 3217 5177 3437 5223; x_wconf 83' lang='lat' dir='ltr'><strong>sanctus</strong></span> 
     </span>
    </p>
   </div>
   <div class='ocr_carea' id='block_1_112' title="bbox 1856 5255 3436 5329">
    <p class='ocr_par' dir='ltr' id='par_1_112' title="bbox 1856 5255 3436 5329">
     <span class='ocr_line' id='line_1_113' title="bbox 1856 5255 3436 5329; baseline -0.001 -17"><span class='ocrx_word' id='word_1_846' title='bbox 1856 5257 2101 5312; x_wconf 80' lang='lat' dir='ltr'><strong>Gelasius</strong></span> <span class='ocrx_word' id='word_1_847' title='bbox 2127 5271 2259 5326; x_wconf 85' lang='lat' dir='ltr'><strong>papa</strong></span> <span class='ocrx_word' id='word_1_848' title='bbox 2291 5255 2605 5325; x_wconf 85' lang='lat' dir='ltr'><strong>Pelagianos</strong></span> <span class='ocrx_word' id='word_1_849' title='bbox 2635 5257 2906 5312; x_wconf 90' lang='lat' dir='ltr'><strong>insecutus</strong></span> <span class='ocrx_word' id='word_1_850' title='bbox 2928 5269 3009 5313; x_wconf 91' lang='lat' dir='ltr'><strong>est</strong></span> <span class='ocrx_word' id='word_1_851' title='bbox 3037 5259 3089 5312; x_wconf 91' lang='lat' dir='ltr'><strong>in</strong></span> <span class='ocrx_word' id='word_1_852' title='bbox 3114 5258 3337 5329; x_wconf 82' lang='lat' dir='ltr'><strong>cpistola</strong></span> <span class='ocrx_word' id='word_1_853' title='bbox 3369 5256 3436 5311; x_wconf 88' lang='lat' dir='ltr'><strong>ad</strong></span> 
     </span>
    </p>
   </div>
   <div class='ocr_carea' id='block_1_113' title="bbox 1855 5348 3439 5419">
    <p class='ocr_par' dir='ltr' id='par_1_113' title="bbox 1855 5348 3439 5419">
     <span class='ocr_line' id='line_1_114' title="bbox 1855 5348 3439 5419; baseline -0.002 -15"><span class='ocrx_word' id='word_1_854' title='bbox 1855 5352 2137 5419; x_wconf 83' lang='lat' dir='ltr'><strong>episcopos</strong></span> <span class='ocrx_word' id='word_1_855' title='bbox 2194 5365 2288 5416; x_wconf 88' lang='lat' dir='ltr'><strong>per</strong></span> <span class='ocrx_word' id='word_1_856' title='bbox 2342 5349 2595 5403; x_wconf 86' lang='lat' dir='ltr'><strong>Picenum</strong></span> <span class='ocrx_word' id='word_1_857' title='bbox 2654 5366 2668 5402; x_wconf 90' lang='lat'><strong>:</strong></span> <span class='ocrx_word' id='word_1_858' title='bbox 2733 5368 2752 5403; x_wconf 74' lang='grc' dir='ltr'><strong>ι</strong></span> <span class='ocrx_word' id='word_1_859' title='bbox 2809 5348 2876 5405; x_wconf 90' lang='lat' dir='ltr'><strong>Ut</strong></span> <span class='ocrx_word' id='word_1_860' title='bbox 2920 5352 3254 5419; x_wconf 86' lang='lat' dir='ltr'><strong>providentia</strong></span> <span class='ocrx_word' id='word_1_861' title='bbox 3311 5349 3439 5415; x_wconf 86' lang='lat' dir='ltr'><strong>Dei,</strong></span> 
     </span>
    </p>
   </div>
   <div class='ocr_carea' id='block_1_114' title="bbox 1856 5438 3436 5508">
    <p class='ocr_par' dir='ltr' id='par_1_114' title="bbox 1856 5438 3436 5508">
     <span class='ocr_line' id='line_1_115' title="bbox 1856 5438 3436 5508; baseline -0.002 -15"><span class='ocrx_word' id='word_1_862' title='bbox 1856 5442 2056 5507; x_wconf 89' lang='lat' dir='ltr'><strong>inquit,</strong></span> <span class='ocrx_word' id='word_1_863' title='bbox 2089 5452 2278 5492; x_wconf 90' lang='lat' dir='ltr'><strong>omnes</strong></span> <span class='ocrx_word' id='word_1_864' title='bbox 2323 5438 2731 5505; x_wconf 80' lang='lat' dir='ltr'><strong>Pelagianorum</strong></span> <span class='ocrx_word' id='word_1_865' title='bbox 2783 5441 3047 5508; x_wconf 88' lang='lat' dir='ltr'><strong>nequitias</strong></span> <span class='ocrx_word' id='word_1_866' title='bbox 3088 5446 3436 5505; x_wconf 79' lang='lat' dir='ltr'><strong>auiputaret,</strong></span> 
     </span>
    </p>
   </div>
   <div class='ocr_carea' id='block_1_115' title="bbox 1857 5528 3437 5598">
    <p class='ocr_par' dir='ltr' id='par_1_115' title="bbox 1857 5528 3437 5598">
     <span class='ocr_line' id='line_1_116' title="bbox 1857 5528 3437 5598; baseline -0.001 -17"><span class='ocrx_word' id='word_1_867' title='bbox 1857 5545 1958 5582; x_wconf 90' lang='lat' dir='ltr'><strong>nou</strong></span> <span class='ocrx_word' id='word_1_868' title='bbox 1982 5530 2150 5582; x_wconf 88' lang='lat' dir='ltr'><strong>solum</strong></span> <span class='ocrx_word' id='word_1_869' title='bbox 2174 5529 2373 5583; x_wconf 86' lang='lat' dir='ltr'><strong>dictum</strong></span> <span class='ocrx_word' id='word_1_870' title='bbox 2395 5537 2476 5584; x_wconf 78' lang='lat' dir='ltr'><strong>est</strong></span> <span class='ocrx_word' id='word_1_871' title='bbox 2504 5546 2515 5580; x_wconf 90' lang='lat'><strong>:</strong></span> <span class='ocrx_word' id='word_1_872' title='bbox 2545 5528 2645 5595; x_wconf 83' lang='lat' dir='ltr'><strong>Qui</strong></span> <span class='ocrx_word' id='word_1_873' title='bbox 2676 5545 2777 5582; x_wconf 88' lang='lat' dir='ltr'><strong>non</strong></span> <span class='ocrx_word' id='word_1_874' title='bbox 2803 5530 2955 5598; x_wconf 79' lang='lat' dir='ltr'><strong>fuerit</strong></span> <span class='ocrx_word' id='word_1_875' title='bbox 2980 5536 3190 5582; x_wconf 86' lang='lat' dir='ltr'><strong>renatus</strong></span> <span class='ocrx_word' id='word_1_876' title='bbox 3212 5544 3275 5581; x_wconf 75' lang='lat' dir='ltr'><strong>ea:</strong></span> <span class='ocrx_word' id='word_1_877' title='bbox 3301 5544 3437 5596; x_wconf 79' lang='lat' dir='ltr'><strong>aqua</strong></span> 
     </span>
    </p>
   </div>
   <div class='ocr_carea' id='block_1_116' title="bbox 1849 5620 3437 5688">
    <p class='ocr_par' dir='ltr' id='par_1_116' title="bbox 1849 5620 3437 5688">
     <span class='ocr_line' id='line_1_117' title="bbox 1849 5620 3437 5688; baseline 0 -14"><span class='ocrx_word' id='word_1_878' title='bbox 1849 5632 1894 5674; x_wconf 86' lang='lat' dir='ltr'><strong>et</strong></span> <span class='ocrx_word' id='word_1_879' title='bbox 1937 5620 2136 5688; x_wconf 86' lang='lat' dir='ltr'><strong>Spiritu</strong></span> <span class='ocrx_word' id='word_1_880' title='bbox 2186 5630 2398 5687; x_wconf 87' lang='lat' dir='ltr'><strong>sancto,</strong></span> <span class='ocrx_word' id='word_1_881' title='bbox 2435 5638 2536 5674; x_wconf 85' lang='lat' dir='ltr'><strong>non</strong></span> <span class='ocrx_word' id='word_1_882' title='bbox 2580 5622 2803 5674; x_wconf 83' lang='lat' dir='ltr'><strong>intrabit.</strong></span> <span class='ocrx_word' id='word_1_883' title='bbox 2834 5621 2886 5671; x_wconf 90' lang='lat' dir='ltr'><strong>in</strong></span> <span class='ocrx_word' id='word_1_884' title='bbox 2930 5635 3143 5687; x_wconf 88' lang='lat' dir='ltr'><strong>regnum</strong></span> <span class='ocrx_word' id='word_1_885' title='bbox 3197 5620 3437 5674; x_wconf 66' lang='lat' dir='ltr'><strong>caelorum</strong></span> 
     </span>
    </p>
   </div>
   <div class='ocr_carea' id='block_1_117' title="bbox 1850 5710 3437 5782">
    <p class='ocr_par' dir='ltr' id='par_1_117' title="bbox 1850 5710 3437 5782">
     <span class='ocr_line' id='line_1_118' title="bbox 1850 5710 3437 5782; baseline -0.001 -19"><span class='ocrx_word' id='word_1_886' title='bbox 1850 5711 2027 5782; x_wconf 83' lang='lat' dir='ltr'><strong>(Joan;</strong></span> <span class='ocrx_word' id='word_1_887' title='bbox 2056 5726 2134 5776; x_wconf 81' lang='grc' dir='ltr'>ιιι,</span> <span class='ocrx_word' id='word_1_888' title='bbox 2164 5710 2243 5781; x_wconf 80' lang='grc'><strong>5),</strong></span> <span class='ocrx_word' id='word_1_889' title='bbox 2274 5712 2368 5766; x_wconf 87' lang='lat' dir='ltr'><strong>sed</strong></span> <span class='ocrx_word' id='word_1_890' title='bbox 2398 5713 2558 5766; x_wconf 88' lang='lat' dir='ltr'><strong>etiam</strong></span> <span class='ocrx_word' id='word_1_891' title='bbox 2589 5712 2785 5779; x_wconf 88' lang='lat' dir='ltr'><strong>pariter</strong></span> <span class='ocrx_word' id='word_1_892' title='bbox 2806 5710 3004 5765; x_wconf 86' lang='lat' dir='ltr'><strong>dictum</strong></span> <span class='ocrx_word' id='word_1_893' title='bbox 3034 5718 3117 5765; x_wconf 89' lang='lat' dir='ltr'><strong>est</strong></span> <span class='ocrx_word' id='word_1_894' title='bbox 3148 5728 3161 5765; x_wconf 91' lang='lat'>:</span> <span class='ocrx_word' id='word_1_895' title='bbox 3199 5712 3301 5777; x_wconf 80' lang='lat' dir='ltr'><strong>Qui</strong></span> <span class='ocrx_word' id='word_1_896' title='bbox 3334 5726 3437 5763; x_wconf 86' lang='lat' dir='ltr'><strong>non</strong></span> 
     </span>
    </p>
   </div>
   <div class='ocr_carea' id='block_1_118' title="bbox 1848 5800 3437 5877">
    <p class='ocr_par' dir='ltr' id='par_1_118' title="bbox 1848 5800 3437 5877">
     <span class='ocr_line' id='line_1_119' title="bbox 1848 5800 3437 5877; baseline 0.001 -21"><span class='ocrx_word' id='word_1_897' title='bbox 1848 5803 2231 5857; x_wconf 74' lang='lat' dir='ltr'><strong>ntandncat&#39;erit</strong></span> <span class='ocrx_word' id='word_1_898' title='bbox 2278 5818 2486 5857; x_wconf 80' lang='lat' dir='ltr'><strong>carnem</strong></span> <span class='ocrx_word' id='word_1_899' title='bbox 2516 5801 2661 5877; x_wconf 21' lang='lat' dir='ltr'><strong>‘Filii</strong></span> <span class='ocrx_word' id='word_1_900' title='bbox 2712 5800 2963 5868; x_wconf 83' lang='lat' dir='ltr'><strong>hominis,</strong></span> <span class='ocrx_word' id='word_1_901' title='bbox 3010 5811 3057 5857; x_wconf 88' lang='lat' dir='ltr'><strong>et</strong></span> <span class='ocrx_word' id='word_1_902' title='bbox 3095 5802 3271 5859; x_wconf 73' lang='lat' dir='ltr'><strong>biberit</strong></span> <span class='ocrx_word' id='word_1_903' title='bbox 3325 5806 3437 5873; x_wconf 82' lang='lat' dir='ltr'><strong>ejus</strong></span> 
     </span>
    </p>
   </div>
  </div>
