3892 6296
458 365 555 417 703

1298 355 1850 413 S-Ui’l‘LEMENTUM
1893 359 1982 411 AD
2023 356 2246 411 OPERA
2291 357 2348 413 S.
2393 355 2784 413 AUGUSTINI.

3620 365 3720 418 7M

453 480 762 548 sanguinem,
795 493 893 529 non
925 474 1120 528 habebit
1153 475 1306 528 vitam
1350 475 1401 526 in
1432 474 1699 539 semetipso
1731 471 1909 542 (Joan.
1937 487 1984 525 vt
2007 512 2020 536 ,
2051 477 2100 531 Α
2129 471 2409 537 AttguStiui
2466 471 2669 524 amicus
2706 479 2759 525 et
2807 469 3078 535 defensor,
3128 472 3178 526 in
3217 475 3486 541 opusculo
3533 489 3719 531 con“.

453 570 566 639 Si).
600 569 673 623 De
699 568 803 620 vita
833 577 1008 620 autem
1061 574 1258 618 aeterna
1290 563 1388 617 hoc
1419 563 1616 616 dictum
1650 564 1824 616 nullus
1859 561 2026 616 addu-

454 664 620 727 bitat,
651 659 901 728 quoniam
961 657 1112 710 mttlti
1162 673 1265 710 non
1295 656 1672 709 tuandut‘antes
1713 655 1814 708 hoc
1849 669 2027 708 sacra-

461 762 698 805 mentum
727 751 884 803 vitam
907 747 1398 801 vidcanturltabere
1423 756 1752 813 prmsentem.
1787 764 1804 796 ι
1837 743 2024 811 Audis,

456 844 759 905 Moraincs,
812 855 916 893 non
970 839 1144 892 minus
1171 837 1237 890 ad
1288 837 1536 904 parvulos
1585 835 1847 904 pertinere
1893 834 2024 888 illud

453 933 606 986 Joau.
653 947 702 983 \'l
758 947 770 982 :
833 929 949 986 Nisi
1001 928 1462 992 ntanducareritis,
1509 935 1637 990 etc.,
1686 941 1840 990 quam
1899 923 2024 978 illud

455 1029 606 1084 Joan.
640 1044 695 1080 ιιι
731 1044 743 1079 :
782 1025 902 1078 Nisi
948 1024 1063 1093 quis
1107 1036 1311 1075 renatus
1337 1063 1350 1086 ,
1391 1031 1495 1076 etc.
1551 1021 1668 1074 lloe‘
1690 1017 2028 1073 Innocentius

456 1118 651 1178 credit,
679 1117 779 1168 hoc
805 1113 1047 1166 Gelasius
1069 1112 1270 1170 statuit.
1295 1112 1432 1180 quod
1458 1122 1630 1163 tamen
1655 1109 1707 1160 in
1734 1109 2028 1176 Augusuno

458 1218 707 1274 tanquam
742 1205 1028 1271 palmarcm
1061 1218 1297 1256 errorem
1333 1201 1781 1269 reprehendebas.

529 1295 856 1350 Maldonatus
896 1295 945 1346 in
987 1293 1287 1346 Comment.
1336 1308 1452 1360 cap.
1487 1307 1535 1344 Vl
1584 1291 1736 1344 Joan.
1776 1289 1878 1356 54,
1909 1291 1978 1344 ait
2011 1306 2026 1346 :

465 1406 484 1439 ι
523 1387 732 1441 MiSSam
764 1384 896 1437 facio
924 1385 1200 1451 Augusuni
1223 1395 1274 1437 et
1302 1383 1590 1436 Innocentii
1622 1382 1640 1436 Ι
1668 1382 1985 1436 sententiam
2012 1421 2026 1445 ,

461 1492 579 1543 quin
606 1483 890 1529 sexcentos
915 1475 1127 1526 circiter
1157 1489 1322 1526 annos
1351 1473 1518 1536 Viguit.
1544 1472 1595 1526 in
1630 1471 1888 1540 Ecclesia,
1919 1472 2031 1526 Eu-

456 1567 760 1620 cltaristiam
808 1567 965 1619 etiam
1001 1565 1298 1642 infantibus
1340 1564 1714 1619 necessariam.
1761 1584 1778 1616 ι
1829 1567 2030 1619 Rursus

459 1660 656 1714 ibidetn
710 1657 937 1711 affirmat
988 1659 1338 1725 Augustinum
1386 1667 1438 1710 et
1493 1658 1858 1712 Innocentium
1893 1675 1912 1708 ι
1965 1672 2030 1712 co

460 1749 767 1804 testimonio
791 1748 946 1803 Joan.
975 1765 1024 1803 γι
1059 1749 1316 1803 adductos
1356 1748 1517 1803 fuisse
1549 1759 1602 1801 ut
1633 1747 1916 1802 crederent
1947 1749 2030 1800 in-

469 1841 641 1894 fontes
670 1841 826 1893 etiam
860 1841 1182 1908 baptizatos,
1213 1841 1310 1893 nisi
1361 1840 1745 1893 Eurharistiam
1796 1841 2033 1908 percipe-
2065 1849 2110 1906 Β

462 1939 621 1994 rent,
672 1930 848 1984 salvos
891 1945 1010 1985 esse
1041 1946 1144 1985 non
1194 1946 1368 2000 posse.
1410 1951 1428 1982 ι
1467 1931 1536 1985 lta
1585 1932 1788 1984 socium
1833 1932 2030 1986 erroris

460 2022 757 2089 Augustino
815 2021 1052 2075 tribuunt
1104 2023 1508 2086 Innocentium,
1567 2031 1621 2075 et
1664 2023 1708 2078 si
1759 2023 2030 2077 Gelasium

463 2111 998 2177 legissent,eumdem
1022 2129 1230 2182 quoque
1259 2111 1604 2166 addidissent.
1634 2113 1744 2166 Duo
1769 2112 1853 2166 hic
1877 2112 2031 2166 nobis

468 2202 764 2268 praestanda
806 2214 962 2266 sunt,
1004 2214 1055 2257 et
1089 2203 1418 2264 Maldonatus
1453 2204 1814 2271 castigandus,
1847 2213 1899 2256 et
1928 2205 2032 2255 Au-

460 2293 704 2360 gustinus
733 2309 834 2347 una
871 2309 990 2347 cum
1034 2294 1322 2360 apostolica
1351 2293 1478 2346 sede
1519 2293 1589 2345 ab
1612 2309 1793 2348 errore
1819 2307 1880 2346 ac
1907 2295 2033 2346 den—

459 2384 604 2435 suris
634 2383 980 2437 vindit-andus
1011 2395 1111 2437 cst.
1147 2383 1202 2436 In
1234 2383 1418 2452 primis
1463 2392 1668 2436 certum
1700 2393 1781 2436 est
1823 2391 2032 2437 veteres

462 2471 647 2526 Patres
697 2474 1040 2529 consuevisse
1091 2475 1267 2541 pueris
1313 2473 1490 2526 statim
1541 2482 1659 2540 post
1708 2472 2028 2539 baptiSmnm

461 2578 667 2617 sacram
703 2563 1094 2618 Eucharistiam
1124 2565 1448 2629 ministrare,
1491 2576 1539 2617 ut
1570 2563 1782 2617 tradunt
1810 2561 2033 2634 Cypria-

459 2665 560 2704 nus
594 2653 643 2705 in
691 2653 826 2708 libro
859 2655 926 2709 de
953 2655 1166 2724 Lapsis;
1201 2654 1509 2710 Gennadius
1547 2654 1615 2708 de
1655 2654 1860 2708 Eccles.
1890 2656 2033 2724 Dog-

459 2749 614 2806 mat.,
670 2757 789 2812 cap.
843 2743 947 2811 52;
1003 2746 1330 2814 Augustinus
1373 2746 1530 2815 epist.
1583 2744 1707 2810 107;
1753 2745 2033 2800 concilium

459 2830 774 2887 Toletanum
799 2849 859 2898 tt,
887 2849 1004 2903 cap.
1038 2836 1121 2889 Η.
1159 2836 1308 2903 Quod
1339 2851 1466 2890 vero
1510 2836 1680 2905 inquit
1704 2835 2035 2892 Maldonatus

461 2921 583 2976 illos
613 2927 682 2976 ita
727 2924 948 2991 fecisse,
978 2927 1117 2994 quod
1177 2927 1430 2994 putabant
1459 2926 1836 2979 Encharistiam
1881 2929 2034 2979 etiam

460 3011 738 3075 infantibus
776 3018 1138 3076 necessariam,
1193 3017 1337 3069 nullo
1365 3025 1515 3080 pacto
1545 3015 1761 3069 concedi
1811 3027 1982 3084 potest
2017 3031 2030 3070 :

468 3099 518 3151 id
550 3101 689 3153 enim
722 3111 799 3154 est
828 3113 1015 3156 contra
1067 3103 1364 3158 Tridentini
1421 3105 1690 3158 decretum
1720 3145 1733 3168 ,
1779 3121 1913 3160 ses<.
1941 3107 2031 3170 21,

2130 563 2421 627 lulianum,
2467 561 2566 615 hoc
2595 562 2711 631 ipso
2738 572 3051 630 argumento
3081 563 3243 616 utitur
3265 580 3325 617 ea
3360 580 3600 629 prorsus
3641 581 3720 620 ra-

2133 653 2278 706 tione
2305 667 2404 720 qua
2437 651 2563 705 illud
2597 651 2694 718 ipsi
2744 651 3144 720 explicavimus.
3195 654 3270 706 Do
3312 655 3453 710 illius
3489 666 3720 711 senten-

2132 745 2260 796 tiam
2284 758 2348 796 ex
2379 741 2473 795 Ms.
2508 741 2764 795 Palatina:
2795 741 3109 796 biblothecze
3136 743 3186 796 in
3220 743 3506 810 Vaticano,
3566 762 3714 802 num.

2129 830 2274 898 253,
2325 849 2443 901 pag.
2497 835 2552 894 8,
2584 833 2686 886 col.
2719 831 2798 887 ἓξ
2851 850 2870 883 ι
2915 833 3023 888 Vox
3071 834 3356 887 Salvatoris
3384 845 3467 890 est
3533 852 3550 889 :
3601 836 3720 890 Nisi

2129 924 2555 976 mandttcaveritis
2609 938 2813 975 carnem
2841 937 3032 988 meam,
3073 931 3120 975 et
3156 923 3376 977 biberitis
3404 927 3724 995 sanguinem

2131 1029 2338 1078 meum,
2389 1027 2488 1064 non
2531 1012 2774 1065 habebitis
2825 1013 2981 1064 vitam
3030 1011 3083 1064 in
3126 1013 3535 1083 nobismetipsis;
3583 1017 3725 1082 quod

2132 1111 2277 1156 Certe
2300 1104 2496 1170 absque
2519 1101 2622 1156 ulla
2648 1102 3081 1170 tergiversatione
3101 1100 3216 1156 sine
3238 1101 3508 1170 baptismo
3537 1105 3724 1159 nullus

2134 1200 2384 1261 usurpat,
2418 1207 2516 1246 nec
2562 1194 2620 1246 fit
2646 1193 2786 1247 illius
2817 1193 3082 1262 particeps
3107 1195 3447 1250 sacramenti.
3489 1214 3512 1248 ι
3554 1195 3728 1253 Porro

2137 1284 2239 1338 hoc
2263 1294 2630 1352 argumentum
2655 1284 3023 1338 validissimum
3039 1299 3158 1340 esse
3179 1294 3402 1340 testatur
3424 1287 3725 1355 Eusebius,

2135 1375 2419 1444 episcOpns
2465 1377 2803 1444 Gallicanus,
2837 1377 2989 1444 cujus
3021 1376 3254 1431 homilia:
3296 1379 3398 1433 sub
3441 1378 3726 1434 Etnisseni

2137 1465 2288 1519 titulo
2316 1467 2782 1530 circumferuntur,
2813 1468 2899 1534 qui
2933 1477 3108 1519 tamen
3143 1467 3420 1522 Emisseno
3450 1479 3507 1522 et
3542 1479 3728 1538 poste—

2136 1559 2245 1612 rior
2275 1566 2328 1612 et
2368 1559 2556 1611 melior
2587 1558 2703 1612 fuit.
2735 1558 2830 1612 llic
2875 1557 2927 1611 in
2962 1558 3110 1613 hom.
3141 1559 3174 1612 5
3207 1559 3274 1613 de
3305 1559 3576 1615 Paschate
3603 1562 3682 1614 ait
3709 1580 3723 1614 ;

2141 1669 2159 1700 ‹
2202 1649 2320 1701 Nisi
2343 1649 2764 1701 manducattcritis
2790 1665 2993 1700 carnem
3021 1647 3148 1701 Filii
3172 1651 3425 1714 hominis,
3449 1659 3501 1703 et
3534 1651 3729 1705 biberi-

2135 1743 2198 1792 t's
2229 1741 2524 1810 sanguinem
2545 1744 2679 1808 ejus,
2706 1757 2805 1792 non
2838 1741 3080 1794 habebitis
3105 1743 3259 1794 vitam
3286 1745 3338 1796 in
3369 1745 3531 1798 vobis.
3569 1745 3725 1812 Quod

2139 1829 2500 1883 testimonium
2551 1839 2736 1882 contra
2787 1830 2984 1899 Pelagii
3015 1831 3372 1900 blasphemias
3403 1849 3724 1889 EVIDEVI’IS-

2136 1938 2296 1976 suum
2327 1933 2487 1990 atque
2537 1937 2908 1976 V'ALIDISSIMUII
2937 1934 3058 1988 est,
3092 1925 3181 1990 (1υῆ
3225 1940 3468 1980 asserere
3501 1939 3724 1996 arrepta

2136 2012 2408 2082 impietate
2437 2013 2731 2080 praesumit,
2763 2028 2868 2067 non
2899 2022 3114 2083 propter
3135 2015 3324 2079 vitam,
3369 2020 3465 2070 sed
3500 2028 3723 2086 propter

2135 2121 2353 2173 regnum
2374 2105 2630 2159 calorum
2664 2105 2981 2174 baptismum
3011 2108 3246 2176 parvulis
3281 2109 3704 2164 conferendum.

2136 2196 2247 2252 Sub
2275 2195 2360 2248 his
2380 2194 2521 2248 enim
2549 2195 2639 2248 Dei
2668 2196 2863 2260 verbis,
2897 2196 3085 2265 quibus
3108 2196 3449 2267 Evangelista
3475 2215 3716 2266 pronun-

2142 2285 2257 2352 tiat,
2294 2285 2417 2339 Non
2467 2285 2710 2340 habebitis
2740 2289 2892 2339 vitam
2913 2288 2964 2340 in
2983 2279 3140 2354 nobis,
3167 2301 3350 2359 aperte
3371 2291 3722 2362 intelligenda

2136 2387 2216 2433 est
2245 2377 2422 2432 omnis
2453 2377 2627 2431 anima
2659 2391 2882 2432 munere
2915 2377 3161 2446 baptismi
3191 2394 3352 2434 vacua
3385 2397 3489 2435 non
3539 2385 3712 2436 solum

2136 2470 2303 2538 gloria
2333 2483 2550 2533 carere,
2600 2469 2693 2523 sed
2727 2470 2853 2523 vita.
2893 2488 2910 2520 ι
2955 2469 3109 2524 Tom.
3152 2487 3183 2522 v
3215 2471 3352 2527 Bibl.
3407 2485 3716 2526 sanctorum

2090 2633 2100 2642 ο
2136 2561 2386 2624 Patrum,
2441 2571 2577 2628 part.
2619 2575 2662 2622 t,
2690 2575 2811 2630 pag.
2857 2561 2962 2616 560
3008 2563 3136 2616 edit.
3169 2563 3358 2616 Colon.
3403 2563 3553 2618 Illam
3585 2579 3712 2618 vero

2137 2660 2506 2706 auctoritatem
2553 2667 2718 2705 sacrae
2757 2653 3042 2720 Seriptttrte
3089 2654 3157 2707 ita
3201 2655 3510 2711 adhibuisse
3558 2673 3713 2710 saneo

2139 2754 2249 2798 tum
2301 2744 2648 2812 Augeatinum
2703 2754 2840 2812 patet
2886 2761 2947 2798 ex
2993 2744 3228 2814 ejusdem
3279 2748 3438 2814 epist.
3511 2749 3612 2803 106
3639 2750 3703 2802 ad

2138 2834 2451 2897 Paulinum,
2493 2834 2576 2886 ubi
2606 2835 2678 2888 ait
2724 2854 2735 2886 :
2775 2853 2793 2886 ι
2833 2836 2886 2888 Si
2913 2847 3086 2890 autem
3125 2837 3319 2891 cedunt
3349 2840 3463 2892 sedi
3493 2854 3706 2908 apostov

2138 2923 2277 2988 liene,
2304 2925 2385 2978 vel
2412 2923 2583 2991 potius
2603 2924 2701 2990 ipsi
2725 2925 2976 2994 magistro
2997 2936 3049 2980 et
3073 2925 3298 2982 Domino
3318 2931 3707 2997 apostolorum,

2136 3013 2227 3082 qui
2274 3011 2402 3066 dicit
2449 3027 2553 3066 non
2603 3013 2875 3066 habituros
2917 3014 3078 3067 vitain
3124 3017 3175 3069 in
3215 3019 3551 3084 semetipsis,
3601 3023 3706 3075 nisi

2139 3102 2576 3155 manducaverint
2607 3117 2826 3156 carnem
2856 3105 2971 3157 Filii
3007 3106 3238 3160 hominis
3268 3117 3318 3161 et
3338 3109 3567 3164 biberint
3587 3127 3709 3174 san:

464 3203 583 3255 cap.
614 3189 669 3254 4,
703 3189 789 3242 ubi
820 3192 886 3246 de
908 3192 1093 3246 eodem
1122 3196 1458 3262 antiquorum
1484 3195 1588 3246 ritu
1612 3193 1769 3246 dandi
1803 3195 2035 3260 parvulis
2065 3207 2109 3269 ε
2140 3193 2352 3262 guinem
2373 3235 2387 3255 ,
2439 3193 2577 3262 quod
2629 3209 2726 3248 NISI
2776 3211 3049 3250 Barrtzm
3083 3213 3186 3250 non
3216 3199 3398 3266 utique
3448 3196 3704 3269 possunt,

466 3277 875 3353 Eucharistiam,
907 3279 1128 3340 lotiuens
1154 3281 1266 3334 ait:
1302 3299 1320 3332 ι
1354 3280 1419 3334 Ut
1443 3280 1584 3334 enim
1610 3281 1930 3334 sanctissimi
1960 3282 2030 3335 illi

464 3365 650 3418 Patres
679 3366 761 3419 sui
794 3366 916 3421 facti
948 3367 1270 3437 probabilem
1294 3384 1505 3423 causam
1531 3385 1626 3438 pro
1657 3371 1799 3423 illius
1830 3380 2034 3439 tctnpo-

469 3458 542 3508 ris
600 3439 804 3512 ratione
851 3458 1190 3524 habuerunt,
1234 3459 1304 3514 ita
1333 3468 1481 3516 certe
1517 3476 1609 3514 eos
1658 3461 1802 3514 nulla
1849 3461 2033 3518 salutis

463 3547 780 3601 necessitate
809 3548 859 3602 id
910 3548 1101 3604 fecisse
1149 3551 1263 3604 sine
1293 3552 1658 3606 controversia
1701 3551 2029 3606 credendum

463 3647 565 3694 est.
593 3657 612 3690 ι
639 3640 790 3706 Quod
822 3656 1006 3696 rursus
1024 3642 1515 3698 additMaltIOuatus
1545 3655 1758 3698 sanctos
1782 3644 2034 3698 Innocen-

461 3732 595 3784 tiutn
627 3740 680 3785 et
710 3721 1058 3801 Angustinum
1083 3735 1280 3789 dixisse
1302 3737 1525 3803 infantes
1553 3737 1700 3787 etiam
1729 3735 2031 3804 bapzizatos,

459 3822 557 3875 nisi
587 3820 963 3877 Eucharistiam
995 3825 1336 3892 perciperent,
1359 3827 1522 3877 salvos
1555 3841 1658 3875 esse
1704 3841 1802 3877 non
1852 3841 1994 3891 posse
2014 3865 2029 3890 ,

459 3923 512 3962 et
565 3911 800 3964 Adamus
829 3913 1024 3964 dixisse
1058 3915 1406 3979 Augustinum
1465 3914 1684 3981 infantes
1735 3915 1886 3966 etiam
1925 3932 2035 3968 sus-

457 4010 600 4066 cepta
621 4001 864 4067 baptismo
880 4017 981 4051 non
1005 3998 1146 4066 posse
1165 4005 1330 4052 salvos
1349 4002 1461 4066 fieri
1483 4003 1592 4054 sine
1609 4005 1731 4056 reali
1746 4007 2034 4073 sumpti/me

458 4087 794 4139 sanctissima:
821 4086 1180 4153 Eucharistiw,
1214 4089 1549 4143 falsissimum
1581 4105 1677 4145 est.
1717 4094 1792 4146 llli
1818 4094 2030 4159 quidem

457 4176 647 4229 dixere
697 4177 922 4230 infantes
949 4179 1067 4230 sine
1110 4192 1448 4234 sacramento
1473 4181 1818 4235 Eucharistize
1857 4185 2033 4238 salvos

461 4282 582 4320 esse
614 4283 716 4320 non
763 4283 920 4336 posse
943 4309 957 4333 ,
985 4280 1036 4322 at
1066 4271 1114 4323 itl
1149 4273 1212 4325 de
1240 4274 1418 4341 pueris
1443 4273 1724 4342 baptizat:s
1763 4289 2030 4342 nunquam

461 4358 813 4422 ailirmarunt,
844 4375 962 4412 cttm
997 4376 1058 4412 ea
1101 4370 1414 4429 tempestate
1440 4364 1618 4416 statim
1664 4373 1784 4430 post
1835 4363 2034 4432 baptis-

464 4465 608 4502 mutu
639 4450 858 4503 daretur
887 4451 1132 4504 «mnibus
1182 4453 1343 4505 etiam
1394 4453 1743 4508 Eucltatistia.
1775 4454 1854 4508 0h
1894 4457 2029 4508 hanc

463 4555 591 4593 vero
617 4555 830 4594 causam
857 4556 920 4594 eo
946 4545 1246 4595 te~timonio
1269 4543 1488 4598 Joannis
1510 4559 1560 4598 τι
1584 4554 1766 4597 contra
1793 4545 2030 4614 Pelagia~
2059 4579 2111 4637 Β

459 4646 558 4686 nos
598 4634 801 4701 optime
829 4641 883 4686 et
912 4631 1132 4685 Romani
1175 4634 1450 4700 pontilices
1479 4643 1534 4689 ct
1576 4636 1900 4703 Augustinus
1947 4637 2028 4689 usi

453 4733 577 4776 sunt
610 4741 622 4776 :
655 4739 774 4776 nam
802 4739 922 4777 cum
963 4723 1228 4792 Pelagiani
1259 4723 1418 4777 vitam
1461 4734 1712 4778 a'teruum
1756 4734 1905 4778 extra
1949 4742 2033 4779 re-

454 4831 616 4882 gnum
644 4816 730 4870 Dei
757 4815 988 4884 parvulis
1007 4816 1124 4869 sine
1157 4815 1420 4884 baptismo
1444 4816 1793 4870 morientibus
1817 4818 2027 4883 darent,

454 4907 622 4959 sancti
655 4908 839 4961 l’atres
873 4909 941 4960 ita
978 4907 1269 4975 argucbtnt
1322 4922 1335 4959 :
1381 4905 1568 4960 Nullus
1607 4907 1723 4960 sine
1764 4906 2028 4977 baptismo

458 5002 632 5058 potest
671 4998 941 5064 suscipere
974 4998 1405 5057 Eucltaristiattt..
1433 5013 1529 5066 per
1567 5011 1724 5066 quam
1764 5013 1827 5050 ex
1855 5000 2030 5052 verbis

459 5083 670 5136 Domini
711 5087 932 5139 Joannis
957 5103 1004 5139 \‘l
1047 5088 1275 5143 donatur
1301 5090 1405 5142 vita
1437 5099 1658 5155 aeterna,
1692 5090 1851 5160 igitur
1882 5090 2031 5158 pueri

461 5174 752 5228 morientes
778 5175 892 5230 sine
923 5177 1169 5245 baptismi
1211 5190 1268 5234 et
1314 5182 1656 5236 Eueharistiae
1683 5187 2030 5236 sacramentis

451 5281 560 5320 non
584 5274 805 5334 possunt
835 5267 1152 5336 participare
1175 5271 1333 5324 vitam
1363 5285 1636 5326 aeternam.
1672 5279 1740 5325 At
1763 5289 2028 5340 nunquam

459 5360 644 5413 (liuere
687 5357 914 5414 infantes
959 5367 1162 5413 tantum
1205 5362 1500 5430 baptizatos
1526 5376 1649 5416 ante
1684 5365 2031 5418 Eucltatistitu

454 5451 812 5515 sumptioncm
868 5466 972 5505 non
1018 5450 1218 5507 habere
1265 5457 1489 5523 gratiam
1540 5465 1592 5510 et
1626 5456 1714 5524 jus
1771 5458 1834 5510 ad
1870 5459 2027 5512 vitam

451 5551 732 5599 aeternam.
779 5545 855 5599 Eo
879 5555 1055 5599 autem
1107 5546 1349 5602 discursu
1376 5547 1580 5615 optime
1609 5548 1664 5601 P.
1685 5548 1872 5616 lagiani
1900 5566 2028 5603 con-

453 5633 802 5690 vincebantur
826 5637 948 5705 quia
987 5636 1126 5690 unde
1167 5638 1326 5691 vitam
1359 5647 1612 5692 a-ternam
1641 5640 1877 5706 paivu‘is
1909 5657 2032 5708 pro-

457 5722 768 5792 mitterent,
815 5744 920 5783 non
953 5730 1238 5786 habebant.
1290 5728 1483 5787 Marius
1530 5733 1812 5790 Mercator.
1861 5735 2027 5788 sancti

2142 3299 2334 3352 nempe
2356 3284 2643 3352 aliquando
2674 3286 2977 3341 fatebuntur
2999 3290 3243 3355 parvulos
3272 3305 3370 3344 nos
3397 3309 3710 3348 BAPTIZATOS

2138 3373 2298 3424 vitam
2335 3373 2530 3426 habere
2560 3388 2662 3425 nou
2697 3389 2871 3442 posse.
2915 3395 2932 3427 ι
2970 3377 3149 3445 Neque
3198 3389 3412 3434 sanctus
3453 3382 3708 3437 Innocen-

2139 3465 2244 3516 tius
2277 3463 2460 3515 scribit
2496 3465 2726 3530 parvulis
2767 3467 2924 3518 etiam
2959 3467 3238 3536 baptizatis
3267 3471 3427 3523 vitam
3457 3483 3705 3527 :eternam

2140 3555 2236 3606 nisi
2292 3569 2385 3622 per
2432 3553 2817 3607 Eueharistiam
2868 3558 3134 3623 conferri,
3191 3569 3246 3612 ut
3274 3559 3345 3612 illi
3381 3562 3707 3617 Maldonatus

2138 3645 2380 3708 imponit,
2412 3645 2503 3699 sed
2529 3646 2580 3697 in
2612 3663 2694 3700 eos
2716 3648 2937 3700 creditur
2976 3665 3074 3701 sou
3106 3664 3203 3703 NlSl
3233 3665 3561 3707 ΒΑΡτιειιΑτε
3593 3669 3709 3706 εοτιο

2137 3736 2429 3804 ferendam,
2465 3746 2519 3789 ut
2542 3737 2701 3789 vitam
2731 3746 2982 3790 aeternam
3008 3753 3109 3791 non
3142 3739 3207 3791 ab
3236 3740 3588 3808 Eucharistia,
3615 3744 3704 3797 sel

2136 3841 2164 3878 a
2200 3827 2512 3894 baptismate
2539 3828 2768 3881 conferri
2806 3829 3086 3897 signiticet.
3119 3830 3271 3884 Unde
3299 3834 3628 3899 Augustinus
3657 3835 3706 3889 in

2137 3915 2344 3969 laudata
2394 3918 2614 3983 epistola
2671 3919 2734 3970 ad
2787 3918 3061 3972 Paulinum
3109 3922 3352 3974 nutatab
3407 3925 3700 3986 apostolica

2137 4010 2263 4061 sede
2319 4009 2610 4060 adhibitum
2655 4011 2782 4062 illud
2831 4012 3168 4063 testimonium
3212 4014 3597 4083 evangelicum,
3649 4031 3708 4068 ne

2138 4102 2335 4167 parritii
2379 4115 2478 4152 nos
2520 4116 2789 4153 narrum
2830 4095 2981 4152 vitam
3011 4119 3156 4171 posse
3203 4104 3388 4156 habere
3413 4107 3706 4160 credantur.

2136 4189 2250 4242 Non
2298 4191 2404 4251 ait,
2447 4206 2508 4241 ne
2538 4192 2736 4256 parvuli
2759 4193 2911 4244 etiam
2945 4193 3188 4260 baptizati
3226 4196 3335 4247 sine
3375 4194 3710 4251 Enchuristia!

2135 4282 2422 4349 sumptione
2449 4282 2601 4334 vitam
2649 4299 2795 4350 posse
2839 4282 3026 4336 habere
3053 4285 3346 4338 credantur.
3375 4287 3508 4353 Qua:
3539 4291 3709 4359 gravis

2136 4381 2214 4424 est
2247 4371 2674 4425 adversariorum
2706 4373 3034 4426 allncittatio.
3555 4382 3564 4390 ”

2207 4463 2311 4516 Sed
2361 4478 2480 4517 cum
2517 4478 2576 4517 ea
2628 4473 2941 4531 tempestate
2973 4465 3218 4519 omnibus
3269 4477 3557 4536 utrumque
3589 4470 3708 4524 illud

2136 4567 2550 4618 sacramentum,
2583 4556 2840 4620 baptisma
2874 4555 3073 4610 scilicet
3096 4569 3145 4610 et
3172 4559 3527 4626 Eurharistia,
3561 4562 3710 4614 dare-

2141 4655 2242 4708 tur,
2273 4659 2382 4697 nou
2428 4656 2531 4698 tam
2564 4645 2872 4713 frequenter
2909 4648 3134 4716 legimus
3163 4650 3213 4703 in
3246 4651 3546 4720 Augustino
3586 4654 3708 4722 quid

2136 4745 2368 4788 senserit
2393 4735 2435 4786 si
2461 4734 2720 4799 baptisma
2743 4746 2944 4789 tantum
2963 4741 3078 4792 sine
3101 4739 3431 4794 Eucharistia
3459 4743 3706 4796 collatum

2138 4826 2345 4880 fuisset.
2416 4827 2679 4881 Ca‘terum
2739 4831 2902 4883 semel
2967 4846 3147 4884 casum
3207 4832 3352 4884 illum
3403 4833 3523 4902 lego
3575 4833 3708 4903 apud

2135 4927 2376 4972 sanctum
2407 4919 2706 4986 doctorem,
2742 4921 2832 4973 lib.
2869 4938 2882 4974 ι
2913 4921 2978 4976 de
3001 4923 3208 4990 origine
3235 4924 3466 4991 animo),
3505 4941 3626 4992 cap.
3655 4927 3703 4990 9,

2137 5019 2191 5064 et
2221 5011 2316 5064 lib.
2339 5027 2419 5076 ιιι,
2447 5027 2566 5080 cap.
2590 5014 2644 5076 9,
2669 5012 2768 5064 ubi
2788 5029 2908 5065 cunt
2938 5015 3242 5069 Vincentius
3265 5017 3445 5070 Victor
3468 5019 3707 5086 exemplo

2137 5102 2262 5155 b0ui
2296 5103 2516 5156 latronis
2567 5105 2812 5170 probaret
2859 5119 3056 5172 pueros
3101 5107 3216 5160 sine
3248 5108 3510 5176 baptismo
3555 5123 3706 5178 posse

2135 5193 2364 5258 salvari,
2418 5203 2632 5246 sanctus
2680 5196 2868 5248 dot-tor
2903 5199 3192 5265 respondet
3235 5200 3344 5253 fieri
3389 5201 3626 5268 potuisse
3654 5209 3704 5252 ut

2138 5282 2274 5335 latro
2303 5282 2393 5335 ille
2418 5283 2573 5336 fuerit
2598 5282 2891 5350 baptizatus
2913 5328 2926 5348 ,
2968 5297 3019 5339 ct
3041 5301 3323 5358 antequam
3358 5291 3408 5343 in
3440 5307 3703 5346 (arcet-em

2137 5371 2240 5425 iret
2259 5372 2525 5438 acceperit
2558 5371 2607 5424 itt
2641 5372 2906 5437 baptismo
2936 5378 3302 5430 I'CllliSSiUllCtlt
3340 5392 3700 5442 peccatorum;

2141 5461 2244 5526 vel,
2279 5471 2335 5517 vt
2366 5461 2603 5530 plerique
2631 5464 2953 5531 credebant,
3001 5466 3053 5520 in
3085 5467 3198 5534 ipsa
3228 5485 3388 5522 cruce
3415 5470 3621 5538 baptiza
3649 5486 3704 5523 us

2136 5554 2300 5606 fuerit
2346 5569 2482 5620 aqua
2536 5569 2567 5608 e
2617 5554 2809 5609 Christi
2863 5557 3026 5612 latere
3082 5560 3352 5614 exiliente.
3407 5562 3471 5614 Et
3527 5563 3625 5616 lib.
3673 5579 3700 5614 tt

2138 5644 2400 5711 nt'll‘afi.’
2431 5659 2552 5713 cap.
2591 5648 2686 5712 18,
2715 5648 2787 5698 ait
2819 5648 3080 5702 incertum
3112 5667 3233 5704 esse
3285 5668 3350 5704 an
3385 5654 3522 5706 latro
3557 5655 3702 5706 fuerit

2139 5733 2460 5802 baptizatus,
2503 5748 2606 5804 qua
2637 5735 2702 5790 de
2727 5750 2784 5789 re
2809 5750 2986 5792 sermo
3017 5737 3209 5794 redibit
3233 5755 3350 5810 cap.
3387 5740 3438 5808 ὃ,
3467 5741 3495 5812 §
3528 5742 3610 5797 Η.
3641 5747 3698 5796 At
