  <div class='ocr_page' id='page_1' title='image "/cluster/home/n/w/nwhite01/storage/ocr_20150623/47/uva.x000827107/360.png"; bbox 0 0 3892 6320; ppageno 0'>
   <div class='ocr_carea' id='block_1_1' title="bbox 131 333 229 385">
    <p class='ocr_par' dir='ltr' id='par_1_1' title="bbox 131 333 229 385">
     <span class='ocr_line' id='line_1_1' title="bbox 131 333 229 385; baseline -0.02 0"><span class='ocrx_word' id='word_1_1' title='bbox 131 335 155 385; x_wconf 83' lang='lat'><strong>7</strong></span> <span class='ocrx_word' id='word_1_2' title='bbox 165 333 229 385; x_wconf 64' lang='grc' dir='ltr'><strong>(ιῖῑ</strong></span> 
     </span>
    </p>
   </div>
   <div class='ocr_carea' id='block_1_2' title="bbox 1294 312 2200 372">
    <p class='ocr_par' dir='ltr' id='par_1_2' title="bbox 1294 312 2200 372">
     <span class='ocr_line' id='line_1_2' title="bbox 1294 312 2200 372; baseline -0.009 0"><span class='ocrx_word' id='word_1_3' title='bbox 1294 315 1613 372; x_wconf 64' lang='lat' dir='ltr'><strong>VlNDlCl/E</strong></span> <span class='ocrx_word' id='word_1_4' title='bbox 1656 312 2200 370; x_wconf 51' lang='lat' dir='ltr'><strong>AUGUSTlNlAME</strong></span> 
     </span>
    </p>
   </div>
   <div class='ocr_carea' id='block_1_3' title="bbox 3294 312 3397 367">
    <p class='ocr_par' dir='ltr' id='par_1_3' title="bbox 3294 312 3397 367">
     <span class='ocr_line' id='line_1_3' title="bbox 3294 312 3397 367; baseline -0.029 1"><span class='ocrx_word' id='word_1_5' title='bbox 3294 312 3397 367; x_wconf 81' lang='lat'><strong>705</strong></span> 
     </span>
    </p>
   </div>
   <div class='ocr_carea' id='block_1_4' title="bbox 129 422 3395 500">
    <p class='ocr_par' dir='ltr' id='par_1_4' title="bbox 129 422 3395 500">
     <span class='ocr_line' id='line_1_4' title="bbox 129 422 3395 500; baseline -0.005 -5"><span class='ocrx_word' id='word_1_6' title='bbox 129 450 326 496; x_wconf 82' lang='lat' dir='ltr'><strong>certum</strong></span> <span class='ocrx_word' id='word_1_7' title='bbox 358 446 440 491; x_wconf 89' lang='lat' dir='ltr'><strong>est</strong></span> <span class='ocrx_word' id='word_1_8' title='bbox 492 436 754 490; x_wconf 90' lang='lat' dir='ltr'><strong>latronem</strong></span> <span class='ocrx_word' id='word_1_9' title='bbox 788 446 892 485; x_wconf 87' lang='lat' dir='ltr'><strong>non</strong></span> <span class='ocrx_word' id='word_1_10' title='bbox 942 429 1236 500; x_wconf 72' lang='lat' dir='ltr'><strong>sumpsisse</strong></span> <span class='ocrx_word' id='word_1_11' title='bbox 1268 428 1662 483; x_wconf 70' lang='lat' dir='ltr'><strong>Eucharisﬁam</strong></span> <span class='ocrx_word' id='word_1_12' title='bbox 1690 466 1703 491; x_wconf 96' lang='lat'><strong>,</strong></span> <span class='ocrx_word' id='word_1_13' title='bbox 1737 432 1784 489; x_wconf 82' lang='grc' dir='ltr'>Α</span> <span class='ocrx_word' id='word_1_14' title='bbox 1814 424 2032 479; x_wconf 85' lang='lat' dir='ltr'><strong>Christi.</strong></span> <span class='ocrx_word' id='word_1_15' title='bbox 2086 424 2253 477; x_wconf 85' lang='lat' dir='ltr'><strong>l‘orro</strong></span> <span class='ocrx_word' id='word_1_16' title='bbox 2280 422 2591 491; x_wconf 72' lang='lat' dir='ltr'><strong>Fulgentius</strong></span> <span class='ocrx_word' id='word_1_17' title='bbox 2629 430 2749 489; x_wconf 87' lang='lat' dir='ltr'><strong>post</strong></span> <span class='ocrx_word' id='word_1_18' title='bbox 2790 423 2873 476; x_wconf 65' lang='lat' dir='ltr'><strong>i‘la</strong></span> <span class='ocrx_word' id='word_1_19' title='bbox 2906 423 3187 494; x_wconf 84' lang='lat' dir='ltr'><strong>Augustini</strong></span> <span class='ocrx_word' id='word_1_20' title='bbox 3235 426 3395 481; x_wconf 82' lang='lat' dir='ltr'><strong>verba</strong></span> 
     </span>
    </p>
   </div>
   <div class='ocr_carea' id='block_1_5' title="bbox 129 522 1701 600">
    <p class='ocr_par' dir='ltr' id='par_1_5' title="bbox 129 522 1701 600">
     <span class='ocr_line' id='line_1_5' title="bbox 129 522 1701 600; baseline -0.006 -17"><span class='ocrx_word' id='word_1_21' title='bbox 129 544 242 600; x_wconf 71' lang='lat' dir='ltr'><strong>qua:</strong></span> <span class='ocrx_word' id='word_1_22' title='bbox 272 529 443 597; x_wconf 85' lang='lat' dir='ltr'><strong>pridie</strong></span> <span class='ocrx_word' id='word_1_23' title='bbox 473 537 597 581; x_wconf 84' lang='lat' dir='ltr'><strong>ante</strong></span> <span class='ocrx_word' id='word_1_24' title='bbox 620 534 846 579; x_wconf 84' lang='lat' dir='ltr'><strong>mortem</strong></span> <span class='ocrx_word' id='word_1_25' title='bbox 878 526 929 579; x_wconf 87' lang='lat' dir='ltr'><strong>in</strong></span> <span class='ocrx_word' id='word_1_26' title='bbox 960 539 1114 579; x_wconf 81' lang='lat' dir='ltr'><strong>ctena</strong></span> <span class='ocrx_word' id='word_1_27' title='bbox 1146 538 1174 576; x_wconf 88' lang='lat' dir='ltr'><strong>a</strong></span> <span class='ocrx_word' id='word_1_28' title='bbox 1199 523 1424 577; x_wconf 89' lang='lat' dir='ltr'><strong>Domino</strong></span> <span class='ocrx_word' id='word_1_29' title='bbox 1456 522 1701 575; x_wconf 78' lang='lat' dir='ltr'><strong>inStituta</strong></span> 
     </span>
    </p>
   </div>
   <div class='ocr_carea' id='block_1_6' title="bbox 129 612 1702 686">
    <p class='ocr_par' dir='ltr' id='par_1_6' title="bbox 129 612 1702 686">
     <span class='ocr_line' id='line_1_6' title="bbox 129 612 1702 686; baseline -0.006 -13"><span class='ocrx_word' id='word_1_30' title='bbox 129 622 313 673; x_wconf 88' lang='lat' dir='ltr'><strong>fuerat.</strong></span> <span class='ocrx_word' id='word_1_31' title='bbox 347 618 508 686; x_wconf 87' lang='lat' dir='ltr'><strong>Igitur</strong></span> <span class='ocrx_word' id='word_1_32' title='bbox 539 633 632 686; x_wconf 91' lang='lat' dir='ltr'><strong>per</strong></span> <span class='ocrx_word' id='word_1_33' title='bbox 680 616 1033 685; x_wconf 82' lang='lat' dir='ltr'><strong>Augustinum</strong></span> <span class='ocrx_word' id='word_1_34' title='bbox 1083 616 1242 668; x_wconf 92' lang='lat' dir='ltr'><strong>homo</strong></span> <span class='ocrx_word' id='word_1_35' title='bbox 1289 622 1493 666; x_wconf 92' lang='lat' dir='ltr'><strong>tantum</strong></span> <span class='ocrx_word' id='word_1_36' title='bbox 1526 612 1702 681; x_wconf 87' lang='lat' dir='ltr'><strong>bapti-</strong></span> 
     </span>
    </p>
   </div>
   <div class='ocr_carea' id='block_1_7' title="bbox 129 705 1704 777">
    <p class='ocr_par' dir='ltr' id='par_1_7' title="bbox 129 705 1704 777">
     <span class='ocr_line' id='line_1_7' title="bbox 129 705 1704 777; baseline -0.006 -14"><span class='ocrx_word' id='word_1_37' title='bbox 129 718 277 763; x_wconf 69' lang='lat' dir='ltr'><strong>natus</strong></span> <span class='ocrx_word' id='word_1_38' title='bbox 314 708 429 761; x_wconf 86' lang='lat' dir='ltr'><strong>sine</strong></span> <span class='ocrx_word' id='word_1_39' title='bbox 466 708 593 761; x_wconf 86' lang='lat' dir='ltr'><strong>reati</strong></span> <span class='ocrx_word' id='word_1_40' title='bbox 643 708 951 777; x_wconf 88' lang='lat' dir='ltr'><strong>sumptione</strong></span> <span class='ocrx_word' id='word_1_41' title='bbox 984 707 1327 761; x_wconf 75' lang='lat' dir='ltr'><strong>Eucharistiae</strong></span> <span class='ocrx_word' id='word_1_42' title='bbox 1362 712 1535 772; x_wconf 78' lang='lat' dir='ltr'><strong>potest</strong></span> <span class='ocrx_word' id='word_1_43' title='bbox 1564 705 1704 757; x_wconf 83' lang='lat' dir='ltr'><strong>acci-</strong></span> 
     </span>
    </p>
   </div>
   <div class='ocr_carea' id='block_1_8' title="bbox 128 796 1699 865">
    <p class='ocr_par' dir='ltr' id='par_1_8' title="bbox 128 796 1699 865">
     <span class='ocr_line' id='line_1_8' title="bbox 128 796 1699 865; baseline -0.004 -14"><span class='ocrx_word' id='word_1_44' title='bbox 128 812 252 865; x_wconf 77' lang='lat' dir='ltr'><strong>pere</strong></span> <span class='ocrx_word' id='word_1_45' title='bbox 282 796 651 850; x_wconf 76' lang='lat' dir='ltr'><strong>remissionem</strong></span> <span class='ocrx_word' id='word_1_46' title='bbox 710 806 1050 864; x_wconf 73' lang='lat' dir='ltr'><strong>peccatorum</strong></span> <span class='ocrx_word' id='word_1_47' title='bbox 1082 805 1137 851; x_wconf 93' lang='lat' dir='ltr'><strong>et</strong></span> <span class='ocrx_word' id='word_1_48' title='bbox 1170 796 1393 849; x_wconf 87' lang='lat' dir='ltr'><strong>salutem</strong></span> <span class='ocrx_word' id='word_1_49' title='bbox 1424 803 1699 847; x_wconf 65' lang='lat' dir='ltr'><strong>aeternam.</strong></span> 
     </span>
    </p>
   </div>
   <div class='ocr_carea' id='block_1_9' title="bbox 136 886 1703 955">
    <p class='ocr_par' dir='ltr' id='par_1_9' title="bbox 136 886 1703 955">
     <span class='ocr_line' id='line_1_9' title="bbox 136 886 1703 955; baseline -0.003 -16"><span class='ocrx_word' id='word_1_50' title='bbox 136 887 241 939; x_wconf 90' lang='lat' dir='ltr'><strong>lloc</strong></span> <span class='ocrx_word' id='word_1_51' title='bbox 262 886 419 945; x_wconf 86' lang='lat' dir='ltr'><strong>etiam</strong></span> <span class='ocrx_word' id='word_1_52' title='bbox 450 887 734 942; x_wconf 87' lang='lat' dir='ltr'><strong>deducitur</strong></span> <span class='ocrx_word' id='word_1_53' title='bbox 758 904 821 942; x_wconf 84' lang='lat' dir='ltr'><strong>ex</strong></span> <span class='ocrx_word' id='word_1_54' title='bbox 846 890 1109 942; x_wconf 80' lang='lat' dir='ltr'><strong>constanti</strong></span> <span class='ocrx_word' id='word_1_55' title='bbox 1133 887 1371 955; x_wconf 84' lang='lat' dir='ltr'><strong>ejusdem</strong></span> <span class='ocrx_word' id='word_1_56' title='bbox 1400 886 1668 955; x_wconf 72' lang='lat' dir='ltr'><strong>sententia</strong></span> <span class='ocrx_word' id='word_1_57' title='bbox 1689 924 1703 946; x_wconf 93' lang='lat'><strong>,</strong></span> 
     </span>
    </p>
   </div>
   <div class='ocr_carea' id='block_1_10' title="bbox 131 978 1704 1045">
    <p class='ocr_par' dir='ltr' id='par_1_10' title="bbox 131 978 1704 1045">
     <span class='ocr_line' id='line_1_10' title="bbox 131 978 1704 1045; baseline -0.001 -16"><span class='ocrx_word' id='word_1_58' title='bbox 131 990 227 1045; x_wconf 85' lang='lat' dir='ltr'><strong>qua</strong></span> <span class='ocrx_word' id='word_1_59' title='bbox 271 978 502 1031; x_wconf 72' lang='lat' dir='ltr'><strong>asseruit</strong></span> <span class='ocrx_word' id='word_1_60' title='bbox 548 978 703 1045; x_wconf 82' lang='lat' dir='ltr'><strong>[idem</strong></span> <span class='ocrx_word' id='word_1_61' title='bbox 748 980 1226 1042; x_wconf 75' lang='lat' dir='ltr'><strong>convrrsionemque</strong></span> <span class='ocrx_word' id='word_1_62' title='bbox 1271 978 1468 1043; x_wconf 77' lang='lat' dir='ltr'><strong>cordis,</strong></span> <span class='ocrx_word' id='word_1_63' title='bbox 1497 993 1614 1045; x_wconf 70' lang='lat' dir='ltr'><strong>qua:</strong></span> <span class='ocrx_word' id='word_1_64' title='bbox 1649 978 1704 1028; x_wconf 87' lang='lat' dir='ltr'><strong>ht</strong></span> 
     </span>
    </p>
   </div>
   <div class='ocr_carea' id='block_1_11' title="bbox 136 1066 1703 1136">
    <p class='ocr_par' dir='ltr' id='par_1_11' title="bbox 136 1066 1703 1136">
     <span class='ocr_line' id='line_1_11' title="bbox 136 1066 1703 1136; baseline -0.001 -16"><span class='ocrx_word' id='word_1_65' title='bbox 136 1081 223 1134; x_wconf 89' lang='lat' dir='ltr'><strong>per</strong></span> <span class='ocrx_word' id='word_1_66' title='bbox 252 1066 565 1121; x_wconf 87' lang='lat' dir='ltr'><strong>charitatetn</strong></span> <span class='ocrx_word' id='word_1_67' title='bbox 620 1070 882 1123; x_wconf 90' lang='lat' dir='ltr'><strong>actualem</strong></span> <span class='ocrx_word' id='word_1_68' title='bbox 909 1110 923 1134; x_wconf 92' lang='lat'><strong>,</strong></span> <span class='ocrx_word' id='word_1_69' title='bbox 977 1084 1133 1136; x_wconf 83' lang='lat' dir='ltr'><strong>posse</strong></span> <span class='ocrx_word' id='word_1_70' title='bbox 1175 1069 1401 1122; x_wconf 89' lang='lat' dir='ltr'><strong>reddere</strong></span> <span class='ocrx_word' id='word_1_71' title='bbox 1432 1068 1703 1120; x_wconf 81' lang='lat' dir='ltr'><strong>hominem</strong></span> 
     </span>
    </p>
   </div>
   <div class='ocr_carea' id='block_1_12' title="bbox 131 1156 1704 1229">
    <p class='ocr_par' dir='ltr' id='par_1_12' title="bbox 131 1156 1704 1229">
     <span class='ocr_line' id='line_1_12' title="bbox 131 1156 1704 1229; baseline 0.001 -20"><span class='ocrx_word' id='word_1_72' title='bbox 131 1156 351 1219; x_wconf 78' lang='lat' dir='ltr'><strong>salvum,</strong></span> <span class='ocrx_word' id='word_1_73' title='bbox 381 1158 476 1210; x_wconf 90' lang='lat' dir='ltr'><strong>sia</strong></span> <span class='ocrx_word' id='word_1_74' title='bbox 518 1160 827 1227; x_wconf 86' lang='lat' dir='ltr'><strong>recipiendo</strong></span> <span class='ocrx_word' id='word_1_75' title='bbox 858 1161 1121 1229; x_wconf 86' lang='lat' dir='ltr'><strong>bap:ismo</strong></span> <span class='ocrx_word' id='word_1_76' title='bbox 1153 1160 1361 1227; x_wconf 85' lang='lat' dir='ltr'><strong>improv</strong></span> <span class='ocrx_word' id='word_1_77' title='bbox 1385 1173 1439 1211; x_wconf 87' lang='lat' dir='ltr'><strong>sa</strong></span> <span class='ocrx_word' id='word_1_78' title='bbox 1468 1158 1704 1213; x_wconf 64' lang='lat' dir='ltr'><strong>necessi-</strong></span> 
     </span>
    </p>
   </div>
   <div class='ocr_carea' id='block_1_13' title="bbox 133 1247 1704 1319">
    <p class='ocr_par' dir='ltr' id='par_1_13' title="bbox 133 1247 1704 1319">
     <span class='ocr_line' id='line_1_13' title="bbox 133 1247 1704 1319; baseline 0.001 -22"><span class='ocrx_word' id='word_1_79' title='bbox 133 1254 234 1298; x_wconf 88' lang='lat' dir='ltr'><strong>tate</strong></span> <span class='ocrx_word' id='word_1_80' title='bbox 264 1247 611 1313; x_wconf 78' lang='lat' dir='ltr'><strong>excludatur;</strong></span> <span class='ocrx_word' id='word_1_81' title='bbox 654 1250 725 1302; x_wconf 88' lang='lat' dir='ltr'><strong>ita</strong></span> <span class='ocrx_word' id='word_1_82' title='bbox 756 1250 953 1319; x_wconf 91' lang='lat' dir='ltr'><strong>passim</strong></span> <span class='ocrx_word' id='word_1_83' title='bbox 984 1249 1172 1303; x_wconf 88' lang='lat' dir='ltr'><strong>scribit</strong></span> <span class='ocrx_word' id='word_1_84' title='bbox 1222 1250 1272 1302; x_wconf 92' lang='lat' dir='ltr'><strong>in</strong></span> <span class='ocrx_word' id='word_1_85' title='bbox 1323 1250 1474 1302; x_wconf 85' lang='lat' dir='ltr'><strong>libris</strong></span> <span class='ocrx_word' id='word_1_86' title='bbox 1521 1258 1704 1301; x_wconf 88' lang='lat' dir='ltr'><strong>contra</strong></span> 
     </span>
    </p>
   </div>
   <div class='ocr_carea' id='block_1_14' title="bbox 132 1335 1705 1408">
    <p class='ocr_par' dir='ltr' id='par_1_14' title="bbox 132 1335 1705 1408">
     <span class='ocr_line' id='line_1_14' title="bbox 132 1335 1705 1408; baseline 0.002 -20"><span class='ocrx_word' id='word_1_87' title='bbox 132 1335 459 1397; x_wconf 87' lang='lat' dir='ltr'><strong>Donatistas,</strong></span> <span class='ocrx_word' id='word_1_88' title='bbox 495 1339 761 1408; x_wconf 67' lang='lat' dir='ltr'><strong>praecipue</strong></span> <span class='ocrx_word' id='word_1_89' title='bbox 811 1341 906 1393; x_wconf 89' lang='lat' dir='ltr'><strong>lib.</strong></span> <span class='ocrx_word' id='word_1_90' title='bbox 946 1354 996 1395; x_wconf 80' lang='lat' dir='ltr'><strong>tv</strong></span> <span class='ocrx_word' id='word_1_91' title='bbox 1028 1340 1093 1393; x_wconf 90' lang='lat' dir='ltr'><strong>de</strong></span> <span class='ocrx_word' id='word_1_92' title='bbox 1128 1339 1433 1407; x_wconf 78' lang='lat' dir='ltr'><strong>Baptismo,</strong></span> <span class='ocrx_word' id='word_1_93' title='bbox 1466 1354 1584 1407; x_wconf 69' lang='lat' dir='ltr'><strong>cap.</strong></span> <span class='ocrx_word' id='word_1_94' title='bbox 1614 1337 1705 1391; x_wconf 66' lang='grc' dir='ltr'><strong>ΕΞ.</strong></span> 
     </span>
    </p>
   </div>
   <div class='ocr_carea' id='block_1_15' title="bbox 128 1427 1707 1498">
    <p class='ocr_par' dir='ltr' id='par_1_15' title="bbox 128 1427 1707 1498">
     <span class='ocr_line' id='line_1_15' title="bbox 128 1427 1707 1498; baseline 0.001 -19"><span class='ocrx_word' id='word_1_95' title='bbox 128 1427 190 1479; x_wconf 83' lang='lat' dir='ltr'><strong>At</strong></span> <span class='ocrx_word' id='word_1_96' title='bbox 224 1442 355 1495; x_wconf 82' lang='lat' dir='ltr'><strong>p:.er</strong></span> <span class='ocrx_word' id='word_1_97' title='bbox 385 1428 699 1495; x_wconf 72' lang='lat' dir='ltr'><strong>baptizatus,</strong></span> <span class='ocrx_word' id='word_1_98' title='bbox 733 1432 942 1485; x_wconf 89' lang='lat' dir='ltr'><strong>etiamsi</strong></span> <span class='ocrx_word' id='word_1_99' title='bbox 988 1447 1092 1484; x_wconf 90' lang='lat' dir='ltr'><strong>non</strong></span> <span class='ocrx_word' id='word_1_100' title='bbox 1132 1432 1391 1498; x_wconf 81' lang='lat' dir='ltr'><strong>percipiat</strong></span> <span class='ocrx_word' id='word_1_101' title='bbox 1424 1429 1707 1483; x_wconf 75' lang='lat' dir='ltr'><strong>Eucharis-</strong></span> 
     </span>
    </p>
   </div>
   <div class='ocr_carea' id='block_1_16' title="bbox 127 1521 1706 1590">
    <p class='ocr_par' dir='ltr' id='par_1_16' title="bbox 127 1521 1706 1590">
     <span class='ocr_line' id='line_1_16' title="bbox 127 1521 1706 1590; baseline -0.001 -17"><span class='ocrx_word' id='word_1_102' title='bbox 127 1524 283 1587; x_wconf 88' lang='lat' dir='ltr'><strong>tiam,</strong></span> <span class='ocrx_word' id='word_1_103' title='bbox 314 1523 470 1589; x_wconf 90' lang='lat' dir='ltr'><strong>longe</strong></span> <span class='ocrx_word' id='word_1_104' title='bbox 494 1521 801 1590; x_wconf 78' lang='lat' dir='ltr'><strong>perfectiori</strong></span> <span class='ocrx_word' id='word_1_105' title='bbox 832 1521 991 1575; x_wconf 90' lang='lat' dir='ltr'><strong>modo</strong></span> <span class='ocrx_word' id='word_1_106' title='bbox 1016 1522 1173 1575; x_wconf 85' lang='lat' dir='ltr'><strong>habet</strong></span> <span class='ocrx_word' id='word_1_107' title='bbox 1206 1522 1362 1574; x_wconf 89' lang='lat' dir='ltr'><strong>ﬁdem</strong></span> <span class='ocrx_word' id='word_1_108' title='bbox 1390 1532 1444 1576; x_wconf 90' lang='lat' dir='ltr'><strong>et</strong></span> <span class='ocrx_word' id='word_1_109' title='bbox 1471 1522 1706 1573; x_wconf 83' lang='lat' dir='ltr'><strong>charita-</strong></span> 
     </span>
    </p>
   </div>
   <div class='ocr_carea' id='block_1_17' title="bbox 127 1612 1703 1682">
    <p class='ocr_par' dir='ltr' id='par_1_17' title="bbox 127 1612 1703 1682">
     <span class='ocr_line' id='line_1_17' title="bbox 127 1612 1703 1682; baseline 0.001 -19"><span class='ocrx_word' id='word_1_110' title='bbox 127 1619 231 1665; x_wconf 85' lang='lat' dir='ltr'><strong>tem</strong></span> <span class='ocrx_word' id='word_1_111' title='bbox 256 1612 361 1667; x_wconf 85' lang='lat' dir='ltr'><strong>sibi</strong></span> <span class='ocrx_word' id='word_1_112' title='bbox 393 1627 421 1665; x_wconf 89' lang='lat' dir='ltr'><strong>a</strong></span> <span class='ocrx_word' id='word_1_113' title='bbox 456 1613 563 1666; x_wconf 88' lang='lat' dir='ltr'><strong>Dco</strong></span> <span class='ocrx_word' id='word_1_114' title='bbox 588 1614 639 1666; x_wconf 91' lang='lat' dir='ltr'><strong>in</strong></span> <span class='ocrx_word' id='word_1_115' title='bbox 669 1623 1009 1667; x_wconf 89' lang='lat' dir='ltr'><strong>sacramento</strong></span> <span class='ocrx_word' id='word_1_116' title='bbox 1034 1614 1454 1682; x_wconf 84' lang='lat' dir='ltr'><strong>regenerationis</strong></span> <span class='ocrx_word' id='word_1_117' title='bbox 1483 1613 1703 1677; x_wconf 83' lang='lat' dir='ltr'><strong>infusus;</strong></span> 
     </span>
    </p>
   </div>
   <div class='ocr_carea' id='block_1_18' title="bbox 125 1702 1708 1773">
    <p class='ocr_par' dir='ltr' id='par_1_18' title="bbox 125 1702 1708 1773">
     <span class='ocr_line' id='line_1_18' title="bbox 125 1702 1708 1773; baseline 0.003 -20"><span class='ocrx_word' id='word_1_118' title='bbox 125 1702 303 1771; x_wconf 83' lang='lat' dir='ltr'><strong>igitur,</strong></span> <span class='ocrx_word' id='word_1_119' title='bbox 352 1704 505 1771; x_wconf 76' lang='lat' dir='ltr'><strong>juxta</strong></span> <span class='ocrx_word' id='word_1_120' title='bbox 540 1704 837 1758; x_wconf 91' lang='lat' dir='ltr'><strong>doctrinam</strong></span> <span class='ocrx_word' id='word_1_121' title='bbox 868 1706 1040 1757; x_wconf 89' lang='lat' dir='ltr'><strong>sancti</strong></span> <span class='ocrx_word' id='word_1_122' title='bbox 1093 1704 1407 1773; x_wconf 80' lang='lat' dir='ltr'><strong>Augustini,</strong></span> <span class='ocrx_word' id='word_1_123' title='bbox 1442 1720 1567 1757; x_wconf 79' lang='lat' dir='ltr'><strong>vere</strong></span> <span class='ocrx_word' id='word_1_124' title='bbox 1601 1703 1708 1757; x_wconf 91' lang='lat' dir='ltr'><strong>sal-</strong></span> 
     </span>
    </p>
   </div>
   <div class='ocr_carea' id='block_1_19' title="bbox 1810 514 3397 581">
    <p class='ocr_par' dir='ltr' id='par_1_19' title="bbox 1810 514 3397 581">
     <span class='ocr_line' id='line_1_19' title="bbox 1810 514 3397 581; baseline 0.003 -12"><span class='ocrx_word' id='word_1_125' title='bbox 1810 516 2083 569; x_wconf 89' lang='lat' dir='ltr'><strong>concludit</strong></span> <span class='ocrx_word' id='word_1_126' title='bbox 2115 528 2130 571; x_wconf 83' lang='lat'><strong>:</strong></span> <span class='ocrx_word' id='word_1_127' title='bbox 2168 531 2185 563; x_wconf 82' lang='grc' dir='ltr'><strong>ι</strong></span> <span class='ocrx_word' id='word_1_128' title='bbox 2244 514 2511 577; x_wconf 72' lang='lat' dir='ltr'><strong>Arbitror,</strong></span> <span class='ocrx_word' id='word_1_129' title='bbox 2545 528 2655 566; x_wconf 59' lang='lat' dir='ltr'><strong>sant</strong></span> <span class='ocrx_word' id='word_1_130' title='bbox 2678 523 2729 567; x_wconf 89' lang='lat' dir='ltr'><strong>te</strong></span> <span class='ocrx_word' id='word_1_131' title='bbox 2762 515 2943 577; x_wconf 79' lang='lat' dir='ltr'><strong>frater,</strong></span> <span class='ocrx_word' id='word_1_132' title='bbox 2978 517 3397 581; x_wconf 84' lang='lat' dir='ltr'><strong>disputationem</strong></span> 
     </span>
    </p>
   </div>
   <div class='ocr_carea' id='block_1_20' title="bbox 1808 604 3401 672">
    <p class='ocr_par' dir='ltr' id='par_1_20' title="bbox 1808 604 3401 672">
     <span class='ocr_line' id='line_1_20' title="bbox 1808 604 3401 672; baseline 0.001 -13"><span class='ocrx_word' id='word_1_133' title='bbox 1808 615 2044 659; x_wconf 90' lang='lat' dir='ltr'><strong>nostram</strong></span> <span class='ocrx_word' id='word_1_134' title='bbox 2080 604 2321 672; x_wconf 67' lang='lat' dir='ltr'><strong>praeclari</strong></span> <span class='ocrx_word' id='word_1_135' title='bbox 2360 604 2597 657; x_wconf 86' lang='lat' dir='ltr'><strong>doctoris</strong></span> <span class='ocrx_word' id='word_1_136' title='bbox 2628 605 2906 671; x_wconf 73' lang='lat' dir='ltr'><strong>Augustini</strong></span> <span class='ocrx_word' id='word_1_137' title='bbox 2940 619 3189 659; x_wconf 84' lang='lat' dir='ltr'><strong>sermone</strong></span> <span class='ocrx_word' id='word_1_138' title='bbox 3220 606 3401 660; x_wconf 89' lang='lat' dir='ltr'><strong>ﬁrma-</strong></span> 
     </span>
    </p>
   </div>
   <div class='ocr_carea' id='block_1_21' title="bbox 1811 696 3393 765">
    <p class='ocr_par' dir='ltr' id='par_1_21' title="bbox 1811 696 3393 765">
     <span class='ocr_line' id='line_1_21' title="bbox 1811 696 3393 765; baseline 0 -14"><span class='ocrx_word' id='word_1_139' title='bbox 1811 707 1914 751; x_wconf 87' lang='lat' dir='ltr'><strong>tam</strong></span> <span class='ocrx_word' id='word_1_140' title='bbox 1942 738 1956 760; x_wconf 91' lang='lat'><strong>,</strong></span> <span class='ocrx_word' id='word_1_141' title='bbox 2004 712 2104 751; x_wconf 88' lang='lat' dir='ltr'><strong>nec</strong></span> <span class='ocrx_word' id='word_1_142' title='bbox 2147 696 2435 765; x_wconf 77' lang='lat' dir='ltr'><strong>quidquam</strong></span> <span class='ocrx_word' id='word_1_143' title='bbox 2469 712 2590 750; x_wconf 86' lang='lat' dir='ltr'><strong>esse</strong></span> <span class='ocrx_word' id='word_1_144' title='bbox 2631 697 2967 765; x_wconf 77' lang='lat' dir='ltr'><strong>aliquatenus</strong></span> <span class='ocrx_word' id='word_1_145' title='bbox 3014 698 3393 765; x_wconf 83' lang='lat' dir='ltr'><strong>ambigendum</strong></span> 
     </span>
    </p>
   </div>
   <div class='ocr_carea' id='block_1_22' title="bbox 1809 788 3399 858">
    <p class='ocr_par' dir='ltr' id='par_1_22' title="bbox 1809 788 3399 858">
     <span class='ocr_line' id='line_1_22' title="bbox 1809 788 3399 858; baseline 0.002 -18"><span class='ocrx_word' id='word_1_146' title='bbox 1809 796 1933 840; x_wconf 91' lang='lat' dir='ltr'><strong>tunc</strong></span> <span class='ocrx_word' id='word_1_147' title='bbox 1972 803 2407 856; x_wconf 81' lang='lat' dir='ltr'><strong>unumquemque</strong></span> <span class='ocrx_word' id='word_1_148' title='bbox 2450 788 2684 841; x_wconf 89' lang='lat' dir='ltr'><strong>ﬁdelium</strong></span> <span class='ocrx_word' id='word_1_149' title='bbox 2725 789 2968 856; x_wconf 88' lang='lat' dir='ltr'><strong>corporis</strong></span> <span class='ocrx_word' id='word_1_150' title='bbox 3013 788 3399 858; x_wconf 77' lang='lat' dir='ltr'><strong>sanguinisque</strong></span> 
     </span>
    </p>
   </div>
   <div class='ocr_carea' id='block_1_23' title="bbox 1811 878 3399 947">
    <p class='ocr_par' dir='ltr' id='par_1_23' title="bbox 1811 878 3399 947">
     <span class='ocr_line' id='line_1_23' title="bbox 1811 878 3399 947; baseline 0.001 -16"><span class='ocrx_word' id='word_1_151' title='bbox 1811 878 2072 931; x_wconf 84' lang='lat' dir='ltr'><strong>Dutninici</strong></span> <span class='ocrx_word' id='word_1_152' title='bbox 2127 878 2438 945; x_wconf 69' lang='grc' dir='ltr'>ιιειιιίεἰιιιιιιι</span> <span class='ocrx_word' id='word_1_153' title='bbox 2494 880 2648 941; x_wconf 88' lang='lat' dir='ltr'><strong>ﬁeri,</strong></span> <span class='ocrx_word' id='word_1_154' title='bbox 2712 882 2927 946; x_wconf 84' lang='lat' dir='ltr'><strong>quando</strong></span> <span class='ocrx_word' id='word_1_155' title='bbox 2976 883 3027 934; x_wconf 89' lang='lat' dir='ltr'><strong>in</strong></span> <span class='ocrx_word' id='word_1_156' title='bbox 3080 880 3399 947; x_wconf 62' lang='lat' dir='ltr'><strong>baptismate</strong></span> 
     </span>
    </p>
   </div>
   <div class='ocr_carea' id='block_1_24' title="bbox 1810 969 3399 1038">
    <p class='ocr_par' dir='ltr' id='par_1_24' title="bbox 1810 969 3399 1038">
     <span class='ocr_line' id='line_1_24' title="bbox 1810 969 3399 1038; baseline 0.001 -15"><span class='ocrx_word' id='word_1_157' title='bbox 1810 970 2107 1023; x_wconf 88' lang='lat' dir='ltr'><strong>membrum</strong></span> <span class='ocrx_word' id='word_1_158' title='bbox 2140 971 2383 1038; x_wconf 85' lang='lat' dir='ltr'><strong>corporis</strong></span> <span class='ocrx_word' id='word_1_159' title='bbox 2412 969 2611 1025; x_wconf 66' lang='lat' dir='ltr'><strong>Christi</strong></span> <span class='ocrx_word' id='word_1_160' title='bbox 2650 972 2905 1037; x_wconf 79' lang='lat' dir='ltr'><strong>efficitur,</strong></span> <span class='ocrx_word' id='word_1_161' title='bbox 2942 987 3040 1027; x_wconf 89' lang='lat' dir='ltr'><strong>nec</strong></span> <span class='ocrx_word' id='word_1_162' title='bbox 3076 972 3296 1026; x_wconf 85' lang='lat' dir='ltr'><strong>alienari</strong></span> <span class='ocrx_word' id='word_1_163' title='bbox 3330 974 3399 1024; x_wconf 87' lang='lat' dir='ltr'><strong>ab</strong></span> 
     </span>
    </p>
   </div>
   <div class='ocr_carea' id='block_1_25' title="bbox 1808 1062 3394 1134">
    <p class='ocr_par' dir='ltr' id='par_1_25' title="bbox 1808 1062 3394 1134">
     <span class='ocr_line' id='line_1_25' title="bbox 1808 1062 3394 1134; baseline 0.001 -17"><span class='ocrx_word' id='word_1_164' title='bbox 1808 1077 1873 1117; x_wconf 88' lang='lat' dir='ltr'><strong>eo</strong></span> <span class='ocrx_word' id='word_1_165' title='bbox 1916 1062 2067 1131; x_wconf 64' lang='lat' dir='ltr'><strong>p‘tnis</strong></span> <span class='ocrx_word' id='word_1_166' title='bbox 2119 1064 2409 1131; x_wconf 89' lang='lat' dir='ltr'><strong>calieisqne</strong></span> <span class='ocrx_word' id='word_1_167' title='bbox 2462 1066 2734 1118; x_wconf 91' lang='lat' dir='ltr'><strong>consortio</strong></span> <span class='ocrx_word' id='word_1_168' title='bbox 2765 1104 2778 1127; x_wconf 94' lang='lat'><strong>,</strong></span> <span class='ocrx_word' id='word_1_169' title='bbox 2836 1067 3046 1119; x_wconf 87' lang='lat' dir='ltr'><strong>etiamsi</strong></span> <span class='ocrx_word' id='word_1_170' title='bbox 3104 1075 3394 1134; x_wconf 90' lang='lat' dir='ltr'><strong>antequam</strong></span> 
     </span>
    </p>
   </div>
   <div class='ocr_carea' id='block_1_26' title="bbox 1811 1153 3399 1223">
    <p class='ocr_par' dir='ltr' id='par_1_26' title="bbox 1811 1153 3399 1223">
     <span class='ocr_line' id='line_1_26' title="bbox 1811 1153 3399 1223; baseline 0.001 -16"><span class='ocrx_word' id='word_1_171' title='bbox 1811 1169 2001 1223; x_wconf 86' lang='lat' dir='ltr'><strong>panem</strong></span> <span class='ocrx_word' id='word_1_172' title='bbox 2035 1153 2181 1206; x_wconf 92' lang='lat' dir='ltr'><strong>illum</strong></span> <span class='ocrx_word' id='word_1_173' title='bbox 2222 1156 2493 1217; x_wconf 83' lang='lat' dir='ltr'><strong>comedat,</strong></span> <span class='ocrx_word' id='word_1_174' title='bbox 2527 1167 2578 1209; x_wconf 91' lang='lat' dir='ltr'><strong>et</strong></span> <span class='ocrx_word' id='word_1_175' title='bbox 2606 1156 2826 1209; x_wconf 79' lang='lat' dir='ltr'><strong>calicem</strong></span> <span class='ocrx_word' id='word_1_176' title='bbox 2860 1157 3035 1222; x_wconf 88' lang='lat' dir='ltr'><strong>bibat,</strong></span> <span class='ocrx_word' id='word_1_177' title='bbox 3070 1158 3136 1212; x_wconf 90' lang='lat' dir='ltr'><strong>de</strong></span> <span class='ocrx_word' id='word_1_178' title='bbox 3168 1158 3268 1210; x_wconf 87' lang='lat' dir='ltr'><strong>hoc</strong></span> <span class='ocrx_word' id='word_1_179' title='bbox 3291 1174 3399 1210; x_wconf 76' lang='lat' dir='ltr'><strong>sm-</strong></span> 
     </span>
    </p>
   </div>
   <div class='ocr_carea' id='block_1_27' title="bbox 1809 1247 3400 1316">
    <p class='ocr_par' dir='ltr' id='par_1_27' title="bbox 1809 1247 3400 1316">
     <span class='ocr_line' id='line_1_27' title="bbox 1809 1247 3400 1316; baseline 0.001 -15"><span class='ocrx_word' id='word_1_180' title='bbox 1809 1248 1928 1301; x_wconf 85' lang='lat' dir='ltr'><strong>culo</strong></span> <span class='ocrx_word' id='word_1_181' title='bbox 1976 1248 2026 1300; x_wconf 90' lang='lat' dir='ltr'><strong>in</strong></span> <span class='ocrx_word' id='word_1_182' title='bbox 2061 1249 2265 1302; x_wconf 85' lang='lat' dir='ltr'><strong>unitate</strong></span> <span class='ocrx_word' id='word_1_183' title='bbox 2314 1248 2554 1316; x_wconf 90' lang='lat' dir='ltr'><strong>corporis</strong></span> <span class='ocrx_word' id='word_1_184' title='bbox 2598 1247 2795 1302; x_wconf 89' lang='lat' dir='ltr'><strong>Christi</strong></span> <span class='ocrx_word' id='word_1_185' title='bbox 2852 1254 3170 1304; x_wconf 67' lang='lat' dir='ltr'><strong>constitutus</strong></span> <span class='ocrx_word' id='word_1_186' title='bbox 3209 1251 3400 1303; x_wconf 86' lang='lat' dir='ltr'><strong>absce-</strong></span> 
     </span>
    </p>
   </div>
   <div class='ocr_carea' id='block_1_28' title="bbox 1810 1337 3396 1408">
    <p class='ocr_par' dir='ltr' id='par_1_28' title="bbox 1810 1337 3396 1408">
     <span class='ocr_line' id='line_1_28' title="bbox 1810 1337 3396 1408; baseline 0.003 -19"><span class='ocrx_word' id='word_1_187' title='bbox 1810 1338 1921 1392; x_wconf 87' lang='lat' dir='ltr'><strong>dat.</strong></span> <span class='ocrx_word' id='word_1_188' title='bbox 1962 1356 1980 1388; x_wconf 86' lang='grc'><strong>›</strong></span> <span class='ocrx_word' id='word_1_189' title='bbox 2020 1337 2075 1391; x_wconf 92' lang='lat' dir='ltr'><strong>In</strong></span> <span class='ocrx_word' id='word_1_190' title='bbox 2121 1355 2264 1405; x_wconf 81' lang='lat' dir='ltr'><strong>resp.</strong></span> <span class='ocrx_word' id='word_1_191' title='bbox 2295 1339 2359 1392; x_wconf 92' lang='lat' dir='ltr'><strong>ad</strong></span> <span class='ocrx_word' id='word_1_192' title='bbox 2399 1349 2588 1408; x_wconf 71' lang='lat' dir='ltr'><strong>qumst.</strong></span> <span class='ocrx_word' id='word_1_193' title='bbox 2622 1339 2881 1393; x_wconf 83' lang='lat' dir='ltr'><strong>Ferrandi</strong></span> <span class='ocrx_word' id='word_1_194' title='bbox 2934 1341 3164 1394; x_wconf 82' lang='lat' dir='ltr'><strong>diaconi.</strong></span> <span class='ocrx_word' id='word_1_195' title='bbox 3217 1341 3396 1405; x_wconf 79' lang='lat' dir='ltr'><strong>Beda,</strong></span> 
     </span>
    </p>
   </div>
   <div class='ocr_carea' id='block_1_29' title="bbox 1811 1430 3396 1498">
    <p class='ocr_par' dir='ltr' id='par_1_29' title="bbox 1811 1430 3396 1498">
     <span class='ocr_line' id='line_1_29' title="bbox 1811 1430 3396 1498; baseline 0.002 -18"><span class='ocrx_word' id='word_1_196' title='bbox 1811 1437 1957 1482; x_wconf 87' lang='lat' dir='ltr'><strong>tumo</strong></span> <span class='ocrx_word' id='word_1_197' title='bbox 1979 1443 2049 1488; x_wconf 85' lang='lat' dir='ltr'><strong>Vl,</strong></span> <span class='ocrx_word' id='word_1_198' title='bbox 2084 1430 2136 1481; x_wconf 91' lang='lat' dir='ltr'><strong>in</strong></span> <span class='ocrx_word' id='word_1_199' title='bbox 2170 1430 2471 1483; x_wconf 77' lang='lat' dir='ltr'><strong>Comment.</strong></span> <span class='ocrx_word' id='word_1_200' title='bbox 2499 1446 2618 1498; x_wconf 87' lang='lat' dir='ltr'><strong>cap.</strong></span> <span class='ocrx_word' id='word_1_201' title='bbox 2659 1431 2721 1483; x_wconf 72' lang='lat' dir='ltr'><strong>id</strong></span> <span class='ocrx_word' id='word_1_202' title='bbox 2756 1434 2941 1498; x_wconf 78' lang='lat' dir='ltr'><strong>prima:</strong></span> <span class='ocrx_word' id='word_1_203' title='bbox 2969 1434 3033 1483; x_wconf 86' lang='lat' dir='ltr'><strong>ad</strong></span> <span class='ocrx_word' id='word_1_204' title='bbox 3066 1432 3396 1493; x_wconf 57' lang='lat' dir='ltr'><strong>Corinthio,</strong></span> 
     </span>
    </p>
   </div>
   <div class='ocr_carea' id='block_1_30' title="bbox 1810 1522 3400 1592">
    <p class='ocr_par' dir='ltr' id='par_1_30' title="bbox 1810 1522 3400 1592">
     <span class='ocr_line' id='line_1_30' title="bbox 1810 1522 3400 1592; baseline 0.004 -20"><span class='ocrx_word' id='word_1_205' title='bbox 1810 1522 1898 1589; x_wconf 90' lang='lat' dir='ltr'><strong>qui</strong></span> <span class='ocrx_word' id='word_1_206' title='bbox 1939 1522 2156 1574; x_wconf 84' lang='lat' dir='ltr'><strong>conﬂati</strong></span> <span class='ocrx_word' id='word_1_207' title='bbox 2198 1532 2320 1575; x_wconf 89' lang='lat' dir='ltr'><strong>sunt</strong></span> <span class='ocrx_word' id='word_1_208' title='bbox 2352 1537 2413 1576; x_wconf 85' lang='lat' dir='ltr'><strong>ex</strong></span> <span class='ocrx_word' id='word_1_209' title='bbox 2444 1523 2763 1576; x_wconf 55' lang='lat' dir='ltr'><strong>centonibus</strong></span> <span class='ocrx_word' id='word_1_210' title='bbox 2807 1525 3121 1592; x_wconf 78' lang='lat' dir='ltr'><strong>Augustini,</strong></span> <span class='ocrx_word' id='word_1_211' title='bbox 3169 1527 3235 1577; x_wconf 68' lang='lat' dir='ltr'><strong>ita</strong></span> <span class='ocrx_word' id='word_1_212' title='bbox 3269 1525 3400 1578; x_wconf 89' lang='lat' dir='ltr'><strong>citat</strong></span> 
     </span>
    </p>
   </div>
   <div class='ocr_carea' id='block_1_31' title="bbox 1811 1610 3398 1681">
    <p class='ocr_par' dir='ltr' id='par_1_31' title="bbox 1811 1610 3398 1681">
     <span class='ocr_line' id='line_1_31' title="bbox 1811 1610 3398 1681; baseline 0.003 -18"><span class='ocrx_word' id='word_1_213' title='bbox 1811 1613 1986 1679; x_wconf 89' lang='lat' dir='ltr'><strong>priora</strong></span> <span class='ocrx_word' id='word_1_214' title='bbox 2042 1610 2128 1663; x_wconf 90' lang='lat' dir='ltr'><strong>illa</strong></span> <span class='ocrx_word' id='word_1_215' title='bbox 2189 1612 2349 1664; x_wconf 82' lang='lat' dir='ltr'><strong>verba</strong></span> <span class='ocrx_word' id='word_1_216' title='bbox 2380 1614 2550 1666; x_wconf 88' lang='lat' dir='ltr'><strong>sancti</strong></span> <span class='ocrx_word' id='word_1_217' title='bbox 2598 1613 2906 1681; x_wconf 76' lang='lat' dir='ltr'><strong>Augusini,</strong></span> <span class='ocrx_word' id='word_1_218' title='bbox 2943 1624 2996 1666; x_wconf 89' lang='lat' dir='ltr'><strong>ttt</strong></span> <span class='ocrx_word' id='word_1_219' title='bbox 3035 1617 3208 1667; x_wconf 85' lang='lat' dir='ltr'><strong>eidem</strong></span> <span class='ocrx_word' id='word_1_220' title='bbox 3238 1615 3398 1669; x_wconf 91' lang='lat' dir='ltr'><strong>etiam</strong></span> 
     </span>
    </p>
   </div>
   <div class='ocr_carea' id='block_1_32' title="bbox 1811 1702 3396 1771">
    <p class='ocr_par' dir='ltr' id='par_1_32' title="bbox 1811 1702 3396 1771">
     <span class='ocr_line' id='line_1_32' title="bbox 1811 1702 3396 1771; baseline 0.003 -18"><span class='ocrx_word' id='word_1_221' title='bbox 1811 1702 2067 1755; x_wconf 74' lang='lat' dir='ltr'><strong>attribuat</strong></span> <span class='ocrx_word' id='word_1_222' title='bbox 2096 1703 2376 1769; x_wconf 87' lang='lat' dir='ltr'><strong>sequentia</strong></span> <span class='ocrx_word' id='word_1_223' title='bbox 2404 1743 2418 1767; x_wconf 97' lang='lat'><strong>,</strong></span> <span class='ocrx_word' id='word_1_224' title='bbox 2468 1719 2586 1770; x_wconf 68' lang='lat' dir='ltr'><strong>qua:</strong></span> <span class='ocrx_word' id='word_1_225' title='bbox 2632 1719 2695 1757; x_wconf 80' lang='lat' dir='ltr'><strong>ex</strong></span> <span class='ocrx_word' id='word_1_226' title='bbox 2743 1703 3024 1771; x_wconf 86' lang='lat' dir='ltr'><strong>Fulgentio</strong></span> <span class='ocrx_word' id='word_1_227' title='bbox 3070 1706 3351 1757; x_wconf 83' lang='lat' dir='ltr'><strong>retulimus</strong></span> <span class='ocrx_word' id='word_1_228' title='bbox 3379 1746 3396 1769; x_wconf 89' lang='lat'><strong>,</strong></span> 
     </span>
    </p>
   </div>
   <div class='ocr_carea' id='block_1_33' title="bbox 124 1792 3398 1863">
    <p class='ocr_par' dir='ltr' id='par_1_33' title="bbox 124 1792 3398 1863">
     <span class='ocr_line' id='line_1_33' title="bbox 124 1792 3398 1863; baseline 0 -17"><span class='ocrx_word' id='word_1_229' title='bbox 124 1792 354 1849; x_wconf 83' lang='lat' dir='ltr'><strong>\abitur.</strong></span> <span class='ocrx_word' id='word_1_230' title='bbox 387 1792 520 1848; x_wconf 92' lang='lat' dir='ltr'><strong>Cutn</strong></span> <span class='ocrx_word' id='word_1_231' title='bbox 555 1810 681 1848; x_wconf 82' lang='lat' dir='ltr'><strong>vero</strong></span> <span class='ocrx_word' id='word_1_232' title='bbox 712 1795 882 1848; x_wconf 90' lang='lat' dir='ltr'><strong>sancti</strong></span> <span class='ocrx_word' id='word_1_233' title='bbox 917 1795 1101 1849; x_wconf 84' lang='lat' dir='ltr'><strong>Patres</strong></span> <span class='ocrx_word' id='word_1_234' title='bbox 1125 1796 1322 1849; x_wconf 88' lang='lat' dir='ltr'><strong>docent</strong></span> <span class='ocrx_word' id='word_1_235' title='bbox 1350 1797 1465 1849; x_wconf 91' lang='lat' dir='ltr'><strong>sine</strong></span> <span class='ocrx_word' id='word_1_236' title='bbox 1490 1796 1704 1863; x_wconf 82' lang='lat' dir='ltr'><strong>partici-</strong></span> <span class='ocrx_word' id='word_1_237' title='bbox 1738 1795 1781 1853; x_wconf 81' lang='grc' dir='ltr'>Β</span> <span class='ocrx_word' id='word_1_238' title='bbox 1809 1796 2009 1848; x_wconf 87' lang='lat' dir='ltr'><strong>omisso</strong></span> <span class='ocrx_word' id='word_1_239' title='bbox 2042 1795 2202 1861; x_wconf 84' lang='lat' dir='ltr'><strong>priori</strong></span> <span class='ocrx_word' id='word_1_240' title='bbox 2234 1809 2389 1848; x_wconf 87' lang='lat' dir='ltr'><strong>versu</strong></span> <span class='ocrx_word' id='word_1_241' title='bbox 2422 1810 2437 1847; x_wconf 86' lang='lat'><strong>:</strong></span> <span class='ocrx_word' id='word_1_242' title='bbox 2472 1794 2725 1857; x_wconf 83' lang='lat' dir='ltr'><strong>Arbitror,</strong></span> <span class='ocrx_word' id='word_1_243' title='bbox 2751 1804 2928 1848; x_wconf 80' lang='lat' dir='ltr'><strong>sancte</strong></span> <span class='ocrx_word' id='word_1_244' title='bbox 2962 1799 3145 1863; x_wconf 78' lang='lat' dir='ltr'><strong>frater,</strong></span> <span class='ocrx_word' id='word_1_245' title='bbox 3180 1807 3311 1858; x_wconf 86' lang='lat' dir='ltr'><strong>etc.,</strong></span> <span class='ocrx_word' id='word_1_246' title='bbox 3346 1798 3398 1848; x_wconf 83' lang='lat' dir='ltr'><strong>in</strong></span> 
     </span>
    </p>
   </div>
   <div class='ocr_carea' id='block_1_34' title="bbox 122 1882 1701 1955">
    <p class='ocr_par' dir='ltr' id='par_1_34' title="bbox 122 1882 1701 1955">
     <span class='ocr_line' id='line_1_34' title="bbox 122 1882 1701 1955; baseline 0.001 -18"><span class='ocrx_word' id='word_1_247' title='bbox 122 1882 335 1951; x_wconf 80' lang='lat' dir='ltr'><strong>patinae</strong></span> <span class='ocrx_word' id='word_1_248' title='bbox 350 1888 589 1952; x_wconf 88' lang='lat' dir='ltr'><strong>corporis</strong></span> <span class='ocrx_word' id='word_1_249' title='bbox 616 1894 669 1939; x_wconf 89' lang='lat' dir='ltr'><strong>et</strong></span> <span class='ocrx_word' id='word_1_250' title='bbox 695 1884 968 1955; x_wconf 82' lang='lat' dir='ltr'><strong>sanguinis</strong></span> <span class='ocrx_word' id='word_1_251' title='bbox 1000 1886 1207 1939; x_wconf 84' lang='lat' dir='ltr'><strong>Domini</strong></span> <span class='ocrx_word' id='word_1_252' title='bbox 1238 1887 1508 1939; x_wconf 88' lang='lat' dir='ltr'><strong>neminem</strong></span> <span class='ocrx_word' id='word_1_253' title='bbox 1540 1885 1701 1938; x_wconf 60' lang='lat' dir='ltr'><strong>Vitam</strong></span> 
     </span>
    </p>
   </div>
   <div class='ocr_carea' id='block_1_35' title="bbox 122 1960 1707 2045">
    <p class='ocr_par' dir='ltr' id='par_1_35' title="bbox 122 1960 1707 2045">
     <span class='ocr_line' id='line_1_35' title="bbox 122 1960 1707 2045; baseline 0.003 -20"><span class='ocrx_word' id='word_1_254' title='bbox 122 1984 375 2028; x_wconf 80' lang='lat' dir='ltr'><strong>:eternam</strong></span> <span class='ocrx_word' id='word_1_255' title='bbox 413 1978 671 2045; x_wconf 87' lang='lat' dir='ltr'><strong>consequi</strong></span> <span class='ocrx_word' id='word_1_256' title='bbox 709 1991 894 2045; x_wconf 89' lang='lat' dir='ltr'><strong>posse,</strong></span> <span class='ocrx_word' id='word_1_257' title='bbox 921 1976 1251 2043; x_wconf 81' lang='lat' dir='ltr'><strong>intelligendi</strong></span> <span class='ocrx_word' id='word_1_258' title='bbox 1283 1985 1407 2031; x_wconf 92' lang='lat' dir='ltr'><strong>sunt</strong></span> <span class='ocrx_word' id='word_1_259' title='bbox 1444 1977 1512 2029; x_wconf 90' lang='lat' dir='ltr'><strong>de</strong></span> <span class='ocrx_word' id='word_1_260' title='bbox 1544 1960 1707 2044; x_wconf 82' lang='lat' dir='ltr'><strong>parti-</strong></span> 
     </span>
    </p>
   </div>
   <div class='ocr_carea' id='block_1_36' title="bbox 122 2063 1707 2136">
    <p class='ocr_par' dir='ltr' id='par_1_36' title="bbox 122 2063 1707 2136">
     <span class='ocr_line' id='line_1_36' title="bbox 122 2063 1707 2136; baseline 0.003 -21"><span class='ocrx_word' id='word_1_261' title='bbox 122 2063 383 2128; x_wconf 88' lang='lat' dir='ltr'><strong>cipatione</strong></span> <span class='ocrx_word' id='word_1_262' title='bbox 414 2066 678 2134; x_wconf 91' lang='lat' dir='ltr'><strong>spirituali</strong></span> <span class='ocrx_word' id='word_1_263' title='bbox 704 2108 718 2132; x_wconf 96' lang='lat'><strong>,</strong></span> <span class='ocrx_word' id='word_1_264' title='bbox 750 2066 963 2136; x_wconf 80' lang='lat' dir='ltr'><strong>quando</strong></span> <span class='ocrx_word' id='word_1_265' title='bbox 994 2082 1085 2135; x_wconf 91' lang='lat' dir='ltr'><strong>per</strong></span> <span class='ocrx_word' id='word_1_266' title='bbox 1114 2066 1274 2120; x_wconf 89' lang='lat' dir='ltr'><strong>ﬁdem</strong></span> <span class='ocrx_word' id='word_1_267' title='bbox 1306 2068 1539 2120; x_wconf 83' lang='lat' dir='ltr'><strong>infusam</strong></span> <span class='ocrx_word' id='word_1_268' title='bbox 1574 2067 1707 2120; x_wconf 87' lang='lat' dir='ltr'><strong>ﬁttnt</strong></span> 
     </span>
    </p>
   </div>
   <div class='ocr_carea' id='block_1_37' title="bbox 124 2155 1701 2225">
    <p class='ocr_par' dir='ltr' id='par_1_37' title="bbox 124 2155 1701 2225">
     <span class='ocr_line' id='line_1_37' title="bbox 124 2155 1701 2225; baseline 0.004 -20"><span class='ocrx_word' id='word_1_269' title='bbox 124 2155 408 2223; x_wconf 87' lang='lat' dir='ltr'><strong>participes</strong></span> <span class='ocrx_word' id='word_1_270' title='bbox 453 2159 695 2225; x_wconf 87' lang='lat' dir='ltr'><strong>corporis</strong></span> <span class='ocrx_word' id='word_1_271' title='bbox 745 2157 980 2222; x_wconf 89' lang='lat' dir='ltr'><strong>Christi,</strong></span> <span class='ocrx_word' id='word_1_272' title='bbox 1034 2156 1162 2211; x_wconf 92' lang='lat' dir='ltr'><strong>dum</strong></span> <span class='ocrx_word' id='word_1_273' title='bbox 1216 2158 1349 2211; x_wconf 89' lang='lat' dir='ltr'><strong>ﬁunt</strong></span> <span class='ocrx_word' id='word_1_274' title='bbox 1404 2158 1701 2211; x_wconf 88' lang='lat' dir='ltr'><strong>membrum</strong></span> 
     </span>
    </p>
   </div>
   <div class='ocr_carea' id='block_1_38' title="bbox 122 2246 1705 2319">
    <p class='ocr_par' dir='ltr' id='par_1_38' title="bbox 122 2246 1705 2319">
     <span class='ocr_line' id='line_1_38' title="bbox 122 2246 1705 2319; baseline 0.001 -19"><span class='ocrx_word' id='word_1_275' title='bbox 122 2246 313 2302; x_wconf 85' lang='lat' dir='ltr'><strong>Christi</strong></span> <span class='ocrx_word' id='word_1_276' title='bbox 338 2288 355 2313; x_wconf 89' lang='lat'><strong>,</strong></span> <span class='ocrx_word' id='word_1_277' title='bbox 384 2251 469 2304; x_wconf 92' lang='lat' dir='ltr'><strong>cui</strong></span> <span class='ocrx_word' id='word_1_278' title='bbox 504 2266 599 2319; x_wconf 89' lang='lat' dir='ltr'><strong>per</strong></span> <span class='ocrx_word' id='word_1_279' title='bbox 630 2250 787 2306; x_wconf 91' lang='lat' dir='ltr'><strong>ﬁdem</strong></span> <span class='ocrx_word' id='word_1_280' title='bbox 818 2250 1267 2319; x_wconf 87' lang='lat' dir='ltr'><strong>incorporantur,</strong></span> <span class='ocrx_word' id='word_1_281' title='bbox 1311 2250 1581 2318; x_wconf 88' lang='lat' dir='ltr'><strong>sicuti&#39;qui</strong></span> <span class='ocrx_word' id='word_1_282' title='bbox 1613 2265 1705 2304; x_wconf 87' lang='lat' dir='ltr'><strong>su-</strong></span> 
     </span>
    </p>
   </div>
   <div class='ocr_carea' id='block_1_39' title="bbox 120 2340 1700 2403">
    <p class='ocr_par' dir='ltr' id='par_1_39' title="bbox 120 2340 1700 2403">
     <span class='ocr_line' id='line_1_39' title="bbox 120 2340 1700 2403; baseline 0 -12"><span class='ocrx_word' id='word_1_283' title='bbox 120 2349 270 2393; x_wconf 88' lang='lat' dir='ltr'><strong>munt</strong></span> <span class='ocrx_word' id='word_1_284' title='bbox 304 2340 697 2395; x_wconf 81' lang='lat' dir='ltr'><strong>Eucharistiam</strong></span> <span class='ocrx_word' id='word_1_285' title='bbox 728 2340 983 2395; x_wconf 89' lang='lat' dir='ltr'><strong>dicuntur</strong></span> <span class='ocrx_word' id='word_1_286' title='bbox 1031 2341 1149 2395; x_wconf 92' lang='lat' dir='ltr'><strong>ﬁeri</strong></span> <span class='ocrx_word' id='word_1_287' title='bbox 1186 2342 1424 2394; x_wconf 88' lang='lat' dir='ltr'><strong>membra</strong></span> <span class='ocrx_word' id='word_1_288' title='bbox 1468 2341 1700 2403; x_wconf 86' lang='lat' dir='ltr'><strong>Christi,</strong></span> 
     </span>
    </p>
   </div>
   <div class='ocr_carea' id='block_1_40' title="bbox 123 2428 1703 2501">
    <p class='ocr_par' dir='ltr' id='par_1_40' title="bbox 123 2428 1703 2501">
     <span class='ocr_line' id='line_1_40' title="bbox 123 2428 1703 2501; baseline 0.003 -20"><span class='ocrx_word' id='word_1_289' title='bbox 123 2428 242 2481; x_wconf 89' lang='lat' dir='ltr'><strong>dum</strong></span> <span class='ocrx_word' id='word_1_290' title='bbox 282 2441 501 2485; x_wconf 89' lang='lat' dir='ltr'><strong>manent</strong></span> <span class='ocrx_word' id='word_1_291' title='bbox 534 2432 586 2485; x_wconf 91' lang='lat' dir='ltr'><strong>in</strong></span> <span class='ocrx_word' id='word_1_292' title='bbox 617 2446 682 2486; x_wconf 91' lang='lat' dir='ltr'><strong>eo</strong></span> <span class='ocrx_word' id='word_1_293' title='bbox 704 2441 757 2485; x_wconf 91' lang='lat' dir='ltr'><strong>et</strong></span> <span class='ocrx_word' id='word_1_294' title='bbox 786 2433 1030 2486; x_wconf 81' lang='lat' dir='ltr'><strong>Christus</strong></span> <span class='ocrx_word' id='word_1_295' title='bbox 1058 2432 1111 2486; x_wconf 85' lang='lat' dir='ltr'><strong>in</strong></span> <span class='ocrx_word' id='word_1_296' title='bbox 1154 2434 1252 2486; x_wconf 92' lang='lat' dir='ltr'><strong>eis.</strong></span> <span class='ocrx_word' id='word_1_297' title='bbox 1287 2432 1419 2486; x_wconf 90' lang='lat' dir='ltr'><strong>llinc</strong></span> <span class='ocrx_word' id='word_1_298' title='bbox 1451 2433 1703 2501; x_wconf 82' lang='lat' dir='ltr'><strong>Augusti-</strong></span> 
     </span>
    </p>
   </div>
   <div class='ocr_carea' id='block_1_41' title="bbox 117 2522 1696 2591">
    <p class='ocr_par' dir='ltr' id='par_1_41' title="bbox 117 2522 1696 2591">
     <span class='ocr_line' id='line_1_41' title="bbox 117 2522 1696 2591; baseline 0.001 -19"><span class='ocrx_word' id='word_1_299' title='bbox 117 2534 232 2585; x_wconf 90' lang='lat' dir='ltr'><strong>nus,</strong></span> <span class='ocrx_word' id='word_1_300' title='bbox 270 2529 431 2576; x_wconf 89' lang='lat' dir='ltr'><strong>tract.</strong></span> <span class='ocrx_word' id='word_1_301' title='bbox 485 2522 551 2575; x_wconf 71' lang='grc'>27</span> <span class='ocrx_word' id='word_1_302' title='bbox 606 2524 657 2575; x_wconf 91' lang='lat' dir='ltr'><strong>in</strong></span> <span class='ocrx_word' id='word_1_303' title='bbox 690 2523 972 2587; x_wconf 81' lang='lat' dir='ltr'><strong>Joannem,</strong></span> <span class='ocrx_word' id='word_1_304' title='bbox 1004 2524 1153 2591; x_wconf 88' lang='lat' dir='ltr'><strong>plura</strong></span> <span class='ocrx_word' id='word_1_305' title='bbox 1186 2525 1252 2576; x_wconf 87' lang='lat' dir='ltr'><strong>de</strong></span> <span class='ocrx_word' id='word_1_306' title='bbox 1283 2524 1382 2578; x_wconf 84' lang='lat' dir='ltr'><strong>hac</strong></span> <span class='ocrx_word' id='word_1_307' title='bbox 1412 2539 1470 2577; x_wconf 91' lang='lat' dir='ltr'><strong>re</strong></span> <span class='ocrx_word' id='word_1_308' title='bbox 1503 2524 1655 2577; x_wconf 86' lang='lat' dir='ltr'><strong>habet</strong></span> <span class='ocrx_word' id='word_1_309' title='bbox 1682 2565 1696 2589; x_wconf 90' lang='lat'><strong>,</strong></span> 
     </span>
    </p>
   </div>
   <div class='ocr_carea' id='block_1_42' title="bbox 117 2614 1703 2681">
    <p class='ocr_par' dir='ltr' id='par_1_42' title="bbox 117 2614 1703 2681">
     <span class='ocr_line' id='line_1_42' title="bbox 117 2614 1703 2681; baseline 0.002 -18"><span class='ocrx_word' id='word_1_310' title='bbox 117 2615 251 2666; x_wconf 84' lang='lat' dir='ltr'><strong>inter</strong></span> <span class='ocrx_word' id='word_1_311' title='bbox 280 2625 479 2667; x_wconf 65' lang='lat' dir='ltr'><strong>caetera</strong></span> <span class='ocrx_word' id='word_1_312' title='bbox 512 2631 524 2666; x_wconf 90' lang='lat'><strong>:</strong></span> <span class='ocrx_word' id='word_1_313' title='bbox 561 2634 579 2666; x_wconf 80' lang='grc' dir='ltr'><strong>ι</strong></span> <span class='ocrx_word' id='word_1_314' title='bbox 618 2614 688 2669; x_wconf 89' lang='lat' dir='ltr'><strong>Ut</strong></span> <span class='ocrx_word' id='word_1_315' title='bbox 714 2627 893 2667; x_wconf 87' lang='lat' dir='ltr'><strong>autem</strong></span> <span class='ocrx_word' id='word_1_316' title='bbox 925 2616 1095 2668; x_wconf 90' lang='lat' dir='ltr'><strong>simus</strong></span> <span class='ocrx_word' id='word_1_317' title='bbox 1126 2614 1367 2666; x_wconf 87' lang='lat' dir='ltr'><strong>membra</strong></span> <span class='ocrx_word' id='word_1_318' title='bbox 1404 2616 1550 2681; x_wconf 83' lang='lat' dir='ltr'><strong>ejus.</strong></span> <span class='ocrx_word' id='word_1_319' title='bbox 1580 2617 1703 2666; x_wconf 76' lang='lat' dir='ltr'><strong>uni-</strong></span> 
     </span>
    </p>
   </div>
   <div class='ocr_carea' id='block_1_43' title="bbox 114 2703 1702 2772">
    <p class='ocr_par' dir='ltr' id='par_1_43' title="bbox 114 2703 1702 2772">
     <span class='ocr_line' id='line_1_43' title="bbox 114 2703 1702 2772; baseline 0.001 -19"><span class='ocrx_word' id='word_1_320' title='bbox 114 2711 191 2756; x_wconf 87' lang='lat' dir='ltr'><strong>tas</strong></span> <span class='ocrx_word' id='word_1_321' title='bbox 220 2718 320 2755; x_wconf 86' lang='lat' dir='ltr'><strong>nus</strong></span> <span class='ocrx_word' id='word_1_322' title='bbox 344 2705 682 2772; x_wconf 84' lang='lat' dir='ltr'><strong>compaginal</strong></span> <span class='ocrx_word' id='word_1_323' title='bbox 708 2720 721 2768; x_wconf 86' lang='lat'><strong>;</strong></span> <span class='ocrx_word' id='word_1_324' title='bbox 756 2715 810 2755; x_wconf 85' lang='grc' dir='ltr'><strong>ιιι</strong></span> <span class='ocrx_word' id='word_1_325' title='bbox 838 2705 1175 2771; x_wconf 86' lang='lat' dir='ltr'><strong>compaginet</strong></span> <span class='ocrx_word' id='word_1_326' title='bbox 1203 2703 1397 2766; x_wconf 81' lang='lat' dir='ltr'><strong>nnitas,</strong></span> <span class='ocrx_word' id='word_1_327' title='bbox 1423 2719 1540 2770; x_wconf 63' lang='lat' dir='ltr'><strong>qua:</strong></span> <span class='ocrx_word' id='word_1_328' title='bbox 1580 2705 1702 2755; x_wconf 79' lang='lat' dir='ltr'><strong>iacit</strong></span> 
     </span>
    </p>
   </div>
   <div class='ocr_carea' id='block_1_44' title="bbox 115 2793 1702 2862">
    <p class='ocr_par' dir='ltr' id='par_1_44' title="bbox 115 2793 1702 2862">
     <span class='ocr_line' id='line_1_44' title="bbox 115 2793 1702 2862; baseline 0 -18"><span class='ocrx_word' id='word_1_329' title='bbox 115 2794 210 2845; x_wconf 87' lang='lat' dir='ltr'><strong>nisi</strong></span> <span class='ocrx_word' id='word_1_330' title='bbox 239 2794 517 2846; x_wconf 74' lang='lat' dir='ltr'><strong>chartas?</strong></span> <span class='ocrx_word' id='word_1_331' title='bbox 556 2812 572 2844; x_wconf 83' lang='grc' dir='ltr'><strong>ι</strong></span> <span class='ocrx_word' id='word_1_332' title='bbox 610 2795 672 2847; x_wconf 83' lang='grc' dir='ltr'>Ει</span> <span class='ocrx_word' id='word_1_333' title='bbox 708 2803 859 2845; x_wconf 85' lang='lat' dir='ltr'><strong>tract.</strong></span> <span class='ocrx_word' id='word_1_334' title='bbox 894 2793 962 2847; x_wconf 67' lang='lat'><strong>26</strong></span> <span class='ocrx_word' id='word_1_335' title='bbox 1008 2812 1020 2845; x_wconf 86' lang='lat'><strong>:</strong></span> <span class='ocrx_word' id='word_1_336' title='bbox 1081 2812 1098 2842; x_wconf 80' lang='grc' dir='ltr'><strong>ι</strong></span> <span class='ocrx_word' id='word_1_337' title='bbox 1142 2795 1251 2847; x_wconf 89' lang='lat' dir='ltr'><strong>lloc</strong></span> <span class='ocrx_word' id='word_1_338' title='bbox 1278 2804 1359 2845; x_wconf 91' lang='lat' dir='ltr'><strong>est</strong></span> <span class='ocrx_word' id='word_1_339' title='bbox 1390 2808 1518 2862; x_wconf 87' lang='lat' dir='ltr'><strong>ergo</strong></span> <span class='ocrx_word' id='word_1_340' title='bbox 1550 2810 1702 2847; x_wconf 84' lang='lat' dir='ltr'><strong>mau-</strong></span> 
     </span>
    </p>
   </div>
   <div class='ocr_carea' id='block_1_45' title="bbox 114 2883 1703 2952">
    <p class='ocr_par' dir='ltr' id='par_1_45' title="bbox 114 2883 1703 2952">
     <span class='ocr_line' id='line_1_45' title="bbox 114 2883 1703 2952; baseline 0 -15"><span class='ocrx_word' id='word_1_341' title='bbox 114 2885 311 2937; x_wconf 84' lang='lat' dir='ltr'><strong>ducare</strong></span> <span class='ocrx_word' id='word_1_342' title='bbox 332 2883 481 2936; x_wconf 87' lang='lat' dir='ltr'><strong>illam</strong></span> <span class='ocrx_word' id='word_1_343' title='bbox 507 2900 707 2947; x_wconf 68' lang='lat' dir='ltr'><strong>escam,</strong></span> <span class='ocrx_word' id='word_1_344' title='bbox 729 2896 779 2938; x_wconf 87' lang='lat' dir='ltr'><strong>et</strong></span> <span class='ocrx_word' id='word_1_345' title='bbox 803 2886 951 2937; x_wconf 88' lang='lat' dir='ltr'><strong>illum</strong></span> <span class='ocrx_word' id='word_1_346' title='bbox 978 2884 1158 2937; x_wconf 88' lang='lat' dir='ltr'><strong>bibere</strong></span> <span class='ocrx_word' id='word_1_347' title='bbox 1182 2894 1387 2952; x_wconf 86' lang='lat' dir='ltr'><strong>potum,</strong></span> <span class='ocrx_word' id='word_1_348' title='bbox 1412 2884 1461 2937; x_wconf 74' lang='grc' dir='ltr'><strong>ιιι</strong></span> <span class='ocrx_word' id='word_1_349' title='bbox 1490 2885 1703 2939; x_wconf 70' lang='lat' dir='ltr'><strong>Chiisto</strong></span> 
     </span>
    </p>
   </div>
   <div class='ocr_carea' id='block_1_46' title="bbox 122 2974 1699 3040">
    <p class='ocr_par' dir='ltr' id='par_1_46' title="bbox 122 2974 1699 3040">
     <span class='ocr_line' id='line_1_46' title="bbox 122 2974 1699 3040; baseline 0.001 -13"><span class='ocrx_word' id='word_1_350' title='bbox 122 2990 348 3040; x_wconf 52' lang='lat' dir='ltr'><strong>nianere,</strong></span> <span class='ocrx_word' id='word_1_351' title='bbox 377 2986 432 3028; x_wconf 89' lang='lat' dir='ltr'><strong>et</strong></span> <span class='ocrx_word' id='word_1_352' title='bbox 455 2976 601 3027; x_wconf 89' lang='lat' dir='ltr'><strong>illum</strong></span> <span class='ocrx_word' id='word_1_353' title='bbox 629 2984 932 3027; x_wconf 75' lang='lat' dir='ltr'><strong>manentem</strong></span> <span class='ocrx_word' id='word_1_354' title='bbox 962 2976 1010 3027; x_wconf 85' lang='lat' dir='ltr'><strong>in</strong></span> <span class='ocrx_word' id='word_1_355' title='bbox 1041 2990 1097 3028; x_wconf 91' lang='lat' dir='ltr'><strong>se</strong></span> <span class='ocrx_word' id='word_1_356' title='bbox 1124 2974 1341 3028; x_wconf 90' lang='lat' dir='ltr'><strong>habere.</strong></span> <span class='ocrx_word' id='word_1_357' title='bbox 1381 2993 1399 3025; x_wconf 80' lang='grc' dir='ltr'><strong>ι</strong></span> <span class='ocrx_word' id='word_1_358' title='bbox 1435 2975 1506 3027; x_wconf 64' lang='lat' dir='ltr'><strong>lia</strong></span> <span class='ocrx_word' id='word_1_359' title='bbox 1539 2978 1699 3029; x_wconf 68' lang='lat' dir='ltr'><strong>ttiam</strong></span> 
     </span>
    </p>
   </div>
   <div class='ocr_carea' id='block_1_47' title="bbox 124 3065 1698 3134">
    <p class='ocr_par' dir='ltr' id='par_1_47' title="bbox 124 3065 1698 3134">
     <span class='ocr_line' id='line_1_47' title="bbox 124 3065 1698 3134; baseline 0.001 -17"><span class='ocrx_word' id='word_1_360' title='bbox 124 3081 177 3119; x_wconf 88' lang='lat' dir='ltr'><strong>se</strong></span> <span class='ocrx_word' id='word_1_361' title='bbox 226 3066 459 3134; x_wconf 79' lang='lat' dir='ltr'><strong>explicat</strong></span> <span class='ocrx_word' id='word_1_362' title='bbox 517 3074 733 3119; x_wconf 83' lang='lat' dir='ltr'><strong>sanctus</strong></span> <span class='ocrx_word' id='word_1_363' title='bbox 787 3065 941 3118; x_wconf 85' lang='lat' dir='ltr'><strong>Pater</strong></span> <span class='ocrx_word' id='word_1_364' title='bbox 991 3066 1042 3118; x_wconf 86' lang='lat' dir='ltr'><strong>in</strong></span> <span class='ocrx_word' id='word_1_365' title='bbox 1086 3066 1273 3118; x_wconf 80' lang='lat' dir='ltr'><strong>iisdem</strong></span> <span class='ocrx_word' id='word_1_366' title='bbox 1324 3066 1477 3118; x_wconf 71' lang='lat' dir='ltr'><strong>libi-is</strong></span> <span class='ocrx_word' id='word_1_367' title='bbox 1514 3076 1698 3118; x_wconf 75' lang='lat' dir='ltr'><strong>cutura</strong></span> 
     </span>
    </p>
   </div>
   <div class='ocr_carea' id='block_1_48' title="bbox 1808 1886 3391 1958">
    <p class='ocr_par' dir='ltr' id='par_1_48' title="bbox 1808 1886 3391 1958">
     <span class='ocr_line' id='line_1_48' title="bbox 1808 1886 3391 1958; baseline 0 -18"><span class='ocrx_word' id='word_1_368' title='bbox 1808 1902 1967 1957; x_wconf 88' lang='lat' dir='ltr'><strong>quem</strong></span> <span class='ocrx_word' id='word_1_369' title='bbox 2018 1886 2247 1956; x_wconf 89' lang='lat' dir='ltr'><strong>lapidem</strong></span> <span class='ocrx_word' id='word_1_370' title='bbox 2296 1889 2516 1958; x_wconf 86' lang='lat' dir='ltr'><strong>impegit</strong></span> <span class='ocrx_word' id='word_1_371' title='bbox 2560 1890 2723 1943; x_wconf 86' lang='lat' dir='ltr'><strong>etiam</strong></span> <span class='ocrx_word' id='word_1_372' title='bbox 2771 1890 3087 1956; x_wconf 86' lang='lat' dir='ltr'><strong>compilatnr</strong></span> <span class='ocrx_word' id='word_1_373' title='bbox 3127 1904 3391 1941; x_wconf 87' lang='lat' dir='ltr'><strong>canumun</strong></span> 
     </span>
    </p>
   </div>
   <div class='ocr_carea' id='block_1_49' title="bbox 1807 1980 3392 2051">
    <p class='ocr_par' dir='ltr' id='par_1_49' title="bbox 1807 1980 3392 2051">
     <span class='ocr_line' id='line_1_49' title="bbox 1807 1980 3392 2051; baseline -0.001 -16"><span class='ocrx_word' id='word_1_374' title='bbox 1807 1995 1926 2049; x_wconf 89' lang='lat' dir='ltr'><strong>cap.</strong></span> <span class='ocrx_word' id='word_1_375' title='bbox 1963 1980 2134 2048; x_wconf 82' lang='lat' dir='ltr'><strong>Nulli,</strong></span> <span class='ocrx_word' id='word_1_376' title='bbox 2170 1983 2239 2037; x_wconf 90' lang='lat' dir='ltr'><strong>de</strong></span> <span class='ocrx_word' id='word_1_377' title='bbox 2267 1980 2547 2044; x_wconf 89' lang='lat' dir='ltr'><strong>Consecr.,</strong></span> <span class='ocrx_word' id='word_1_378' title='bbox 2576 1982 2703 2035; x_wconf 91' lang='lat' dir='ltr'><strong>dist.</strong></span> <span class='ocrx_word' id='word_1_379' title='bbox 2736 1983 2789 2046; x_wconf 67' lang='grc'><strong>4,</strong></span> <span class='ocrx_word' id='word_1_380' title='bbox 2819 1982 2980 2036; x_wconf 78' lang='lat' dir='ltr'><strong>veiba</strong></span> <span class='ocrx_word' id='word_1_381' title='bbox 3015 1983 3087 2033; x_wconf 74' lang='lat' dir='ltr'><strong>illi</strong></span> <span class='ocrx_word' id='word_1_382' title='bbox 3126 1981 3392 2051; x_wconf 80' lang='lat' dir='ltr'><strong>Fulgentii</strong></span> 
     </span>
    </p>
   </div>
   <div class='ocr_carea' id='block_1_50' title="bbox 1807 2071 3382 2139">
    <p class='ocr_par' dir='ltr' id='par_1_50' title="bbox 1807 2071 3382 2139">
     <span class='ocr_line' id='line_1_50' title="bbox 1807 2071 3382 2139; baseline 0.001 -15"><span class='ocrx_word' id='word_1_383' title='bbox 1807 2072 2107 2139; x_wconf 87' lang='lat' dir='ltr'><strong>Augustino</strong></span> <span class='ocrx_word' id='word_1_384' title='bbox 2136 2071 2432 2127; x_wconf 86' lang='lat' dir='ltr'><strong>ascribens.</strong></span> <span class='ocrx_word' id='word_1_385' title='bbox 2467 2073 2541 2126; x_wconf 74' lang='lat' dir='ltr'><strong>Ex</strong></span> <span class='ocrx_word' id='word_1_386' title='bbox 2577 2074 2657 2125; x_wconf 92' lang='lat' dir='ltr'><strong>his</strong></span> <span class='ocrx_word' id='word_1_387' title='bbox 2677 2086 2831 2127; x_wconf 90' lang='lat' dir='ltr'><strong>error</strong></span> <span class='ocrx_word' id='word_1_388' title='bbox 2864 2072 2953 2127; x_wconf 89' lang='lat' dir='ltr'><strong>ille</strong></span> <span class='ocrx_word' id='word_1_389' title='bbox 2978 2072 3045 2127; x_wconf 91' lang='lat' dir='ltr'><strong>de</strong></span> <span class='ocrx_word' id='word_1_390' title='bbox 3076 2088 3315 2127; x_wconf 81' lang='lat' dir='ltr'><strong>uecessa:</strong></span> <span class='ocrx_word' id='word_1_391' title='bbox 3335 2072 3382 2125; x_wconf 78' lang='lat' dir='ltr'><strong>ia&#39;</strong></span> 
     </span>
    </p>
   </div>
   <div class='ocr_carea' id='block_1_51' title="bbox 1808 2162 3398 2233">
    <p class='ocr_par' dir='ltr' id='par_1_51' title="bbox 1808 2162 3398 2233">
     <span class='ocr_line' id='line_1_51' title="bbox 1808 2162 3398 2233; baseline 0.001 -19"><span class='ocrx_word' id='word_1_392' title='bbox 1808 2162 1986 2230; x_wconf 90' lang='lat' dir='ltr'><strong>pueris</strong></span> <span class='ocrx_word' id='word_1_393' title='bbox 2018 2172 2211 2232; x_wconf 68' lang='lat' dir='ltr'><strong>praeter</strong></span> <span class='ocrx_word' id='word_1_394' title='bbox 2251 2165 2575 2232; x_wconf 87' lang='lat' dir='ltr'><strong>baptismum</strong></span> <span class='ocrx_word' id='word_1_395' title='bbox 2624 2164 2754 2219; x_wconf 87' lang='lat' dir='ltr'><strong>reali</strong></span> <span class='ocrx_word' id='word_1_396' title='bbox 2812 2164 3165 2219; x_wconf 73' lang='lat' dir='ltr'><strong>Eucharistite</strong></span> <span class='ocrx_word' id='word_1_397' title='bbox 3214 2181 3398 2233; x_wconf 84' lang='lat' dir='ltr'><strong>sump-</strong></span> 
     </span>
    </p>
   </div>
   <div class='ocr_carea' id='block_1_52' title="bbox 1808 2258 3393 2329">
    <p class='ocr_par' dir='ltr' id='par_1_52' title="bbox 1808 2258 3393 2329">
     <span class='ocr_line' id='line_1_52' title="bbox 1808 2258 3393 2329; baseline 0.003 -20"><span class='ocrx_word' id='word_1_398' title='bbox 1808 2258 1955 2312; x_wconf 89' lang='lat' dir='ltr'><strong>tionc</strong></span> <span class='ocrx_word' id='word_1_399' title='bbox 1984 2275 2011 2311; x_wconf 90' lang='lat' dir='ltr'><strong>a</strong></span> <span class='ocrx_word' id='word_1_400' title='bbox 2045 2259 2435 2313; x_wconf 80' lang='lat' dir='ltr'><strong>recentioribus</strong></span> <span class='ocrx_word' id='word_1_401' title='bbox 2462 2259 2758 2329; x_wconf 79' lang='lat' dir='ltr'><strong>Augustino</strong></span> <span class='ocrx_word' id='word_1_402' title='bbox 2788 2260 3077 2314; x_wconf 79' lang='lat' dir='ltr'><strong>attributus</strong></span> <span class='ocrx_word' id='word_1_403' title='bbox 3109 2263 3158 2314; x_wconf 92' lang='lat' dir='ltr'><strong>in</strong></span> <span class='ocrx_word' id='word_1_404' title='bbox 3188 2260 3393 2314; x_wconf 82' lang='lat' dir='ltr'><strong>funium</strong></span> 
     </span>
    </p>
   </div>
   <div class='ocr_carea' id='block_1_53' title="bbox 1806 2350 3392 2420">
    <p class='ocr_par' dir='ltr' id='par_1_53' title="bbox 1806 2350 3392 2420">
     <span class='ocr_line' id='line_1_53' title="bbox 1806 2350 3392 2420; baseline 0.004 -18"><span class='ocrx_word' id='word_1_405' title='bbox 1806 2350 2077 2402; x_wconf 70' lang='lat' dir='ltr'><strong>eranescit</strong></span> <span class='ocrx_word' id='word_1_406' title='bbox 2098 2391 2112 2415; x_wconf 98' lang='lat'><strong>,</strong></span> <span class='ocrx_word' id='word_1_407' title='bbox 2144 2364 2297 2417; x_wconf 60' lang='lat' dir='ltr'><strong>cujus</strong></span> <span class='ocrx_word' id='word_1_408' title='bbox 2328 2351 2548 2405; x_wconf 80' lang='lat' dir='ltr'><strong>vocibus</strong></span> <span class='ocrx_word' id='word_1_409' title='bbox 2578 2366 2697 2404; x_wconf 77' lang='lat' dir='ltr'><strong>cunt</strong></span> <span class='ocrx_word' id='word_1_410' title='bbox 2735 2351 2956 2405; x_wconf 77' lang='lat' dir='ltr'><strong>Romani</strong></span> <span class='ocrx_word' id='word_1_411' title='bbox 2994 2354 3273 2420; x_wconf 76' lang='lat' dir='ltr'><strong>pontiﬁces</strong></span> <span class='ocrx_word' id='word_1_412' title='bbox 3308 2351 3392 2409; x_wconf 83' lang='lat' dir='ltr'><strong>nsi</strong></span> 
     </span>
    </p>
   </div>
   <div class='ocr_carea' id='block_1_54' title="bbox 1806 2437 3391 2510">
    <p class='ocr_par' dir='ltr' id='par_1_54' title="bbox 1806 2437 3391 2510">
     <span class='ocr_line' id='line_1_54' title="bbox 1806 2437 3391 2510; baseline 0.007 -23"><span class='ocrx_word' id='word_1_413' title='bbox 1806 2437 1910 2489; x_wconf 75' lang='lat' dir='ltr'><strong>sint</strong></span> <span class='ocrx_word' id='word_1_414' title='bbox 1944 2437 2009 2490; x_wconf 87' lang='lat' dir='ltr'><strong>ad</strong></span> <span class='ocrx_word' id='word_1_415' title='bbox 2041 2439 2261 2491; x_wconf 86' lang='lat' dir='ltr'><strong>eosdem</strong></span> <span class='ocrx_word' id='word_1_416' title='bbox 2310 2438 2504 2492; x_wconf 73' lang='lat' dir='ltr'><strong>divina.I</strong></span> <span class='ocrx_word' id='word_1_417' title='bbox 2534 2440 2721 2507; x_wconf 65' lang='lat' dir='ltr'><strong>gratiae</strong></span> <span class='ocrx_word' id='word_1_418' title='bbox 2754 2441 2935 2494; x_wconf 82' lang='lat' dir='ltr'><strong>h05tes</strong></span> <span class='ocrx_word' id='word_1_419' title='bbox 2960 2442 3391 2510; x_wconf 83' lang='lat' dir='ltr'><strong>cunvincendus,</strong></span> 
     </span>
    </p>
   </div>
   <div class='ocr_carea' id='block_1_55' title="bbox 1807 2527 3388 2601">
    <p class='ocr_par' dir='ltr' id='par_1_55' title="bbox 1807 2527 3388 2601">
     <span class='ocr_line' id='line_1_55' title="bbox 1807 2527 3388 2601; baseline 0.008 -20"><span class='ocrx_word' id='word_1_420' title='bbox 1807 2527 1944 2581; x_wconf 85' lang='lat' dir='ltr'><strong>haud</strong></span> <span class='ocrx_word' id='word_1_421' title='bbox 1990 2529 2078 2583; x_wconf 91' lang='lat' dir='ltr'><strong>ile</strong></span> <span class='ocrx_word' id='word_1_422' title='bbox 2123 2545 2260 2582; x_wconf 90' lang='lat' dir='ltr'><strong>unus</strong></span> <span class='ocrx_word' id='word_1_423' title='bbox 2301 2532 2502 2584; x_wconf 77' lang='lat' dir='ltr'><strong>erroris</strong></span> <span class='ocrx_word' id='word_1_424' title='bbox 2542 2533 2690 2601; x_wconf 87' lang='lat' dir='ltr'><strong>argui</strong></span> <span class='ocrx_word' id='word_1_425' title='bbox 2748 2540 2954 2600; x_wconf 56' lang='lat' dir='ltr'><strong>potest,</strong></span> <span class='ocrx_word' id='word_1_426' title='bbox 2987 2534 3080 2588; x_wconf 90' lang='lat' dir='ltr'><strong>sed</strong></span> <span class='ocrx_word' id='word_1_427' title='bbox 3115 2551 3214 2590; x_wconf 89' lang='lat' dir='ltr'><strong>una</strong></span> <span class='ocrx_word' id='word_1_428' title='bbox 3266 2552 3388 2593; x_wconf 91' lang='lat' dir='ltr'><strong>cum</strong></span> 
     </span>
    </p>
   </div>
   <div class='ocr_carea' id='block_1_56' title="bbox 1806 2621 3393 2695">
    <p class='ocr_par' dir='ltr' id='par_1_56' title="bbox 1806 2621 3393 2695">
     <span class='ocr_line' id='line_1_56' title="bbox 1806 2621 3393 2695; baseline 0.007 -25"><span class='ocrx_word' id='word_1_429' title='bbox 1806 2621 2105 2685; x_wconf 81' lang='lat' dir='ltr'><strong>Augustino</strong></span> <span class='ocrx_word' id='word_1_430' title='bbox 2136 2622 2423 2695; x_wconf 69' lang='lat' dir='ltr'><strong>apostolica</strong></span> <span class='ocrx_word' id='word_1_431' title='bbox 2450 2623 2606 2676; x_wconf 87' lang='lat' dir='ltr'><strong>sedes</strong></span> <span class='ocrx_word' id='word_1_432' title='bbox 2634 2624 2937 2676; x_wconf 87' lang='lat' dir='ltr'><strong>accusanda</strong></span> <span class='ocrx_word' id='word_1_433' title='bbox 2964 2640 3005 2672; x_wconf 69' lang='grc' dir='ltr'><strong>ν.</strong></span> <span class='ocrx_word' id='word_1_434' title='bbox 3029 2627 3125 2680; x_wconf 92' lang='lat' dir='ltr'><strong>nit.</strong></span> <span class='ocrx_word' id='word_1_435' title='bbox 3163 2643 3393 2694; x_wconf 59' lang='lat' dir='ltr'><strong>praeser-</strong></span> 
     </span>
    </p>
   </div>
   <div class='ocr_carea' id='block_1_57' title="bbox 1808 2712 3395 2774">
    <p class='ocr_par' dir='ltr' id='par_1_57' title="bbox 1808 2712 3395 2774">
     <span class='ocr_line' id='line_1_57' title="bbox 1808 2712 3395 2774; baseline 0.007 -12"><span class='ocrx_word' id='word_1_436' title='bbox 1808 2712 1901 2763; x_wconf 79' lang='lat' dir='ltr'><strong>tim</strong></span> <span class='ocrx_word' id='word_1_437' title='bbox 1933 2725 2051 2762; x_wconf 89' lang='lat' dir='ltr'><strong>cum</strong></span> <span class='ocrx_word' id='word_1_438' title='bbox 2082 2721 2301 2765; x_wconf 88' lang='lat' dir='ltr'><strong>sanctus</strong></span> <span class='ocrx_word' id='word_1_439' title='bbox 2348 2712 2538 2766; x_wconf 91' lang='lat' dir='ltr'><strong>doctor</strong></span> <span class='ocrx_word' id='word_1_440' title='bbox 2569 2714 2699 2765; x_wconf 88' lang='lat' dir='ltr'><strong>illud</strong></span> <span class='ocrx_word' id='word_1_441' title='bbox 2735 2716 3098 2768; x_wconf 88' lang='lat' dir='ltr'><strong>testimonium</strong></span> <span class='ocrx_word' id='word_1_442' title='bbox 3142 2718 3298 2771; x_wconf 72' lang='lat' dir='ltr'><strong>Joan.</strong></span> <span class='ocrx_word' id='word_1_443' title='bbox 3342 2736 3395 2774; x_wconf 76' lang='lat' dir='ltr'><strong>Vt</strong></span> 
     </span>
    </p>
   </div>
   <div class='ocr_carea' id='block_1_58' title="bbox 1808 2801 3391 2872">
    <p class='ocr_par' dir='ltr' id='par_1_58' title="bbox 1808 2801 3391 2872">
     <span class='ocr_line' id='line_1_58' title="bbox 1808 2801 3391 2872; baseline 0.006 -17"><span class='ocrx_word' id='word_1_444' title='bbox 1808 2801 2106 2866; x_wconf 65' lang='lat' dir='ltr'><strong>inculcuit,</strong></span> <span class='ocrx_word' id='word_1_445' title='bbox 2140 2813 2391 2867; x_wconf 65' lang='lat' dir='ltr'><strong>tanquam</strong></span> <span class='ocrx_word' id='word_1_446' title='bbox 2420 2804 2483 2856; x_wconf 86' lang='lat' dir='ltr'><strong>ab</strong></span> <span class='ocrx_word' id='word_1_447' title='bbox 2507 2806 2794 2871; x_wconf 77' lang='lat' dir='ltr'><strong>apostolica</strong></span> <span class='ocrx_word' id='word_1_448' title='bbox 2820 2807 2939 2859; x_wconf 75' lang='lat' dir='ltr'><strong>sede</strong></span> <span class='ocrx_word' id='word_1_449' title='bbox 2967 2808 3271 2872; x_wconf 83' lang='lat' dir='ltr'><strong>adhibitum,</strong></span> <span class='ocrx_word' id='word_1_450' title='bbox 3318 2814 3391 2865; x_wconf 92' lang='lat' dir='ltr'><strong>uti</strong></span> 
     </span>
    </p>
   </div>
   <div class='ocr_carea' id='block_1_59' title="bbox 1805 2893 3397 2962">
    <p class='ocr_par' dir='ltr' id='par_1_59' title="bbox 1805 2893 3397 2962">
     <span class='ocr_line' id='line_1_59' title="bbox 1805 2893 3397 2962; baseline 0.006 -16"><span class='ocrx_word' id='word_1_451' title='bbox 1805 2893 2035 2947; x_wconf 78' lang='lat' dir='ltr'><strong>diximus</strong></span> <span class='ocrx_word' id='word_1_452' title='bbox 2079 2909 2142 2947; x_wconf 78' lang='lat' dir='ltr'><strong>ex</strong></span> <span class='ocrx_word' id='word_1_453' title='bbox 2173 2895 2390 2961; x_wconf 74' lang='lat' dir='ltr'><strong>epistol.</strong></span> <span class='ocrx_word' id='word_1_454' title='bbox 2428 2895 2550 2948; x_wconf 74' lang='grc'><strong>105.</strong></span> <span class='ocrx_word' id='word_1_455' title='bbox 2596 2895 2747 2962; x_wconf 84' lang='lat' dir='ltr'><strong>Quod</strong></span> <span class='ocrx_word' id='word_1_456' title='bbox 2796 2896 2839 2950; x_wconf 92' lang='lat' dir='ltr'><strong>si</strong></span> <span class='ocrx_word' id='word_1_457' title='bbox 2889 2899 3228 2954; x_wconf 89' lang='lat' dir='ltr'><strong>recentiores</strong></span> <span class='ocrx_word' id='word_1_458' title='bbox 3272 2903 3397 2956; x_wconf 83' lang='lat' dir='ltr'><strong>rel.-</strong></span> 
     </span>
    </p>
   </div>
   <div class='ocr_carea' id='block_1_60' title="bbox 1803 2983 3398 3057">
    <p class='ocr_par' dir='ltr' id='par_1_60' title="bbox 1803 2983 3398 3057">
     <span class='ocr_line' id='line_1_60' title="bbox 1803 2983 3398 3057; baseline 0.008 -23"><span class='ocrx_word' id='word_1_459' title='bbox 1803 2983 1948 3049; x_wconf 81' lang='lat' dir='ltr'><strong>gioni</strong></span> <span class='ocrx_word' id='word_1_460' title='bbox 1979 2984 2180 3037; x_wconf 90' lang='lat' dir='ltr'><strong>ducunt</strong></span> <span class='ocrx_word' id='word_1_461' title='bbox 2216 2987 2351 3038; x_wconf 88' lang='lat' dir='ltr'><strong>adeo</strong></span> <span class='ocrx_word' id='word_1_462' title='bbox 2383 2997 2708 3052; x_wconf 69' lang='lat' dir='ltr'><strong>prtepostere</strong></span> <span class='ocrx_word' id='word_1_463' title='bbox 2737 2986 2805 3041; x_wconf 90' lang='lat' dir='ltr'><strong>de</strong></span> <span class='ocrx_word' id='word_1_464' title='bbox 2837 2987 3095 3042; x_wconf 80' lang='lat' dir='ltr'><strong>Romams</strong></span> <span class='ocrx_word' id='word_1_465' title='bbox 3128 2992 3398 3057; x_wconf 83' lang='lat' dir='ltr'><strong>pontiﬁci-</strong></span> 
     </span>
    </p>
   </div>
   <div class='ocr_carea' id='block_1_61' title="bbox 1806 3073 3397 3143">
    <p class='ocr_par' dir='ltr' id='par_1_61' title="bbox 1806 3073 3397 3143">
     <span class='ocr_line' id='line_1_61' title="bbox 1806 3073 3397 3143; baseline 0.009 -18"><span class='ocrx_word' id='word_1_466' title='bbox 1806 3073 1903 3127; x_wconf 90' lang='lat' dir='ltr'><strong>bus</strong></span> <span class='ocrx_word' id='word_1_467' title='bbox 1935 3078 2167 3139; x_wconf 81' lang='lat' dir='ltr'><strong>sentite,</strong></span> <span class='ocrx_word' id='word_1_468' title='bbox 2197 3077 2285 3143; x_wconf 86' lang='lat' dir='ltr'><strong>qui</strong></span> <span class='ocrx_word' id='word_1_469' title='bbox 2317 3092 2381 3129; x_wconf 80' lang='lat' dir='ltr'><strong>ex</strong></span> <span class='ocrx_word' id='word_1_470' title='bbox 2410 3078 2683 3131; x_wconf 91' lang='lat' dir='ltr'><strong>communi</strong></span> <span class='ocrx_word' id='word_1_471' title='bbox 2730 3078 2989 3133; x_wconf 70' lang='lat' dir='ltr'><strong>Ecclesiae</strong></span> <span class='ocrx_word' id='word_1_472' title='bbox 3017 3095 3177 3136; x_wconf 86' lang='lat' dir='ltr'><strong>sensu</strong></span> <span class='ocrx_word' id='word_1_473' title='bbox 3210 3094 3397 3139; x_wconf 88' lang='lat' dir='ltr'><strong>contra</strong></span> 
     </span>
    </p>
   </div>
   <div class='ocr_carea' id='block_1_62' title="bbox 126 3154 3397 3245">
    <p class='ocr_par' dir='ltr' id='par_1_62' title="bbox 126 3154 3397 3245">
     <span class='ocr_line' id='line_1_62' title="bbox 126 3154 3397 3245; baseline 0.006 -37"><span class='ocrx_word' id='word_1_474' title='bbox 126 3154 450 3226; x_wconf 72' lang='lat' dir='ltr'><strong>Pelagianos,</strong></span> <span class='ocrx_word' id='word_1_475' title='bbox 486 3155 571 3210; x_wconf 92' lang='lat' dir='ltr'><strong>ubi</strong></span> <span class='ocrx_word' id='word_1_476' title='bbox 601 3170 720 3210; x_wconf 91' lang='lat' dir='ltr'><strong>cum</strong></span> <span class='ocrx_word' id='word_1_477' title='bbox 760 3157 852 3210; x_wconf 90' lang='lat' dir='ltr'><strong>lib.</strong></span> <span class='ocrx_word' id='word_1_478' title='bbox 895 3172 953 3210; x_wconf 86' lang='grc' dir='ltr'><strong>ιιι</strong></span> <span class='ocrx_word' id='word_1_479' title='bbox 990 3157 1057 3210; x_wconf 88' lang='lat' dir='ltr'><strong>de</strong></span> <span class='ocrx_word' id='word_1_480' title='bbox 1099 3168 1434 3225; x_wconf 54' lang='lat' dir='ltr'><strong>peccatorum</strong></span> <span class='ocrx_word' id='word_1_481' title='bbox 1466 3156 1692 3222; x_wconf 86' lang='lat' dir='ltr'><strong>Meritis,</strong></span> <span class='ocrx_word' id='word_1_482' title='bbox 1725 3163 1769 3224; x_wconf 66' lang='grc' dir='ltr'><strong>(ζ</strong></span> <span class='ocrx_word' id='word_1_483' title='bbox 1805 3165 2121 3235; x_wconf 67' lang='lat' dir='ltr'><strong>Pelag&#39;anos</strong></span> <span class='ocrx_word' id='word_1_484' title='bbox 2169 3170 2466 3221; x_wconf 76' lang='lat' dir='ltr'><strong>sententias</strong></span> <span class='ocrx_word' id='word_1_485' title='bbox 2512 3168 2735 3235; x_wconf 81' lang='lat' dir='ltr'><strong>dixere,</strong></span> <span class='ocrx_word' id='word_1_486' title='bbox 2787 3169 3027 3225; x_wconf 87' lang='lat' dir='ltr'><strong>mitiores</strong></span> <span class='ocrx_word' id='word_1_487' title='bbox 3064 3173 3225 3228; x_wconf 90' lang='lat' dir='ltr'><strong>etiam</strong></span> <span class='ocrx_word' id='word_1_488' title='bbox 3268 3190 3397 3245; x_wconf 85' lang='lat' dir='ltr'><strong>erga</strong></span> 
     </span>
    </p>
   </div>
   <div class='ocr_carea' id='block_1_63' title="bbox 123 3249 1698 3318">
    <p class='ocr_par' dir='ltr' id='par_1_63' title="bbox 123 3249 1698 3318">
     <span class='ocr_line' id='line_1_63' title="bbox 123 3249 1698 3318; baseline 0.003 -16"><span class='ocrx_word' id='word_1_489' title='bbox 123 3263 233 3318; x_wconf 76' lang='lat' dir='ltr'><strong>Cap.</strong></span> <span class='ocrx_word' id='word_1_490' title='bbox 262 3249 317 3311; x_wconf 74' lang='grc'>4,</span> <span class='ocrx_word' id='word_1_491' title='bbox 348 3250 575 3304; x_wconf 72' lang='lat' dir='ltr'><strong>dixisset</strong></span> <span class='ocrx_word' id='word_1_492' title='bbox 608 3268 620 3303; x_wconf 85' lang='lat'><strong>:</strong></span> <span class='ocrx_word' id='word_1_493' title='bbox 657 3267 675 3301; x_wconf 82' lang='lat' dir='ltr'><strong>t</strong></span> <span class='ocrx_word' id='word_1_494' title='bbox 712 3250 847 3318; x_wconf 82' lang='lat' dir='ltr'><strong>Quia</strong></span> <span class='ocrx_word' id='word_1_495' title='bbox 870 3252 969 3304; x_wconf 91' lang='lat' dir='ltr'><strong>nisi</strong></span> <span class='ocrx_word' id='word_1_496' title='bbox 998 3250 1437 3305; x_wconf 86' lang='lat' dir='ltr'><strong>manducaverint</strong></span> <span class='ocrx_word' id='word_1_497' title='bbox 1458 3251 1698 3307; x_wconf 71' lang='lat' dir='ltr'><strong>homines</strong></span> 
     </span>
    </p>
   </div>
   <div class='ocr_carea' id='block_1_64' title="bbox 126 3341 1699 3415">
    <p class='ocr_par' dir='ltr' id='par_1_64' title="bbox 126 3341 1699 3415">
     <span class='ocr_line' id='line_1_64' title="bbox 126 3341 1699 3415; baseline 0.006 -23"><span class='ocrx_word' id='word_1_498' title='bbox 126 3357 331 3397; x_wconf 75' lang='lat' dir='ltr'><strong>taruem</strong></span> <span class='ocrx_word' id='word_1_499' title='bbox 356 3341 498 3412; x_wconf 89' lang='lat' dir='ltr'><strong>ejus,</strong></span> <span class='ocrx_word' id='word_1_500' title='bbox 533 3342 635 3396; x_wconf 83' lang='lat' dir='ltr'><strong>huc</strong></span> <span class='ocrx_word' id='word_1_501' title='bbox 662 3351 744 3396; x_wconf 92' lang='lat' dir='ltr'><strong>est</strong></span> <span class='ocrx_word' id='word_1_502' title='bbox 770 3343 1061 3412; x_wconf 87' lang='lat' dir='ltr'><strong>participes</strong></span> <span class='ocrx_word' id='word_1_503' title='bbox 1088 3342 1214 3396; x_wconf 85' lang='lat' dir='ltr'><strong>facti</strong></span> <span class='ocrx_word' id='word_1_504' title='bbox 1238 3343 1429 3399; x_wconf 91' lang='lat' dir='ltr'><strong>fuerint</strong></span> <span class='ocrx_word' id='word_1_505' title='bbox 1454 3344 1699 3415; x_wconf 84' lang='lat' dir='ltr'><strong>corporis</strong></span> 
     </span>
    </p>
   </div>
   <div class='ocr_carea' id='block_1_65' title="bbox 122 3432 1696 3503">
    <p class='ocr_par' dir='ltr' id='par_1_65' title="bbox 122 3432 1696 3503">
     <span class='ocr_line' id='line_1_65' title="bbox 122 3432 1696 3503; baseline 0.004 -18"><span class='ocrx_word' id='word_1_506' title='bbox 122 3432 245 3499; x_wconf 72' lang='lat' dir='ltr'><strong>ejus,</strong></span> <span class='ocrx_word' id='word_1_507' title='bbox 271 3448 376 3486; x_wconf 93' lang='lat' dir='ltr'><strong>non</strong></span> <span class='ocrx_word' id='word_1_508' title='bbox 411 3434 688 3488; x_wconf 90' lang='lat' dir='ltr'><strong>habebunt</strong></span> <span class='ocrx_word' id='word_1_509' title='bbox 717 3435 911 3499; x_wconf 84' lang='lat' dir='ltr'><strong>vitam;</strong></span> <span class='ocrx_word' id='word_1_510' title='bbox 952 3453 970 3486; x_wconf 83' lang='grc' dir='ltr'><strong>ι</strong></span> <span class='ocrx_word' id='word_1_511' title='bbox 1015 3434 1168 3502; x_wconf 89' lang='lat' dir='ltr'><strong>paulo</strong></span> <span class='ocrx_word' id='word_1_512' title='bbox 1202 3435 1447 3503; x_wconf 83' lang='lat' dir='ltr'><strong>superius</strong></span> <span class='ocrx_word' id='word_1_513' title='bbox 1478 3437 1696 3491; x_wconf 90' lang='lat' dir='ltr'><strong>modum</strong></span> 
     </span>
    </p>
   </div>
   <div class='ocr_carea' id='block_1_66' title="bbox 125 3522 1694 3595">
    <p class='ocr_par' dir='ltr' id='par_1_66' title="bbox 125 3522 1694 3595">
     <span class='ocr_line' id='line_1_66' title="bbox 125 3522 1694 3595; baseline 0.005 -22"><span class='ocrx_word' id='word_1_514' title='bbox 125 3522 483 3594; x_wconf 81' lang='lat' dir='ltr'><strong>assignaverat</strong></span> <span class='ocrx_word' id='word_1_515' title='bbox 538 3540 643 3594; x_wconf 93' lang='lat' dir='ltr'><strong>quo</strong></span> <span class='ocrx_word' id='word_1_516' title='bbox 674 3527 823 3595; x_wconf 89' lang='lat' dir='ltr'><strong>pueri</strong></span> <span class='ocrx_word' id='word_1_517' title='bbox 872 3526 1193 3595; x_wconf 89' lang='lat' dir='ltr'><strong>participant</strong></span> <span class='ocrx_word' id='word_1_518' title='bbox 1224 3541 1417 3595; x_wconf 90' lang='lat' dir='ltr'><strong>corpus</strong></span> <span class='ocrx_word' id='word_1_519' title='bbox 1447 3526 1645 3583; x_wconf 85' lang='lat' dir='ltr'><strong>Christi</strong></span> <span class='ocrx_word' id='word_1_520' title='bbox 1682 3548 1694 3581; x_wconf 91' lang='lat'><strong>:</strong></span> 
     </span>
    </p>
   </div>
   <div class='ocr_carea' id='block_1_67' title="bbox 127 3614 1700 3690">
    <p class='ocr_par' dir='ltr' id='par_1_67' title="bbox 127 3614 1700 3690">
     <span class='ocr_line' id='line_1_67' title="bbox 127 3614 1700 3690; baseline 0.005 -26"><span class='ocrx_word' id='word_1_521' title='bbox 127 3630 145 3663; x_wconf 87' lang='grc' dir='ltr'><strong>ι</strong></span> <span class='ocrx_word' id='word_1_522' title='bbox 182 3614 324 3670; x_wconf 79' lang='lat' dir='ltr'><strong>Unde</strong></span> <span class='ocrx_word' id='word_1_523' title='bbox 355 3617 410 3670; x_wconf 91' lang='lat' dir='ltr'><strong>fit</strong></span> <span class='ocrx_word' id='word_1_524' title='bbox 432 3631 797 3686; x_wconf 87' lang='lat' dir='ltr'><strong>consequens,</strong></span> <span class='ocrx_word' id='word_1_525' title='bbox 831 3618 1020 3687; x_wconf 90' lang='lat' dir='ltr'><strong>inquit,</strong></span> <span class='ocrx_word' id='word_1_526' title='bbox 1058 3630 1112 3671; x_wconf 93' lang='lat' dir='ltr'><strong>ut</strong></span> <span class='ocrx_word' id='word_1_527' title='bbox 1142 3621 1394 3687; x_wconf 88' lang='lat' dir='ltr'><strong>quoniam</strong></span> <span class='ocrx_word' id='word_1_528' title='bbox 1428 3618 1557 3674; x_wconf 89' lang='lat' dir='ltr'><strong>nihil</strong></span> <span class='ocrx_word' id='word_1_529' title='bbox 1588 3620 1700 3690; x_wconf 77' lang='lat' dir='ltr'><strong>agi-</strong></span> 
     </span>
    </p>
   </div>
   <div class='ocr_carea' id='block_1_68' title="bbox 124 3708 1697 3781">
    <p class='ocr_par' dir='ltr' id='par_1_68' title="bbox 124 3708 1697 3781">
     <span class='ocr_line' id='line_1_68' title="bbox 124 3708 1697 3781; baseline 0.004 -24"><span class='ocrx_word' id='word_1_530' title='bbox 124 3712 198 3758; x_wconf 87' lang='lat' dir='ltr'><strong>tur</strong></span> <span class='ocrx_word' id='word_1_531' title='bbox 218 3708 381 3773; x_wconf 88' lang='lat' dir='ltr'><strong>aliud,</strong></span> <span class='ocrx_word' id='word_1_532' title='bbox 412 3724 537 3761; x_wconf 86' lang='lat' dir='ltr'><strong>cum</strong></span> <span class='ocrx_word' id='word_1_533' title='bbox 573 3710 778 3779; x_wconf 84' lang='lat' dir='ltr'><strong>parvuli</strong></span> <span class='ocrx_word' id='word_1_534' title='bbox 831 3708 1186 3778; x_wconf 87' lang='lat' dir='ltr'><strong>baptizantur,</strong></span> <span class='ocrx_word' id='word_1_535' title='bbox 1223 3711 1323 3764; x_wconf 90' lang='lat' dir='ltr'><strong>nisi</strong></span> <span class='ocrx_word' id='word_1_536' title='bbox 1358 3720 1414 3765; x_wconf 89' lang='lat' dir='ltr'><strong>ut</strong></span> <span class='ocrx_word' id='word_1_537' title='bbox 1442 3711 1697 3781; x_wconf 81' lang='lat' dir='ltr'><strong>incorpo-</strong></span> 
     </span>
    </p>
   </div>
   <div class='ocr_carea' id='block_1_69' title="bbox 124 3800 1697 3870">
    <p class='ocr_par' dir='ltr' id='par_1_69' title="bbox 124 3800 1697 3870">
     <span class='ocr_line' id='line_1_69' title="bbox 124 3800 1697 3870; baseline 0.006 -22"><span class='ocrx_word' id='word_1_538' title='bbox 124 3808 288 3852; x_wconf 88' lang='lat' dir='ltr'><strong>reutnr</strong></span> <span class='ocrx_word' id='word_1_539' title='bbox 320 3801 605 3865; x_wconf 67' lang='lat' dir='ltr'><strong>Ecclesiat,</strong></span> <span class='ocrx_word' id='word_1_540' title='bbox 639 3801 689 3854; x_wconf 93' lang='lat' dir='ltr'><strong>id</strong></span> <span class='ocrx_word' id='word_1_541' title='bbox 722 3809 805 3854; x_wconf 92' lang='lat' dir='ltr'><strong>est</strong></span> <span class='ocrx_word' id='word_1_542' title='bbox 832 3800 1032 3854; x_wconf 86' lang='lat' dir='ltr'><strong>Christi</strong></span> <span class='ocrx_word' id='word_1_543' title='bbox 1065 3802 1301 3869; x_wconf 89' lang='lat' dir='ltr'><strong>corpori,</strong></span> <span class='ocrx_word' id='word_1_544' title='bbox 1333 3803 1697 3870; x_wconf 82' lang='lat' dir='ltr'><strong>membrisque</strong></span> 
     </span>
    </p>
   </div>
   <div class='ocr_carea' id='block_1_70' title="bbox 121 3894 1696 3963">
    <p class='ocr_par' dir='ltr' id='par_1_70' title="bbox 121 3894 1696 3963">
     <span class='ocr_line' id='line_1_70' title="bbox 121 3894 1696 3963; baseline 0.005 -21"><span class='ocrx_word' id='word_1_545' title='bbox 121 3894 391 3947; x_wconf 80' lang='lat' dir='ltr'><strong>sociemur.</strong></span> <span class='ocrx_word' id='word_1_546' title='bbox 432 3914 451 3945; x_wconf 76' lang='grc' dir='ltr'><strong>ι</strong></span> <span class='ocrx_word' id='word_1_547' title='bbox 490 3895 563 3949; x_wconf 84' lang='lat' dir='ltr'><strong>Et</strong></span> <span class='ocrx_word' id='word_1_548' title='bbox 601 3894 739 3948; x_wconf 91' lang='lat' dir='ltr'><strong>hanc</strong></span> <span class='ocrx_word' id='word_1_549' title='bbox 768 3895 934 3963; x_wconf 82' lang='lat' dir='ltr'><strong>ipsam</strong></span> <span class='ocrx_word' id='word_1_550' title='bbox 987 3909 1105 3950; x_wconf 83' lang='lat' dir='ltr'><strong>esse</strong></span> <span class='ocrx_word' id='word_1_551' title='bbox 1144 3894 1429 3963; x_wconf 84' lang='lat' dir='ltr'><strong>Augustini</strong></span> <span class='ocrx_word' id='word_1_552' title='bbox 1462 3907 1696 3950; x_wconf 87' lang='lat' dir='ltr'><strong>mentem</strong></span> 
     </span>
    </p>
   </div>
   <div class='ocr_carea' id='block_1_71' title="bbox 126 3985 1693 4056">
    <p class='ocr_par' dir='ltr' id='par_1_71' title="bbox 126 3985 1693 4056">
     <span class='ocr_line' id='line_1_71' title="bbox 126 3985 1693 4056; baseline 0.006 -21"><span class='ocrx_word' id='word_1_553' title='bbox 126 3992 330 4041; x_wconf 81' lang='lat' dir='ltr'><strong>testatur</strong></span> <span class='ocrx_word' id='word_1_554' title='bbox 370 3999 596 4043; x_wconf 83' lang='lat' dir='ltr'><strong>sanctus</strong></span> <span class='ocrx_word' id='word_1_555' title='bbox 629 3985 945 4056; x_wconf 85' lang='lat' dir='ltr'><strong>Fulgentius</strong></span> <span class='ocrx_word' id='word_1_556' title='bbox 987 3988 1039 4041; x_wconf 91' lang='lat' dir='ltr'><strong>in</strong></span> <span class='ocrx_word' id='word_1_557' title='bbox 1073 3988 1420 4056; x_wconf 85' lang='lat' dir='ltr'><strong>responsione</strong></span> <span class='ocrx_word' id='word_1_558' title='bbox 1464 3989 1530 4042; x_wconf 88' lang='lat' dir='ltr'><strong>ad</strong></span> <span class='ocrx_word' id='word_1_559' title='bbox 1559 3988 1693 4044; x_wconf 92' lang='lat' dir='ltr'><strong>duas</strong></span> 
     </span>
    </p>
   </div>
   <div class='ocr_carea' id='block_1_72' title="bbox 122 4079 1696 4149">
    <p class='ocr_par' dir='ltr' id='par_1_72' title="bbox 122 4079 1696 4149">
     <span class='ocr_line' id='line_1_72' title="bbox 122 4079 1696 4149; baseline 0.006 -21"><span class='ocrx_word' id='word_1_560' title='bbox 122 4080 427 4144; x_wconf 72' lang='lat' dir='ltr'><strong>quaastiones</strong></span> <span class='ocrx_word' id='word_1_561' title='bbox 460 4079 726 4134; x_wconf 88' lang='lat' dir='ltr'><strong>Ferrandi</strong></span> <span class='ocrx_word' id='word_1_562' title='bbox 773 4079 1003 4133; x_wconf 87' lang='lat' dir='ltr'><strong>diaconi.</strong></span> <span class='ocrx_word' id='word_1_563' title='bbox 1043 4080 1343 4149; x_wconf 85' lang='lat' dir='ltr'><strong>Scripserat</strong></span> <span class='ocrx_word' id='word_1_564' title='bbox 1391 4080 1696 4137; x_wconf 85' lang='lat' dir='ltr'><strong>Ferraudus</strong></span> 
     </span>
    </p>
   </div>
   <div class='ocr_carea' id='block_1_73' title="bbox 122 4164 1697 4240">
    <p class='ocr_par' dir='ltr' id='par_1_73' title="bbox 122 4164 1697 4240">
     <span class='ocr_line' id='line_1_73' title="bbox 122 4164 1697 4240; baseline 0.004 -21"><span class='ocrx_word' id='word_1_565' title='bbox 122 4164 346 4235; x_wconf 84' lang='lat' dir='ltr'><strong>juvenem</strong></span> <span class='ocrx_word' id='word_1_566' title='bbox 380 4171 699 4240; x_wconf 64' lang='lat' dir='ltr'><strong>Ethiopem</strong></span> <span class='ocrx_word' id='word_1_567' title='bbox 730 4170 889 4223; x_wconf 91' lang='lat' dir='ltr'><strong>morti</strong></span> <span class='ocrx_word' id='word_1_568' title='bbox 923 4172 1225 4240; x_wconf 78' lang='lat' dir='ltr'><strong>proximum</strong></span> <span class='ocrx_word' id='word_1_569' title='bbox 1259 4172 1422 4225; x_wconf 90' lang='lat' dir='ltr'><strong>fuisse</strong></span> <span class='ocrx_word' id='word_1_570' title='bbox 1452 4172 1697 4240; x_wconf 88' lang='lat' dir='ltr'><strong>baptiza-</strong></span> 
     </span>
    </p>
   </div>
   <div class='ocr_carea' id='block_1_74' title="bbox 131 4263 1694 4334">
    <p class='ocr_par' dir='ltr' id='par_1_74' title="bbox 131 4263 1694 4334">
     <span class='ocr_line' id='line_1_74' title="bbox 131 4263 1694 4334; baseline 0.006 -23"><span class='ocrx_word' id='word_1_571' title='bbox 131 4268 247 4329; x_wconf 85' lang='lat' dir='ltr'><strong>tum,</strong></span> <span class='ocrx_word' id='word_1_572' title='bbox 261 4278 319 4318; x_wconf 90' lang='lat' dir='ltr'><strong>ac</strong></span> <span class='ocrx_word' id='word_1_573' title='bbox 333 4266 512 4319; x_wconf 75' lang='lat' dir='ltr'><strong>Statim</strong></span> <span class='ocrx_word' id='word_1_574' title='bbox 531 4274 823 4334; x_wconf 84' lang='lat' dir='ltr'><strong>antequam</strong></span> <span class='ocrx_word' id='word_1_575' title='bbox 844 4263 1230 4318; x_wconf 81' lang='lat' dir='ltr'><strong>Eucharisﬁam</strong></span> <span class='ocrx_word' id='word_1_576' title='bbox 1248 4274 1484 4319; x_wconf 89' lang='lat' dir='ltr'><strong>sumeret</strong></span> <span class='ocrx_word' id='word_1_577' title='bbox 1503 4266 1694 4320; x_wconf 87' lang='lat' dir='ltr'><strong>deces-</strong></span> 
     </span>
    </p>
   </div>
   <div class='ocr_carea' id='block_1_75' title="bbox 126 4350 1696 4423">
    <p class='ocr_par' dir='ltr' id='par_1_75' title="bbox 126 4350 1696 4423">
     <span class='ocr_line' id='line_1_75' title="bbox 126 4350 1696 4423; baseline 0.004 -20"><span class='ocrx_word' id='word_1_578' title='bbox 126 4350 267 4419; x_wconf 87' lang='lat' dir='ltr'><strong>sisse,</strong></span> <span class='ocrx_word' id='word_1_579' title='bbox 300 4364 482 4423; x_wconf 89' lang='lat' dir='ltr'><strong>petens</strong></span> <span class='ocrx_word' id='word_1_580' title='bbox 504 4371 639 4409; x_wconf 86' lang='lat' dir='ltr'><strong>num</strong></span> <span class='ocrx_word' id='word_1_581' title='bbox 667 4369 732 4409; x_wconf 90' lang='lat' dir='ltr'><strong>eo</strong></span> <span class='ocrx_word' id='word_1_582' title='bbox 759 4364 912 4423; x_wconf 89' lang='lat' dir='ltr'><strong>pacto</strong></span> <span class='ocrx_word' id='word_1_583' title='bbox 939 4355 1133 4409; x_wconf 79' lang='lat' dir='ltr'><strong>salvari</strong></span> <span class='ocrx_word' id='word_1_584' title='bbox 1158 4355 1373 4423; x_wconf 84' lang='lat' dir='ltr'><strong>posset?</strong></span> <span class='ocrx_word' id='word_1_585' title='bbox 1404 4356 1696 4423; x_wconf 76' lang='lat' dir='ltr'><strong>Respondit</strong></span> 
     </span>
    </p>
   </div>
   <div class='ocr_carea' id='block_1_76' title="bbox 130 4438 1685 4516">
    <p class='ocr_par' dir='ltr' id='par_1_76' title="bbox 130 4438 1685 4516">
     <span class='ocr_line' id='line_1_76' title="bbox 130 4438 1685 4516; baseline 0.006 -24"><span class='ocrx_word' id='word_1_586' title='bbox 130 4438 421 4512; x_wconf 85' lang='lat' dir='ltr'><strong>Fulgentius</strong></span> <span class='ocrx_word' id='word_1_587' title='bbox 444 4445 723 4500; x_wconf 84' lang='lat' dir='ltr'><strong>hominem</strong></span> <span class='ocrx_word' id='word_1_588' title='bbox 760 4460 854 4515; x_wconf 89' lang='lat' dir='ltr'><strong>per</strong></span> <span class='ocrx_word' id='word_1_589' title='bbox 891 4446 1208 4515; x_wconf 89' lang='lat' dir='ltr'><strong>baptismum</strong></span> <span class='ocrx_word' id='word_1_590' title='bbox 1237 4446 1349 4500; x_wconf 89' lang='lat' dir='ltr'><strong>fieri</strong></span> <span class='ocrx_word' id='word_1_591' title='bbox 1375 4444 1685 4516; x_wconf 87' lang='lat' dir='ltr'><strong>participem</strong></span> 
     </span>
    </p>
   </div>
   <div class='ocr_carea' id='block_1_77' title="bbox 1802 3259 3398 3334">
    <p class='ocr_par' dir='ltr' id='par_1_77' title="bbox 1802 3259 3398 3334">
     <span class='ocr_line' id='line_1_77' title="bbox 1802 3259 3398 3334; baseline 0.006 -23"><span class='ocrx_word' id='word_1_592' title='bbox 1802 3259 2161 3326; x_wconf 84' lang='lat' dir='ltr'><strong>Augustinum</strong></span> <span class='ocrx_word' id='word_1_593' title='bbox 2191 3260 2403 3313; x_wconf 86' lang='lat' dir='ltr'><strong>animos</strong></span> <span class='ocrx_word' id='word_1_594' title='bbox 2438 3259 2695 3325; x_wconf 87' lang='lat' dir='ltr'><strong>induant,</strong></span> <span class='ocrx_word' id='word_1_595' title='bbox 2734 3260 2971 3329; x_wconf 88' lang='lat' dir='ltr'><strong>atquein</strong></span> <span class='ocrx_word' id='word_1_596' title='bbox 3004 3263 3194 3317; x_wconf 88' lang='lat' dir='ltr'><strong>eadem</strong></span> <span class='ocrx_word' id='word_1_597' title='bbox 3246 3280 3398 3334; x_wconf 88' lang='lat' dir='ltr'><strong>pror-</strong></span> 
     </span>
    </p>
   </div>
   <div class='ocr_carea' id='block_1_78' title="bbox 1798 3351 3393 3425">
    <p class='ocr_par' dir='ltr' id='par_1_78' title="bbox 1798 3351 3393 3425">
     <span class='ocr_line' id='line_1_78' title="bbox 1798 3351 3393 3425; baseline 0.006 -22"><span class='ocrx_word' id='word_1_598' title='bbox 1798 3363 1891 3403; x_wconf 89' lang='lat' dir='ltr'><strong>sus</strong></span> <span class='ocrx_word' id='word_1_599' title='bbox 1944 3365 2107 3405; x_wconf 89' lang='lat' dir='ltr'><strong>causa</strong></span> <span class='ocrx_word' id='word_1_600' title='bbox 2134 3396 2145 3413; x_wconf 87' lang='lat'><strong>,</strong></span> <span class='ocrx_word' id='word_1_601' title='bbox 2194 3362 2245 3406; x_wconf 91' lang='lat' dir='ltr'><strong>et</strong></span> <span class='ocrx_word' id='word_1_602' title='bbox 2277 3351 2551 3406; x_wconf 80' lang='lat' dir='ltr'><strong>Romanos</strong></span> <span class='ocrx_word' id='word_1_603' title='bbox 2582 3353 2840 3421; x_wconf 68' lang='lat' dir='ltr'><strong>prmsules</strong></span> <span class='ocrx_word' id='word_1_604' title='bbox 2863 3395 2876 3417; x_wconf 90' lang='lat'><strong>,</strong></span> <span class='ocrx_word' id='word_1_605' title='bbox 2902 3365 2955 3409; x_wconf 92' lang='lat' dir='ltr'><strong>et</strong></span> <span class='ocrx_word' id='word_1_606' title='bbox 2989 3356 3393 3425; x_wconf 87' lang='lat' dir='ltr'><strong>llipponensem</strong></span> 
     </span>
    </p>
   </div>
   <div class='ocr_carea' id='block_1_79' title="bbox 1799 3442 3390 3515">
    <p class='ocr_par' dir='ltr' id='par_1_79' title="bbox 1799 3442 3390 3515">
     <span class='ocr_line' id='line_1_79' title="bbox 1799 3442 3390 3515; baseline 0.005 -20"><span class='ocrx_word' id='word_1_607' title='bbox 1799 3445 2095 3497; x_wconf 70' lang='lat' dir='ltr'><strong>antistitem</strong></span> <span class='ocrx_word' id='word_1_608' title='bbox 2122 3442 2367 3511; x_wconf 88' lang='lat' dir='ltr'><strong>benignis</strong></span> <span class='ocrx_word' id='word_1_609' title='bbox 2397 3443 2931 3511; x_wconf 86' lang='lat' dir='ltr'><strong>interpretationibus</strong></span> <span class='ocrx_word' id='word_1_610' title='bbox 2953 3447 3249 3515; x_wconf 80' lang='lat' dir='ltr'><strong>excipiant,</strong></span> <span class='ocrx_word' id='word_1_611' title='bbox 3282 3465 3390 3503; x_wconf 87' lang='lat' dir='ltr'><strong>non</strong></span> 
     </span>
    </p>
   </div>
   <div class='ocr_carea' id='block_1_80' title="bbox 1800 3532 3392 3604">
    <p class='ocr_par' dir='ltr' id='par_1_80' title="bbox 1800 3532 3392 3604">
     <span class='ocr_line' id='line_1_80' title="bbox 1800 3532 3392 3604; baseline 0.003 -19"><span class='ocrx_word' id='word_1_612' title='bbox 1800 3533 1919 3587; x_wconf 84' lang='lat' dir='ltr'><strong>illas</strong></span> <span class='ocrx_word' id='word_1_613' title='bbox 1948 3533 2165 3598; x_wconf 67' lang='lat' dir='ltr'><strong>quidem</strong></span> <span class='ocrx_word' id='word_1_614' title='bbox 2198 3532 2421 3586; x_wconf 89' lang='lat' dir='ltr'><strong>honoris</strong></span> <span class='ocrx_word' id='word_1_615' title='bbox 2452 3532 2617 3598; x_wconf 83' lang='lat' dir='ltr'><strong>gratia</strong></span> <span class='ocrx_word' id='word_1_616' title='bbox 2640 3546 2669 3585; x_wconf 92' lang='lat' dir='ltr'><strong>e</strong></span> <span class='ocrx_word' id='word_1_617' title='bbox 2694 3534 2908 3599; x_wconf 80' lang='lat' dir='ltr'><strong>proprio</strong></span> <span class='ocrx_word' id='word_1_618' title='bbox 2930 3535 3154 3588; x_wconf 85' lang='lat' dir='ltr'><strong>cerebro</strong></span> <span class='ocrx_word' id='word_1_619' title='bbox 3185 3539 3392 3604; x_wconf 59' lang='lat' dir='ltr'><strong>tinge...</strong></span> 
     </span>
    </p>
   </div>
   <div class='ocr_carea' id='block_1_81' title="bbox 1801 3622 3392 3693">
    <p class='ocr_par' dir='ltr' id='par_1_81' title="bbox 1801 3622 3392 3693">
     <span class='ocr_line' id='line_1_81' title="bbox 1801 3622 3392 3693; baseline 0.003 -18"><span class='ocrx_word' id='word_1_620' title='bbox 1801 3632 1903 3687; x_wconf 82' lang='lat' dir='ltr'><strong>tes,</strong></span> <span class='ocrx_word' id='word_1_621' title='bbox 1949 3625 2041 3675; x_wconf 81' lang='lat' dir='ltr'><strong>sed</strong></span> <span class='ocrx_word' id='word_1_622' title='bbox 2072 3624 2139 3675; x_wconf 90' lang='lat' dir='ltr'><strong>ab</strong></span> <span class='ocrx_word' id='word_1_623' title='bbox 2172 3624 2289 3689; x_wconf 91' lang='lat' dir='ltr'><strong>ipso</strong></span> <span class='ocrx_word' id='word_1_624' title='bbox 2336 3622 2633 3689; x_wconf 89' lang='lat' dir='ltr'><strong>Augustino</strong></span> <span class='ocrx_word' id='word_1_625' title='bbox 2660 3636 2761 3674; x_wconf 89' lang='lat' dir='ltr'><strong>una</strong></span> <span class='ocrx_word' id='word_1_626' title='bbox 2794 3636 2913 3676; x_wconf 88' lang='lat' dir='ltr'><strong>eum</strong></span> <span class='ocrx_word' id='word_1_627' title='bbox 2946 3622 3229 3693; x_wconf 86' lang='lat' dir='ltr'><strong>Fulgentio</strong></span> <span class='ocrx_word' id='word_1_628' title='bbox 3268 3642 3392 3679; x_wconf 82' lang='lat' dir='ltr'><strong>eas-</strong></span> 
     </span>
    </p>
   </div>
   <div class='ocr_carea' id='block_1_82' title="bbox 1800 3710 3389 3779">
    <p class='ocr_par' dir='ltr' id='par_1_82' title="bbox 1800 3710 3389 3779">
     <span class='ocr_line' id='line_1_82' title="bbox 1800 3710 3389 3779; baseline 0.001 -13"><span class='ocrx_word' id='word_1_629' title='bbox 1800 3713 1920 3768; x_wconf 85' lang='lat' dir='ltr'><strong>deut</strong></span> <span class='ocrx_word' id='word_1_630' title='bbox 1953 3712 2311 3767; x_wconf 89' lang='lat' dir='ltr'><strong>iuaudientes.</strong></span> <span class='ocrx_word' id='word_1_631' title='bbox 2370 3710 2516 3765; x_wconf 87' lang='lat' dir='ltr'><strong>Unus</strong></span> <span class='ocrx_word' id='word_1_632' title='bbox 2546 3710 2689 3764; x_wconf 91' lang='lat' dir='ltr'><strong>enim</strong></span> <span class='ocrx_word' id='word_1_633' title='bbox 2720 3713 3048 3779; x_wconf 85' lang='lat' dir='ltr'><strong>Augustinus</strong></span> <span class='ocrx_word' id='word_1_634' title='bbox 3076 3714 3176 3768; x_wconf 88' lang='lat' dir='ltr'><strong>sibi</strong></span> <span class='ocrx_word' id='word_1_635' title='bbox 3207 3723 3289 3767; x_wconf 91' lang='lat' dir='ltr'><strong>est</strong></span> <span class='ocrx_word' id='word_1_636' title='bbox 3323 3716 3389 3768; x_wconf 84' lang='lat' dir='ltr'><strong>al</strong></span> 
     </span>
    </p>
   </div>
   <div class='ocr_carea' id='block_1_83' title="bbox 1799 3800 3385 3873">
    <p class='ocr_par' dir='ltr' id='par_1_83' title="bbox 1799 3800 3385 3873">
     <span class='ocr_line' id='line_1_83' title="bbox 1799 3800 3385 3873; baseline 0.001 -15"><span class='ocrx_word' id='word_1_637' title='bbox 1799 3806 1881 3858; x_wconf 92' lang='lat' dir='ltr'><strong>sui</strong></span> <span class='ocrx_word' id='word_1_638' title='bbox 1912 3802 2321 3870; x_wconf 75' lang='lat' dir='ltr'><strong>intelligentiam</strong></span> <span class='ocrx_word' id='word_1_639' title='bbox 2345 3800 2546 3868; x_wconf 67' lang='lat' dir='ltr'><strong>clavis,</strong></span> <span class='ocrx_word' id='word_1_640' title='bbox 2568 3815 2631 3855; x_wconf 90' lang='lat' dir='ltr'><strong>ac</strong></span> <span class='ocrx_word' id='word_1_641' title='bbox 2661 3816 2882 3856; x_wconf 86' lang='lat' dir='ltr'><strong>suorum</strong></span> <span class='ocrx_word' id='word_1_642' title='bbox 2905 3815 3158 3858; x_wconf 86' lang='lat' dir='ltr'><strong>sensuum</strong></span> <span class='ocrx_word' id='word_1_643' title='bbox 3190 3804 3385 3873; x_wconf 69' lang='lat' dir='ltr'><strong>planus</strong></span> 
     </span>
    </p>
   </div>
   <div class='ocr_carea' id='block_1_84' title="bbox 1800 3893 2440 3960">
    <p class='ocr_par' dir='ltr' id='par_1_84' title="bbox 1800 3893 2440 3960">
     <span class='ocr_line' id='line_1_84' title="bbox 1800 3893 2440 3960; baseline -0.008 -10"><span class='ocrx_word' id='word_1_644' title='bbox 1800 3911 1863 3950; x_wconf 85' lang='lat' dir='ltr'><strong>ac</strong></span> <span class='ocrx_word' id='word_1_645' title='bbox 1887 3896 2127 3949; x_wconf 75' lang='lat' dir='ltr'><strong>sincerus</strong></span> <span class='ocrx_word' id='word_1_646' title='bbox 2153 3893 2440 3960; x_wconf 89' lang='lat' dir='ltr'><strong>interpres.</strong></span> 
     </span>
    </p>
   </div>
   <div class='ocr_carea' id='block_1_85' title="bbox 1799 4023 3393 4095">
    <p class='ocr_par' dir='ltr' id='par_1_85' title="bbox 1799 4023 3393 4095">
     <span class='ocr_line' id='line_1_85' title="bbox 1799 4023 3393 4095; baseline 0.001 -16"><span class='ocrx_word' id='word_1_647' title='bbox 1799 4025 1825 4095; x_wconf 82' lang='lat'><strong>§</strong></span> <span class='ocrx_word' id='word_1_648' title='bbox 1854 4024 1915 4079; x_wconf 78' lang='grc' dir='ltr'><strong>γ.</strong></span> <span class='ocrx_word' id='word_1_649' title='bbox 1961 4023 2078 4076; x_wconf 87' lang='lat' dir='ltr'><strong>Non</strong></span> <span class='ocrx_word' id='word_1_650' title='bbox 2106 4039 2303 4095; x_wconf 81' lang='lat' dir='ltr'><strong>errasse</strong></span> <span class='ocrx_word' id='word_1_651' title='bbox 2342 4032 2575 4076; x_wconf 82' lang='lat' dir='ltr'><strong>sanctum</strong></span> <span class='ocrx_word' id='word_1_652' title='bbox 2604 4024 2796 4077; x_wconf 85' lang='lat' dir='ltr'><strong>doctor.</strong></span> <span class='ocrx_word' id='word_1_653' title='bbox 2817 4040 2864 4076; x_wconf 76' lang='grc' dir='ltr'><strong>ιιι</strong></span> <span class='ocrx_word' id='word_1_654' title='bbox 2893 4038 3230 4093; x_wconf 71' lang='lat' dir='ltr'><strong>exponen‘em</strong></span> <span class='ocrx_word' id='word_1_655' title='bbox 3257 4028 3393 4081; x_wconf 79' lang='lat' dir='ltr'><strong>illud</strong></span> 
     </span>
    </p>
   </div>
   <div class='ocr_carea' id='block_1_86' title="bbox 1873 4094 3394 4164">
    <p class='ocr_par' dir='ltr' id='par_1_86' title="bbox 1873 4094 3394 4164">
     <span class='ocr_line' id='line_1_86' title="bbox 1873 4094 3394 4164; baseline 0.003 -15"><span class='ocrx_word' id='word_1_656' title='bbox 1873 4096 2107 4164; x_wconf 80' lang='lat' dir='ltr'><strong>Apostoli</strong></span> <span class='ocrx_word' id='word_1_657' title='bbox 2162 4094 2313 4146; x_wconf 75' lang='lat' dir='ltr'><strong>llam.</strong></span> <span class='ocrx_word' id='word_1_658' title='bbox 2365 4110 2475 4155; x_wconf 79' lang='lat' dir='ltr'><strong>xw,</strong></span> <span class='ocrx_word' id='word_1_659' title='bbox 2523 4096 2593 4147; x_wconf 80' lang='lat'><strong>‘25</strong></span> <span class='ocrx_word' id='word_1_660' title='bbox 2629 4112 2642 4146; x_wconf 86' lang='lat'><strong>:</strong></span> <span class='ocrx_word' id='word_1_661' title='bbox 2674 4097 2846 4148; x_wconf 81' lang='lat' dir='ltr'><strong>Omne</strong></span> <span class='ocrx_word' id='word_1_662' title='bbox 2896 4096 3037 4162; x_wconf 88' lang='lat' dir='ltr'><strong>quod</strong></span> <span class='ocrx_word' id='word_1_663' title='bbox 3081 4113 3184 4151; x_wconf 89' lang='lat' dir='ltr'><strong>non</strong></span> <span class='ocrx_word' id='word_1_664' title='bbox 3218 4109 3299 4153; x_wconf 90' lang='lat' dir='ltr'><strong>est</strong></span> <span class='ocrx_word' id='word_1_665' title='bbox 3325 4116 3394 4155; x_wconf 74' lang='lat' dir='ltr'><strong>ex</strong></span> 
     </span>
    </p>
   </div>
   <div class='ocr_carea' id='block_1_87' title="bbox 1872 4164 3390 4237">
    <p class='ocr_par' dir='ltr' id='par_1_87' title="bbox 1872 4164 3390 4237">
     <span class='ocr_line' id='line_1_87' title="bbox 1872 4164 3390 4237; baseline 0.002 -18"><span class='ocrx_word' id='word_1_666' title='bbox 1872 4170 1974 4219; x_wconf 86' lang='lat' dir='ltr'><strong>fide</strong></span> <span class='ocrx_word' id='word_1_667' title='bbox 2008 4176 2282 4237; x_wconf 84' lang='lat' dir='ltr'><strong>peccatum</strong></span> <span class='ocrx_word' id='word_1_668' title='bbox 2313 4174 2413 4217; x_wconf 88' lang='lat' dir='ltr'><strong>est.</strong></span> <span class='ocrx_word' id='word_1_669' title='bbox 2445 4164 2973 4229; x_wconf 75' lang='lat' dir='ltr'><strong>Ecclesiacatholica,</strong></span> <span class='ocrx_word' id='word_1_670' title='bbox 3013 4168 3231 4223; x_wconf 77' lang='lat' dir='ltr'><strong>Romani</strong></span> <span class='ocrx_word' id='word_1_671' title='bbox 3256 4187 3390 4237; x_wconf 80' lang='lat' dir='ltr'><strong>pun-</strong></span> 
     </span>
    </p>
   </div>
   <div class='ocr_carea' id='block_1_88' title="bbox 1869 4235 3394 4309">
    <p class='ocr_par' dir='ltr' id='par_1_88' title="bbox 1869 4235 3394 4309">
     <span class='ocr_line' id='line_1_88' title="bbox 1869 4235 3394 4309; baseline 0.003 -20"><span class='ocrx_word' id='word_1_672' title='bbox 1869 4239 2050 4309; x_wconf 49' lang='grc' dir='ltr'><strong>ιὶίὲεες</strong></span> <span class='ocrx_word' id='word_1_673' title='bbox 2078 4252 2139 4288; x_wconf 88' lang='lat' dir='ltr'><strong>ac</strong></span> <span class='ocrx_word' id='word_1_674' title='bbox 2192 4235 2373 4287; x_wconf 80' lang='lat' dir='ltr'><strong>Patres</strong></span> <span class='ocrx_word' id='word_1_675' title='bbox 2425 4244 2586 4287; x_wconf 71' lang='lat' dir='ltr'><strong>sancta</strong></span> <span class='ocrx_word' id='word_1_676' title='bbox 2616 4237 2893 4306; x_wconf 51' lang='lat' dir='ltr'><strong>Augustini</strong></span> <span class='ocrx_word' id='word_1_677' title='bbox 2922 4235 3394 4309; x_wconf 66' lang='lat' dir='ltr'><strong>interpretationem</strong></span> 
     </span>
    </p>
   </div>
   <div class='ocr_carea' id='block_1_89' title="bbox 1867 4307 2175 4377">
    <p class='ocr_par' dir='ltr' id='par_1_89' title="bbox 1867 4307 2175 4377">
     <span class='ocr_line' id='line_1_89' title="bbox 1867 4307 2175 4377; baseline -0.003 -17"><span class='ocrx_word' id='word_1_678' title='bbox 1867 4307 2175 4377; x_wconf 80' lang='lat' dir='ltr'><strong>approbant.</strong></span> 
     </span>
    </p>
   </div>
   <div class='ocr_carea' id='block_1_90' title="bbox 1870 4440 3389 4510">
    <p class='ocr_par' dir='ltr' id='par_1_90' title="bbox 1870 4440 3389 4510">
     <span class='ocr_line' id='line_1_90' title="bbox 1870 4440 3389 4510; baseline 0 -11"><span class='ocrx_word' id='word_1_679' title='bbox 1870 4443 1975 4499; x_wconf 86' lang='lat' dir='ltr'><strong>Sed</strong></span> <span class='ocrx_word' id='word_1_680' title='bbox 2010 4458 2194 4497; x_wconf 92' lang='lat' dir='ltr'><strong>rursus</strong></span> <span class='ocrx_word' id='word_1_681' title='bbox 2227 4442 2517 4497; x_wconf 79' lang='lat' dir='ltr'><strong>Morainius</strong></span> <span class='ocrx_word' id='word_1_682' title='bbox 2544 4452 2731 4497; x_wconf 88' lang='lat' dir='ltr'><strong>contra</strong></span> <span class='ocrx_word' id='word_1_683' title='bbox 2777 4442 3129 4510; x_wconf 89' lang='lat' dir='ltr'><strong>Augustinum</strong></span> <span class='ocrx_word' id='word_1_684' title='bbox 3151 4440 3389 4499; x_wconf 83' lang='lat' dir='ltr'><strong>clamat:</strong></span> 
     </span>
    </p>
   </div>
   <div class='ocr_carea' id='block_1_91' title="bbox 126 4530 3393 4605">
    <p class='ocr_par' dir='ltr' id='par_1_91' title="bbox 126 4530 3393 4605">
     <span class='ocr_line' id='line_1_91' title="bbox 126 4530 3393 4605; baseline 0 -21"><span class='ocrx_word' id='word_1_685' title='bbox 126 4538 346 4603; x_wconf 87' lang='lat' dir='ltr'><strong>corporis</strong></span> <span class='ocrx_word' id='word_1_686' title='bbox 375 4538 619 4604; x_wconf 85' lang='lat' dir='ltr'><strong>Christi,</strong></span> <span class='ocrx_word' id='word_1_687' title='bbox 682 4552 778 4591; x_wconf 89' lang='lat' dir='ltr'><strong>seu</strong></span> <span class='ocrx_word' id='word_1_688' title='bbox 831 4538 1162 4605; x_wconf 85' lang='lat' dir='ltr'><strong>incorporari</strong></span> <span class='ocrx_word' id='word_1_689' title='bbox 1191 4537 1405 4590; x_wconf 90' lang='lat' dir='ltr'><strong>Christo</strong></span> <span class='ocrx_word' id='word_1_690' title='bbox 1430 4576 1445 4601; x_wconf 88' lang='lat'><strong>,</strong></span> <span class='ocrx_word' id='word_1_691' title='bbox 1482 4540 1692 4593; x_wconf 81' lang='lat' dir='ltr'><strong>etiarnsi</strong></span> <span class='ocrx_word' id='word_1_692' title='bbox 1723 4541 1773 4599; x_wconf 88' lang='lat' dir='ltr'>D</span> <span class='ocrx_word' id='word_1_693' title='bbox 1804 4555 1823 4586; x_wconf 73' lang='grc' dir='ltr'><strong>ι</strong></span> <span class='ocrx_word' id='word_1_694' title='bbox 1864 4536 2151 4605; x_wconf 86' lang='lat' dir='ltr'><strong>Perperam</strong></span> <span class='ocrx_word' id='word_1_695' title='bbox 2213 4550 2425 4603; x_wconf 81' lang='lat' dir='ltr'><strong>quoque</strong></span> <span class='ocrx_word' id='word_1_696' title='bbox 2468 4537 2690 4603; x_wconf 79' lang='lat' dir='ltr'><strong>exponit</strong></span> <span class='ocrx_word' id='word_1_697' title='bbox 2736 4532 2789 4587; x_wconf 88' lang='lat' dir='ltr'><strong>id</strong></span> <span class='ocrx_word' id='word_1_698' title='bbox 2825 4532 2966 4602; x_wconf 86' lang='lat' dir='ltr'><strong>quod</strong></span> <span class='ocrx_word' id='word_1_699' title='bbox 2998 4533 3075 4584; x_wconf 84' lang='lat' dir='ltr'><strong>ait</strong></span> <span class='ocrx_word' id='word_1_700' title='bbox 3105 4530 3393 4599; x_wconf 67' lang='lat' dir='ltr'><strong>Ajzostnlus</strong></span> 
     </span>
    </p>
   </div>
   <div class='ocr_carea' id='block_1_92' title="bbox 130 4622 1689 4700">
    <p class='ocr_par' dir='ltr' id='par_1_92' title="bbox 130 4622 1689 4700">
     <span class='ocr_line' id='line_1_92' title="bbox 130 4622 1689 4700; baseline 0.005 -22"><span class='ocrx_word' id='word_1_701' title='bbox 130 4622 459 4686; x_wconf 74' lang='lat' dir='ltr'><strong>Eucharistiae</strong></span> <span class='ocrx_word' id='word_1_702' title='bbox 481 4640 878 4686; x_wconf 87' lang='lat' dir='ltr'><strong>sacramentum</strong></span> <span class='ocrx_word' id='word_1_703' title='bbox 909 4646 1094 4700; x_wconf 88' lang='lat' dir='ltr'><strong>reapse</strong></span> <span class='ocrx_word' id='word_1_704' title='bbox 1123 4647 1226 4685; x_wconf 89' lang='lat' dir='ltr'><strong>non</strong></span> <span class='ocrx_word' id='word_1_705' title='bbox 1256 4640 1451 4685; x_wconf 90' lang='lat' dir='ltr'><strong>sumat.</strong></span> <span class='ocrx_word' id='word_1_706' title='bbox 1483 4632 1689 4686; x_wconf 85' lang='lat' dir='ltr'><strong>Etcum</strong></span> 
     </span>
    </p>
   </div>
   <div class='ocr_carea' id='block_1_93' title="bbox 135 4717 1690 4784">
    <p class='ocr_par' dir='ltr' id='par_1_93' title="bbox 135 4717 1690 4784">
     <span class='ocr_line' id='line_1_93' title="bbox 135 4717 1690 4784; baseline 0.005 -15"><span class='ocrx_word' id='word_1_707' title='bbox 135 4717 341 4784; x_wconf 86' lang='lat' dir='ltr'><strong>plurima</strong></span> <span class='ocrx_word' id='word_1_708' title='bbox 372 4724 437 4777; x_wconf 90' lang='lat' dir='ltr'><strong>ad</strong></span> <span class='ocrx_word' id='word_1_709' title='bbox 470 4725 574 4777; x_wconf 88' lang='lat' dir='ltr'><strong>hoc</strong></span> <span class='ocrx_word' id='word_1_710' title='bbox 610 4724 938 4776; x_wconf 85' lang='lat' dir='ltr'><strong>suadendum</strong></span> <span class='ocrx_word' id='word_1_711' title='bbox 973 4724 1273 4777; x_wconf 81' lang='lat' dir='ltr'><strong>testimonia</strong></span> <span class='ocrx_word' id='word_1_712' title='bbox 1301 4740 1366 4777; x_wconf 78' lang='lat' dir='ltr'><strong>ex</strong></span> <span class='ocrx_word' id='word_1_713' title='bbox 1398 4725 1568 4778; x_wconf 88' lang='lat' dir='ltr'><strong>sacris</strong></span> <span class='ocrx_word' id='word_1_714' title='bbox 1603 4725 1690 4777; x_wconf 88' lang='lat' dir='ltr'><strong>lit-</strong></span> 
     </span>
    </p>
   </div>
   <div class='ocr_carea' id='block_1_94' title="bbox 138 4811 1687 4883">
    <p class='ocr_par' dir='ltr' id='par_1_94' title="bbox 138 4811 1687 4883">
     <span class='ocr_line' id='line_1_94' title="bbox 138 4811 1687 4883; baseline 0.008 -26"><span class='ocrx_word' id='word_1_715' title='bbox 138 4811 248 4864; x_wconf 80' lang='lat' dir='ltr'><strong>tetis</strong></span> <span class='ocrx_word' id='word_1_716' title='bbox 267 4813 595 4879; x_wconf 83' lang='lat' dir='ltr'><strong>adduxisset,</strong></span> <span class='ocrx_word' id='word_1_717' title='bbox 628 4827 931 4867; x_wconf 66' lang='lat' dir='ltr'><strong>sermonem</strong></span> <span class='ocrx_word' id='word_1_718' title='bbox 957 4814 1168 4867; x_wconf 87' lang='lat' dir='ltr'><strong>tandem</strong></span> <span class='ocrx_word' id='word_1_719' title='bbox 1196 4816 1365 4867; x_wconf 89' lang='lat' dir='ltr'><strong>sancti</strong></span> <span class='ocrx_word' id='word_1_720' title='bbox 1408 4818 1687 4883; x_wconf 83' lang='lat' dir='ltr'><strong>Augustini</strong></span> 
     </span>
    </p>
   </div>
   <div class='ocr_carea' id='block_1_95' title="bbox 136 4898 1689 4973">
    <p class='ocr_par' dir='ltr' id='par_1_95' title="bbox 136 4898 1689 4973">
     <span class='ocr_line' id='line_1_95' title="bbox 136 4898 1689 4973; baseline 0.008 -24"><span class='ocrx_word' id='word_1_721' title='bbox 136 4900 191 4951; x_wconf 86' lang='lat' dir='ltr'><strong>ad</strong></span> <span class='ocrx_word' id='word_1_722' title='bbox 212 4902 427 4959; x_wconf 87' lang='lat' dir='ltr'><strong>infantes</strong></span> <span class='ocrx_word' id='word_1_723' title='bbox 448 4898 578 4960; x_wconf 70' lang='lat' dir='ltr'><strong>ante</strong></span> <span class='ocrx_word' id='word_1_724' title='bbox 609 4907 777 4959; x_wconf 80' lang='lat' dir='ltr'><strong>altare</strong></span> <span class='ocrx_word' id='word_1_725' title='bbox 810 4906 1081 4973; x_wconf 71' lang='lat' dir='ltr'><strong>producit,</strong></span> <span class='ocrx_word' id='word_1_726' title='bbox 1113 4906 1202 4959; x_wconf 90' lang='lat' dir='ltr'><strong>ubi</strong></span> <span class='ocrx_word' id='word_1_727' title='bbox 1251 4916 1468 4960; x_wconf 88' lang='lat' dir='ltr'><strong>sanctus</strong></span> <span class='ocrx_word' id='word_1_728' title='bbox 1500 4910 1689 4962; x_wconf 83' lang='lat' dir='ltr'><strong>doctor</strong></span> 
     </span>
    </p>
   </div>
   <div class='ocr_carea' id='block_1_96' title="bbox 138 4989 1682 5067">
    <p class='ocr_par' dir='ltr' id='par_1_96' title="bbox 138 4989 1682 5067">
     <span class='ocr_line' id='line_1_96' title="bbox 138 4989 1682 5067; baseline 0.006 -25"><span class='ocrx_word' id='word_1_729' title='bbox 138 4989 256 5048; x_wconf 87' lang='lat' dir='ltr'><strong>inter</strong></span> <span class='ocrx_word' id='word_1_730' title='bbox 284 4999 382 5052; x_wconf 90' lang='lat' dir='ltr'><strong>alia</strong></span> <span class='ocrx_word' id='word_1_731' title='bbox 412 5002 520 5053; x_wconf 92' lang='lat' dir='ltr'><strong>ait:</strong></span> <span class='ocrx_word' id='word_1_732' title='bbox 548 5018 564 5049; x_wconf 82' lang='grc' dir='ltr'><strong>ι</strong></span> <span class='ocrx_word' id='word_1_733' title='bbox 596 4999 900 5067; x_wconf 77' lang='lat' dir='ltr'><strong>ltttelligite,</strong></span> <span class='ocrx_word' id='word_1_734' title='bbox 928 5007 977 5050; x_wconf 89' lang='lat' dir='ltr'><strong>et</strong></span> <span class='ocrx_word' id='word_1_735' title='bbox 995 4997 1242 5065; x_wconf 86' lang='lat' dir='ltr'><strong>gaudete,</strong></span> <span class='ocrx_word' id='word_1_736' title='bbox 1274 4998 1469 5061; x_wconf 85' lang='lat' dir='ltr'><strong>unitas,</strong></span> <span class='ocrx_word' id='word_1_737' title='bbox 1495 5002 1682 5067; x_wconf 87' lang='lat' dir='ltr'><strong>pietas,</strong></span> 
     </span>
    </p>
   </div>
   <div class='ocr_carea' id='block_1_97' title="bbox 140 5090 1690 5160">
    <p class='ocr_par' dir='ltr' id='par_1_97' title="bbox 140 5090 1690 5160">
     <span class='ocr_line' id='line_1_97' title="bbox 140 5090 1690 5160; baseline 0.006 -25"><span class='ocrx_word' id='word_1_738' title='bbox 140 5090 341 5158; x_wconf 68' lang='lat' dir='ltr'><strong>veritas,</strong></span> <span class='ocrx_word' id='word_1_739' title='bbox 374 5094 609 5146; x_wconf 76' lang='lat' dir='ltr'><strong>cbaritas</strong></span> <span class='ocrx_word' id='word_1_740' title='bbox 632 5133 645 5155; x_wconf 90' lang='lat'><strong>,</strong></span> <span class='ocrx_word' id='word_1_741' title='bbox 696 5108 832 5145; x_wconf 86' lang='lat' dir='ltr'><strong>unus</strong></span> <span class='ocrx_word' id='word_1_742' title='bbox 888 5096 1071 5160; x_wconf 85' lang='lat' dir='ltr'><strong>panis,</strong></span> <span class='ocrx_word' id='word_1_743' title='bbox 1126 5108 1289 5146; x_wconf 89' lang='lat' dir='ltr'><strong>untttn</strong></span> <span class='ocrx_word' id='word_1_744' title='bbox 1317 5107 1514 5159; x_wconf 89' lang='lat' dir='ltr'><strong>corpus</strong></span> <span class='ocrx_word' id='word_1_745' title='bbox 1541 5094 1690 5146; x_wconf 89' lang='lat' dir='ltr'><strong>tnulti</strong></span> 
     </span>
    </p>
   </div>
   <div class='ocr_carea' id='block_1_98' title="bbox 139 5186 1689 5255">
    <p class='ocr_par' dir='ltr' id='par_1_98' title="bbox 139 5186 1689 5255">
     <span class='ocr_line' id='line_1_98' title="bbox 139 5186 1689 5255; baseline 0.007 -27"><span class='ocrx_word' id='word_1_746' title='bbox 139 5191 329 5248; x_wconf 77' lang='lat' dir='ltr'><strong>sumus;</strong></span> <span class='ocrx_word' id='word_1_747' title='bbox 358 5187 575 5239; x_wconf 79' lang='lat' dir='ltr'><strong>recolite</strong></span> <span class='ocrx_word' id='word_1_748' title='bbox 602 5186 743 5239; x_wconf 90' lang='lat' dir='ltr'><strong>enim</strong></span> <span class='ocrx_word' id='word_1_749' title='bbox 770 5187 891 5253; x_wconf 81' lang='lat' dir='ltr'><strong>quia</strong></span> <span class='ocrx_word' id='word_1_750' title='bbox 915 5187 1065 5253; x_wconf 87' lang='lat' dir='ltr'><strong>panis</strong></span> <span class='ocrx_word' id='word_1_751' title='bbox 1085 5202 1186 5237; x_wconf 91' lang='lat' dir='ltr'><strong>non</strong></span> <span class='ocrx_word' id='word_1_752' title='bbox 1213 5186 1270 5239; x_wconf 93' lang='lat' dir='ltr'><strong>ﬁt</strong></span> <span class='ocrx_word' id='word_1_753' title='bbox 1292 5187 1358 5241; x_wconf 91' lang='lat' dir='ltr'><strong>de</strong></span> <span class='ocrx_word' id='word_1_754' title='bbox 1376 5202 1483 5239; x_wconf 90' lang='lat' dir='ltr'><strong>uno</strong></span> <span class='ocrx_word' id='word_1_755' title='bbox 1502 5202 1689 5255; x_wconf 91' lang='lat' dir='ltr'><strong>grano,</strong></span> 
     </span>
    </p>
   </div>
   <div class='ocr_carea' id='block_1_99' title="bbox 140 5273 1694 5345">
    <p class='ocr_par' dir='ltr' id='par_1_99' title="bbox 140 5273 1694 5345">
     <span class='ocr_line' id='line_1_99' title="bbox 140 5273 1694 5345; baseline 0.006 -26"><span class='ocrx_word' id='word_1_756' title='bbox 140 5273 219 5321; x_wconf 89' lang='lat' dir='ltr'><strong>sed</strong></span> <span class='ocrx_word' id='word_1_757' title='bbox 262 5274 326 5327; x_wconf 83' lang='lat' dir='ltr'><strong>de</strong></span> <span class='ocrx_word' id='word_1_758' title='bbox 354 5277 556 5330; x_wconf 87' lang='lat' dir='ltr'><strong>multis.</strong></span> <span class='ocrx_word' id='word_1_759' title='bbox 585 5278 808 5343; x_wconf 79' lang='lat' dir='ltr'><strong>Quando</strong></span> <span class='ocrx_word' id='word_1_760' title='bbox 836 5292 963 5344; x_wconf 71' lang='lat' dir='ltr'><strong>ergo</strong></span> <span class='ocrx_word' id='word_1_761' title='bbox 995 5277 1449 5330; x_wconf 74' lang='lat' dir='ltr'><strong>exercizahamini</strong></span> <span class='ocrx_word' id='word_1_762' title='bbox 1480 5314 1496 5341; x_wconf 94' lang='lat'><strong>,</strong></span> <span class='ocrx_word' id='word_1_763' title='bbox 1540 5276 1694 5345; x_wconf 88' lang='lat' dir='ltr'><strong>quasi</strong></span> 
     </span>
    </p>
   </div>
   <div class='ocr_carea' id='block_1_100' title="bbox 143 5362 1693 5435">
    <p class='ocr_par' dir='ltr' id='par_1_100' title="bbox 143 5362 1693 5435">
     <span class='ocr_line' id='line_1_100' title="bbox 143 5362 1693 5435; baseline 0.007 -26"><span class='ocrx_word' id='word_1_764' title='bbox 143 5362 479 5431; x_wconf 68' lang='lat' dir='ltr'><strong>lllOleinllftl;</strong></span> <span class='ocrx_word' id='word_1_765' title='bbox 510 5368 725 5435; x_wconf 79' lang='lat' dir='ltr'><strong>quando</strong></span> <span class='ocrx_word' id='word_1_766' title='bbox 754 5367 1003 5434; x_wconf 78' lang='lat' dir='ltr'><strong>liaj.tizati</strong></span> <span class='ocrx_word' id='word_1_767' title='bbox 1040 5368 1204 5430; x_wconf 87' lang='lat' dir='ltr'><strong>estis,</strong></span> <span class='ocrx_word' id='word_1_768' title='bbox 1234 5369 1385 5435; x_wconf 88' lang='lat' dir='ltr'><strong>quasi</strong></span> <span class='ocrx_word' id='word_1_769' title='bbox 1416 5368 1693 5433; x_wconf 84' lang='lat' dir='ltr'><strong>conSpcrsi</strong></span> 
     </span>
    </p>
   </div>
   <div class='ocr_carea' id='block_1_101' title="bbox 139 5453 1692 5527">
    <p class='ocr_par' dir='ltr' id='par_1_101' title="bbox 139 5453 1692 5527">
     <span class='ocr_line' id='line_1_101' title="bbox 139 5453 1692 5527; baseline 0.003 -19"><span class='ocrx_word' id='word_1_770' title='bbox 139 5453 281 5515; x_wconf 61' lang='lat' dir='ltr'><strong>Estis;</strong></span> <span class='ocrx_word' id='word_1_771' title='bbox 313 5460 521 5523; x_wconf 87' lang='lat' dir='ltr'><strong>quando</strong></span> <span class='ocrx_word' id='word_1_772' title='bbox 551 5458 782 5527; x_wconf 89' lang='lat' dir='ltr'><strong>Spiritus</strong></span> <span class='ocrx_word' id='word_1_773' title='bbox 832 5458 1313 5512; x_wconf 77' lang='lat' dir='ltr'><strong>sanctiﬁcationent</strong></span> <span class='ocrx_word' id='word_1_774' title='bbox 1373 5458 1692 5526; x_wconf 84' lang='lat' dir='ltr'><strong>accepistis,</strong></span> 
     </span>
    </p>
   </div>
   <div class='ocr_carea' id='block_1_102' title="bbox 142 5543 1690 5621">
    <p class='ocr_par' dir='ltr' id='par_1_102' title="bbox 142 5543 1690 5621">
     <span class='ocr_line' id='line_1_102' title="bbox 142 5543 1690 5621; baseline 0.006 -27"><span class='ocrx_word' id='word_1_775' title='bbox 142 5543 271 5606; x_wconf 68' lang='lat' dir='ltr'><strong>Quasi</strong></span> <span class='ocrx_word' id='word_1_776' title='bbox 294 5551 421 5601; x_wconf 79' lang='lat' dir='ltr'><strong>curti</strong></span> <span class='ocrx_word' id='word_1_777' title='bbox 447 5551 599 5610; x_wconf 87' lang='lat' dir='ltr'><strong>estis,</strong></span> <span class='ocrx_word' id='word_1_778' title='bbox 629 5562 800 5605; x_wconf 82' lang='lat' dir='ltr'><strong>estote</strong></span> <span class='ocrx_word' id='word_1_779' title='bbox 823 5551 959 5619; x_wconf 84' lang='lat' dir='ltr'><strong>quod</strong></span> <span class='ocrx_word' id='word_1_780' title='bbox 990 5551 1200 5614; x_wconf 80' lang='lat' dir='ltr'><strong>videtis,</strong></span> <span class='ocrx_word' id='word_1_781' title='bbox 1227 5561 1279 5605; x_wconf 91' lang='lat' dir='ltr'><strong>et</strong></span> <span class='ocrx_word' id='word_1_782' title='bbox 1301 5553 1525 5620; x_wconf 89' lang='lat' dir='ltr'><strong>accipite</strong></span> <span class='ocrx_word' id='word_1_783' title='bbox 1548 5553 1690 5621; x_wconf 87' lang='lat' dir='ltr'><strong>quod</strong></span> 
     </span>
    </p>
   </div>
   <div class='ocr_carea' id='block_1_103' title="bbox 137 5632 1689 5712">
    <p class='ocr_par' dir='ltr' id='par_1_103' title="bbox 137 5632 1689 5712">
     <span class='ocr_line' id='line_1_103' title="bbox 137 5632 1689 5712; baseline 0.01 -32"><span class='ocrx_word' id='word_1_784' title='bbox 137 5632 269 5685; x_wconf 87' lang='lat' dir='ltr'><strong>estis.</strong></span> <span class='ocrx_word' id='word_1_785' title='bbox 321 5654 340 5687; x_wconf 77' lang='grc' dir='ltr'><strong>ι</strong></span> <span class='ocrx_word' id='word_1_786' title='bbox 375 5637 792 5706; x_wconf 87' lang='lat' dir='ltr'><strong>lgiturinfantes</strong></span> <span class='ocrx_word' id='word_1_787' title='bbox 842 5657 908 5695; x_wconf 74' lang='lat' dir='ltr'><strong>ex</strong></span> <span class='ocrx_word' id='word_1_788' title='bbox 966 5642 1262 5711; x_wconf 88' lang='lat' dir='ltr'><strong>Augustino</strong></span> <span class='ocrx_word' id='word_1_789' title='bbox 1319 5659 1410 5710; x_wconf 83' lang='lat' dir='ltr'><strong>per</strong></span> <span class='ocrx_word' id='word_1_790' title='bbox 1463 5643 1689 5712; x_wconf 68' lang='lat' dir='ltr'><strong>gratiim</strong></span> 
     </span>
    </p>
   </div>
   <div class='ocr_carea' id='block_1_104' title="bbox 139 5727 1691 5804">
    <p class='ocr_par' dir='ltr' id='par_1_104' title="bbox 139 5727 1691 5804">
     <span class='ocr_line' id='line_1_104' title="bbox 139 5727 1691 5804; baseline 0.01 -29"><span class='ocrx_word' id='word_1_791' title='bbox 139 5727 528 5786; x_wconf 77' lang='lat' dir='ltr'><strong>sanctilieantem</strong></span> <span class='ocrx_word' id='word_1_792' title='bbox 561 5733 810 5804; x_wconf 85' lang='lat' dir='ltr'><strong>baptismi</strong></span> <span class='ocrx_word' id='word_1_793' title='bbox 858 5735 981 5789; x_wconf 83' lang='lat' dir='ltr'><strong>facti</strong></span> <span class='ocrx_word' id='word_1_794' title='bbox 1014 5735 1139 5788; x_wconf 58' lang='lat' dir='ltr'><strong>sntit</strong></span> <span class='ocrx_word' id='word_1_795' title='bbox 1170 5737 1405 5790; x_wconf 88' lang='lat' dir='ltr'><strong>membra</strong></span> <span class='ocrx_word' id='word_1_796' title='bbox 1454 5737 1691 5804; x_wconf 87' lang='lat' dir='ltr'><strong>corporis</strong></span> 
     </span>
    </p>
   </div>
   <div class='ocr_carea' id='block_1_105' title="bbox 1800 4625 3387 4697">
    <p class='ocr_par' dir='ltr' id='par_1_105' title="bbox 1800 4625 3387 4697">
     <span class='ocr_line' id='line_1_105' title="bbox 1800 4625 3387 4697; baseline -0.003 -15"><span class='ocrx_word' id='word_1_797' title='bbox 1800 4630 1958 4683; x_wconf 83' lang='lat' dir='ltr'><strong>Rom.</strong></span> <span class='ocrx_word' id='word_1_798' title='bbox 1981 4643 2085 4692; x_wconf 79' lang='lat' dir='ltr'><strong>xw,</strong></span> <span class='ocrx_word' id='word_1_799' title='bbox 2114 4627 2185 4681; x_wconf 71' lang='lat'><strong>23</strong></span> <span class='ocrx_word' id='word_1_800' title='bbox 2210 4644 2222 4679; x_wconf 86' lang='lat'>:</span> <span class='ocrx_word' id='word_1_801' title='bbox 2253 4626 2416 4680; x_wconf 86' lang='lat' dir='ltr'><strong>Omne</strong></span> <span class='ocrx_word' id='word_1_802' title='bbox 2432 4629 2567 4697; x_wconf 81' lang='lat' dir='ltr'><strong>quod</strong></span> <span class='ocrx_word' id='word_1_803' title='bbox 2590 4643 2690 4680; x_wconf 86' lang='lat' dir='ltr'><strong>non</strong></span> <span class='ocrx_word' id='word_1_804' title='bbox 2708 4638 2780 4679; x_wconf 78' lang='lat' dir='ltr'><strong>est</strong></span> <span class='ocrx_word' id='word_1_805' title='bbox 2807 4641 2868 4679; x_wconf 77' lang='lat' dir='ltr'><strong>ea:</strong></span> <span class='ocrx_word' id='word_1_806' title='bbox 2883 4625 2987 4692; x_wconf 77' lang='lat' dir='ltr'><strong>[ide</strong></span> <span class='ocrx_word' id='word_1_807' title='bbox 3011 4635 3273 4692; x_wconf 73' lang='lat' dir='ltr'><strong>peccatum</strong></span> <span class='ocrx_word' id='word_1_808' title='bbox 3296 4634 3387 4690; x_wconf 70' lang='lat' dir='ltr'><strong>est,</strong></span> 
     </span>
    </p>
   </div>
   <div class='ocr_carea' id='block_1_106' title="bbox 1800 4712 3388 4791">
    <p class='ocr_par' dir='ltr' id='par_1_106' title="bbox 1800 4712 3388 4791">
     <span class='ocr_line' id='line_1_106' title="bbox 1800 4712 3388 4791; baseline -0.001 -19"><span class='ocrx_word' id='word_1_809' title='bbox 1800 4722 1952 4791; x_wconf 86' lang='lat' dir='ltr'><strong>quasi</strong></span> <span class='ocrx_word' id='word_1_810' title='bbox 1985 4722 2108 4776; x_wconf 72' lang='lat' dir='ltr'><strong>velit</strong></span> <span class='ocrx_word' id='word_1_811' title='bbox 2138 4721 2317 4776; x_wconf 90' lang='lat' dir='ltr'><strong>dicere</strong></span> <span class='ocrx_word' id='word_1_812' title='bbox 2348 4720 2640 4789; x_wconf 82' lang='lat' dir='ltr'><strong>Apostolus</strong></span> <span class='ocrx_word' id='word_1_813' title='bbox 2671 4718 2847 4772; x_wconf 84' lang='lat' dir='ltr'><strong>omnia</strong></span> <span class='ocrx_word' id='word_1_814' title='bbox 2896 4730 3059 4783; x_wconf 86' lang='lat' dir='ltr'><strong>opera</strong></span> <span class='ocrx_word' id='word_1_815' title='bbox 3093 4712 3388 4770; x_wconf 80' lang='lat' dir='ltr'><strong>inﬁdelium</strong></span> 
     </span>
    </p>
   </div>
   <div class='ocr_carea' id='block_1_107' title="bbox 1800 4808 3389 4879">
    <p class='ocr_par' dir='ltr' id='par_1_107' title="bbox 1800 4808 3389 4879">
     <span class='ocr_line' id='line_1_107' title="bbox 1800 4808 3389 4879; baseline -0.003 -12"><span class='ocrx_word' id='word_1_816' title='bbox 1800 4829 1919 4869; x_wconf 86' lang='lat' dir='ltr'><strong>esse</strong></span> <span class='ocrx_word' id='word_1_817' title='bbox 1977 4826 2215 4879; x_wconf 74' lang='lat' dir='ltr'><strong>jcccata,</strong></span> <span class='ocrx_word' id='word_1_818' title='bbox 2265 4822 2319 4867; x_wconf 89' lang='lat' dir='ltr'><strong>et</strong></span> <span class='ocrx_word' id='word_1_819' title='bbox 2370 4814 2489 4867; x_wconf 90' lang='lat' dir='ltr'><strong>sine</strong></span> <span class='ocrx_word' id='word_1_820' title='bbox 2546 4826 2669 4867; x_wconf 82' lang='lat' dir='ltr'><strong>vera</strong></span> <span class='ocrx_word' id='word_1_821' title='bbox 2702 4810 2806 4861; x_wconf 86' lang='lat' dir='ltr'><strong>fide</strong></span> <span class='ocrx_word' id='word_1_822' title='bbox 2846 4808 3049 4860; x_wconf 90' lang='lat' dir='ltr'><strong>nullum</strong></span> <span class='ocrx_word' id='word_1_823' title='bbox 3085 4822 3239 4875; x_wconf 86' lang='lat' dir='ltr'><strong>posse</strong></span> <span class='ocrx_word' id='word_1_824' title='bbox 3272 4808 3389 4863; x_wconf 85' lang='lat' dir='ltr'><strong>ﬁeri</strong></span> 
     </span>
    </p>
   </div>
   <div class='ocr_carea' id='block_1_108' title="bbox 1800 4898 3385 4972">
    <p class='ocr_par' dir='ltr' id='par_1_108' title="bbox 1800 4898 3385 4972">
     <span class='ocr_line' id='line_1_108' title="bbox 1800 4898 3385 4972; baseline -0.003 -13"><span class='ocrx_word' id='word_1_825' title='bbox 1800 4905 1997 4961; x_wconf 86' lang='lat' dir='ltr'><strong>bonum</strong></span> <span class='ocrx_word' id='word_1_826' title='bbox 2027 4919 2198 4972; x_wconf 85' lang='lat' dir='ltr'><strong>Opus;</strong></span> <span class='ocrx_word' id='word_1_827' title='bbox 2231 4920 2350 4956; x_wconf 89' lang='lat' dir='ltr'><strong>cum</strong></span> <span class='ocrx_word' id='word_1_828' title='bbox 2386 4914 2561 4955; x_wconf 84' lang='lat' dir='ltr'><strong>tamen</strong></span> <span class='ocrx_word' id='word_1_829' title='bbox 2596 4900 2666 4952; x_wconf 92' lang='lat' dir='ltr'><strong>ibi</strong></span> <span class='ocrx_word' id='word_1_830' title='bbox 2717 4912 2896 4951; x_wconf 89' lang='lat' dir='ltr'><strong>sermo</strong></span> <span class='ocrx_word' id='word_1_831' title='bbox 2953 4900 3021 4951; x_wconf 89' lang='lat' dir='ltr'><strong>sit</strong></span> <span class='ocrx_word' id='word_1_832' title='bbox 3050 4898 3118 4954; x_wconf 88' lang='lat' dir='ltr'><strong>de</strong></span> <span class='ocrx_word' id='word_1_833' title='bbox 3148 4914 3211 4954; x_wconf 83' lang='lat' dir='ltr'><strong>eo</strong></span> <span class='ocrx_word' id='word_1_834' title='bbox 3244 4902 3385 4970; x_wconf 84' lang='lat' dir='ltr'><strong>quod</strong></span> 
     </span>
    </p>
   </div>
   <div class='ocr_carea' id='block_1_109' title="bbox 1799 4994 3388 5062">
    <p class='ocr_par' dir='ltr' id='par_1_109' title="bbox 1799 4994 3388 5062">
     <span class='ocr_line' id='line_1_109' title="bbox 1799 4994 3388 5062; baseline -0.001 -7"><span class='ocrx_word' id='word_1_835' title='bbox 1799 5017 1904 5055; x_wconf 92' lang='lat' dir='ltr'><strong>non</strong></span> <span class='ocrx_word' id='word_1_836' title='bbox 1933 5001 1988 5053; x_wconf 88' lang='lat' dir='ltr'><strong>ﬁt</strong></span> <span class='ocrx_word' id='word_1_837' title='bbox 2018 5016 2083 5053; x_wconf 86' lang='lat' dir='ltr'><strong>ex</strong></span> <span class='ocrx_word' id='word_1_838' title='bbox 2115 5000 2413 5053; x_wconf 86' lang='lat' dir='ltr'><strong>dictamiue</strong></span> <span class='ocrx_word' id='word_1_839' title='bbox 2442 4996 2784 5051; x_wconf 64' lang='lat' dir='ltr'><strong>conscientiae</strong></span> <span class='ocrx_word' id='word_1_840' title='bbox 2811 4994 3094 5062; x_wconf 66' lang='lat' dir='ltr'><strong>iudicantis</strong></span> <span class='ocrx_word' id='word_1_841' title='bbox 3124 4997 3260 5052; x_wconf 86' lang='lat' dir='ltr'><strong>bona</strong></span> <span class='ocrx_word' id='word_1_842' title='bbox 3283 4998 3388 5053; x_wconf 88' lang='lat' dir='ltr'><strong>ﬁde</strong></span> 
     </span>
    </p>
   </div>
   <div class='ocr_carea' id='block_1_110' title="bbox 1798 5091 3388 5160">
    <p class='ocr_par' dir='ltr' id='par_1_110' title="bbox 1798 5091 3388 5160">
     <span class='ocr_line' id='line_1_110' title="bbox 1798 5091 3388 5160; baseline -0.003 -10"><span class='ocrx_word' id='word_1_843' title='bbox 1798 5097 1998 5151; x_wconf 74' lang='lat' dir='ltr'><strong>lit‘illllll</strong></span> <span class='ocrx_word' id='word_1_844' title='bbox 2033 5109 2156 5148; x_wconf 86' lang='lat' dir='ltr'><strong>esse</strong></span> <span class='ocrx_word' id='word_1_845' title='bbox 2190 5094 2237 5145; x_wconf 92' lang='lat' dir='ltr'><strong>id</strong></span> <span class='ocrx_word' id='word_1_846' title='bbox 2273 5094 2410 5160; x_wconf 90' lang='lat' dir='ltr'><strong>quod</strong></span> <span class='ocrx_word' id='word_1_847' title='bbox 2446 5092 2522 5155; x_wconf 91' lang='lat' dir='ltr'><strong>ﬁt,</strong></span> <span class='ocrx_word' id='word_1_848' title='bbox 2574 5101 2629 5144; x_wconf 91' lang='lat' dir='ltr'><strong>ut</strong></span> <span class='ocrx_word' id='word_1_849' title='bbox 2688 5106 2751 5145; x_wconf 83' lang='lat' dir='ltr'><strong>ex</strong></span> <span class='ocrx_word' id='word_1_850' title='bbox 2787 5100 2937 5145; x_wconf 82' lang='lat' dir='ltr'><strong>textu</strong></span> <span class='ocrx_word' id='word_1_851' title='bbox 2967 5091 3081 5160; x_wconf 89' lang='lat' dir='ltr'><strong>ipso</strong></span> <span class='ocrx_word' id='word_1_852' title='bbox 3113 5092 3297 5160; x_wconf 90' lang='lat' dir='ltr'><strong>liquet,</strong></span> <span class='ocrx_word' id='word_1_853' title='bbox 3332 5103 3388 5146; x_wconf 90' lang='lat' dir='ltr'><strong>et</strong></span> 
     </span>
    </p>
   </div>
   <div class='ocr_carea' id='block_1_111' title="bbox 1800 5182 3386 5249">
    <p class='ocr_par' dir='ltr' id='par_1_111' title="bbox 1800 5182 3386 5249">
     <span class='ocr_line' id='line_1_111' title="bbox 1800 5182 3386 5249; baseline -0.003 -10"><span class='ocrx_word' id='word_1_854' title='bbox 1800 5185 2103 5241; x_wconf 81' lang='lat' dir='ltr'><strong>communis</strong></span> <span class='ocrx_word' id='word_1_855' title='bbox 2162 5185 2533 5249; x_wconf 87' lang='lat' dir='ltr'><strong>interpretatio</strong></span> <span class='ocrx_word' id='word_1_856' title='bbox 2586 5186 2868 5236; x_wconf 90' lang='lat' dir='ltr'><strong>doctorum</strong></span> <span class='ocrx_word' id='word_1_857' title='bbox 2922 5182 3243 5237; x_wconf 88' lang='lat' dir='ltr'><strong>contradicit</strong></span> <span class='ocrx_word' id='word_1_858' title='bbox 3280 5182 3386 5235; x_wconf 86' lang='lat' dir='ltr'><strong>Au-</strong></span> 
     </span>
    </p>
   </div>
   <div class='ocr_carea' id='block_1_112' title="bbox 1797 5273 3384 5348">
    <p class='ocr_par' dir='ltr' id='par_1_112' title="bbox 1797 5273 3384 5348">
     <span class='ocr_line' id='line_1_112' title="bbox 1797 5273 3384 5348; baseline -0.003 -16"><span class='ocrx_word' id='word_1_859' title='bbox 1797 5278 2033 5348; x_wconf 89' lang='lat' dir='ltr'><strong>gustino,</strong></span> <span class='ocrx_word' id='word_1_860' title='bbox 2066 5276 2153 5345; x_wconf 88' lang='lat' dir='ltr'><strong>qui</strong></span> <span class='ocrx_word' id='word_1_861' title='bbox 2183 5275 2342 5329; x_wconf 68' lang='lat' dir='ltr'><strong>Ctialll</strong></span> <span class='ocrx_word' id='word_1_862' title='bbox 2374 5275 2582 5343; x_wconf 89' lang='lat' dir='ltr'><strong>aliquot</strong></span> <span class='ocrx_word' id='word_1_863' title='bbox 2614 5274 2767 5340; x_wconf 89' lang='lat' dir='ltr'><strong>locis,</strong></span> <span class='ocrx_word' id='word_1_864' title='bbox 2804 5282 2859 5327; x_wconf 94' lang='grc' dir='ltr'><strong>ιιι</strong></span> <span class='ocrx_word' id='word_1_865' title='bbox 2888 5275 3010 5328; x_wconf 91' lang='lat' dir='ltr'><strong>alibi</strong></span> <span class='ocrx_word' id='word_1_866' title='bbox 3059 5273 3384 5338; x_wconf 78' lang='lat' dir='ltr'><strong>notavimus,</strong></span> 
     </span>
    </p>
   </div>
   <div class='ocr_carea' id='block_1_113' title="bbox 1798 5362 3385 5429">
    <p class='ocr_par' dir='ltr' id='par_1_113' title="bbox 1798 5362 3385 5429">
     <span class='ocr_line' id='line_1_113' title="bbox 1798 5362 3385 5429; baseline -0.004 -7"><span class='ocrx_word' id='word_1_867' title='bbox 1798 5369 2008 5422; x_wconf 81' lang='lat' dir='ltr'><strong>videtur</strong></span> <span class='ocrx_word' id='word_1_868' title='bbox 2029 5368 2165 5420; x_wconf 80' lang='lat' dir='ltr'><strong>hanc</strong></span> <span class='ocrx_word' id='word_1_869' title='bbox 2188 5382 2337 5419; x_wconf 85' lang='lat' dir='ltr'><strong>suam</strong></span> <span class='ocrx_word' id='word_1_870' title='bbox 2362 5365 2718 5420; x_wconf 78' lang='lat' dir='ltr'><strong>assertionem</strong></span> <span class='ocrx_word' id='word_1_871' title='bbox 2739 5365 3065 5429; x_wconf 63' lang='lat' dir='ltr'><strong>restringere</strong></span> <span class='ocrx_word' id='word_1_872' title='bbox 3095 5362 3158 5413; x_wconf 87' lang='lat' dir='ltr'><strong>ad</strong></span> <span class='ocrx_word' id='word_1_873' title='bbox 3188 5362 3385 5415; x_wconf 84' lang='lat' dir='ltr'><strong>bonum</strong></span> 
     </span>
    </p>
   </div>
   <div class='ocr_carea' id='block_1_114' title="bbox 1800 5455 3388 5529">
    <p class='ocr_par' dir='ltr' id='par_1_114' title="bbox 1800 5455 3388 5529">
     <span class='ocr_line' id='line_1_114' title="bbox 1800 5455 3388 5529; baseline -0.003 -13"><span class='ocrx_word' id='word_1_874' title='bbox 1800 5475 1934 5529; x_wconf 79' lang='lat' dir='ltr'><strong>Opus</strong></span> <span class='ocrx_word' id='word_1_875' title='bbox 1964 5459 2093 5512; x_wconf 89' lang='lat' dir='ltr'><strong>utile</strong></span> <span class='ocrx_word' id='word_1_876' title='bbox 2125 5458 2246 5511; x_wconf 65' lang='lat' dir='ltr'><strong>vitae</strong></span> <span class='ocrx_word' id='word_1_877' title='bbox 2285 5468 2501 5510; x_wconf 67' lang='lat' dir='ltr'><strong>aeternm</strong></span> <span class='ocrx_word' id='word_1_878' title='bbox 2530 5458 2945 5523; x_wconf 56' lang='lat' dir='ltr'><strong>consequendam</strong></span> <span class='ocrx_word' id='word_1_879' title='bbox 2966 5468 3068 5510; x_wconf 89' lang='lat' dir='ltr'><strong>etc.</strong></span> <span class='ocrx_word' id='word_1_880' title='bbox 3094 5455 3388 5522; x_wconf 87' lang='lat' dir='ltr'><strong>Utrumque</strong></span> 
     </span>
    </p>
   </div>
   <div class='ocr_carea' id='block_1_115' title="bbox 1799 5546 3388 5617">
    <p class='ocr_par' dir='ltr' id='par_1_115' title="bbox 1799 5546 3388 5617">
     <span class='ocr_line' id='line_1_115' title="bbox 1799 5546 3388 5617; baseline -0.004 -11"><span class='ocrx_word' id='word_1_881' title='bbox 1799 5563 1976 5607; x_wconf 88' lang='lat' dir='ltr'><strong>tamen</strong></span> <span class='ocrx_word' id='word_1_882' title='bbox 2008 5567 2037 5603; x_wconf 89' lang='lat' dir='ltr'><strong>a</strong></span> <span class='ocrx_word' id='word_1_883' title='bbox 2066 5564 2198 5602; x_wconf 75' lang='lat' dir='ltr'><strong>vero</strong></span> <span class='ocrx_word' id='word_1_884' title='bbox 2229 5563 2387 5603; x_wconf 87' lang='lat' dir='ltr'><strong>sensu</strong></span> <span class='ocrx_word' id='word_1_885' title='bbox 2422 5549 2662 5617; x_wconf 77' lang='lat' dir='ltr'><strong>Apestoli</strong></span> <span class='ocrx_word' id='word_1_886' title='bbox 2696 5549 2817 5602; x_wconf 91' lang='lat' dir='ltr'><strong>loco</strong></span> <span class='ocrx_word' id='word_1_887' title='bbox 2848 5549 3012 5601; x_wconf 88' lang='lat' dir='ltr'><strong>citato</strong></span> <span class='ocrx_word' id='word_1_888' title='bbox 3063 5546 3218 5614; x_wconf 89' lang='lat' dir='ltr'><strong>plane</strong></span> <span class='ocrx_word' id='word_1_889' title='bbox 3256 5546 3388 5599; x_wconf 85' lang='lat' dir='ltr'><strong>alie-</strong></span> 
     </span>
    </p>
   </div>
   <div class='ocr_carea' id='block_1_116' title="bbox 1798 5636 3385 5708">
    <p class='ocr_par' dir='ltr' id='par_1_116' title="bbox 1798 5636 3385 5708">
     <span class='ocr_line' id='line_1_116' title="bbox 1798 5636 3385 5708; baseline -0.001 -11"><span class='ocrx_word' id='word_1_890' title='bbox 1798 5658 1923 5697; x_wconf 87' lang='lat' dir='ltr'><strong>num</strong></span> <span class='ocrx_word' id='word_1_891' title='bbox 1958 5651 2057 5695; x_wconf 89' lang='lat' dir='ltr'><strong>est.</strong></span> <span class='ocrx_word' id='word_1_892' title='bbox 2100 5658 2119 5691; x_wconf 74' lang='grc' dir='ltr'><strong>ι</strong></span> <span class='ocrx_word' id='word_1_893' title='bbox 2158 5640 2280 5693; x_wconf 64' lang='grc' dir='ltr'><strong>11εο</strong></span> <span class='ocrx_word' id='word_1_894' title='bbox 2325 5640 2432 5695; x_wconf 91' lang='lat' dir='ltr'><strong>ille.</strong></span> <span class='ocrx_word' id='word_1_895' title='bbox 2467 5641 2573 5694; x_wconf 89' lang='lat' dir='ltr'><strong>Nos</strong></span> <span class='ocrx_word' id='word_1_896' title='bbox 2609 5639 2825 5708; x_wconf 90' lang='lat' dir='ltr'><strong>quidem</strong></span> <span class='ocrx_word' id='word_1_897' title='bbox 2875 5636 3142 5704; x_wconf 83' lang='lat' dir='ltr'><strong>superiori</strong></span> <span class='ocrx_word' id='word_1_898' title='bbox 3185 5637 3385 5705; x_wconf 80' lang='lat' dir='ltr'><strong>capite,</strong></span> 
     </span>
    </p>
   </div>
   <div class='ocr_carea' id='block_1_117' title="bbox 1800 5732 3385 5806">
    <p class='ocr_par' dir='ltr' id='par_1_117' title="bbox 1800 5732 3385 5806">
     <span class='ocr_line' id='line_1_117' title="bbox 1800 5732 3385 5806; baseline 0 -20"><span class='ocrx_word' id='word_1_899' title='bbox 1800 5736 1826 5806; x_wconf 64' lang='grc' dir='ltr'>ς</span> <span class='ocrx_word' id='word_1_900' title='bbox 1858 5734 1911 5800; x_wconf 72' lang='grc'><strong>4,</strong></span> <span class='ocrx_word' id='word_1_901' title='bbox 1946 5750 2062 5805; x_wconf 76' lang='lat' dir='ltr'><strong>qua:</strong></span> <span class='ocrx_word' id='word_1_902' title='bbox 2091 5732 2247 5789; x_wconf 80' lang='lat' dir='ltr'><strong>luerit</strong></span> <span class='ocrx_word' id='word_1_903' title='bbox 2269 5735 2438 5788; x_wconf 89' lang='lat' dir='ltr'><strong>sancti</strong></span> <span class='ocrx_word' id='word_1_904' title='bbox 2465 5734 2702 5790; x_wconf 84' lang='lat' dir='ltr'><strong>doctoris</strong></span> <span class='ocrx_word' id='word_1_905' title='bbox 2738 5746 2891 5787; x_wconf 84' lang='lat' dir='ltr'><strong>meus</strong></span> <span class='ocrx_word' id='word_1_906' title='bbox 2919 5732 2987 5787; x_wconf 84' lang='lat' dir='ltr'><strong>de</strong></span> <span class='ocrx_word' id='word_1_907' title='bbox 3017 5732 3269 5803; x_wconf 88' lang='lat' dir='ltr'><strong>operibus</strong></span> <span class='ocrx_word' id='word_1_908' title='bbox 3301 5734 3385 5787; x_wconf 87' lang='lat' dir='ltr'><strong>in-</strong></span> 
     </span>
    </p>
   </div>
  </div>
