3892 6306
502 301 599 355 ’ἲϋῖ

501 417 739 470 ﬁdelium
798 414 1184 475 indicavimus;

497 508 804 578 eaStiganda
850 510 965 572 est',
1020 507 1108 575 qui
1153 520 1271 559 eam
1333 505 1855 571 interpretationem,
1926 518 2085 569 quam

503 602 739 655 Ecclesia
777 602 916 653 inter
940 612 1121 653 sacras
1152 598 1507 650 ca‘remonias
1540 603 1720 649 secuta
1752 604 1851 658 est,
1900 608 1930 646 a
1963 608 2087 647 vero

497 706 659 747 Bettsu
694 691 935 758 Apostoli
968 692 1124 758 plane
1173 686 1401 741 alienam
1452 687 1634 740 dicere
1666 702 1772 739 non
1800 684 2085 738 dubitavit.

506 781 714 833 litt-nim
752 796 816 833 ex
842 781 1065 845 antiquo
1101 777 1356 829 Ecclesia:
1414 776 1516 829 ritu
1562 776 1842 842 episeopus
1874 790 1966 828 eos
1995 773 2087 841 qtti

499 872 809 925 subdiaconi
840 868 1194 923 consecrandi
1220 877 1367 932 sunt,
1396 866 1471 920 ita
1505 868 1833 933 alloquitur:
1858 884 1874 916 ι
1902 866 2088 919 Estote

497 976 625 1028 ergo
657 962 789 1013 tales
820 961 906 1028 qui
940 958 1219 1012 SJCl'iiiCliS
1253 959 1446 1011 divinis
1476 970 1530 1011 et
1563 958 1815 1011 Ecclesia:
1841 958 1955 1024 Dei,
1981 958 2081 1010 hoc

499 1064 583 1107 est
611 1053 853 1119 corporis
884 1050 1086 1103 tiliristi
1113 1050 1272 1117 digne
1302 1048 1508 1103 servire
1554 1051 1773 1104 valeatis
1807 1049 1857 1102 in
1889 1064 2009 1102 ve'a
2033 1061 2089 1105 et

495 1144 759 1199 catholica
796 1142 897 1195 [ide
940 1139 1165 1205 fundati,
1201 1141 1475 1209 quoniam,
1524 1152 1578 1193 ut
1632 1144 1706 1194 ait
1750 1141 2083 1208 Apostolus:

499 1234 659 1287 Omne
682 1233 818 1303 quod
848 1250 947 1285 non
975 1244 1045 1285 est
1072 1248 1133 1285 e1:
1158 1233 1261 1297 ﬁde
1281 1240 1655 1301 peccotnmesl,
1682 1230 2083 1284 sebismaticum

496 1336 601 1392 est,
634 1338 686 1381 et
715 1338 865 1381 extra
899 1326 1157 1379 unitatem
1192 1325 1445 1379 Ecclesia:
1486 1334 1587 1379 est.
1632 1343 1648 1376 ι
1689 1325 1741 1377 in
1787 1323 2083 1378 Pontiliali

498 1418 761 1471 Romano.
830 1415 971 1471 Ecce
1028 1416 1476 1485 Augustinianum
1547 1417 2083 1483 interpretamentum

498 1510 780 1564 eatliolicm
805 1508 1058 1562 Ecclesia:
1083 1508 1471 1577 approbatione
1494 1523 1891 1571 consecratum,
1917 1518 1968 1561 et
1989 1522 2084 1575 per

497 1601 810 1653 universum
865 1599 1053 1651 orbem
1110 1597 1470 1651 orthodoxam
1531 1598 1597 1650 ab
1647 1600 1916 1665 episcopis
1949 1598 2085 1650 inter

498 1704 684 1745 Sacras
713 1690 1065 1743 cznremonias
1086 1690 1391 1743 recitatum.
1410 1689 1573 1759 igitur
1592 1705 1694 1743 una
1720 1699 1801 1743 est
1828 1688 2083 1742 Ecclesia:

1390 299 1947 355 SUPPLEMENTUM
1993 299 2080 353 AD
2123 298 2353 354 OPEll.\
2397 300 2452 353 S.
2502 300 2891 355 AL‘GUS'HNI.

1257 414 1416 467 modo
1471 414 1717 467 Morainii
1786 413 2083 481 ignorantia
2116 415 2166 471 Α
2191 412 2275 464 da.
2312 431 2329 461 ο
2367 413 2433 466 At
2462 414 2503 467 si
2530 415 2636 468 duo
2668 416 2891 468 [loniani
2936 415 3213 481 pontiﬁces
3243 433 3347 472 non
3377 418 3518 474 satis
3549 424 3804 476 auctori.

3695 306 3806 359 703

2199 506 2319 557 tatis
2341 505 2547 560 addunt
2576 508 2858 576 Augustini
2914 509 3363 577 interpretationi,
3400 512 3653 580 produco
3682 517 3800 568 suf-

2195 597 2359 667 fragia
2388 599 2695 667 quindecim
2744 600 2959 655 Patrum
3000 600 3435 656 doctissimorum
3466 618 3531 657 ac
3561 608 3801 659 sanctis-

2196 690 2480 755 simorum,
2502 693 2594 762 qui
2624 707 2687 745 ex
2722 691 2903 746 Africa
2937 696 2987 746 in
3028 678 3327 746 Sardiniam
3354 708 3384 747 a
3414 693 3800 750 Trasamundo

2193 798 2321 849 rege
2354 783 2551 835 Ariano
2578 784 2631 836 in
2654 784 2902 837 exsilium
2934 785 3226 854 deportati,
3262 786 3313 838 in
3342 784 3478 839 libro
3509 786 3577 840 de
3610 787 3801 842 lucar-

2194 873 2408 926 natione
2436 874 2709 954 etgratia,
2744 879 2987 927 omnium
3023 866 3517 944 subseriptione,ut
3540 893 3608 933 ex
3636 879 3797 935 titulo

2194 973 2355 1030 patet,
2380 964 2697 1031 approbato,
2732 966 2845 1018 bare
2868 966 3089 1021 tradunt
3112 982 3231 1035 cap.
3264 967 3335 1019 23
3362 985 3375 1019 :
3402 986 3420 1019 ι
3443 968 3570 1033 Quis
3588 970 3799 1025 audeat

2195 1054 2312 1107 illas
2343 1056 2393 1107 in
2429 1058 2528 1108 hoc
2556 1056 2679 1109 loco
2704 1065 2892 1123 gentes
2941 1058 3187 1125 accipere
3236 1072 3369 1127 quas
3417 1070 3635 1114 constat
3685 1076 3796 1115 non

2202 1159 2320 1199 esse
2361 1145 2684 1214 jtrstiﬁcatas
2729 1162 2791 1200 ex
2844 1147 2969 1213 tide,
3003 1164 3123 1201 cum
3157 1148 3271 1217 ipse
3300 1161 3526 1205 teStetur
3556 1156 3794 1221 Aposto-

2192 1234 2273 1287 lus
2306 1253 2320 1290 :
2351 1237 2471 1303 quia
2501 1238 2661 1290 Omne
2683 1239 2820 1308 quod
2858 1257 2956 1292 non
2996 1251 3067 1293 est
3090 1257 3152 1294 ea:
3182 1243 3283 1309 ﬁde
3313 1254 3712 1310 peccatnmest;
3740 1258 3792 1301 et

2196 1327 2318 1393 quia
2354 1326 2481 1381 Sine
2508 1328 2609 1395 ﬁde
2637 1330 2948 1398 impossibile
2970 1341 3041 1385 est
3072 1332 3277 1398 placere
3312 1332 3416 1387 Deo
3447 1335 3639 1405 (Hebr.
3679 1339 3787 1406 at)?

2192 1417 2342 1481 Quod
2406 1418 2449 1471 si
2500 1419 2772 1471 Abraham
2833 1435 2896 1472 ex
2946 1420 3049 1475 lide
3096 1422 3445 1489 iustificatam
3494 1441 3616 1482 esse
3651 1443 3786 1483 con-

2195 1517 2323 1570 stat,
2356 1518 2465 1561 etc.
2509 1526 2527 1557 ι
2572 1509 2697 1562 ιιςυρ
2727 1510 2963 1579 synodus
3007 1512 3303 1583 Byzacena.
3352 1510 3489 1582 Quae
3542 1519 3788 1587 profecto

2191 1597 2392 1653 faciunt
2422 1610 2477 1651 ut
2535 1602 2702 1654 nostri
2750 1602 2927 1657 Patris
2958 1607 3245 1671 explicatio
3274 1608 3388 1678 nisi,
3412 1618 3615 1665 temere
3646 1629 3780 1668 cen-

2189 1702 2326 1740 sorte
2377 1689 2565 1757 subiici
2611 1692 2798 1757 possit.
2859 1693 2963 1747 Sed
3020 1696 3111 1749 alii
3162 1695 3351 1751 Patres
3384 1708 3544 1765 atque
3574 1705 3785 1772 antiqui

495 1789 550 1834 et
581 1780 863 1850 Augustini
895 1778 1086 1833 deillis
1118 1780 1359 1848 Apostoli
1379 1780 1558 1833 verbis
1581 1781 1870 1841 sententia,
1892 1793 2081 1847 nempe
2116 1788 2158 1845 Β
2189 1781 2479 1849 scriptores
2509 1784 2681 1837 eidem
2715 1784 3147 1854 interpretationi
3178 1791 3331 1846 albos
3360 1793 3597 1850 calculos
3626 1799 3779 1866 adje-

498 1879 555 1923 ut
584 1871 651 1924 de
684 1886 810 1924 vera
843 1870 947 1925 lida
977 1868 1285 1924 Christiana
1316 1868 1704 1939 intelligantur.
1737 1869 1929 1924 Videre
1953 1869 2082 1927 mibi

496 1960 685 2015 videor
714 1976 881 2016 novos
926 1976 1183 2017 censores
1228 1961 1459 2027 haerere,
1510 1970 1569 2017 ut
1598 1963 1769 2029 aiunt,
1802 1962 1867 2015 ad
1897 1974 2080 2031 aquas.

486 2052 555 2108 Si
589 2052 881 2107 Ecclesiam
915 2054 1236 2107 catholicam
1285 2070 1551 2123 perperam
1606 2064 1808 2108 textum
1841 2054 2082 2123 Apostoli

496 2145 766 2215 explicare
797 2145 1000 2209 dicant,
1031 2145 1142 2214 jam
1174 2147 1361 2199 vident
1401 2160 1559 2214 quam
1610 2145 1755 2214 gravi
1788 2158 1845 2199 se
1877 2145 2083 2212 piaculo

496 2236 855 2305 obstringunt.
886 2241 954 2289 At
980 2236 1027 2290 si
1061 2236 1320 2290 Ecclesia:
1345 2251 1504 2289 voces
1557 2235 1782 2304 riijieere
1837 2234 2083 2304 religioni

495 2327 700 2384 ducunt
722 2328 833 2395 jam
860 2327 1075 2381 tandem
1105 2326 1406 2394 Augustino
1454 2326 1601 2380 eccle
1635 2328 1817 2379 iastica
1851 2328 2082 2380 auctori-

496 2429 607 2472 tate
640 2419 810 2472 coacti
837 2418 1061 2472 herbam
1096 2420 1389 2488 porrigant.
1424 2419 1532 2473 Ncc
1556 2420 1749 2471 mirum
1786 2419 2078 2472 Ecclisiam

492 2506 817 2566 Catholicam
853 2510 923 2563 ita
958 2509 1201 2578 Apostoli
1244 2510 1404 2564 verba
1448 2510 1804 2575 intellexisse,
1839 2525 1903 2564 eo
1934 2511 2079 2564 enim

497 2614 727 2670 prorsus
758 2600 916 2653 modo
939 2600 1247 2669 apostolica:
1277 2601 1422 2654 sedis
1470 2601 1746 2670 poutilices
1777 2600 1963 2655 eadem
1989 2618 2083 2654 an-

498 2693 721 2762 tiquitus
780 2693 1118 2761 interpretati
1173 2704 1318 2746 sunt.
1379 2695 1612 2748 Sanctus
1666 2692 1774 2748 Leo
1830 2694 2077 2762 Magnus,

493 2800 658 2837 serrn.
687 2783 721 2836 2
749 2782 1055 2853 de-chunio
1080 2781 1445 2849 Pentecostes,
1492 2784 1765 2839 drSserens
1793 2784 1861 2838 de
1891 2785 2080 2840 inlide—

493 2875 621 2929 ilum
654 2890 717 2928 ac
757 2875 1187 2929 Clnistianorum
1232 2875 1538 2941 virtutibus,
1581 2878 1648 2929 ila
1687 2877 1929 2943 Apostoli
1958 2892 2080 2930 scn-

494 2971 715 3020 teutiam
763 2970 1035 3035 explicat:
1078 2984 1093 3015 ι
1135 2966 1292 3020 Aliud
1341 2968 1450 3036 agit
1499 2967 1600 3021 sub
1658 2968 1887 3021 veritate
1919 2969 2075 3033 ratio,

493 3058 639 3115 aliud
672 3058 771 3112 sub
803 3058 1033 3110 l‘afsitate
1062 3056 1328 3126 (Ιιορρριὶο.
1362 3057 1515 3124 Apud
1540 3072 1636 3110 nos
1666 3058 1797 3111 tides
1819 3059 2077 3128 iustiﬁcat

2189 1884 2334 1923 ρει-ν.
2369 1872 2595 1925 Sanctus
2628 1875 2873 1942 Prosper,
2904 1877 2952 1929 in
2985 1878 3211 1946 epistola
3239 1880 3305 1932 ad
3329 1879 3620 1943 Ruﬁnum:
3655 1901 3780 1940 saa-

2189 1972 2309 2016 ctus
2344 1963 2676 2033 Fulgentius,
2734 1967 2827 2021 lib.
2868 1983 2905 2021 ri
2945 1968 3012 2023 de
3042 1980 3382 2038 peccatorum
3414 1973 3779 2046 Remissione,

2196 2066 2316 2121 cap.
2348 2056 2369 2107 1
2397 2072 2410 2119 ;
2441 2066 2658 2110 sanctus
2690 2057 2949 2128 isidorus,
2986 2061 3078 2114 lib.
3105 2062 3171 2117 de
3202 2064 3423 2119 Summo
3454 2065 3622 2132 Bono,
3660 2084 3777 2137 cap.

2186 2144 2249 2207 ‘2;
2282 2154 2500 2199 Sanctus
2533 2147 2853 2213 Bernardus,
2905 2166 3070 2205 serm.
3121 2153 3190 2207 30
3236 2162 3291 2207 et
3336 2154 3397 2209 51
3435 2156 3488 2209 in
3520 2157 3771 2223 Cantica;

2185 2234 2429 2289 Julianus
2488 2237 2790 2306 Pomerius,
2827 2240 2917 2295 lib.
2962 2257 3018 2296 tu
3056 2242 3125 2299 de
3186 2243 3301 2299 Vita
3331 2249 3770 2318 contemplativa,

2184 2346 2299 2401 cap.
2329 2334 2388 2396 ις
2419 2334 2699 2390 Facundos
2735 2338 3156 2402 llermianensis,
3192 2341 3286 2396 lib.
3331 2357 3350 2395 ι
3374 2344 3438 2397 de
3459 2343 3652 2398 Tribus
3676 2346 3771 2399 Ca-

2186 2426 2372 2494 pitulis
2398 2427 2461 2481 ad
2494 2428 2852 2483 Justinianum
2882 2432 3281 2501 imperatorem,
3328 2450 3448 2503 cap.
3484 2437 3536 2503 l,
3573 2437 3623 2490 in
3648 2440 3765 2500 tinc,

2184 2517 2416 2585 aliique;
2446 2520 2513 2571 ita
2546 2529 2603 2571 ut
2629 2520 2674 2572 si
2709 2521 2921 2574 l‘atrurn
2953 2522 3200 2593 suﬂ‘ragia
3256 2537 3627 2595 numerentur,
3658 2530 3763 2596 plus

2183 2621 2340 2677 quam
2377 2608 2561 2675 viginti
2594 2610 2894 2679 Augusdno
2943 2612 2995 2665 in
3042 2613 3231 2668 eadem
3276 2617 3561 2683 apostolici
3598 2622 3757 2674 textus

2187 2698 2540 2769 intelligentia
2572 2704 2933 2768 consentiant,
2986 2717 3108 2757 cum
3158 2706 3209 2758 in
3261 2706 3427 2762 altera
3461 2708 3755 2778 interpretu-

2193 2794 2338 2847 tione
2370 2795 2525 2863 longe
2572 2796 2858 2862 pauciores
2899 2811 2928 2848 a
2975 2798 3360 2853 recentioribus
3411 2802 3749 2865 nominentur,

2184 2886 2286 2938 nisi
2313 2895 2487 2940 semet
2508 2886 2712 2954 pariter
2731 2887 2847 2942 istis
2864 2887 3177 2958 adiungant,
3202 2904 3231 2943 a
3264 2891 3463 2960 quibus
3489 2902 3591 2947 tam
3614 2895 3749 2963 longe

2183 2978 2469 3033 intervallo
2499 2979 2748 3048 disiuncti
2780 2988 2927 3035 sunt.
2985 2983 3050 3035 Et
3080 2991 3257 3036 tamen
3289 2984 3547 3039 audacter
3575 2986 3746 3039 Nurni-

2185 3071 2304 3124 Itius
2329 3080 2668 3125 contestatur
2706 3073 2846 3139 quod
2888 3075 3173 3128 communis
3218 3074 3572 3141 interpretatio
3600 3077 3745 3128 darto-

499 3152 659 3201 tlialll
718 3148 1156 3213 manducantem,
1214 3146 1351 3215 apud
1409 3148 1532 3201 iUOS
1579 3147 1865 3202 inﬁdelitas
1898 3151 2085 3218 polluit
2113 3158 2157 3219 ί]
2190 3180 2303 3216 rum
2326 3164 2635 3217 contradicit
2667 3165 2975 3234 Auguglina,
3011 3163 3161 3233 quasi
3311 3166 3497 3221 Panes
3524 3183 3650 3235 quos
3673 3167 3744 3219 ad.

490 3238 850 3309 jejutiattiem.
880 3236 1054 3300 Unde,
1086 3238 1209 3304 quia
1260 3246 1409 3290 extra
1440 3236 1731 3292 Ecclesium
1763 3242 2079 3296 Catholicam

497 3330 627 3384 nihil
661 3339 740 3383 cst
773 3328 851 3380 int
886 3343 1057 3397 grum,
1092 3328 1222 3381 nihil
1254 3338 1484 3393 castum,
1535 3330 1746 3386 dirente
1775 3334 2030 3401 Apostolo
2064 3352 2077 3388 :

492 3421 658 3476 Omne
687 3422 827 3484 quod
855 3436 955 3472 non
987 3429 1059 3472 est
1084 3435 1146 3472 ia:
1167 3420 1269 3487 ﬁde
1292 3431 1554 3487 peccatum
1596 3431 1687 3487 est,
1721 3430 1826 3476 etc.
1869 3441 1887 3473 ι
1934 3421 2077 3479 Idem

494 3530 661 3569 βεγιν.
690 3516 720 3565 ὅ
752 3514 818 3566 de
848 3513 1269 3582 Quadragesirna
1304 3523 1378 3566 a.t
1409 3529 1421 3565 :
1454 3531 1471 3564 ι
1504 3513 1552 3566 is
1602 3528 1725 3567 vera
1754 3524 1806 3568 et
1842 3515 2080 3569 ratiOna-

498 3607 591 3661 bili
625 3607 998 3675 puriﬁcatione
1028 3621 1088 3661 se
1125 3617 1410 3676 prmparat,
1431 3608 1585 3676 cujus
1603 3621 1699 3662 eor
1726 3611 1863 3662 nulla
1892 3609 2080 3665 inlide-

500 3702 649 3754 litale
706 3702 986 3768 polluitur,
1031 3698 1244 3754 dicente
1285 3703 1542 3768 Apostolo
1575 3718 1589 3753 ε
1620 3701 1781 3754 Omne
1802 3703 1946 3771 quod
1974 3719 2077 3755 non

491 3804 563 3847 est
585 3809 649 3847 ex
679 3796 781 3859 ῥέε
810 3804 1073 3863 peceatum
1099 3802 1192 3845 εει.
1232 3792 1435 3844 Inutilia
1459 3802 1615 3844 erunt
1642 3804 1696 3844 et
1728 3809 1861 3847 vana
1889 3811 2077 3849 eorum

490 3886 696 3957 ji-junia
721 3900 855 3953 quos
878 3884 1214 3939 illusionibus
1247 3888 1357 3937 suis
1382 3884 1589 3951 decipit,
1620 3887 1879 3940 mendacii
1906 3900 2073 3955 pater,

491 3988 543 4027 cl.
576 3991 697 4027 vera
729 3974 925 4026 Christi
959 3988 1086 4026 caro
1116 3987 1217 4024 non
1245 3974 1434 4040 pascit.
1465 3991 1480 4022 ι
1524 3974 1680 4026 Forte
1710 3976 1901 4030 dicetis
1927 3979 2071 4032 illam

492 4066 657 4118 fuisse
697 4067 957 4132 privatam
1011 4064 1208 4118 Leonis
1248 4066 1767 4134 interpretationem,
1811 4073 1899 4137 qui
1928 4088 1987 4124 ea
2022 4076 2071 4126 in

495 4170 555 4209 re
583 4168 703 4207 curn
741 4157 1041 4223 Augustino
1066 4158 1263 4221 sensit;
1314 4156 1559 4213 docuisse
1591 4160 1680 4213 illa
1721 4160 1949 4217 Leonem
1976 4180 2073 4232 pro

2187 3256 2446 3310 duximus
2476 3258 2724 3311 doctores
2755 3274 2857 3309 non
2908 3259 3035 3323 sint,
3084 3258 3176 3312 sed
3207 3259 3401 3328 plebeia
3439 3260 3502 3311 de
3531 3264 3646 3327 {race
3665 3260 3743 3313 Srio

2185 3346 2393 3400 burraa!
2425 3345 2591 3401 Video
2621 3354 2796 3401 tamen
2825 3348 3149 3404 Bernardum
3173 3350 3395 3404 alteram
3418 3353 3577 3406 etiam
3600 3351 3742 3405 inter-

2185 3438 2540 3505 pretationem
2584 3439 2889 3503 admittere,
2949 3455 3175 3509 nempe,
3232 3443 3374 3511 quod
3425 3460 3530 3497 non
3573 3453 3649 3498 est
3691 3457 3742 3499 ex

2182 3530 2512 3584 conscientia
2564 3539 2839 3599 peccatum
2882 3540 2985 3600 est,
3035 3532 3085 3584 in
3129 3531 3222 3588 lib.
3278 3534 3343 3587 de
3403 3534 3659 3603 Ptmccpt.
3700 3542 3745 3587 et

2182 3619 2345 3688 disp.,
2385 3634 2505 3688 cap.
2567 3621 2633 3675 18
2674 3632 2728 3674 et
2755 3620 2844 3672 ‘20.
2884 3619 3123 3685 Vossius,
3157 3624 3236 3675 \ir
3272 3625 3404 3677 Satis
3433 3641 3531 3677 suo
3558 3627 3745 3678 nomine

2182 3723 2362 3776 notus,
2397 3712 2489 3765 lib.
2526 3727 2585 3764 ιιι
2614 3713 2746 3765 llist.
2783 3711 2989 3781 Pelag.,
3024 3723 3161 3782 part.
3204 3730 3284 3781 ιιι,
3320 3715 3457 3770 tbesi
3491 3716 3577 3781 12,
3607 3732 3747 3771 cuna-

2180 3812 2268 3859 tur
2300 3820 2406 3858 uno
2438 3805 2602 3859 verbo
2635 3806 2919 3874 Augustini
2941 3805 3442 3875 interpretationem
3458 3823 3579 3863 cum
3601 3809 3750 3862 altera

2181 3906 2475 3950 memorata
2525 3897 2592 3950 de
2636 3898 2963 3951 conscientia
3020 3914 3366 3967 componere,
3408 3918 3426 3951 ι
3478 3915 3670 3970 nempe
3703 3912 3753 3954 ut

2180 4006 2330 4044 mens
2370 3990 2611 4059 Apostoli
2652 3990 2743 4048 sit.
2805 3992 3074 4060 Quidquid
3124 4007 3228 4045 non
3281 3995 3530 4061 provenit
3564 4010 3630 4049 ex
3661 3997 3753 4047 lide

2181 4083 2507 4145 Christiana,
2540 4099 2632 4151 per
2663 4084 3049 4137 conscientiam
3075 4088 3141 4138 ad
3174 4101 3307 4153 opus
3336 4086 3622 4155 applicata,
3643 4088 3758 4142 illud

2181 4183 2461 4242 peccatum
2511 4184 2781 4227 censetur.
2824 4193 2843 4225 ι
2898 4176 3003 4229 Sed
3059 4174 3221 4229 trullis
3276 4176 3760 4245 interpretamemis

490 4247 753 4301 concione
771 4246 1153 4313 disserentem,
1180 4264 1283 4303 non
1307 4265 1334 4304 c
1352 4252 1607 4305 cathedra
1630 4264 1814 4308 contra
1842 4256 2072 4312 barreses
2124 4256 2129 4260 ’

489 4339 779 4410 quidquam
829 4338 1192 4394 tlelinlentem.
1244 4342 1347 4397 Sed
1397 4360 1582 4412 parum
1614 4360 1705 4400 vos
1739 4348 2068 4417 istajuvant,

2188 4359 2458 4413 sententiae
2490 4374 2611 4413 cum
2638 4359 2850 4414 Juliano
2882 4361 3128 4429 litigavit.
3157 4361 3368 4415 Etenim
3397 4379 3522 4419 cum
3556 4376 3762 4421 sanctis

490 4435 616 4487 dum
640 4432 890 4487 catholici
924 4431 1191 4486 laudatam
1224 4435 1631 4503 explicationem
1664 4440 1731 4492 ab
1762 4440 2071 4508 Apostolit-o
2175 4450 2367 4504 doctor
2398 4450 2449 4503 in
2482 4451 2654 4518 primo
2680 4450 2815 4503 libro
2848 4451 2913 4505 de
2944 4451 3151 4516 Nuitiis
3181 4461 3233 4505 et
3271 4468 3527 4522 c0rcttp.,
3560 4470 3678 4523 cap.
3710 4458 3760 4518 5.

487 4539 582 4578 ore
612 4524 970 4591 inaudierunt,
998 4538 1096 4577 nec
1120 4526 1221 4579 nisi
1247 4536 1448 4580 temere
1477 4528 1660 4584 dicere
1689 4532 1912 4599 potestis
1931 4535 2065 4589 Leo-
2097 4535 2100 4589 ἶ

2198 4544 2348 4609 nitio,
2375 4543 2464 4597 ubi
2500 4545 2683 4612 incipit
2714 4556 2898 4598 contra
2930 4545 3202 4601 lulianum
3245 4548 3550 4617 disputare,
3571 4566 3637 4605 ex
3667 4552 3761 4605 illis

492 4629 615 4669 nem
651 4616 775 4669 liCL'l
800 4630 901 4667 non
930 4629 959 4667 c
991 4614 1245 4668 cathedra
1270 4616 1634 4682 delinientcm,
1668 4624 1759 4673 sed
1788 4622 2068 4678 docentem

2188 4635 2415 4704 Apostoli
2447 4638 2624 4689 verbis
2652 4652 2673 4688 ιε
2708 4636 2871 4689 Omne
2892 4640 3028 4704 quod
3052 4655 3155 4691 non
3188 4651 3260 4691 est
3283 4614 3349 4693 ea;
3369 4642 3472 4708 ﬁde
3503 4614 3761 4707 peccatum

494 4723 758 4777 perperam
803 4708 1035 4760 locutum
1077 4706 1261 4761 fuisse.
1305 4709 1411 4762 Sed
1472 4710 1729 4763 habemus
1765 4716 2069 4780 pontiﬁcem
2174 4738 2270 4789 εει,
2308 4726 2578 4778 inlulissci
2625 4726 2742 4779 sine
2775 4727 2879 4781 ﬁde
2921 4729 3226 4796 pudicitiam
3276 4706 3382 4784 non
3434 4706 3555 4788 esée
3585 4750 3757 4790 veram

490 4798 823 4854 Bouifacinm
858 4801 920 4866 ii,
946 4799 1034 4869 qui
1062 4802 1456 4872 SCplllﬂchilllO
1482 4817 1509 4854 {1
1547 4803 1740 4863 Leonis
1762 4808 1908 4858 Olliltl
1932 4825 2071 4863 :tlllto
2178 4820 2448 4882 vii-xulem,
2482 4818 2727 4872 Julianus
2756 4829 2983 4887 quatuor
3035 4822 3204 4875 [thros
3250 4824 3340 4875 uni
3390 4822 3464 4876 illi
3511 4826 3756 4895 Anguﬂi-

487 4903 675 4943 eontra
704 4891 1197 4961 Serui-Pelagianos
1250 4893 1571 4947 sententiam
1602 4909 1632 4948 e
1661 4896 1911 4950 eatliedra
1950 4913 2073 4967 pro-
2177 4909 2338 4961 niano
2384 4923 2683 4977 opponens,
2736 4912 2931 4979 reiecta
2987 4914 3060 4965 int
3099 4917 3428 4977 rpretatione
3457 4891 3631 4973 sancii
3666 4920 3754 4971 Pa—

490 4984 743 5037 nuntians
773 4988 1214 5055 Augustiniauam
1250 4989 1746 5055 interpretationem
1804 4993 2065 5058 irohavit.
2178 4999 2295 5064 uis,
2324 4999 2548 5053 alteram
2583 5000 2746 5053 dub:o
2779 5000 2959 5065 procul
2991 5001 3058 5055 de
3104 5006 3429 5057 eonscrentia
3459 5010 3753 5075 supposuit,

490 5077 701 5130 Etenim
734 5078 785 5129 in
816 5079 1045 5145 epis'ola
1094 5080 1157 5131 ad
1191 5095 1432 5139 sanetum
1469 5082 1757 5136 Cresarium
1789 5085 2069 5140 Arelateu-
2174 5103 2230 5145 ut
2280 5093 2383 5147 vim
2438 5094 2737 5161 argumenti
2782 5094 3030 5148 elideret.
3090 5097 3152 5148 At
3207 5098 3540 5166 Augustinus
3578 5112 3752 5155 contra

484 5186 622 5236 sein,
655 5168 877 5238 loquens
906 5170 971 5221 de
999 5172 1101 5225 title
1123 5173 1449 5237 Christiana,
1485 5175 1591 5228 ait:
1632 5194 1649 5225 ι
1692 5176 2065 5247 Ρηῐξιθι-ψηιιιι
2174 5185 2334 5238 hosce
2381 5193 2605 5252 quatuor
2645 5184 2837 5237 Juliani
2894 5186 3060 5239 ilbIOS
3105 5202 3136 5240 e
3181 5189 3409 5256 vestigio
3440 5192 3669 5246 alterum
3694 5193 3754 5245 de

480 5262 689 5333 (tidem)
724 5261 854 5316 n.hil
884 5271 967 5315 est
995 5264 1118 5316 boni
1146 5266 1290 5332 quod
1317 5270 1614 5321 secundum
1650 5270 1813 5322 Deum
1840 5272 2066 5340 quilibet
2172 5274 2382 5344 Nuptiis
2432 5285 2487 5328 et
2536 5276 2973 5341 concupbcentia
3024 5279 3289 5343 exaravit,
3320 5285 3444 5335 dein
3479 5297 3574 5337 sex
3601 5286 3750 5339 etiam

478 5360 653 5414 valeat
682 5356 1089 5427 operari,'sicut
1122 5358 1309 5410 beatus
1366 5356 1653 5427 Apostolus
1699 5360 1831 5415 dicit
1862 5380 1873 5415 :
1902 5363 2064 5417 Omne
2170 5367 2445 5419 volumina
2481 5369 2637 5435 longe
2669 5367 2859 5434 maiori
2891 5368 3074 5422 labore
3102 5373 3422 5437 coruposuit,
3452 5375 3502 5426 in
3534 5390 3749 5443 quorum

474 5451 613 5519 quod
641 5467 742 5504 non
779 5458 855 5503 est
889 5465 951 5502 ea:
972 5448 1075 5516 ﬁde
1122 5460 1389 5517 peccatum
1414 5462 1511 5503 est.
1544 5452 1693 5516 Quod
1727 5470 1844 5505 cum
1869 5456 1939 5508 ita
1970 5460 2059 5524 sit,
2167 5469 2383 5527 quarto,
2409 5474 2528 5526 cap.
2559 5460 2612 5520 5,
2642 5458 2835 5512 Juliani
2865 5462 3254 5528 expositionem
3283 5467 3479 5531 reiicit,
3500 5482 3701 5533 suamip
3722 5482 3750 5519 e

474 5550 567 5595 aut
598 5543 799 5596 nullum
852 5542 1048 5595 bonum
1082 5542 1265 5611 gratia:
1311 5542 1661 5610 deputabunt,
1713 5547 1755 5597 si
1801 5548 1851 5599 ei
1902 5547 2059 5600 iidem
2121 5583 2132 5596 .
2166 5550 2343 5601 datam
2371 5563 2489 5617 cap.
2526 5550 2558 5603 5
2589 5549 2654 5602 de
2686 5550 2843 5617 Nupt.
2877 5564 2925 5604 et
2949 5553 3259 5620 concupisc.
3297 5556 3415 5619 cit.,
3447 5569 3744 5609 constanter

476 5632 795 5687 subtrahere
823 5634 1134 5700 moliuntur,
1160 5644 1252 5688 aut
1274 5636 1317 5688 si
1341 5636 1481 5703 quod
1508 5636 1701 5689 bonum
1735 5652 1853 5691 esse
1876 5639 2060 5693 dicunt
2164 5638 2409 5693 liciclltiil
2443 5641 2523 5692 his
2555 5641 2708 5707 plane
2738 5643 2947 5695 verbis:
2975 5662 2991 5693 ι
3024 5643 3412 5699 Testimonium
3444 5648 3689 5712 illud,qu
3709 5644 3737 5697 d

473 5719 543 5772 de
573 5721 762 5785 gratia,
793 5723 904 5788 ipsa
934 5726 1239 5780 necessario
1272 5726 1407 5781 ﬁdes
1452 5727 1555 5787 erit
1589 5739 1706 5797 grnt
1730 5746 1774 5789 te
1800 5729 2056 5799 depulau-
2164 5748 2225 5789 ex
2267 5731 2522 5803 Aposmlo
2558 5732 2709 5800 νοτιιί
2756 5748 2769 5784 :
2825 5734 2986 5794 Omne
3018 5737 3155 5803 quod
3188 5753 3286 5789 non
3317 5748 3389 5801 est
3420 5754 3481 5792 ex
3508 5739 3607 5804 ﬁde
3630 5752 3731 5804 prro

2177 4265 2375 4335 indiget
2408 4268 2761 4336 Augustinus,
2784 4268 2875 4336 qui
2903 4268 2969 4322 de
3002 4282 3127 4322 vera
3158 4270 3508 4340 intelligentia
3535 4273 3762 4329 Paulina:
