3892 6344
1271 249 1306 268 Γ*

153 336 284 394 709

1349 333 1668 390 'VlNDlCle
1710 336 2071 392 AUGUSTINI
2094 337 2261 391 ιΝᾹῖ.

3355 351 3455 407 720

149 463 345 506 eorum
394 451 493 516 est,
548 451 692 508 sicut
743 452 834 508 tibi
869 452 1040 508 visunt
1083 460 1188 520 est,
1217 456 1496 524 accepisti,
1521 462 1576 508 et
1602 468 1767 522 expo-
1795 461 1839 517 Α
1872 454 2009 505 vitia.
2047 476 2061 504 ι
2098 456 2294 509 St-rihit
2325 465 2500 511 autem
2535 457 2828 513 'l‘urrianus
2862 460 2912 514 in
2947 469 3170 518 tractatu
3207 465 3275 522 de
3298 481 3454 525 ‘errov

145 545 331 598 suisti
367 560 474 598 non
507 552 564 598 ut
592 546 753 614 sapit,
775 546 873 600 sed
903 556 962 600 ut
991 548 1167 616 sapis:
1191 547 1266 602 De
1291 547 1425 602 cibis
1449 547 1592 601 enim
1625 549 1767 613 Διιοο

147 634 346 688 stolus
379 635 720 703 loquebatur.
759 635 960 691 Verum
991 651 1112 692 cum
1144 637 1368 691 dixisset
1407 654 1420 690 :
1460 638 1556 702 Qui
1597 649 1765 691 autem

145 726 421 778 discernit
460 725 505 778 si
545 726 928 780 manducauerit
969 727 1238 782 damnatus
1267 737 1362 793 est,
1409 729 1532 796 quia
1575 744 1676 782 non
1704 746 1766 782 ex

143 813 273 882 fide
306 814 484 882 (llam.
518 831 628 879 xw,
672 815 790 884 25),
824 816 960 871 hanc
986 819 1190 888 peccati
1242 817 1497 889 speciem,
1541 819 1611 874 de
1659 835 1762 888 qua

144 907 386 975 agebat,
422 907 660 976 generali
693 909 865 962 voluit
892 911 1122 977 probare
1153 910 1420 965 sententia
1472 926 1595 965 mox
1627 912 1764 968 infe-

145 1012 296 1051 rens
335 1015 346 1050 :
386 998 550 1052 Ontne
576 999 708 1051 enim
731 1001 867 1066 quod
888 1017 987 1053 non
1017 1011 1090 1054 est
1110 1018 1172 1055 ea:
1202 1003 1304 1068 [ide
1323 1012 1586 1069 peccatum
1608 1013 1701 1059 est.
1736 1024 1756 1056 ι

128 1057 303 1141 Ἠωε
334 1087 686 1156 Augustinus,
729 1105 794 1145 cx
843 1091 1038 1160 quibus
1068 1091 1330 1146 dict-auten
1359 1094 1702 1148 conscientiae
1731 1111 1759 1149 a

150 1183 268 1238 lide
305 1185 651 1255 dirigentium
675 1201 794 1242 esse
818 1187 1123 1256 deducitur,
1143 1204 1171 1243 a
1199 1205 1300 1260 qua
1321 1191 1456 1257 sola,
1486 1203 1541 1246 ut
1565 1194 1759 1248 ibidem

147 1277 384 1340 probat,
421 1279 472 1331 in
517 1278 763 1333 ultimum
818 1279 976 1335 ﬁnem
1009 1297 1145 1352 opus
1196 1282 1446 1350 refertur,
1481 1301 1638 1354 quam
1674 1287 1762 1341 ille

144 1369 538 1425 cenationem
567 1371 636 1424 ad
673 1371 963 1428 bonitatem
1015 1377 1271 1431 moralem
1300 1377 1480 1446 operis
1523 1394 1588 1433 ex
1615 1381 1758 1432 omni

143 1462 576 1517 circumstantia
613 1464 834 1533 perfecti
868 1482 1087 1537 semper
1118 1470 1362 1536 requirit.
1393 1471 1600 1525 Etenim
1625 1473 1760 1540 judi-

138 1554 302 1608 cium
360 1553 680 1621 practicum,
733 1557 874 1624 quod
916 1559 1082 1612 dictat
1138 1559 1513 1614 abstinendum
1554 1574 1584 1614 a
1622 1559 1759 1615 cibis

138 1646 276 1714 lege
313 1647 522 1713 vetitis,
555 1647 801 1716 dirigitur
829 1663 857 1726 ξι
887 1647 1014 1714 lide,
1042 1664 1141 1719 qua
1171 1649 1461 1705 creduntur
1493 1661 1756 1720 prmcepta

141 1738 242 1792 illa
280 1753 417 1794 esse
446 1738 708 1793 servanda
743 1754 840 1806 per
879 1740 1123 1796 ordinem
1168 1742 1233 1796 ad
1282 1742 1522 1797 ultimum
1573 1744 1750 1798 linem.

1869 545 2016 598 ribus
2066 547 2198 608 Baii,
2231 548 2295 599 ad
2327 548 2525 601 talcetn
2567 548 2693 602 torni
2743 551 2809 604 de
2855 549 3058 620 Gratia,
3103 569 3225 625 cap.
3255 559 3307 623 5,
3342 559 3368 629 §
3398 559 3452 626 1,

1867 651 2016 689 num.
2048 637 2079 688 ιι
2111 655 2123 689 :
2165 656 2184 689 ι
2217 638 2306 705 Sic
2351 639 2548 692 habent
2585 640 2789 709 aliquot
2823 643 2978 698 bulla:
3010 646 3150 714 typis
3195 650 3455 707 blandam

1869 729 2051 783 Romae
2081 769 2094 793 ,
2133 739 2188 784 et
2231 731 2434 798 aliquot
2481 735 2857 803 manuscriptm
2883 776 2897 799 ,
2949 752 3081 806 quas
3121 753 3220 808 ego
3267 741 3396 796 vidi.
3428 761 3450 798 ι

1865 819 2120 874 Mendose
2161 831 2338 875 autem
2371 837 2490 877 esse
2521 824 2667 878 illam
2702 825 2892 881 thesim
2937 829 3014 883 sic
3055 829 3286 886 describi
3331 849 3454 888 cer-

1865 920 1974 963 ttun
2019 919 2102 964 est
2141 927 2157 962 :
2201 925 2323 965 nam
2358 923 2560 968 tantum
2611 916 2763 971 abest
2808 927 2864 971 ut
2908 917 3176 988 Pelagiani
3222 922 3453 978 dixerint

1864 1003 2039 1056 omnia
2069 1018 2230 1073 Opera
2264 1005 2557 1060 inﬁdelium
2589 1023 2710 1064 esse
2754 1021 2992 1078 peccata,
3023 1021 3081 1066 ut
3108 1029 3138 1068 e
3181 1018 3457 1070 contrario

1864 1094 2042 1161 pOtius
2082 1104 2387 1149 assererem
2433 1095 2677 1153 inlidefes
2711 1100 2964 1168 pleraque
2993 1103 3247 1157 virtutum
3289 1120 3451 1173 Opera

1863 1185 2082 1251 elicere,
2114 1195 2370 1254 putantes
2398 1203 2458 1242 ea
2493 1190 2698 1243 ratione
2725 1191 2962 1245 divinam
2994 1195 3217 1262 gratiam
3250 1211 3452 1264 expuuv

1863 1293 1989 1345 gere
2019 1294 2079 1331 ex
2126 1281 2420 1347 Augustino
2467 1282 2560 1334 lh.
2602 1297 2652 1334 tv
2692 1293 2876 1336 contra
2907 1284 3210 1356 lulianum,
3245 1303 3361 1356 cap.
3396 1293 3450 1346 5.

1863 1369 2082 1434 Suarez,
2117 1373 2411 1441 prolegom.
2439 1372 2471 1426 6
2503 1374 2568 1427 de
2595 1373 2802 1439 Gratia,
2833 1391 2949 1443 cap.
2982 1377 3037 1442 ‘2,
3073 1394 3221 1435 num.
3253 1377 3307 1444 τ,
3333 1383 3450 1436 ait-:

1869 1480 1887 1512 ι
1921 1461 2075 1517 Unde
2116 1464 2359 1532 suspicor
2419 1465 2471 1518 in
2538 1465 2628 1519 illa
2689 1468 3053 1534 piOpositione
3111 1470 3451 1538 hypotltetica

1863 1551 2053 1607 deesse
2099 1554 2440 1622 negationem
2489 1556 2744 1624 aliquant,
2791 1574 2888 1612 seu
2925 1559 3148 1614 verbum
3199 1564 3451 1632 negandi,

1861 1657 2039 1708 nempe
2066 1657 2086 1694 :
2119 1641 2185 1696 Et
2212 1643 2274 1695 ad
2308 1643 2754 1714 Pelagianismum
2781 1648 3072 1714 rejicienda
3095 1661 3178 1704 est
3207 1652 3294 1706 illa
3325 1669 3452 1708 seno

1861 1735 2029 1787 tentia
2062 1750 2077 1786 :
2115 1734 2232 1790 Non
2275 1738 2448 1790 omnia
2481 1754 2636 1807 Opera
2665 1740 2957 1808 inﬁdelium
2985 1752 3104 1795 sunt
3133 1755 3362 1811 peccata,
3402 1755 3452 1800 et

137 1831 342 1896 Quare
376 1832 742 1900 quidiscernit
772 1831 818 1886 si
868 1833 1273 1889 manducaverit
1317 1834 1600 1889 damnatus
1645 1847 1746 1901 est,

1861 1825 2284 1892 philosophorum
2325 1827 2531 1881 virtutes
2569 1844 2668 1882 non
2703 1839 2821 1882 sunt
2855 1832 2996 1883 vitio.
3033 1851 3052 1882 ι
3086 1834 3153 1885 Αι
3187 1833 3448 1903 νιιειιιιτιι,

139 1921 279 1990 quia
316 1938 431 1976 non
465 1930 722 1990 Operatur
749 1939 812 1977 ex
847 1923 951 1978 ﬁde
980 1925 1248 1994 dirigeute
1271 1925 1530 1994 judicium
1565 1927 1758 1997 practi-

145 2029 300 2078 cum,
339 2028 440 2068 seu
471 2014 880 2079 conscientiam,
931 2016 1074 2084 quod
1124 2016 1330 2071 dictum
1360 2019 1597 2086 generali
1628 2035 1754 2073 scn-

143 2105 322 2159 tentia
359 2104 598 2174 probans
628 2107 922 2180 Apostolus
952 2109 1026 2160 ait
1057 2126 1068 2159 :
1107 2107 1271 2162 Omne
1307 2110 1442 2178 quod
1471 2127 1571 2164 non
1594 2121 1667 2165 est
1693 2128 1757 2165 ex

147 2195 284 2261 ﬁde,
341 2211 371 2250 a
423 2211 525 2263 qua
577 2197 693 2250 sola
742 2198 940 2252 bonum
984 2213 1118 2266 opus
1143 2200 1336 2253 saltem
1366 2201 1663 2256 virlualiter
1688 2203 1755 2257 ad

144 2285 327 2341 Deum
364 2286 557 2341 referti
587 2297 779 2356 potest,
805 2298 1067 2356 peccatum
1096 2299 1189 2343 est.
1215 2289 1398 2360 Neque
1424 2291 1511 2347 hic
1533 2293 1752 2348 audien-

145 2379 213 2431 da
235 2386 340 2433 est
390 2379 629 2433 violenta
670 2378 1048 2448 interpretatio
1091 2381 1322 2437 Cornelii
1367 2399 1395 2437 a
1438 2383 1640 2452 Lapide
1686 2385 1752 2438 ad

151 2467 310 2522 hunc
347 2468 499 2523 Pauli
534 2471 994 2540 textumdiccntis
1023 2490 1036 2525 :
1069 2472 1472 2542 (Augustinum
1499 2490 1619 2530 cum
1643 2477 1754 2532 suis

141 2565 202 2618 τὸ
243 2563 409 2628 Quod
456 2579 560 2617 non
597 2573 668 2617 est
715 2580 778 2616 ex
829 2565 954 2631 ﬁde,
1007 2581 1102 2632 per
1134 2565 1345 2621 utiosim
1377 2568 1454 2621 sic
1484 2569 1748 2636 accipere,

139 2655 312 2721 quasi
371 2651 521 2705 dicat
568 2654 882 2721 Apostolus,
916 2655 1055 2722 quod
1087 2665 1169 2708 est
1197 2671 1260 2708 ex
1291 2656 1627 2724 inlidelitate,
1670 2658 1753 2710 vel

138 2744 297 2814 quod
334 2751 427 2798 est
458 2753 644 2798 contra
695 2745 877 2808 ﬁdem,
913 2747 1126 2814 quodve
1174 2747 1232 2799 ﬁt
1278 2747 1344 2800 ad
1369 2747 1569 2801 cultum
1604 2747 1750 2813 idoli,

143 2838 250 2887 hoc
283 2846 578 2900 peccatum
611 2849 766 2898 esse;
797 2846 850 2890 et
895 2835 1020 2904 quia
1049 2845 1268 2890 sanctus
1295 2836 1623 2904 Augustinus
1656 2854 1752 2906 pu-

141 2924 306 2979 tabat
335 2925 598 2993 pleraque
627 2940 788 2993 opeta
814 2924 882 2979 ab
905 2926 1208 2980 inﬁdelibus
1238 2926 1349 2980 ﬁeri
1376 2927 1476 2980 hoc
1499 2929 1623 2989 ﬁne,
1650 2927 1755 2982 sei-

133 3017 272 3070 licet
307 3015 378 3067 ad
407 3014 694 3068 colendum
724 3015 946 3080 idolum,
990 3017 1114 3070 hinc
1144 3028 1542 3086 consequenter
1573 3018 1751 3086 plera-

147 3121 251 3174 que
302 3120 475 3173 Opera
529 3116 746 3174 putasse
790 3122 910 3161 esse
968 3117 1208 3177 peccata.
1267 3127 1286 3160 ι
1347 3110 1560 3162 Etenim
1619 3124 1749 3164 san-

1865 1913 1980 1980 1ο2,
2025 1913 2164 1984 disp.
2217 1915 2340 1982 191,
2369 1932 2486 1986 cap.
2520 1918 2574 1983 2,
2620 1919 2689 1972 ita
2723 1920 2912 1974 recitat
2940 1922 3082 1974 illam
3127 1925 3449 1991 propositio-

1862 2020 1984 2060 nem
2015 2022 2029 2060 :
2066 2007 2254 2061 Omnia
2281 2026 2437 2077 opera
2461 2010 2752 2079 infidelium
2780 2025 2895 2066 sunt
2922 2023 3145 2084 peccata,
3172 2023 3275 2070 etc.
3304 2016 3372 2069 Et
3395 2017 3449 2070 in

1859 2096 2046 2150 eadem
2079 2097 2226 2152 bulla
2273 2115 2378 2154 non
2425 2102 2588 2154 semel
2622 2104 2764 2156 edita
2806 2102 2988 2157 Roma:
3031 2118 3214 2160 contra
3258 2108 3450 2162 .lausev

1859 2188 2004 2242 nium
2033 2189 2195 2243 verba
2241 2189 2363 2244 illa:
2390 2190 2458 2243 Et
2487 2193 2554 2245 ad
2593 2191 3054 2265 Pelagianisnmm,
3085 2208 3216 2263 etc.,
3249 2199 3448 2254 omissa

1859 2289 2005 2335 sunt.
2049 2281 2103 2336 1n
2139 2282 2322 2350 [rimis
2353 2285 2601 2338 damnata
2633 2298 2713 2340 est
2763 2289 2852 2340 illa
2901 2289 3192 2356 propositio
3223 2290 3293 2344 ιι)
3322 2305 3450 2344 ceu-

1857 2387 2037 2427 suram
2076 2390 2177 2444 qua
2217 2374 2590 2444 Pelagianismi
2639 2378 2918 2432 incusabat
2969 2391 3221 2448 negantes
3269 2382 3450 2434 omnia

1856 2480 2020 2532 Opera
2069 2465 2366 2519 inﬁdelium
2419 2483 2540 2522 esse
2589 2482 2827 2536 pet-cata,
2870 2480 2920 2524 et
2974 2471 3120 2524 illam
3167 2486 3446 2526 censuram

1858 2557 2107 2623 primitus
2140 2559 2190 2611 in
2224 2559 2383 2612 bullis
2414 2558 2580 2614 fuiSse
2613 2569 2758 2628 patet
2787 2579 2851 2616 ev
2885 2563 2948 2616 iis
2996 2580 3113 2633 qua:
3151 2566 3446 2634 antiquitus

1860 2647 2044 2701 Romae
2072 2649 2233 2702 editae
2263 2661 2408 2716 sunt,
2440 2667 2572 2720 quas
2598 2656 2758 2707 etiam
2804 2656 3121 2720 Turrianus,
3167 2659 3388 2727 insignis
3419 2675 3450 2713 e

1859 2737 2118 2790 societate
2159 2739 2410 2806 scriptor,
2460 2749 2688 2794 testatur
2718 2757 2777 2796 se
2824 2742 3053 2811 legisse;
3087 2749 3205 2814 quis
3255 2748 3452 2802 audeat

1857 2825 2042 2882 dicere
2073 2829 2432 2898 typographos
2469 2831 2740 2885 Romanos
2783 2836 2992 2902 propria
3038 2842 3355 2892 auctoritate
3387 2854 3449 2893 ea

1859 2917 2024 2971 verba
2052 2918 2359 2974 addidisse?
2393 2921 2516 2976 llaec
2545 2925 2928 2980 conﬁrmantur
2965 2941 3028 2982 ex
3063 2929 3161 2984 hac
3204 2936 3452 3002 proposi-

1859 3009 2008 3062 tione
2027 3008 2100 3063 ‘25
2121 3008 2360 3078 ejusdem
2391 3012 2522 3076 Baii,
2550 3029 2763 3084 nempe,
2793 3035 2811 3067 ι
2842 3031 2960 3072 cum
2989 3021 3204 3090 Pelagio
3224 3027 3445 3094 sentire,

1855 3103 1943 3169 qui
1977 3109 2182 3154 textum
2215 3104 2454 3170 Apostoli
2485 3096 2646 3160 Rom.
2683 3123 2722 3160 ιι
2756 3123 2770 3160 :
2803 3107 2988 3165 Gentes
3014 3128 3128 3178 qua:
3159 3119 3317 3186 legem
3345 3134 3449 3172 non

149 3210 265 3250 eius
294 3197 466 3250 pater
493 3199 560 3249 ad
616 3188 819 3251 νεηιηνί
853 3198 1104 3252 virtutem
1154 3199 1473 3255 relationem
1526 3201 1577 3254 ίη
1621 3203 1746 3256 um.
1774 3208 1818 3268 ρ
1853 3192 2037 3246 habent
2071 3195 2372 3248 naturaliter
2399 3213 2457 3255 ea
2487 3214 2600 3266 qua:
2645 3200 2773 3272 legis
2819 3215 2938 3256 sunt
2981 3209 3198 3274 faciunt,
3249 3211 3448 3264 intelli-

151 3303 295 3342 nium
329 3287 498 3342 ﬁnem
555 3289 915 3341 necessariam
968 3287 1102 3343 adeo
1129 3289 1356 3358 putavit,
1391 3297 1448 3344 ut
1496 3305 1596 3346 nec
1640 3293 1748 3345 vir-

153 3387 292 3434 tutes
354 3387 580 3450 propter
627 3379 708 3433 sui
760 3379 1094 3434 honestatem
1135 3380 1266 3434 citra
1323 3381 1510 3435 vitium
1567 3383 1746 3451 expeti

156 3489 310 3543 posse
360 3474 732 3539 allirmaverit,
795 3483 851 3527 ut
899 3474 1066 3529 fusius
1101 3489 1222 3544 cap.
1253 3475 1307 3542 5,
1337 3474 1362 3545 §
1392 3475 1446 3542 4,
1497 3477 1746 3545 probavi-

151 3581 274 3619 ntus
329 3582 342 3619 :
399 3565 588 3619 deﬁcit
637 3565 778 3619 enim
836 3563 938 3618 illis
1007 3566 1195 3620 relatio
1254 3569 1444 3620 saltem
1503 3569 1744 3624 vii-tualis

147 3657 393 3724 proxima
443 3658 495 3710 in
549 3655 794 3709 ultimum
847 3656 1036 3722 ﬁnem,
1070 3671 1136 3710 eo
1189 3657 1332 3725 quod
1360 3658 1644 3712 eliciantur
1681 3661 1746 3713 ab

155 3746 372 3804 homine
403 3749 519 3804 veri
561 3748 656 3803 Dei
707 3747 1014 3818 cognitione
1068 3749 1298 3817 privato,
1353 3764 1416 3803 ac
1475 3749 1745 3817 philautiae

161 3840 287 3894 vitio
308 3849 750 3908 corrumpantur,
777 3856 894 3908 qua:
923 3851 1172 3897 consmns
1206 3843 1501 3910 Augustino
1523 3853 1742 3898 senten-

158 3931 222 3984 tia
257 3935 424 3986 stetit.

223 4022 374 4077 Dices
399 4040 414 4078 :
443 4023 616 4093 Igitur
645 4023 688 4077 si
713 4039 860 4077 omne
885 4025 1021 4093 quod
1043 4040 1144 4078 non
1167 4032 1240 4078 est
1271 4041 1334 4078 ex
1358 4027 1458 4092 [ide
1483 4041 1746 4096 peccatum

159 4125 243 4181 est,
274 4115 522 4171 videlicet
575 4115 751 4169 omnis
781 4117 922 4170 actio
965 4133 1084 4185 quae
1134 4133 1240 4171 non
1285 4123 1536 4187 supponit
1576 4121 1742 4174 'lidem

161 4202 210 4257 in
237 4215 510 4274 operante,
552 4219 582 4258 a
620 4221 722 4274 qua
763 4208 814 4260 in
859 4207 1101 4260 ultimum
1142 4208 1302 4262 ﬁnem
1351 4209 1628 4279 dirigatur,
1662 4223 1744 4265 εει

152 4309 451 4366 peccatum,
478 4315 659 4370 eaque
684 4300 942 4354 astruitur
971 4316 1223 4371 germana
1256 4301 1598 4371 intelligentia
1627 4319 1744 4357 vcr-

161 4387 334 4444 borum
365 4391 617 4462 Apostoli
644 4406 713 4444 ex
746 4391 984 4458 Patrum,
1016 4391 1324 4459 pontilicum
1355 4407 1415 4445 ac
1445 4392 1607 4448 totius
1641 4395 1742 4448 Ec-

163 4479 326 4535 clesia:
375 4481 662 4537 catholicae
719 4481 1200 4549 interpretatione,
1262 4483 1503 4552 sequitur
1563 4485 1742 4538 omnia

1850 3292 1982 3351 gunt
2012 3284 2080 3339 de
2123 3286 2375 3353 gentibus
2428 3289 2549 3342 ﬁdt-i
2608 3293 2831 3359 gratiam
2885 3312 2991 3350 non
3041 3298 3382 3357 habentibus.
3418 3322 3443 3356 ο

1851 3377 1980 3442 Quae
2027 3377 2246 3446 quidem
2302 3381 2596 3448 propositio
2646 3385 2730 3438 vel
2785 3389 3081 3444 secundum
3136 3391 3445 3450 historicum

1852 3472 2212 3524 narrationem
2245 3473 2524 3540 accipitur,
2559 3475 2608 3527 id
2641 3488 2721 3529 cst
2753 3493 2846 3531 eos
2886 3496 2917 3547 q
2963 3481 3076 3534 iita
3127 3487 3365 3540 sentiunt
3394 3487 3447 3542 id

1850 3575 2097 3615 asserere
2127 3563 2270 3629 quod
2313 3563 2494 3617 itidem
2529 3566 2769 3635 Pelagius
2812 3569 3122 3626 afﬁrmavit.
3159 3575 3223 3629 Et
3253 3579 3304 3630 in
3345 3578 3446 3633 hoc

1851 3664 2011 3703 sensu
2040 3651 2332 3720 propositio
2364 3653 2450 3705 illa
2483 3663 2565 3707 est
2596 3670 2741 3721 vera,
2779 3672 2876 3710 nec
2913 3660 3018 3712 ulla
3050 3663 3258 3719 ratione
3295 3667 3446 3720 dam-

1851 3741 1966 3794 nati
2019 3751 2224 3808 potest,
2274 3758 2395 3797 nam
2447 3744 2692 3813 Pelagius
2739 3747 2810 3802 ita
2853 3749 2942 3802 illa
2992 3754 3233 3820 Arpostoli
3280 3758 3442 3814 verba

1848 3835 2089 3902 explicat
2117 3835 2167 3887 itt
2197 3835 2352 3901 epist.
2384 3836 2449 3890 ad
2483 3837 2894 3904 Demetriadem,
2923 3855 3042 3908 cap.
3069 3845 3135 3908 4;
3168 3854 3223 3900 et
3257 3848 3442 3904 Patres

1850 3927 2133 3997 Byzaceni,
2168 3929 2218 3980 in
2251 3927 2342 3981 lib.
2374 3929 2440 3983 de
2489 3929 2750 3983 lncarnat.
2783 3946 2833 3985 et
2866 3942 3028 4000 grat.,
3058 3949 3176 4004 cap.
3208 3937 3260 4003 5,
3303 3940 3442 3994 reci—

1849 4028 1952 4071 tata
2000 4020 2088 4071 illa
2130 4019 2272 4073 Pauli
2305 4035 2362 4075 se
2406 4022 2566 4076 tentia
2611 4024 2848 4076 scribunt
2897 4042 2909 4077 :
2947 4043 2965 4077 ι
3014 4028 3182 4093 Quem
3216 4033 3431 4100 quidem

1848 4111 2087 4176 Apostoli
2123 4110 2296 4164 locum
2347 4112 2395 4163 hi
2427 4114 2513 4180 qui
2545 4115 2732 4182 gratim
2774 4118 3146 4173 eOotratlicunt
3189 4122 3438 4191 gentibus

1848 4201 2135 4256 incredulis
2176 4208 2447 4269 assignare
2489 4216 2770 4259 conantur.
2799 4226 2823 4258 η»
2869 4209 3019 4275 Quod
3069 4213 3231 4266 etiam
3277 4215 3438 4268 tradit

1846 4289 2172 4361 Augustinus
2204 4295 2294 4348 lib.
2330 4311 2378 4346 iv
2408 4306 2592 4349 contra
2623 4297 2754 4363 Jul.,
2785 4313 2903 4366 cap.
2937 4301 2990 4364 5,
3022 4301 3048 4371 ᾗ
3084 4302 3232 4356 Unde
3261 4317 3304 4357 et
3335 4305 3436 4360 illi.

1846 4380 1942 4436 Vel
1974 4383 2160 4436 eadem
2198 4386 2424 4438 assertio
2454 4385 2714 4453 accipitur
2761 4401 2916 4457 prout
2945 4405 3173 4444 censura
3217 4395 3436 4464 eonﬁgit

1847 4490 1940 4530 eos
1969 4477 2061 4545 qui
2103 4478 2371 4531 laudatum
2417 4488 2624 4534 textum
2665 4480 2733 4536 de
2774 4481 3078 4537 inﬁdelibus
3111 4485 3434 4555 intelligunt,

167 4584 312 4641 Opera
359 4575 656 4629 inﬁdelium
697 4588 817 4628 esse
865 4586 1106 4643 peccata,
1159 4590 1279 4643 qua:
1320 4583 1502 4630 tamen
1546 4587 1626 4629 est
1670 4576 1739 4629 26
1772 4591 1822 4649 D
1848 4567 2007 4634 quasi
2034 4567 2279 4620 limresim
2306 4568 2639 4637 Pelagianam
2664 4586 2728 4625 eu
2756 4582 2912 4641 pacto
2938 4573 3185 4641 doceant,
3211 4586 3433 4630 etreete

170 4666 448 4732 propositio
472 4665 596 4719 'Baii
645 4665 713 4718 ab
757 4664 1048 4733 apostolica
1090 4666 1218 4719 sede
1266 4665 1422 4719 toties
1469 4665 1739 4720 damnata.

170 4748 470 4822 Respondeo
496 4772 595 4811 nos
616 4756 727 4826 jam
755 4756 1020 4824 superius,
1048 4771 1166 4824 cap.
1192 4756 1247 4820 5,
1272 4754 1305 4826 §
1337 4753 1390 4820 4,
1417 4754 1740 4819 insinuasse,

175 4846 342 4909 procul
389 4863 508 4903 esse
549 4849 834 4916 Augustini
881 4847 1205 4901 sententiam
1253 4861 1284 4899 a
1332 4846 1579 4901 damnata
1630 4847 1743 4900 Bali

177 4941 540 5007 propositione,
568 4942 663 4994 sed
690 4956 755 4993 ne
779 4940 1054 4994 videamur
1082 4939 1408 4993 recentiores
1437 4939 1736 5008 pontiﬁces,

176 5028 255 5090 qui
277 5042 619 5086 memoratam
644 5031 837 5086 thesim
861 5030 1058 5100 saepius
1087 5031 1476 5099 proscripsere,
1501 5045 1620 5084 cum
1647 5046 1743 5084 an-

178 5117 324 5186 liqttis
351 5123 749 5189 decessorbus,
785 5125 895 5179 imo
944 5139 1064 5178 cum
1099 5124 1329 5192 ipsamet
1378 5121 1616 5176 Ecclesia
1654 5137 1741 5175 ca-

179 5209 356 5266 tholica
398 5216 764 5282 committere,
810 5231 930 5285 qua:
975 5231 1041 5270 ex
1088 5213 1348 5282 Apostolo
1392 5212 1548 5266 ducet
1594 5227 1741 5266 omne

177 5305 298 5366 Quod
328 5324 424 5362 non
450 5320 524 5364 est
559 5327 621 5365 ex
648 5313 750 5378 ﬁde
779 5319 1042 5382 peccatum
1068 5327 1195 5374 esse,
1233 5323 1399 5378 pauca
1430 5308 1516 5363 hic
1547 5311 1738 5362 iterum

182 5393 461 5462 subjiciam.
490 5400 546 5454 In
577 5401 762 5468 primis
794 5401 880 5455 illa
925 5401 1217 5468 propositio
1245 5397 1315 5452 26
1348 5397 1454 5452 Baii
1486 5413 1513 5451 a
1549 5399 1740 5465 pleris-

183 5494 273 5544 (lue
301 5489 896 5562 recitatur'lPossevin.,
930 5491 1093 5545 verbo
1121 5489 1344 5543 Mir/zael
1376 5486 1574 5558 Boius],
1607 5503 1742 5556 prte-

187 5571 324 5638 (δῖριιε
352 5592 475 5633 vero
505 5595 535 5635 a
562 5581 753 5637 Suat-io
790 5582 890 5637 hoc
924 5591 1076 5651 pacto
1109 5600 1124 5636 :
1162 5601 1180 5632 ι
1211 5581 1275 5635 Ει
1310 5581 1375 5635 ad
1414 5577 1742 5648 Pelagians-

187 5673 316 5715 mum
345 5669 621 5734 rejicienda
652 5685 732 5729 est
775 5675 862 5729 illa
909 5673 1174 5728 sententia
1209 5690 1220 5723 :
1260 5671 1447 5724 Omnia
1478 5687 1633 5739 opera
1663 5671 1742 5723 in-

190 5749 394 5812 ﬁdelium
421 5771 536 5814 sunt
575 5779 794 5833 peccata,
833 5777 878 5821 et
919 5765 1340 5837 ρΙιὶιοεορΙιθνιιηι
1383 5765 1591 5819 virtutes
1623 5773 1741 5818 sunt

1847 4655 1917 4710 ob
1939 4657 2304 4726 impudentem
2339 4673 2644 4727 censuram,
2671 4671 2920 4732 tanquam
2947 4664 3262 4718 scandalosa'
3281 4665 3432 4721 dam-
3457 4661 3464 4667 ’

1843 4754 2004 4800 natur
2027 4747 2214 4802 eadem
2247 4749 2356 4804 Baii
2389 4752 2702 4820 propositio.
2736 4753 2917 4818 Itaque
2946 4752 3106 4806 etiam
3141 4757 3434 4823 propositio

1847 4841 1934 4894 illa
1977 4841 2047 4896 26
2093 4843 2161 4897 ob
2207 4858 2492 4897 censuram
2534 4844 2824 4911 proscripta
2859 4842 2975 4904 fuit,
3024 4859 3142 4911 qua:
3187 4847 3430 4904 eamdem

1847 4917 2144 4986 doitrinam
2177 4949 2298 4986 cum
2337 4937 2405 4988 εδ
2443 4935 2713 4994 eontinct;
2748 4932 3048 5003 oppOsitum
3090 4938 3231 4992 enim
3266 4939 3431 4994 thesis

1845 5022 1915 5077 26
1961 5025 2175 5091 ρτοιιιιιί
2223 5025 2360 5078 solet
2401 5025 2468 5078 ab
2514 5023 2764 5079 omnibus
2814 5041 2879 5081 ex
2931 5037 3076 5084 textu
3130 5042 3430 5087 memorato

1846 5117 2084 5182 Apostoli
2129 5116 2287 5170 Rom.
2321 5131 2377 5173 u.
2415 5117 2731 5184 ReSpondeo
2776 5119 2839 5172 2°
2871 5123 3264 5192 prOpOSitioues
3311 5127 3432 5181 illas

1845 5210 2085 5264 damnari
2120 5212 2414 5280 respectire,
2441 5213 2568 5265 etin
2593 5228 2743 5268 sensu
2769 5217 2831 5269 ab
2852 5220 3188 5272 assertorious
3213 5221 3424 5282 intento,

1845 5309 1904 5354 ut
1934 5301 1984 5354 in
2018 5299 2122 5354 ﬁne
2161 5300 2320 5354 bullae
2349 5303 2626 5358 asseritur.
2660 5304 2752 5358 llla
2790 5309 3084 5376 propositio
3109 5308 3178 5360 ‘26
3207 5308 3428 5360 damna-

1847 5403 1930 5446 tur
1961 5394 2256 5462 respective
2292 5393 2355 5446 ad
2387 5393 2477 5459 '55,
2502 5410 2621 5465 qum
2647 5405 2731 5453 est
2757 5416 2768 5450 :
2806 5399 2967 5453 Omne
2993 5401 3128 5467 quod
3168 5401 3274 5470 agit
3312 5416 3430 5464 pec-

1845 5495 2008 5550 calor,
2041 5484 2118 5538 vel
2147 5501 2318 5539 servus
2343 5489 2556 5556 peccati,
2585 5500 2846 5558 peccatum
2868 5500 2962 5546 est.
2992 5491 3065 5544 Ex
3101 5506 3205 5558 qua
3242 5505 3427 5546 neces-

1846 5577 1988 5630 sario
2015 5573 2242 5630 infertur
2269 5579 2446 5632 omnia
2479 5593 2646 5647 Opera
2683 5581 2977 5636 inﬁdelium
3022 5596 3141 5636 esse
3182 5592 3422 5651 peccata.

1845 5676 1899 5722 et
1930 5667 2366 5736 philosophorum
2416 5670 2638 5722 virtutes
2683 5684 2804 5724 esse
2850 5670 2993 5737 vitia,
3049 5685 3170 5725 eum
3219 5671 3292 5726 illi
3320 5673 3424 5727 sint

1847 5769 2173 5830 peccatores.
2208 5758 2382 5829 Quare
2429 5761 2620 5816 merito
2647 5759 2950 5828 damnatur,
2983 5773 3036 5818 ttt
3083 5763 3319 5819 derivata
3360 5781 3428 5827 ex
