3892 6300
475 283 572 337 7i!

1359 273 1912 329 ἓῐῐδῒιιῐὶλιιῖλτυλι
1958 274 2045 327 Al)
2085 275 2308 329 Ol‘l‘ll‘d
2353 277 2409 327 S.
2454 277 2834 330 ΜΑᾺᾈΤΙΝΙ.

3655 287 3763 337 712

471 396 722 450 bsrrctica
785 390 1024 446 doctrina
1093 389 1286 459 rejects
1351 390 1402 443 iu
1456 393 1765 445 'l‘rideutina
1827 393 2064 464 synotlo,
2097 397 2141 453 A
2173 412 2371 458 remus,
2402 399 2632 450 maximo
2662 399 2896 450 omnimn
2929 396 3134 460 dolore,
3162 405 3218 450 et
3255 397 3418 450 totius
3449 397 3612 464 hujus
3646 404 3760 453 uni.

470 502 605 540 sess.
639 484 690 550 6,
724 499 846 538 can.
874 484 928 546 7,
959 496 1005 535 et
1041 483 1108 534 ab
1139 483 1455 550 Augustino,
1487 491 1542 534 ιιι
1577 492 1760 535 contra
1794 484 2064 536 Maldona-

469 587 582 632 tum
627 579 958 632 ostendimus
985 591 1103 644 cap.
1136 574 1190 637 5,
1234 574 1260 643 §
1292 573 1345 628 4.
1382 574 1697 644 Ιῖεεροιιὼξο
1754 579 1912 630 tertio
1946 577 2061 629 inli-

467 673 612 725 delcs
649 672 853 739 aliquos
902 679 1051 721 actus
1104 670 1271 720 bonos
1300 668 1521 732 elicere,
1570 669 1635 721 ad
1691 684 1825 737 quos
1871 684 1900 722 a
1952 670 2062 722 Deo

470 777 887 832 pra-moventur,
941 763 1027 831 qui
1080 762 1322 828 profecto
1373 770 1587 828 peccata
1619 778 1738 816 esse
1786 781 1887 816 non
1941 780 2063 832 pos-

466 871 492 909 s
517 867 612 911 int.
645 856 833 908 Tradit
866 853 966 904 hoc
1013 854 1211 905 diserte
1242 865 1460 908 sanctus
1505 856 1711 916 doetor,
1745 869 1861 921 cap,
1893 857 1963 908 2t
1994 857 2060 908 (1.3

466 947 646 1000 tiratia
677 946 898 1007 (Ihri~ti,
934 945 1045 1007 ubi,
1083 946 1306 997 recitato
1351 945 1437 996 illo
1468 945 1759 1011 Scriptura:
1793 962 1959 1000 sacra!
1993 949 2060 1000 de

469 1041 686 1093 Assaeri
728 1040 1022 1090 mutatione
1069 1035 1375 1088 testimonio
1419 1036 1608 1090 Esther
1650 1053 1737 1104 xv,
1786 1038 1842 1090 11
1881 1055 1893 1089 :
1926 1038 2060 1092 Con—

467 1132 611 1180 vr-rtit
633 1126 787 1189 Deus,
809 1136 854 1176 et
874 1127 1131 1176 transtulit
1152 1124 1555 1194 indignationem
1577 1129 1684 1196 t’jtts
1705 1127 1755 1177 in
1775 1127 2057 1190 lenitatem,

465 1238 529 1274 cu
558 1244 585 1273 n
627 1237 773 1290 prius
807 1236 970 1287 pra‘m
997 1221 1153 1272 sisset
1187 1221 1476 1272 Assuerum
1517 1229 1638 1272 tunc
1677 1219 1841 1272 fuisse
1871 1221 2060 1273 inlide-

467 1315 591 1378 lem,
627 1322 674 1366 et
713 1322 1072 1379 pcrcatorem,
1119 1310 1390 1364 concludit
1422 1326 1434 1362 :
1483 1329 1500 1360 ι
1534 1310 1743 1362 lntcrna
1777 1321 1935 1377 atque
1968 1326 2060 1364 oc-

465 1405 606 1456 culta
647 1401 936 1463 mirabilia,
967 1414 1029 1453 ac
1059 1399 1312 1452 incli'ahili
1355 1408 1615 1468 potestate
1646 1403 1853 1468 Opvral'i
1889 1400 2057 1454 Deum

465 1497 516 1547 in
547 1495 801 1548 cordibus
834 1493 1111 1544 hominum
1147 1508 1250 1544 non
1284 1492 1454 1545 solum
1488 1508 1640 1544 veras
1679 1492 2056 1557 ret-elationis,

465 1585 557 1638 sed
609 1585 768 1638 etiam
815 1599 978 1636 anuis
1025 1597 1386 1636 totcnrnes.
1421 1601 1439 1632 ι
1500 1584 1655 1634 llains
1709 1597 1834 1635 vero
1885 1585 2059 1639 nullos

462 1686 614 1729 actus
642 1678 810 1727 bonos
836 1689 898 1727 ex
935 1675 1022 1726 Dei
1049 1676 1215 1742 gratia
1248 1674 1315 1726 ab
1345 1673 1646 1727 inﬁdelibus
1681 1676 1793 1728 lieri
1822 1676 2054 1740 volebat,

2168 491 2458 552 rersitatis,
2495 491 2599 540 imo
2627 499 2678 542 ct
2708 489 2852 542 Orbis
2881 489 3111 554 jactura,
3159 503 3185 539 a
3227 490 3360 539 vix-is
3399 500 3626 555 ereptus
3659 505 3759 552 est,

2168 592 2359 644 nempe
2405 578 2716 645 magistrum
2753 577 3006 630 Basilium
3040 570 3289 629 Poucium
3333 575 3758 645 Legionensem,

2165 667 2566 735 Augustiniaua:
2609 665 2830 719 familiae
2874 665 3306 737 augustissimam
3340 670 3571 735 prolem.
3603 678 3665 722 et
3713 673 3760 723 ia

2167 758 2263 811 hac
2307 760 2575 811 academia
2631 758 2900 811 (atbedra:
2941 757 3207 827 primariae
3253 772 3416 810 sacrae
3469 758 3761 829 theologia:

2167 851 2566 903 tut-ritissintum
2595 851 3011 904 tuotb-ratm-rm.
3045 868 3064 902 δ
3096 850 3276 918 Itaque
3301 865 3419 902 cum
3444 849 3537 902 illa
3564 867 3764 917 propo-

2162 941 2226 994 sit
2254 956 2285 992 o
2316 957 2329 993 :
2366 941 2552 992 Omnia
2577 957 2729 1006 opera
2753 942 3045 1010 inﬁdelium
3069 951 3182 994 sunt
3217 953 3450 1007 peccata,
3473 956 3506 993 a
3538 941 3765 992 nobilis-

2163 1034 2314 1086 simis
2363 1033 2627 1102 theologis
2676 1035 2838 1088 etiam
2892 1043 3008 1100 [ιοδῐ
3057 1033 3252 1086 editam
3308 1031 3510 1085 bullam
3562 1041 3760 1085 contra

2167 1124 2348 1174 liaiutu
2385 1122 2723 1187 defendatur,
2757 1123 2930 1190 palam
2988 1123 3045 1174 tit
3093 1125 3144 1174 in
3191 1132 3338 1174 recto
3383 1137 3546 1176 sensu
3597 1137 3762 1189 00:59

2163 1215 2353 1281 accipi,
2389 1230 2414 1265 a
2458 1231 2563 1282 quo
2601 1215 2782 1283 procul
2819 1214 2912 1266 luit
2957 1213 3134 1276 Baias,
3175 1193 3316 1266 unde
3348 1215 3540 1267 merito
3565 1214 3758 1265 eadem

2165 1309 2333 1362 thesis
2361 1310 2426 1361 ab
2454 1309 2747 1374 apostolica
2783 1309 2909 1362 sedc
2943 1308 3236 1376 proscripta
3272 1307 3387 1360 fuit.
3425 1307 3548 1359 llaec
3576 1316 3760 1358 autem

2163 1399 2334 1452 fosius
2385 1410 2699 1466 prosecutus
2751 1411 2892 1461 sum,
2942 1413 3046 1450 non
3103 1397 3260 1451 modo
3308 1406 3365 1450 ιιι
3414 1397 3759 1451 ostenderem

2164 1505 2402 1545 summos
2445 1490 2726 1559 pontiﬁces
2761 1505 2824 1543 ac
2855 1499 2928 1541 tot
2979 1488 3182 1552 l’atres,
3230 1488 3338 1540 imo
3371 1488 3542 1554 ipsam
3571 1488 3758 1540 catho-

2163 1583 2323 1636 licam
2356 1581 2675 1645 Ecclesium,
2700 1581 2826 1633 dum
2851 1579 2938 1632 illa
2963 1578 3123 1634 verba
3155 1579 3394 1646 Apostoli
3427 1579 3584 1632 Rom.
3622 1594 3716 1630 xw
3746 1597 3758 1630 :

2168 1675 2328 1726 Omne
2347 1674 2482 1742 quod
2508 1689 2607 1724 non
2645 1681 2717 1725 est
2747 1686 2809 1723 ea:
2847 1670 2970 1738 fide,
2995 1681 3255 1740 peccatum
3277 1678 3372 1735 cal,
3399 1669 3677 1737 explicant
3699 1671 3762 1722 de

461 1782 527 1820 eo
558 1766 697 1834 quod
744 1766 969 1833 gratiam
1022 1773 1224 1816 tantum
1258 1763 1576 1817 admittebat
1609 1763 1838 1832 Spiritus
1885 1764 2058 1818 sancti
2091 1770 2138 1830 Β
2167 1766 2269 1818 ﬁde
2294 1763 2614 1826 Christiana,
2643 1762 2788 1814 nulla
2815 1762 3020 1827 ratione
3042 1760 3320 1828 suffragari
3348 1759 3619 1812 damnata:
3648 1759 3757 1811 Baii

463 1858 604 1912 iuba:
630 1858 667 1910 it
705 1860 811 1920 utis
854 1858 904 1909 in
938 1858 1135 1918 anima,
1167 1856 1258 1925 qui
1289 1869 1409 1909 cum
1443 1857 1493 1909 iu
1527 1856 1722 1909 inlideli
1765 1872 1866 1909 non
1903 1855 2056 1910 inha-

463 1953 633 2012 bit't,
684 1950 807 2000 hinc
851 1948 1214 2000 arbitrabatur
1261 1947 1464 2001 nullum
1515 1947 1568 2001 in
1622 1947 1809 2002 eodem
1861 1948 2052 2004 divina:

461 2040 645 2109 gratia:
676 2039 930 2092 auxilium
967 2039 1212 2107 reperiri.
1248 2037 1446 2093 llorum
1491 2047 1679 2093 testem
1713 2039 1922 2108 appello
1953 2040 2055 2093 Ga-

463 2133 684 2188 Ltielctn
734 2134 998 2200 Vasquez,
1047 2133 1162 2197 1-2,
1213 2133 1416 2201 disput.
1460 2133 1583 2196 190,
1617 2146 1734 2200 cap.
1771 2134 1856 2196 18,
1905 2149 2051 2188 ιιιιιιι.

462 2223 588 2286 186,
615 2225 702 2277 ubi
734 2223 800 2279 de
828 2224 1080 2293 Opinione
1126 2223 1236 2274 Boii
1265 2225 1317 2275 itt
1347 2223 1482 2276 libro
1527 2223 1593 2275 de
1622 2222 1832 2276 Justitia
1865 2233 1920 2277 et
1949 2224 2054 2278 vir-

463 2318 664 2371 tutibus
695 2318 1000 2386 impiorum,
1027 2329 1144 2383 cap.
1173 2313 1207 2365 4
1228 2323 1282 2369 et
1311 2316 1364 2376 5,
1396 2314 1506 2367 haec
1534 2315 1690 2369 habet
1722 2332 1734 2367 :
1776 2335 1790 2366 ι
1822 2315 1934 2368 Non
1961 2317 2052 2369 ad-

464 2411 712 2463 mittebat
734 2408 824 2461 ille
845 2407 1242 2462 distinctionem
1261 2407 1446 2474 gratim
1469 2407 1698 2474 Spiritus
1716 2407 1887 2460 sancti
1920 2422 2050 2460 nou-

462 2501 588 2555 dnm
624 2499 931 2562 habitantis,
975 2497 1190 2566 qualem
1231 2498 1579 2551 concedimus
1610 2507 1734 2552 ante
1781 2497 2052 2552 remissiov

457 2607 586 2646 gnem
639 2601 1003 2661 peccatorum,
1049 2598 1101 2644 et
1147 2589 1533 2654 inhabitants,
1564 2591 1778 2659 qualem
1825 2591 2052 2645 dicimus

456 2703 585 2743 esse
618 2697 734 2752 post
780 2687 1176 2741 remissionem.
1207 2702 1228 2738 ι
1281 2684 1409 2751 Quze
1455 2685 1700 2738 doctrina
1741 2695 1821 2738 est
1864 2694 2050 2739 eontra

463 2779 830 2834 Tridentinam
877 2778 1164 2848 synodum,
1197 2792 1333 2846 quin,
1369 2791 1505 2830 scss.
1559 2774 1645 2839 M,
1695 2791 1814 2844 cap.
1858 2775 1911 2839 4,
1957 2776 2053 2830 ad-

458 2873 629 2928 mittit
661 2872 888 2942 Spiritus
927 2872 1090 2924 sancti
1131 2871 1408 2938 impulsum
1436 2911 1450 2935 ,
1493 2885 1595 2920 non
1639 2867 1808 2920 adhuc
1844 2869 2050 2936 quidm

461 2964 814 3028 iit/cubitantis,
834 2963 919 3014 sed
947 2972 1139 3013 tantum
1170 2959 1430 3012 moventis.
1460 2959 1539 3010 Ex
1572 2961 1652 3011 his
1685 2968 1826 3026 patet
1849 2959 2048 3026 Grego-

457 3055 600 3110 rium
648 3067 889 3109 nostrum
933 3052 1330 3107 Ariminensem
1365 3052 1414 3102 in
1462 3051 1561 3103 hac
1608 3052 1740 3102 thcsi
1789 3064 1909 3102 cum
1956 3048 2048 3102 Mi-

2161 1854 2538 1927 protiositioni,
2587 1868 2771 1908 verum
2824 1852 2983 1906 etiam
3030 1860 3088 1904 ut
3117 1852 3246 1905 satis
3296 1851 3579 1906 molestam
3625 1865 3759 1918 quo—

2161 1949 2404 2004 rumdam
2467 1946 2827 2001 recentiorum
2886 1944 3343 2008 importunitatem
3402 1941 3754 2010 refellerem,

2161 2058 2264 2113 qua
2311 2041 2532 2096 crudam
2576 2038 2721 2092 illam
2766 2036 3183 2106 propositionem
3227 2034 3430 2100 absque
3474 2047 3754 2099 sensuum,

2159 2149 2294 2204 quos
2331 2136 2512 2203 plures
2553 2133 2659 2200 pati
2700 2128 3013 2195 monstravi,
3047 2127 3395 2182 distinctione
3442 2126 3754 2180 damnatam

2162 2229 2376 2280 Volunt.

2166 2340 2192 2410 §
2240 2340 2322 2393 Vl.
2360 2338 2579 2394 Sanctus
2608 2339 2923 2408 Augustinus
2953 2352 3212 2406 nunquam
3241 2335 3434 2389 censuit
3478 2335 3752 2410 cogitatio-

2232 2427 2318 2462 nes
2347 2427 2575 2463 morosa:
2604 2425 2712 2463 esse
2743 2413 2993 2462 duntaxat
3027 2421 3296 2474 peccatum
3321 2408 3515 2459 vernale
3539 2447 3556 2471 ,
3591 2417 3642 2458 ut
3669 2423 3752 2459 re-

2235 2483 2488 2534 centiores
2515 2481 2681 2533 eidem
2711 2482 2843 2549 {also
2867 2481 3153 2549 imponunt.

2232 2595 2512 2649 Restaurat
2543 2604 2722 2648 tamen
2752 2594 3146 2649 accusationem
3192 2591 3487 2654 Moraines,
3513 2601 3569 2643 et
3609 2589 3746 2646 alte-

2157 2687 2268 2741 rius
2301 2686 2500 2740 erroris
2528 2686 2882 2751 Augustinum
2933 2699 3080 2739 reum
3123 2683 3362 2752 postulat,
3405 2682 3488 2735 bis
3521 2681 3742 2735 verbis:

2163 2798 2182 2828 ε
2221 2779 2484 2833 Prmterea
2505 2819 2520 2843 ,
2552 2777 2646 2832 lib.
2675 2793 2714 2833 tt
2745 2779 2966 2848 (contra
2994 2774 3164 2846 Jul.),
3196 2789 3315 2844 cap.
3348 2777 3443 2838 10,
3475 2773 3632 2827 docet
3662 2787 3747 2825 co-

2157 2870 2441 2940 gitalioucs
2465 2882 2729 2932 morosas,
2768 2869 2882 2922 sive
2907 2868 3295 2922 delectatioaes
3323 2866 3654 2919 voluntarias
3680 2864 3744 2914 de

2158 2964 2320 3017 rebus
2342 2963 2591 3018 venereis
2612 2975 2733 3016 esse
2752 2960 3012 3015 duntaxat
3040 2969 3313 3028 peccatum
3335 2958 3566 3020 veniale,
3589 2955 3744 3015 nme

2155 3055 2294 3109 absit
2320 3068 2617 3110 consensus
2646 3054 2698 3107 in
2731 3067 2866 3122 opus
2889 3093 2902 3116 ,
2933 3068 3026 3105 seu
3060 3052 3254 3104 malum
3280 3049 3629 3109 desidetium,
3665 3049 3744 3099 vel

459 3147 652 3200 .chaele
699 3145 826 3198 Baio
866 3145 1173 3210 neutiquam
1223 3141 1530 3194 convenire.
1567 3139 1694 3191 Nam
1744 3139 1867 3191 licet
1913 3138 1965 3191 in
2014 3141 2047 3189 ‘2
2077 3158 2121 3218 C
2159 3148 2299 3201 illius
2329 3147 2660 3216 periculum;
2705 3160 2823 3214 qua:
2853 3145 3092 3198 doctrina
3133 3143 3200 3196 ab
3232 3141 3479 3196 omnibus
3521 3138 3745 3192 cumuli.

463 3237 846 3292 sententiarum
899 3233 1025 3286 dist.
1077 3233 1165 3295 26,
1209 3247 1262 3301 q.
1317 3233 1367 3296 1,
1418 3241 1523 3284 art.
1579 3232 1627 3295 1,
1685 3231 1824 3284 dicat
1873 3233 2048 3284 omnia

450 3344 621 3397 opera
676 3325 972 3381 inlidelium
1026 3339 1148 3380 esse
1193 3333 1430 3392 peccata,
1481 3331 1715 3377 attamen
1761 3333 1862 3376 art.
1912 3322 1965 3386 5,
1999 3325 2048 3377 in

455 3439 608 3492 resp.
641 3421 706 3475 ad
738 3420 1043 3475 testimonia
1095 3417 1400 3486 Augustini,
1447 3419 1562 3474 ait:
1599 3435 1620 3468 ι
1659 3415 1716 3471 Si
1749 3427 1926 3470 tamen
1959 3417 2053 3469 ali-

457 3517 604 3584 quod
643 3516 818 3570 taliter
850 3512 1069 3573 facttun,
1103 3511 1310 3566 scilicet
1351 3510 1534 3563 debito
1567 3510 1694 3573 tiue,
1731 3520 1781 3561 et
1813 3507 1933 3561 aliis
1960 3508 2053 3562 de-

459 3609 610 3670 .buis,
654 3607 862 3662 scilicet
905 3601 1342 3666 circumstantiis,
1381 3601 1680 3670 reperiatur
1723 3599 1793 3652 ab
1830 3598 2056 3653 inlideli-

458 3704 590 3769 bus,
620 3701 904 3755 dicendutn
948 3705 1032 3751 est
1077 3710 1172 3751 eos
1220 3694 1270 3749 id
1307 3693 1496 3748 iecisse
1540 3708 1646 3746 non
1677 3693 1793 3746 sine
1835 3692 2051 3758 succiali

457 3794 732 3863 mljutoio
765 3792 882 3845 Dei.
922 3807 940 3840 ι
977 3786 1129 3852 Quod
1185 3789 1235 3838 iu
1289 3799 1433 3852 tesp.
1485 3785 1550 3836 ad
1600 3786 1656 3847 8,
1704 3783 1771 3837 t’e
1819 3782 1958 3837 facto
2003 3784 2054 3837 in

456 3883 847 3937 obstetricibus
879 3878 1151 3946 Egyptiis
1181 3890 1373 3943 pueros
1406 3874 1746 3927 Hebraeorum
1784 3876 2056 3929 occultan-

457 3986 482 4029 t
513 3975 612 4026 bin
659 3972 855 4023 iactum
888 3966 1156 4029 concedit,
1195 3979 1388 4032 nempe
1428 3965 1535 4017 Dco
1575 3966 1866 4033 specialittr
1905 3968 2056 4037 adju-

471 4075 645 4117 wnte.
679 4063 806 4126 QUID
834 4060 993 4114 etiam
1025 4057 1220 4111 ibidem
1253 4056 1443 4125 probat
1479 4058 1649 4109 sancti
1685 4057 1919 4110 doctoris
1951 4070 2055 4112 tes-

462 4155 699 4211 timonio
733 4151 826 4206 lib.
854 4149 887 4202 4
908 4158 1092 4204 contra
1115 4149 1246 4216 Jul.,
1272 4165 1389 4220 cap.
1415 4150 1468 4214 '5,
1495 4149 1583 4203 ubi
1613 4150 1857 4203 concedit
1879 4151 2052 4218 aliqua

458 4248 606 4301 bona
652 4259 813 4313 opera
866 4242 922 4296 in
982 4241 1283 4296 inﬁdelibus
1331 4256 1397 4296 ex
1456 4239 1672 4309 speciali
1727 4249 1907 4294 tamen
1959 4240 2052 4294 Dei

451 4339 629 4412 gratia
659 4337 919 4400 derivata,
951 4342 1008 4388 et
1049 4335 1283 4388 admittit
1315 4336 1535 4400 insuper
1576 4332 1901 4402 adjutorium
1935 4333 2047 4398 Dei,

442 4447 556 4487 .seu
599 4431 832 4500 Spiritus
884 4426 1056 4480 sancti
1108 4426 1342 4479 nondum
1393 4426 1771 4491 inhabitantis,
1824 4441 2050 4494 quorum

2158 3239 2236 3291 tis
2262 3238 2585 3308 jampridem
2623 3237 2898 3305 rejicitur,
2947 3251 3046 3290 nec
3085 3236 3202 3289 sine
3245 3235 3499 3289 scandan
3540 3248 3571 3286 a
3613 3249 3742 3300 qun-

2157 3343 2314 3407 quam
2339 3328 2734 3382 obtruderetur.
2769 3347 2788 3378 ι
2823 3327 2929 3382 Sed
2961 3325 3348 3395 respondemus
3389 3327 3741 3395 Augustinum

2159 3421 2558 3491 intelligendum
2584 3435 2703 3476 esse
2723 3421 2790 3475 de
2817 3420 3177 3476 delectatione
3201 3434 3319 3490 quze
3343 3428 3426 3474 est
3450 3416 3570 3472 sine
3594 3417 3741 3487 plena

2157 3512 2492 3566 advertentia
2539 3511 2756 3566 malitiae
2795 3511 2878 3566 vel
2918 3512 3140 3582 periculi
3169 3511 3348 3576 illius,
3399 3509 3452 3564 in
3480 3525 3588 3579 quo
3617 3524 3740 3563 casu

2158 3621 2266 3660 non
2289 3619 2409 3660 esse
2429 3605 2575 3659 illam
2603 3615 2880 3672 peccatum
2900 3606 3122 3658 mortale
3142 3602 3442 3658 communis
3469 3601 3742 3670 theologo-

2159 3714 2276 3752 rum
2306 3698 2575 3753 sententia
2598 3705 2700 3762 est,
2735 3699 2957 3752 testibus
2985 3697 3137 3751 Salas
3158 3737 3173 3764 ,
3202 3695 3316 3762 1-9.,
3357 3695 3438 3748 tit.
3480 3692 3575 3756 15,
3601 3693 3736 3760 disp.

2158 3792 2213 3855 6,
2245 3804 2382 3844 sess.
2417 3791 2470 3856 6,
2505 3798 2559 3844 et
2605 3787 2847 3858 Vasquez
2876 3788 2982 3855 1-2,
3016 3788 3156 3857 disp.
3190 3788 3281 3854 97,
3304 3801 3422 3855 cap.
3457 3784 3512 3839 5.
3541 3785 3744 3855 (Sanc-

2160 3894 2246 3936 tus
2274 3880 2537 3946 Thomas,
2573 3891 2763 3950 quiest.
2797 3882 2862 3936 15
2892 3885 2958 3937 de
2990 3881 3146 3948 Malo,
3179 3889 3283 3934 art.
3320 3882 3384 3946 2,
3415 3879 3482 3933 ad
3519 3879 3582 3931 16
3609 3880 3646 3946 ).
3677 3881 3741 3933 At

2157 3983 2401 4030 sanctum
2453 3974 2728 4028 doctorem
2755 3974 2826 4029 de
2858 3973 3215 4028 delectatione
3258 3987 3325 4029 eo
3374 3971 3536 4026 modo
3563 3986 3739 4026 etum-

2160 4077 2321 4134 pente
2351 4065 2587 4120 locutum
2620 4064 2782 4118 fuisse
2807 4079 2911 4120 non
2938 4067 3167 4119 obscure
3193 4080 3257 4118 ex
3292 4062 3545 4118 i‘diusmet
3566 4063 3741 4115 verbs

2157 4161 2520 4230 cognoscitur.
2563 4179 2581 4212 ι
2618 4160 2842 4228 Quando
2870 4161 2923 4215 in
2950 4161 3164 4224 ta‘ibus,
3213 4160 3422 4229 inquit,
3454 4160 3740 4230 cogitatio-

2159 4253 2314 4309 nibus
2342 4267 2463 4307 cum
2486 4268 2676 4316 ALIQUA
2703 4251 3058 4306 delectatione
3081 4261 3448 4310 remorantur.
3483 4265 3592 4306 non
3631 4250 3740 4312 qui.

2157 4344 2277 4398 dem
2305 4345 2655 4400 decernentes
2687 4344 2942 4413 ﬂagitium
2971 4385 2985 4409 ,
3034 4344 3126 4398 sed
3163 4342 3514 4398 intentionem
3547 4342 3739 4396 mentis

2158 4449 2262 4488 non
2313 4436 2450 4490 sicut
2481 4443 2723 4500 Oportet,
2753 4451 2820 4488 ne
2842 4435 2933 4489 illo
2975 4434 3202 4498 ineidat,
3253 4433 3378 4488 inde
3408 4442 3732 4494 avertentes,

449 4535 708 4580 .neutrum
741 4521 895 4578 Baius
935 4519 1229 4572 asserebat.
1281 4519 1508 4572 Basilius
1555 4518 1805 4586 Puncius,
1852 4529 1989 4588 part.
2027 4534 2040 4570 ι
2074 4528 2121 4588 ο
2149 4538 2238 4581 aut
2268 4529 2310 4582 si
2347 4528 2618 4590 inciderit,
2659 4528 2782 4582 inde
2829 4529 3166 4595 rapientes.)
3202 4525 3329 4591 Cap.
3360 4523 3425 4575 10
3449 4523 3540 4576 cit.
3572 4522 3740 4592 Upur-

453 4615 666 4672 Belect.
696 4613 765 4666 de
797 4609 970 4673 Grat.,
1003 4624 1122 4678 cap.
1165 4609 1373 4672 ultimo,
1414 4624 1533 4677 pag.
1565 4606 1692 4674 2M,
1733 4613 1806 4662 ait
1836 4627 1847 4662 :
1887 4626 1905 4659 ι
1945 4609 2046 4663 Po-

453 4720 652 4762 .namus
679 4703 823 4758 enim
855 4701 910 4756 id
933 4701 1074 4772 quod
1100 4714 1400 4753 inlinamus
1428 4715 1602 4753 OPINIO
1630 4699 1751 4768 fert,
1783 4709 1840 4752 ut
1867 4700 2042 4755 dicam

461 4801 514 4854 in
545 4793 780 4854 secunda
817 4806 992 4866 parte,
1025 4795 1202 4848 omnia
1244 4792 1536 4846 inlidelium
1567 4806 1730 4860 opera
1773 4806 1893 4845 esse
1923 4806 2046 4859 pec-

447 4901 597 4957 .cata,
638 4910 658 4942 ι
693 4899 798 4943 etc.
837 4889 966 4955 Quis
993 4898 1169 4942 autem
1213 4885 1481 4940 exisumet
1516 4885 1688 4938 virum
1740 4885 1880 4938 inter
1927 4885 2047 4939 Sal-

449 4984 819 5050 .manticenses
846 4983 1256 5036 celeberrimum
1298 4981 1406 5034 Baii
1439 4979 1761 5034 sententiam
1795 4980 2045 5050 probabi-

459 5075 563 5128 lem
591 5071 834 5136 duxisse,
859 5073 1154 5140 praesertim
1179 5088 1301 5127 cum
1327 5085 1446 5140 cap.
1479 5071 1543 5127 15
1568 5073 1634 5126 de
1663 5072 1900 5140 ejusdem
1929 5073 2038 5127 Baii

454 5163 918 5238 propositionibus
945 5166 1100 5233 agat?
1126 5166 1338 5220 Etenim
1365 5165 1597 5220 Poncius
1615 5166 1752 5220 inter
1775 5167 2041 5236 principes

461 5261 619 5332 lmjus
661 5256 843 5313 smculi
891 5256 1170 5324 theologos
1217 5257 1412 5312 merito
1453 5273 1482 5312 a
1528 5259 1701 5314 doctis
1745 5261 2040 5330 quibusque

456 5359 790 5409 recensetur.
825 5347 959 5403 lluic
989 5346 1283 5401 doctissimi
1317 5347 1504 5402 Patres
1531 5349 1833 5404 Carmeliue
1865 5352 2041 5406 excal-

445 5451 593 5502 .r.eati
615 5443 1072 5502 Salmanticenscs
1091 5437 1310 5494 honoris
1332 5439 1501 5509 gratia
1526 5441 1688 5495 hocce
1709 5441 2038 5511 epitaphium

456 5549 685 5605 posuere
715 5541 871 5590 tract.
903 5547 956 5586 Ill
984 5530 1051 5585 de
1081 5528 1315 5586 Scientia
1348 5530 1439 5582 Dei
1467 5528 1664 5597 disput.
1699 5531 1786 5589 10.
1821 5531 1950 5585 dub.
1983 5533 2036 5597 8,

443 5642 604 5681 «num.
641 5625 741 5680 150
775 5641 788 5677 z
835 5643 852 5676 ι
886 5621 1141 5688 Quamvis
1181 5621 1434 5676 omittere
1473 5635 1581 5674 non
1630 5621 1896 5690 possimus
1928 5638 2039 5677 ma-

441 5729 615 5786 gnum
647 5713 796 5767 illum
821 5714 1018 5778 virum,
1041 5713 1130 5780 qui
1156 5709 1319 5768 modo
1340 5711 1466 5767 dum
1503 5710 1625 5766 huic
1647 5712 1797 5785 operi
1826 5713 2039 5768 insuda-

2155 4630 2226 4674 tet
2253 4622 2395 4674 enim
2440 4631 2714 4686 mentem,
2769 4620 2812 4673 si
2854 4635 2941 4675 cas
2975 4621 3026 4673 in
3067 4619 3420 4688 cogitationes
3474 4617 3738 4679 inciderit,

2148 4713 2330 4766 statim
2364 4712 2489 4766 inde
2513 4721 2777 4776 avertere,
2803 4712 2942 4780 quod
2966 4713 3009 4766 si
3037 4728 3101 4766 ex
3123 4712 3331 4767 delectu
3357 4711 3528 4780 plenae
3555 4711 3742 4764 adver-

2153 4801 2332 4855 tentire
2364 4817 2467 4854 non
2501 4801 2590 4855 tiat
2618 4801 2803 4873 (gqnod
2833 4818 2974 4872 saepe
3005 4803 3230 4869 accidit,
3264 4818 3384 4857 cum
3425 4817 3536 4856 non
3591 4805 3662 4858 sit
3691 4803 3738 4854 in

2155 4903 2337 4948 nostra
2382 4903 2646 4964 potestate
2677 4895 2801 4963 quid
2847 4895 3001 4948 nobis
3049 4895 3226 4948 veniat
3274 4894 3326 4948 in
3355 4902 3614 4961 mentem,
3650 4892 3736 4946 sed

2154 4987 2329 5055 turpia
2377 4987 2590 5056 quando
2613 5003 2696 5051 :ue
2727 4987 3002 5054 irrepant,
3059 4987 3404 5053 animumque
3459 4987 3738 5054 repentina

2147 5076 2502 5131 delectatione
2545 5076 2822 5144 titillent),
2859 5077 3167 5146 neutiquam
3199 5085 3474 5144 precatum
3511 5074 3737 5127 mortale

2149 5177 2418 5222 censetur.
2471 5169 2604 5221 llinc
2648 5167 2981 5237 Augustinus
3033 5167 3279 5221 ecusulto
3321 5165 3528 5220 addidit
3569 5166 3740 5234 aliqua

2147 5259 2501 5325 delectatione,
2549 5267 2605 5310 ut
2636 5257 2751 5324 ejus
2784 5259 3102 5328 gravitatem
3145 5271 3207 5312 ac
3233 5257 3338 5310 vim
3369 5257 3432 5310 ad
3461 5265 3734 5324 peccatum

2148 5349 2374 5404 mortale
2403 5352 2728 5404 causandum
2760 5365 2865 5403 non
2907 5348 3157 5403 sulﬁcere
3200 5347 3534 5402 OStenderet.
3580 5346 3736 5400 Porro

2148 5441 2384 5495 sensisse
2413 5439 2763 5509 Augustinum
2797 5438 3175 5509 cogitationes,
3210 5452 3306 5492 seu
3351 5434 3733 5489 delectationes

2151 5545 2397 5584 morosas
2423 5544 2545 5584 esse
2578 5539 2854 5598 peccatum
2886 5529 3110 5582 mortale
3143 5536 3286 5597 patet
3328 5543 3393 5582 ex
3441 5527 3539 5583 lib.
3575 5542 3646 5579 xu
3670 5524 3732 5576 de

2151 5621 2368 5684 Trinit.,
2399 5634 2521 5690 cap.
2556 5620 2644 5684 l2,
2683 5621 2769 5673 ubi
2799 5629 2983 5688 aperte
3009 5620 3166 5674 docet
3191 5619 3324 5672 tales
3351 5618 3728 5672 delectationes

2142 5727 2390 5772 .morosas
2419 5727 2539 5770 esse
2583 5721 2865 5787 peccaturo
2907 5711 3178 5771 sufﬁciens
3222 5711 3285 5764 ad
3319 5707 3722 5781 pertrahendam
