3892 6304
104 309 208 371 715

1267 304 1590 364 V‘INDICIAZ
1631 303 2190 363 AUGUSTINIANIE.

3273 320 3381 377 7M

100 427 363 484 hominem
391 423 445 481 in
473 433 730 481 aeternam
753 422 1173 492 damnationem,
1216 423 1321 480 nisi
1366 439 1675 480 sacramen-
1701 427 1755 484 A
1782 421 1924 492 quod
1970 421 2097 478 facit
2143 422 2411 489 Ecclesia,
2455 425 2549 480 sed
2596 439 2703 482 non
2749 428 2995 486 conferre
3035 446 3146 487 rem
3193 450 3378 492 saera-

100 523 189 576 t.tli
214 520 381 590 gratia
405 518 556 587 culpa
599 517 905 572 remittatur
933 534 947 570 :
983 536 1002 569 ‹
1026 517 1102 571 lta
1132 517 1237 572 dici
1264 526 1458 586 potest,
1483 517 1675 588 inquit,

98 617 148 668 in
185 615 396 667 homine
420 627 524 665 uno
550 651 564 675 ,
616 611 658 664 si
689 610 1134 665 delectationibus
1168 610 1390 675 illicitis,
1421 625 1450 664 a
1481 611 1676 681 quibus

98 721 158 760 se
185 705 435 759 continuo
460 702 683 757 deberet
712 712 960 759 avertere
986 704 1269 773 cogitatio,
1299 702 1531 757 libenter
1562 703 1675 756 sola

99 805 364 865 pascatur,
413 808 511 849 nec
541 793 780 848 facienda
808 797 1166 848 decernuntur
1211 794 1380 860 mala,
1413 793 1507 848 sed
1555 802 1674 848 tan-

100 900 207 942 tum
238 887 470 941 suaviter
496 887 551 940 in
590 886 964 942 recordatione
1009 894 1324 951 teneantur,
1377 885 1525 956 quasi
1553 902 1674 941 mu-

100 981 279 1034 lierem
311 979 427 1033 sine
472 978 586 1032 viro
631 992 787 1047 posse
826 978 1104 1044 damnari,
1137 978 1275 1033 absit
1308 978 1410 1032 hoc
1431 977 1670 1033 credere.

100 1074 221 1128 Haec
246 1072 441 1143 quippe
472 1086 574 1125 una
598 1085 822 1140 persona
851 1080 953 1136 est,
994 1086 1132 1126 unus
1165 1072 1326 1125 homo
1350 1082 1431 1126 est
1457 1110 1468 1131 ,
1505 1078 1676 1126 totus—

97 1180 195 1234 que
238 1164 577 1219 damnabitur
600 1205 614 1229 ,
647 1164 747 1217 nisi
775 1163 921 1228 haec,
954 1179 1072 1233 quae
1102 1165 1218 1218 sine
1247 1163 1521 1219 voluntate
1547 1177 1674 1232 ope-

94 1255 280 1321 randi,
325 1255 421 1310 sed
473 1264 651 1310 tamen
701 1269 822 1309 cum
860 1254 1133 1309 voluntate
1186 1256 1423 1308 animum
1476 1255 1674 1310 talibus

93 1350 392 1406 oblectandi
414 1389 428 1412 ,
472 1348 638 1403 solius
669 1349 1004 1418 cogitationis
1035 1349 1340 1403 sentiuntur
1389 1363 1509 1403 esse
1540 1363 1667 1418 pec-

89 1452 230 1508 cata,
265 1456 362 1510 per
408 1440 720 1495 mediatoris
750 1439 974 1508 gratiam
1005 1441 1360 1495 remittantur.
1394 1458 1412 1490 ›
1450 1440 1530 1493 Εη
1557 1441 1672 1495 cla-

85 1547 202 1587 ram
234 1539 585 1601 apertamque
625 1532 790 1586 sancti
843 1530 1079 1585 doctoris
1125 1533 1473 1597 sententiam,
1505 1533 1594 1601 qui
1624 1533 1670 1587 si

84 1624 207 1679 alibi
257 1624 332 1678 ita
379 1624 588 1680 locutus
617 1623 745 1687 fuit,
791 1632 843 1678 ut
884 1626 1020 1679 etin
1049 1639 1269 1693 pravum
1300 1632 1353 1678 et
1378 1625 1430 1678 in
1466 1624 1667 1679 bonum

87 1730 298 1771 sensum
333 1715 469 1769 trahi
511 1716 764 1784 potuerit,
809 1728 903 1769 cur
930 1729 1035 1768 non
1067 1715 1238 1786 ipsum
1281 1714 1429 1769 audit
1475 1715 1669 1770 Μοτεί-

1787 515 1974 581 menti,
2003 515 2143 584 quod
2172 516 2287 584 ipse
2315 516 2506 572 falsum
2535 519 2846 589 nullumque
2886 521 3174 578 arbitratur
3193 532 3288 590 ;'et
3318 530 3376 585 in

1787 606 1888 660 hoc
1942 608 2223 676 posteriori
2265 622 2426 662 sensu
2474 609 2548 663 ait
2577 625 2698 665 esse
2739 611 2972 666 validum
3005 614 3371 683 baptismum:

1784 712 1947 766 quare
1975 713 2095 751 cum
2130 699 2431 754 nesciamus
2461 717 2568 770 quo
2611 717 2677 757 ex
2714 702 2796 758 his
2823 704 3029 760 duobus
3061 706 3376 764 intentionis

1783 789 1957 843 modis
1979 790 2183 845 ludicre
2199 791 2474 860 baptizans
2490 795 2717 849 alterum
2741 795 2992 863 abluerit,
3009 800 3374 868 exspectanda

1782 892 1882 945 esr,
1918 880 2087 950 inquit
2118 891 2336 937 sanctus
2363 883 2617 953 Thomas,
2641 887 2819 942 divina
2850 891 3112 946 revelatio
3140 933 3153 956 ,
3188 901 3247 945 ut
3275 892 3374 947 do-

1782 981 1868 1029 cet
1889 975 2239 1044 Augustinus.
2264 976 2324 1029 P.
2359 977 2601 1046 Macedo,
2630 982 2723 1036 lib.
2748 998 2799 1036 tv
2824 982 2890 1038 de
2914 983 3181 1050 Clavibus,
3205 1001 3321 1055 cap.
3338 987 3372 1042 8

1781 1066 1948 1134 partis
1981 1067 2189 1135 primae,
2217 1067 2355 1122 hanc
2377 1071 2787 1139 explicationem
2813 1076 3122 1144 subscribit,
3149 1077 3372 1133 laudans

1783 1158 2067 1227 Augustini
2098 1161 2463 1228 prudentiam,
2497 1164 2584 1232 qui
2631 1165 2697 1219 ad
2726 1181 2843 1222 eam
2869 1170 3132 1223 occultam
3165 1174 3371 1242 cogita-

1785 1250 1981 1305 tionem
2051 1266 2144 1319 per
2197 1253 2377 1308 ludum
2441 1256 2758 1324 baptizantis
2818 1261 3209 1329 detegendam,
3275 1263 3370 1319 Dei

1781 1349 1939 1399 unius
1960 1347 2345 1413 testimonium,
2376 1349 2463 1419 qui
2493 1351 2734 1404 cordium
2760 1361 3026 1405 scrutator
3047 1363 3151 1420 est,
3182 1370 3372 1410 neces-

1781 1437 1978 1490 sarium
2012 1441 2455 1507 pronuntiaverit.
2489 1441 2653 1496 Addit
2683 1442 2879 1498 ibidem
2919 1445 3249 1500 recentiores
3273 1461 3370 1517 ge-

1779 1545 1898 1584 rere
1914 1545 1972 1584 se
1990 1531 2292 1598 insolenter,
2309 1534 2398 1603 qui
2412 1533 2764 1602 Augustinum
2781 1537 2850 1591 ob
2873 1536 2924 1591 id
2941 1539 3366 1607 reprehendunt,

1779 1625 1854 1676 uti
1912 1632 1995 1677 est
2033 1623 2301 1678 Antonius
2363 1626 2626 1682 Moraines
2667 1629 2720 1681 in
2773 1643 2870 1682 suo
2914 1630 3367 1699 Anti-Jansettio,

1785 1730 1803 1765 ι
1835 1713 2208 1783 lniquissimus
2232 1756 2247 1782 ,
2279 1716 2392 1783 ait,
2426 1716 2722 1788 Augustino
2745 1728 2952 1783 auctor,
2985 1720 3082 1774 sed
3130 1736 3235 1774 non
3267 1721 3368 1775 mi-

86 1824 178 1863 nes
225 1797 448 1864 suorum
498 1809 780 1863 verborum
821 1809 1200 1878 interpretem,
1244 1809 1337 1864 sed
1385 1823 1448 1863 ex
1500 1809 1666 1863 semel
1699 1808 1748 1868 B
1773 1822 1886 1873 ror,
1920 1808 2062 1877 quod
2084 1823 2204 1863 cum
2238 1811 2291 1865 in
2321 1826 2384 1865 eo
2419 1812 2558 1868 libro
2587 1815 2743 1868 ﬁctus
2771 1815 2838 1868 sit
2868 1827 3074 1880 auctor,
3106 1831 3224 1871 cum
3248 1833 3369 1887 per-

85 1911 260 1952 contra
293 1898 467 1967 ipsum
489 1908 746 1968 concepta
778 1899 1034 1968 Opinione
1063 1899 1113 1953 in
1144 1914 1428 1954 erroneum
1456 1913 1674 1955 sensum

86 1989 395 2058 detorquet,
426 1996 484 2044 ut
515 1988 757 2059 ejusdem
787 1989 1074 2044 accusandi
1108 1992 1460 2060 patentiorem
1493 1991 1668 2046 locum

85 2080 179 2133 sibi
209 2079 414 2139 faciat?
443 2081 599 2136 Tales
628 2096 727 2138 nos
753 2098 876 2153 erga
915 2083 1140 2138 aliorum
1172 2086 1369 2154 scripta
1406 2093 1668 2153 praestare

86 2173 368 2238 debemus,
412 2174 598 2243 quales
626 2175 826 2229 nostris
876 2174 1082 2231 chartis
1125 2176 1355 2232 lectores
1386 2178 1664 2247 volumus,

88 2279 271 2333 nempe
293 2265 588 2332 candidos,
621 2266 879 2337 ingenuos
903 2308 918 2334 ,
950 2278 1102 2322 extra
1143 2268 1322 2323 odium
1353 2284 1417 2325 ac
1440 2271 1666 2327 livorem

85 2357 296 2424 positos,
326 2357 487 2427 quive
517 2373 602 2422 ea,
629 2373 746 2427 qua:
773 2359 1043 2428 :equivoca
1071 2359 1206 2415 forte
1233 2361 1503 2428 excidere,
1530 2377 1666 2419 con-

82 2447 219 2513 gruis
258 2445 755 2516 interpretamentis
781 2458 1075 2518 exponunt.
1107 2451 1371 2506 Caeterum
1405 2465 1663 2521 quantum

83 2538 440 2593 sanctissimus
466 2539 555 2594 ille
585 2538 840 2594 Ecclesiae
866 2540 1053 2597 doctor
1084 2542 1467 2600 delectationes
1499 2546 1659 2604 hasce

81 2625 253 2684 furtim
298 2631 352 2683 in
384 2630 618 2683 animum
661 2630 957 2699 irrepentes
1003 2633 1240 2686 timuerit
1266 2643 1423 2701 atque
1468 2637 1666 2692 exhor-

81 2721 273 2785 ruerit,
306 2736 374 2775 ex
402 2721 484 2776 his
520 2721 768 2790 precibus
793 2762 807 2787 ,
840 2738 970 2791 quas
1003 2724 1056 2776 in
1101 2724 1204 2779 ftne
1235 2726 1474 2793 praeclari
1521 2726 1664 2785 illius

82 2811 245 2879 operis
289 2810 358 2864 de
399 2810 662 2866 Trinitate
706 2812 770 2865 ad
803 2812 970 2866 Deum
1002 2812 1256 2883 profudit,
1287 2815 1417 2868 satis
1451 2815 1665 2874 abunde

85 2902 380 2972 intelligitur
408 2920 421 2954 :
463 2923 480 2954 ι
508 2904 687 2958 Multa:
717 2913 876 2968 sunt,
912 2907 1004 2970 ait,
1035 2906 1388 2977 c0gitationes
1421 2925 1554 2966 mea:
1578 2920 1661 2968 tl-

85 2992 170 3057 les,
198 2994 382 3064 quales
412 2994 595 3061 nosti,
653 2997 1003 3064 cogitationes
1046 2999 1320 3053 hominum
1347 3041 1362 3066 ,
1405 3005 1658 3071 quoniam

87 3097 218 3138 vanze
261 3093 405 3138 sunt.
458 3085 609 3139 Dona
666 3085 798 3140 mihi
848 3102 954 3141 non
999 3087 1077 3142 eis
1123 3092 1431 3146 consentire
1459 3135 1472 3158 ,
1518 3105 1571 3150 et
1615 3097 1659 3151 si

86 3176 276 3243 quando
299 3191 384 3230 me
405 3175 699 3240 delectant,
724 3192 815 3231 eas
841 3178 1185 3234 nihilominus
1206 3181 1530 3250 improbare,
1559 3200 1659 3241 nec
1689 3196 1735 3260 C
1767 3175 1888 3263 ὲεεε
1938 3208 2089 3262 mum
2145 3175 2556 3277 baptizandum;

87 3266 133 3319 in
160 3269 230 3321 eis
257 3269 401 3324 velut
426 3268 773 3323 dormitando
800 3271 1092 3326 immorari.
1110 3273 1217 3327 Nec
1243 3275 1296 3328 in
1327 3284 1535 3331 tantum
1561 3293 1657 3332 va-

85 3356 210 3413 leant
237 3361 370 3427 apud
409 3376 506 3416 me
537 3370 593 3416 ut
616 3362 812 3431 aliquid
851 3364 903 3417 in
932 3379 1091 3430 opera
1139 3381 1252 3420 mea
1282 3370 1538 3436 procedat
1580 3389 1652 3427 ex

83 3449 203 3515 illis,
233 3452 320 3506 sed
345 3454 409 3508 ab
469 3455 547 3508 eis
577 3470 694 3509 mea
726 3455 913 3510 saltem
953 3458 1023 3512 sit
1068 3466 1174 3512 tuta
1205 3463 1468 3517 sententia
1495 3504 1509 3528 ,
1541 3473 1654 3520 tuta

81 3544 403 3610 conscientia,
447 3552 502 3598 te
537 3555 738 3601 tuente.
765 3565 783 3598 ι
823 3548 959 3616 Quid
993 3557 1074 3603 est
1121 3551 1172 3602 in
1204 3551 1659 3612 delectationibus

80 3635 196 3685 velut
221 3634 552 3690 dormitando
584 3639 879 3705 immorari,
909 3640 1009 3694 nisi
1049 3656 1112 3695 ex
1147 3656 1250 3696 non
1281 3644 1432 3712 plena
1469 3647 1661 3700 adver-

78 3723 226 3776 lentia
258 3725 566 3792 immorari,
595 3729 751 3784 sicuti
780 3730 872 3800 qui
900 3730 1186 3796 dormitat,
1235 3749 1339 3789 non
1381 3736 1536 3803 plene
1569 3739 1660 3793 ad.

78 3815 219 3870 vertit
246 3830 304 3871 ea
333 3831 467 3886 quae
500 3818 664 3872 ﬁunt?

84 3925 240 3997 §\lll.
279 3933 372 4008 An_
416 3939 634 4008 sanctus
681 3932 998 4008 Augustinus
1056 3939 1307 4004 putaverit
1353 3939 1661 4008 baptismum

340 4002 527 4057 datum
552 4004 662 4056 sine
690 4002 966 4060 intentione
993 4002 1099 4062 esse
1117 4009 1366 4062 validum.

146 4111 240 4168 Sed
268 4117 371 4171 alio
402 4133 596 4174 rursus
628 4134 810 4177 errore
833 4123 1184 4193 Augustinum
1219 4126 1437 4180 involvit
1467 4129 1658 4184 adver-

85 4203 232 4259 sarius
262 4224 274 4260 :
303 4227 320 4260 ‹
354 4209 483 4264 Item
521 4209 807 4276 dubitavit,
842 4213 1032 4283 inquit,
1063 4232 1186 4270 num
1217 4217 1512 4286 baptismus
1537 4220 1656 4275 sine

86 4291 349 4355 intentione
389 4306 554 4357 datus
581 4317 675 4371 per
705 4304 882 4372 jocum
937 4315 992 4360 et
1034 4307 1268 4362 irrisorie
1296 4309 1500 4364 validus
1545 4310 1653 4378 sit,

87 4385 164 4438 lib.
195 4403 260 4443 vn
288 4392 350 4446 de
381 4393 662 4463 Baptismo
685 4435 698 4457 ,
731 4409 851 4465 cap.
885 4395 973 4462 55,
1017 4407 1304 4468 censetque
1335 4411 1654 4470 exspectan-

87 4473 191 4529 dam
208 4493 319 4536 esse
345 4485 758 4552 revelationem,
781 4495 1065 4558 antequam
1093 4489 1212 4543 talis
1233 4490 1648 4561 rebaptizetura

1777 1913 1908 1952 sona
1939 1898 2190 1956 decorem
2220 1901 2467 1970 deposuit
2500 1922 2510 1957 :
2549 1905 2929 1960 Bellarminum
2964 1907 3157 1962 imitari
3183 1909 3370 1965 debuit

1776 1991 1947 2045 multo
1974 2006 2033 2047 se
2060 1992 2357 2048 doctiorem
2411 2004 2467 2050 et
2505 1997 2785 2052 meliorem
2811 2038 2827 2062 ,
2873 1999 2964 2067 qui
3012 2003 3367 2070 Augustinum

1776 2084 2050 2140 intellexit
2086 2097 2139 2142 et
2166 2089 2477 2144 vindicavit.
2505 2110 2523 2143 ι
2557 2091 2663 2147 Sed
2695 2109 2826 2148 sane
2856 2096 3145 2163 Moraines,
3179 2101 3267 2166 qui
3298 2100 3368 2156 de

1774 2179 2102 2233 necessitate
2125 2181 2441 2237 intentionis
2463 2185 2692 2240 ministri
2715 2186 3068 2256 Augustinum
3093 2190 3368 2246 dubitasse

1772 2268 1931 2334 dicit,
1963 2270 2344 2326 Bellarminum
2391 2274 2658 2342 imitatur,
2693 2278 2782 2345 qui
2822 2278 2913 2331 lib.
2949 2295 2987 2345 ι,
3033 2295 3152 2350 cap.
3180 2281 3279 2347 28,
3310 2283 3367 2337 in

1771 2360 1872 2414 sol.
1899 2361 1953 2426 5,
1982 2375 2095 2431 arg.
2127 2362 2405 2432 Kemnitii,
2454 2366 2644 2421 scribit
2675 2369 3026 2438 AnguStinum
3075 2371 3142 2426 de
3191 2372 3366 2428 inten-

1770 2450 1931 2504 tionis
1980 2455 2300 2508 necessitate
2349 2456 2641 2522 dubitasse,
2667 2457 2868 2514 addens
2901 2479 2912 2511 :
2949 2478 2967 2511 ι
3003 2461 3155 2516 Nunc
3185 2459 3373 2520 autem

1769 2554 1856 2594 res
1891 2541 2110 2598 definita
2153 2553 2237 2599 est
2268 2544 2322 2600 in
2355 2546 2564 2603 duobus
2595 2551 2937 2619 generalibus
2963 2555 3203 2611 conciliis
3239 2556 3365 2612 Flo-

1770 2635 1982 2687 rentino
2008 2645 2062 2688 et
2091 2635 2431 2693 Tridentino.
2455 2658 2475 2689 ι

1844 2746 1968 2801 Haec
1998 2754 2174 2804 tamen
2207 2751 2492 2819 explicatio
2513 2753 2643 2808 mihi
2672 2755 2883 2823 probari
2906 2758 3053 2812 nullo
3076 2761 3236 2816 modo
3265 2777 3363 2832 po-

1775 2847 1910 2894 test:
1938 2855 2058 2893 nam
2078 2841 2129 2895 in
2153 2841 2316 2897 dubio
2333 2844 2502 2912 repeti
2525 2844 2683 2901 debet
2704 2846 3016 2918 baptismus,
3040 2861 3095 2906 ut
3117 2867 3361 2910 commu-

1771 2931 1854 2987 nis
1881 2932 2159 2986 doctorum
2184 2936 2444 2989 sententia
2465 2937 2624 2991 tradit
2639 2953 2708 2993 ex
2725 2942 2953 2996 concilio
2972 2944 3360 3018 Carthaginen-

1768 3025 2136 3093 si,postconc.
2154 3026 2234 3080 Fl.
2259 3028 2594 3095 Stilichonis,
2619 3037 2896 3103 annoiOi,
2916 3039 3001 3092 ubi
3027 3041 3079 3094 in
3104 3041 3268 3098 dubio
3290 3059 3363 3104 an

1769 3131 1901 3183 puer
1930 3117 2188 3172 barbarus
2215 3121 2554 3178 venundatus
2586 3124 2658 3178 sit
2700 3126 3018 3196 baptizatus,
3053 3133 3362 3193 decernitur

2543 3233 2556 3282 ;
2622 3218 2840 3286 expedit
2880 3223 3022 3277 enim
3087 3241 3362 3295 exponere

1763 3302 1940 3370 p0tius
1967 3314 2364 3358 sacramentum
2390 3306 2633 3375 periculo
2665 3311 2954 3381 nullitatis,
2987 3331 3144 3385 quam
3180 3321 3362 3376 homi-

1764 3410 1885 3451 nem
1933 3396 2171 3464 pcriculo
2201 3397 2599 3466 damnationis;
2655 3417 2827 3471 neque
2857 3405 3042 3461 dicunt
3090 3410 3274 3467 Patres
3304 3414 3362 3473 in

1762 3501 1827 3542 eo
1856 3487 2018 3540 dubio
2049 3489 2440 3556 implorandum
2473 3490 2707 3544 divinam
2750 3495 3154 3551 revelationem.
3188 3501 3359 3556 Porro

1763 3576 1892 3630 illud
1934 3576 2212 3630 decretum
2244 3588 2429 3631 notum
2480 3579 2582 3632 fuit
2604 3582 2926 3650 Augustino,
2951 3600 3055 3653 quo
3089 3601 3358 3655 praesente

1763 3665 2045 3734 repetitum
2091 3675 2173 3722 est
2236 3681 2358 3722 cum
2414 3670 2625 3724 caeteris
2689 3673 2984 3729 canonibus
3024 3679 3356 3748 synodorum

1763 3758 2134 3813 Africanarum
2177 3758 2276 3814 sub
2323 3759 2544 3816 Aurelio
2588 3761 3003 3834 Carthaginensi
3057 3769 3357 3833 habitarum

1767 3852 1816 3904 in
1857 3851 2099 3920 plenario
2139 3852 2380 3908 Concilio
2410 3853 2688 3924 Africano,
2730 3872 2872 3912 anno
2898 3857 3022 3915 419.
3056 3861 3219 3933 Igitur
3247 3883 3355 3926 non

1762 3955 2052 4015 apparente
2080 3945 2353 4002 voluntate
2387 3963 2482 4017 per
2530 3949 2712 4005 ludum
2757 3951 3115 4024 baptizantis,
3158 3958 3352 4020 iterum

1762 4047 1845 4094 est
1877 4037 2175 4105 baptismus
2219 4041 2565 4110 repetendus.
2615 4042 2690 4098 Ita
2722 4045 2767 4098 si
2807 4047 2926 4115 quis
2953 4049 3171 4108 Judaaus
3215 4058 3355 4125 apud

1761 4142 1888 4183 suos
1917 4128 1971 4183 in
2002 4145 2162 4186 scena
2192 4140 2374 4187 nostra
2405 4147 2557 4189 sacra
2587 4135 2878 4194 irridentes
2930 4153 3079 4199 esset
3120 4147 3347 4217 baptiza-

1763 4229 1870 4287 tus,
1901 4222 1964 4276 ad
2002 4223 2161 4277 fidem
2205 4239 2333 4279 vero
2378 4226 2542 4280 vellet
2572 4230 2830 4286 accedere
2858 4273 2873 4299 ,
2931 4233 3171 4291 Ecclesia
3199 4241 3349 4300 illum

1760 4310 2084 4379 baptizaret,
2116 4328 2215 4367 nec
2236 4314 2616 4370 revelationem
2647 4330 3006 4389 exspectaret,
3040 4341 3144 4394 qua
3173 4329 3346 4388 Judaei

1761 4404 1888 4460 olim
1953 4406 2006 4459 in
2079 4420 2237 4461 scena
2295 4408 2619 4478 baptizantis
2668 4413 2893 4470 intentio
2965 4418 3346 4483 innotesceret.

1762 4499 1984 4566 Quando
2014 4508 2192 4555 autem
2223 4503 2553 4572 Augustinus
2582 4519 2647 4561 eo
2674 4509 2848 4578 capite
2871 4509 2940 4563 55
2966 4512 3041 4565 ait
3076 4531 3086 4564 :
3126 4514 3346 4575 «Utrum

87 4565 150 4668 Ita
190 4571 465 4632 Morainius
521 4576 740 4632 ibidem.
783 4579 900 4634 Non
940 4596 1078 4646 una,
1136 4596 1267 4638 sane
1311 4582 1508 4650 fateor,
1569 4593 1652 4642 est
1680 4571 2135 4661 Dapprobandus
2169 4601 2314 4648 esset
2362 4596 2658 4666 baptismus
2695 4565 2785 4668 qui
2812 4601 2891 4655 sic
2941 4603 3178 4668 daretur,
3211 4607 3345 4664 divi~

92 4657 431 4733 theologorum
478 4668 746 4724 sententia
779 4671 828 4723 in
861 4671 1176 4740 explicando
1215 4675 1514 4745 Augustino
1537 4716 1551 4742 ,
1584 4691 1652 4734 ne

89 4749 305 4810 videatur
331 4773 360 4813 a
408 4759 679 4835 baptismo
723 4763 1092 4818 necessitatem
1120 4766 1428 4822 intentionis
1470 4783 1650 4824 remo-

89 4842 230 4911 visse,
255 4863 408 4918 quam
429 4863 608 4908 tamen
629 4855 931 4909 necessario
956 4857 1156 4926 requiri
1187 4867 1236 4910 et
1261 4858 1566 4913 Florentina
1597 4869 1651 4916 et

89 4929 370 4995 Tridentina
415 4943 656 5014 synodus
701 4943 1012 5002 decrevere.
1058 4945 1305 5015 Magister
1344 4946 1648 5004 Sententia-

89 5033 209 5088 rum,
233 5026 283 5094 .i,
314 5032 436 5085 dist.
461 5028 518 5100 ϐξ
549 5033 768 5088 dubium
798 5034 964 5092 fuisse
992 5037 1346 5106 Augustinum
1378 5041 1644 5096 concedit.

90 5114 147 5164 Al
181 5130 382 5179 sanctus
439 5125 677 5182 Thomas
727 5128 956 5194 ibidem,
1000 5131 1052 5184 in
1097 5132 1201 5186 fine
1249 5131 1640 5202 distinctionis,

91 5219 333 5296 exponens
384 5225 592 5273 textum
617 5259 632 5286 ,
665 5219 821 5274 docet
844 5221 1125 5289 dupliciter
1154 5237 1311 5293 posse
1340 5227 1644 5296 quempiam

93 5294 302 5359 irrisorie
324 5306 593 5376 baptizare
628 5327 642 5364 :
679 5312 763 5366 vel
793 5322 1007 5382 propter
1030 5315 1198 5369 solam
1227 5294 1641 5374 oblectationem

92 5403 225 5455 (luam
249 5413 308 5452 ex
338 5402 424 5456 illa
447 5407 698 5461 exteriori
720 5407 930 5464 actione
951 5411 1110 5480 capit,
1135 5427 1240 5468 non
1265 5412 1466 5469 habens
1500 5416 1640 5470 inte-

91 5481 176 5536 rim
203 5488 535 5552 intentionem
583 5499 808 5555 faciendi
840 5505 978 5573 quod
1011 5503 1136 5558 facit
1163 5505 1400 5562 Ecclesia
1420 5549 1435 5575 ,
1465 5524 1639 5578 neque

91 5578 368 5668 conferendi
398 5603 506 5642 rem
537 5595 881 5662 sacramenti,
917 5610 1106 5666 nempe
1133 5599 1355 5667 gratiam
1383 5641 1398 5668 ,
1455 5609 1506 5655 et
1537 5601 1638 5655 hoc

92 5666 231 5760 tundo
253 5673 401 5728 tradit
439 5680 637 5737 nullum
669 5698 794 5740 esse
821 5666 1172 5756 baptismum;
1200 5689 1286 5745 vel
1315 5666 1492 5760 potest
1516 5693 1634 5760 quis

95 5749 277 5816 ludicre
296 5766 507 5824 alterum
538 5772 840 5846 baptizare,
864 5749 922 5836 ut
950 5781 1188 5840 intendat
1214 5749 1428 5855 quidem
1454 5749 1634 5844 fac-ere

308 5858 573 5924 Parnon.
619 5869 876 5933 XLVII.

1757 4698 1883 4738 num
1924 4682 2184 4754 judicium
2233 4700 2328 4755 per
2372 4686 2596 4758 alicujus
2633 4690 2977 4744 revelationis
3026 4697 3346 4768 oraculum,

1755 4782 1887 4841 etc.,
1917 4775 2309 4845 implorandum
2339 4792 2459 4833 esse
2482 4794 2781 4844 censerem,
2816 4799 2834 4830 ι
2867 4794 2974 4834 ηοη
3015 4781 3262 4856 intelligit
3292 4789 3344 4845 in

1755 4864 1920 4921 dubio
1951 4866 2100 4932 facti,
2129 4868 2223 4922 sed
2253 4868 2305 4922 in
2337 4868 2499 4923 dubio
2526 4868 2686 4937 juris,
2713 4883 2832 4922 nam
2857 4871 2979 4926 talis
3012 4887 3238 4941 persona
3270 4881 3343 4939 sic

1754 4956 2021 5027 baptizata
2047 4965 2190 5010 esset
2227 4956 2422 5010 iterum
2455 4957 2793 5029 baptizanda.
2831 4962 2900 5014 At
2925 4961 2994 5017 de
3023 4967 3342 5031 sufficientia

1757 5060 1811 5105 ct
1855 5049 2035 5103 valore
2060 5049 2179 5102 talis
2225 5049 2369 5103 modi
2415 5049 2762 5119 baptizandi,
2804 5061 2862 5108 ut
2910 5056 3049 5111 inter
3092 5060 3341 5133 dogmata

1755 5139 2013 5195 Ecclesiae
2051 5147 2196 5193 certa
2226 5137 2468 5194 deﬁnitio
2503 5153 2884 5211 reponeretur,
2919 5154 3339 5218 exspectandam

1753 5233 1888 5288 dixit
1917 5232 2328 5302 revelationem,
2364 5249 2467 5289 non
2499 5235 2712 5305 quidem
2736 5254 2852 5309 qure
2883 5243 3039 5298 alicui
3094 5261 3339 5314 persona:

1753 5328 1972 5396 privatae
2003 5327 2159 5382 fieret
2190 5343 2283 5396 per
2306 5343 2504 5384 novum
2538 5332 2879 5402 miraculum,
2906 5339 3000 5392 sed
3030 5356 3150 5407 quae
3179 5341 3337 5400 fieret

1751 5419 1994 5475 Patribus
2043 5421 2233 5491 synodi
2289 5437 2384 5492 per
2435 5423 2620 5479 solitas
2660 5425 3050 5485 illustrationes
3100 5432 3333 5501 Spiritus

1747 5512 1956 5576 sancti;
2016 5512 2160 5567 unde
2219 5516 2398 5570 statim
2440 5517 2635 5572 addit:
2676 5537 2695 5570 ι
2730 5519 2806 5573 Ita
2865 5536 2995 5576 sane
3024 5562 3039 5587 ,
3100 5533 3156 5578 ut
3208 5535 3325 5594 post

1747 5618 1832 5656 me
1895 5603 2130 5659 dicturos
2187 5609 2523 5675 sententias,
2589 5625 2656 5664 ne
2727 5611 2853 5680 quid
2904 5612 3015 5682 jam
3077 5618 3338 5687 explora,

1745 5704 1853 5750 tum
1915 5708 1966 5752 et
2022 5699 2292 5770 cognitum
2369 5701 2659 5769 afferrent,
2713 5702 2993 5762 humiliter
3049 5723 3329 5779 exspecta.

1741 5802 1876 5848 rem.
1903 5806 1921 5839 ι

2773 5885 2851 5949 23
