3892 6310
479 398 573 458 115

1356 372 1917 440 SUPPLEMENTUM
1959 372 2049 427 AD
2091 367 2321 428 OPERA
2362 365 2419 423 S.
2462 363 2851 455 AUGUSTINL

3654 357 3765 415 716

542 516 687 573 Inter
713 517 938 565 crateres
966 504 1292 573 recentiores
1312 499 1401 571 qui
1423 497 1491 552 de
1520 492 1870 562 intelligentia
1894 490 2054 558 hujus
2082 492 2139 553 Α
2161 495 2294 551 tum,
2329 484 2430 538 hoc
2460 485 2603 539 enim
2638 492 2860 538 testatur
2889 483 3236 552 Augustinus,
3268 481 3356 551 qui
3389 479 3459 535 ob
3487 478 3761 535 decesse-

472 608 660 678 capitis
690 603 759 661 55
805 598 1178 672 Augustiniani
1224 602 1406 663 agunt,
1462 588 1662 658 primas
1710 585 1887 639 ferunt
1932 580 2066 678 γεε-

475 674 631 775 quea,
657 705 797 770 part.
829 712 909 762 ιιι,
937 693 1139 761 disput.
1174 686 1275 743 138
1296 726 1311 751 ,
1344 698 1464 752 cap.
1486 680 1539 743 4,
1565 688 1618 733 et
1646 678 1793 745 Lugo
1819 674 2069 775 εει-τάξιας

474 763 565 862 lis,
599 763 740 859 disp.
772 788 804 841 8
842 787 914 844 de
958 778 1326 839 Sacramentis
1355 776 1407 829 in
1440 786 1654 842 genere,
1688 776 1819 822 sect.
1869 765 1922 816 5.
1956 763 2068 832 Ege

478 858 762 955 sicjudico
790 894 905 935 rem
959 876 1026 929 ab
1054 872 1205 927 initio
1255 862 1567 935 repetendo.
1600 858 1896 955 Occasione
1923 868 2070 955 quae-

481 945 676 1035 stionis
718 986 875 1043 quam
924 963 1216 1022 Donatista:
1245 959 1314 1014 de
1342 952 1740 1024 rebaptizandis
1771 950 1834 1003 iis
1865 948 1954 1017 qui
2002 945 2070 1000 ab

480 1066 751 1125 haereticis
782 1058 1031 1129 baptizati
1074 1061 1227 1109 erant
1265 1047 1542 1105 catholicis
1583 1043 1888 1108 faciebant,
1933 1055 2073 1095 non-

482 1159 628 1215 nulla
682 1155 843 1210 dubia
900 1151 967 1205 de
1035 1146 1302 1217 baptismo
1367 1142 1505 1197 inter
1561 1138 1705 1206 ipsos
1778 1133 2075 1189 catholicos

485 1252 702 1307 suborta
735 1246 989 1309 fuerant,
1039 1254 1161 1310 quae
1192 1247 1410 1299 sanctus
1450 1231 1777 1303 Augustinus
1814 1230 1865 1282 in
1917 1227 2076 1280 linem

487 1340 702 1411 septimi
728 1348 782 1393 et
812 1335 985 1391 ultimi
1017 1332 1138 1387 libri
1169 1330 1235 1383 de
1270 1326 1540 1396 Baptismo
1569 1321 1752 1391 rejecit
1789 1338 1802 1371 :
1839 1333 1900 1374 ea
1949 1329 2078 1411 vero

488 1408 563 1489 ibi
586 1432 778 1488 recitat
808 1442 914 1482 non
957 1423 1173 1494 quidem
1200 1420 1491 1481 soluturus,
1526 1414 1617 1469 sed
1652 1412 1879 1483 posteris
1906 1408 2079 1478 potius

489 1524 743 1582 solvenda
772 1531 1098 1591 proponens.
1133 1514 1315 1582 Itaque
1359 1511 1440 1564 sic
1468 1518 1630 1578 caput
1656 1504 1781 1558 illud
1815 1500 1883 1554 55
1919 1514 2078 1591 exor-

490 1618 633 1672 ditur
692 1632 704 1667 :
765 1588 909 1667 Solet
960 1610 1111 1663 etiam
1156 1603 1317 1676 quazri
1366 1611 1537 1655 utrum
1589 1592 1977 1666 approbandum
2017 1588 2082 1643 sit

493 1709 741 1779 baptisma
784 1705 919 1773 quod
950 1702 1012 1754 ab
1040 1716 1098 1754 eo
1144 1698 1232 1767 qui
1276 1711 1378 1748 non
1419 1692 1615 1758 accepit
1655 1687 1941 1755 accipitur,
1974 1691 2089 1749 etc.

492 1777 628 1859 Tres
659 1812 787 1854 vero
817 1796 891 1851 ibi
912 1793 1243 1863 quaestiones
1276 1787 1545 1857 prmcipue
1586 1780 1837 1851 proponit
1868 1794 1882 1832 :
1915 1777 2086 1846 prima

2170 592 2291 633 rum
2317 582 2512 630 statuta
2542 574 2887 643 recipientem
2922 572 3239 643 baptismum
3270 587 3389 627 cum
3430 586 3494 625 ea
3540 570 3773 626 fallacia

2174 687 2235 726 ac
2264 668 2603 723 simulat’ene
2649 681 2753 720 non
2787 665 2997 719 dubitat
3033 680 3154 719 esse
3182 662 3354 718 valide
3403 662 3771 731 baptizatum.

2177 764 2245 818 Et
2292 761 2575 831 superius,
2631 758 2856 827 loquens
2899 757 2964 812 de
3007 757 3166 811 dante
3211 766 3264 809 et
3302 754 3601 823 accipiente
3655 768 3776 806 cum

2177 855 2415 922 fallacia,
2449 854 2563 906 ait:
2602 869 2619 901 ι
2650 851 2729 905 An
2765 850 2882 919 plus
2910 848 3091 903 valent
3120 848 3182 900 ad
3215 845 3650 900 confirmandum
3698 860 3781 899 sa-

2178 954 2509 1003 cramentum
2543 944 2619 998 illi
2654 957 2899 1006 veraces,
2928 942 3063 995 inter
3095 956 3231 1010 quos
3258 941 3431 1009 agitur
3453 980 3468 1005 ,
3511 953 3683 1006 quam
3719 937 3783 991 ad

2179 1040 2549 1096 frustrandum
2593 1036 2667 1090 illi
2711 1034 2961 1101 fallaces,
2995 1050 3025 1087 a
3057 1033 3248 1102 quibus
3276 1032 3451 1101 agitur
3482 1041 3535 1085 et
3568 1032 3625 1084 in
3661 1030 3785 1099 qui-

2180 1135 2279 1189 bus
2312 1133 2507 1201 agitur,
2540 1138 2594 1183 et
2624 1139 2798 1182 tamen
2831 1127 2874 1180 si
2910 1134 3095 1193 postea
3130 1124 3403 1193 prodatur,
3434 1138 3581 1176 neue
3609 1138 3787 1175 nare-

2182 1242 2290 1292 TlT,
2326 1224 2417 1279 sed
2447 1231 2538 1276 aut
2566 1216 3082 1276 excomtnunicando
3110 1216 3327 1285 punitur
3359 1214 3446 1267 illa
3478 1213 3785 1277 simulatio,

2183 1329 2275 1372 aut
2321 1315 2634 1387 paenitendo
2680 1318 2921 1364 sanatur.
2953 1327 2971 1359 ι
3030 1308 3129 1361 Per
3160 1308 3217 1362 τό
3255 1306 3490 1375 fallaces,
3537 1322 3567 1356 α
3595 1305 3790 1374 quibus

2185 1410 2380 1480 agitur,
2410 1406 2779 1473 intelliguntur
2810 1400 3000 1455 dantes
3041 1399 3387 1467 baptismum,
3417 1405 3472 1451 et
3513 1412 3614 1467 per
3651 1400 3712 1453 τὸ
3736 1398 3788 1451 in

2186 1500 2363 1568 quibus
2394 1499 2583 1565 agitur,
2615 1495 2939 1564 accipientes
2970 1490 3311 1560 baptismum.
3333 1489 3483 1555 Quod
3501 1489 3545 1543 si
3568 1489 3791 1543 fallacia

2188 1601 2241 1646 et
2269 1590 2541 1644 simulatio
2570 1584 2878 1656 signiﬁcant
2928 1582 3225 1637 carentiam
3272 1581 3583 1635 intentionis
3618 1621 3635 1647 ,
3671 1579 3790 1648 quis

2189 1696 2294 1736 non
2321 1680 2501 1734 videat
2539 1688 2882 1731 communem
2914 1673 3041 1727 olim
3066 1672 3119 1725 in
3147 1672 3366 1739 antiqua
3400 1669 3650 1727 Ecclesia
3673 1685 3796 1725 sen-

2190 1752 2413 1826 tentiam
2473 1766 2779 1821 damnatam
2840 1763 3007 1817 fuisse
3066 1778 3096 1815 a
3151 1761 3461 1816 Tridentina
3494 1766 3501 1771 “
3535 1762 3792 1833 synodo,

494 1853 988 1959 esu—anfallaciter
1008 1892 1063 1939 et
1090 1853 1340 1937 simulate
1371 1853 1591 1932 tradens
1606 1874 1925 1943 baptismum
1957 1882 2083 1923 vere
2116 1872 2164 1932 B
2194 1877 2386 1931 nempe
2434 1875 2536 1914 non
2588 1856 2787 1928 requiri
2832 1855 3186 1959 intentionem
3218 1853 3286 1908 ad
3330 1856 3572 1909 valerem
3611 1872 3797 1910 sacra-

495 1983 767 2056 baptizat,
825 1978 1045 2040 fallens,
1107 1975 1319 2043 inquam
1352 2011 1366 2035 ,
1421 1970 1473 2024 in
1516 1963 1916 2056 Ecclesia‘,g_vel
1968 1975 2086 2029 qua:

498 2052 713 2143 putatur
746 2066 1015 2131 Ecclesia;
1049 2062 1219 2118 altera.
1250 2059 1473 2131 qumstio
1496 2066 1599 2124 est,
1634 2070 1698 2108 an
1744 2052 2006 2107 fallaciter
2036 2058 2091 2103 et

498 2180 622 2223 cum
668 2159 1012 2217 simulatione
1043 2154 1342 2224 suscipiens
1389 2151 1441 2203 in
1473 2145 1709 2202 Ecclesia
1740 2144 2086 2213 baptismum,

503 2273 632 2313 vere
660 2264 715 2311 et
742 2252 918 2308 valide
942 2234 1282 2320 baptizetur;
1317 2251 1585 2313 postrema
1624 2236 1848 2307 quaestio
1878 2245 1978 2301 est,
2021 2249 2089 2288 an

501 2358 614 2401 tum
656 2342 901 2414 praebens
935 2350 1043 2393 tum
1067 2333 1336 2404 recipiens
1376 2329 1695 2398 baptismum
1727 2336 1877 2379 extra
1910 2324 2090 2378 Eccle-

500 2438 632 2493 siam
666 2435 880 2490 mimice
904 2440 958 2485 et
982 2428 1187 2483 ludicre
1216 2424 1543 2479 ablutionem
1590 2426 1928 2489 peragentes,
1962 2431 2091 2470 vere

499 2527 789 2586 conficiant
821 2526 1213 2577 sacramentum
1247 2513 1515 2585 baptismi.
1546 2511 1601 2565 In
1648 2510 1732 2565 his
1778 2508 1953 2563 dubiis
1984 2522 2091 2561 non

501 2620 662 2677 audet
689 2615 1017 2686 Augustinus
1048 2609 1335 2680 quidquam
1391 2605 1635 2671 definire,
1667 2600 1761 2656 sed
1792 2600 1865 2654 ait
1898 2618 1910 2652 :
1949 2617 1968 2651 ι
1989 2598 2095 2652 Νο-

502 2713 587 2767 bis
610 2718 780 2764 tutum
812 2715 893 2761 est
942 2704 995 2757 in
1029 2715 1091 2756 ea
1140 2714 1245 2753 non
1289 2695 1537 2767 progredi
1570 2694 1747 2763 aliqua
1788 2690 2095 2746 temeritate

506 2801 811 2865 sententiae,
845 2810 963 2867 quae
1011 2792 1158 2847 nullo
1204 2792 1257 2845 in
1286 2787 1549 2843 catholico
1589 2780 1844 2854 regienall
1869 2783 2097 2837 concilio

504 2902 725 2964 empta,
780 2888 929 2944 nullo
974 2883 1215 2956 plenarie
1264 2878 1491 2937 concilio
1548 2877 1830 2933 terminata
1895 2880 2038 2928 sunt.
2072 2891 2090 2926 ι

505 2989 695 3043 Postea
728 2982 999 3043 insinuat,
1029 2976 1073 3031 si
1106 2976 1160 3052 in_
1189 2988 1254 3029 ea
1282 2969 1492 3044 synodo
1540 2968 1752 3024 sederet
1780 2967 1831 3020 in
1863 2980 1965 3035 qua
2008 2964 2094 3018 illa

506 3078 664 3135 dubia
692 3070 948 3129 solvenda
973 3073 1193 3131 essent,
1229 3063 1391 3118 malle
1439 3076 1496 3116 se
1526 3060 1757 3113 aliorum
1805 3056 2097 3111 sententias

506 3168 697 3237 sequi;
730 3171 785 3218 et
812 3163 858 3217 si
902 3174 967 3214 eo
995 3158 1175 3210 animo
1208 3163 1335 3207 tunc
1380 3160 1523 3206 esset
1565 3164 1671 3219 quo
1698 3157 1810 3202 erat
1855 3162 1975 3201 cum
2007 3146 2095 3201 illa

2196 1957 2405 2012 menti?
2436 1954 2767 2024 Augustinus
2798 1951 2939 2006 enim
2988 1949 3252 2021 majorum
3292 1957 3489 2004 statuta
3530 1952 3791 2020 appellat,

2196 2051 2387 2120 quibus
2415 2048 2688 2102 decretum
2720 2052 2836 2097 erat
2868 2042 3134 2097 fallaciter
3160 2081 3174 2105 ,
3209 2040 3311 2095 hoc
3356 2051 3441 2097 est
3469 2046 3587 2097 sine
3620 2043 3796 2098 inten-

2198 2143 2380 2208 tione,
2436 2150 2493 2195 ut
2550 2138 2781 2207 explicat
2839 2135 3121 2206 Vasquez,
3182 2134 3534 2204 accipientem
3595 2133 3796 2191 habere

2196 2250 2379 2288 verum
2412 2231 2757 2300 baptismum.
2792 2228 2922 2283 item
2953 2236 3175 2283 testatur
3206 2227 3339 2281 tales
3370 2243 3489 2282 cum
3532 2244 3594 2282 ea
3645 2228 3795 2282 falla-

2198 2326 2280 2379 cia
2312 2323 2631 2392 baptizatos,
2662 2322 2705 2375 si
2740 2319 2996 2390 prodatur
3036 2334 3097 2373 ea
3138 2318 3430 2385 simulatio,
3480 2334 3797 2374 excommu-

2198 2415 2408 2481 nicari,
2457 2430 2563 2468 non
2612 2428 2741 2467 vero
2787 2410 3133 2481 rebaptizari,
3183 2411 3323 2481 quod
3371 2411 3641 2481 significat
3700 2413 3797 2467 illis

2198 2507 2377 2562 verbis
2399 2547 2414 2572 ,
2446 2522 2594 2559 nemo
2624 2507 2843 2575 repetit,
2873 2504 3078 2558 scilicet
3121 2503 3471 2574 baptismum,
3502 2508 3659 2575 cujus
3706 2522 3794 2576 op.

2199 2598 2430 2667 positum
2493 2596 2653 2651 modo
2699 2595 2861 2651 docet
2907 2594 3194 2662 Ecclesia,
3228 2612 3346 2664 quae
3402 2611 3526 2650 cum
3579 2597 3796 2652 deﬁniat

2201 2678 2522 2758 baptismum
2566 2689 2817 2742 collatum
2868 2688 2997 2768 sine.
3036 2688 3335 2743 intentione
3380 2704 3501 2743 esse
3547 2689 3793 2755 nullum,

2202 2781 2350 2836 illum
2396 2781 2563 2851 repeti
2588 2779 2760 2849 jubet.
2792 2779 2971 2849 Itaque
3012 2779 3296 2847 explicatio
3360 2795 3469 2849 qua
3512 2778 3796 2850 Augustini

2204 2872 2346 2927 dicta
2383 2871 2626 2942 Vasquez
2677 2870 3058 2940 interpretatur
3085 2911 3100 2935 ,
3133 2879 3279 2925 stare
3309 2870 3456 2925 nullo
3488 2872 3653 2926 modo
3703 2888 3796 2944 p0-

2204 2973 2308 3019 test
2331 3004 2346 3030 ,
2379 2965 2480 3018 nisi
2530 2963 2771 3019 dicamus
2826 2961 2911 3017 vel
2955 2963 3207 3032 antiquos
3238 2960 3424 3019 Patres
3454 2978 3673 3021 errasse
3706 3007 3721 3029 ,
3750 2974 3796 3020 et

2208 3073 2316 3112 non
2346 3057 2742 3128 rebaptizantes
2788 3071 2881 3111 eos
2921 3056 3009 3125 qui
3042 3070 3163 3111 cum
3213 3057 3559 3114 simulatione
3599 3059 3794 3129 bapt‘s-
3890 3126 3892 3129 ι

2213 3163 2357 3202 nium
2409 3150 2777 3218 peregissent,
2826 3146 3138 3201 eorumdem
3190 3140 3547 3205 damnationis
3585 3166 3795 3207 causam

506 3256 775 3321 dictabat,
809 3256 881 3309 ita
920 3256 1302 3318 responsurum
1340 3260 1356 3297 :
1394 3241 1457 3295 ad
1492 3241 1716 3311 primam
1745 3238 2096 3308 quaestionem
2127 3247 2175 3312 ο
2208 3240 2392 3323 fuisse.
2431 3238 2527 3293 Vel
2574 3249 2721 3295 certe
2769 3238 3117 3294 Triilentinos
3147 3253 3208 3292 ac
3239 3238 3586 3296 Florentinos
3614 3243 3797 3298 Patres
3890 3304 3892 3315 Ι

505 3351 723 3423 Quidem
756 3364 771 3399 :
811 3362 830 3397 ι
863 3341 1073 3398 Habere
1100 3351 1193 3394 eos
1224 3336 1567 3405 baptismum,
1596 3333 1684 3403 qui
1714 3328 2015 3399 ubicunque
2042 3337 2096 3385 et

507 3444 539 3499 s
585 3439 993 3513 quibuscunque
1042 3428 1173 3488 illud
1226 3426 1404 3485 verbis
1459 3425 1778 3495 evangelicis
1810 3437 2094 3478 consecra-

509 3546 622 3593 tum
652 3533 767 3589 sine
798 3543 893 3587 sua
924 3524 1265 3584 simulatione
1295 3528 1350 3577 et
1379 3533 1499 3575 cum
1531 3517 1703 3587 aliqua
1737 3514 1839 3569 fide
1856 3514 2098 3582 accepis-

511 3626 649 3682 Sent.
682 3640 701 3675 ι
738 3619 817 3676 Ad
863 3617 1089 3674 alteram
1120 3610 1474 3683 quaestionem
1505 3604 1794 3675 respondet
1839 3620 1854 3658 :
1892 3620 1911 3653 ι
1952 3604 2097 3657 Prae-

512 3718 688 3776 teritis
737 3714 1000 3784 majerum
1050 3707 1307 3769 statutis,
1370 3717 1475 3756 non
1528 3700 1713 3753 dubito
1769 3698 1928 3751 etiam
1981 3695 2102 3750 illos

514 3810 712 3865 habere
734 3804 1058 3874 baptismum
1091 3797 1204 3864 qui,
1246 3793 1491 3863 quamvis
1523 3788 1785 3843 fallaciter
1814 3787 2096 3856 accipiant,

514 3904 569 3957 in
628 3896 867 3952 Ecclesia
902 3903 1082 3945 tamen
1133 3883 1425 3951 accipiunt,
1468 3879 1548 3931 vel
1600 3878 1686 3931 ubi
1736 3887 1953 3945 putatur
1982 3889 2101 3931 esse

514 3988 754 4048 Ecclesia
785 3984 853 4038 ab
894 3982 972 4036 eis
1027 3980 1079 4032 in
1110 3987 1335 4044 quorum
1383 3970 1639 4024 societate
1668 3968 1717 4022 id
1758 3969 2034 4039 accipitur.
2076 3986 2094 4018 ι

514 4082 697 4147 Itaque
740 4090 806 4132 ex
855 4069 1137 4142 Augustini
1188 4064 1453 4121 sententia
1510 4062 1711 4117 sufficit
1755 4062 1820 4114 ad
1865 4056 2100 4116 valerem

515 4168 767 4239 baptismi
816 4164 958 4236 quod
1008 4163 1059 4217 in
1108 4160 1366 4215 alterutro
1419 4164 1625 4209 tantum
1676 4154 1745 4209 sit
1777 4167 1899 4208 vera
1934 4153 2098 4220 fides,

516 4264 645 4321 licet
671 4262 726 4317 in
765 4272 873 4315 uno
901 4256 1068 4326 possit
1099 4269 1219 4310 esse
1259 4250 1471 4306 fallacia
1521 4258 1574 4303 et
1612 4247 1901 4302 simulatio.
1939 4248 2104 4301 Porro

518 4373 627 4416 non
685 4363 767 4411 est
808 4358 1012 4407 certum
1063 4363 1129 4401 an
1185 4346 1253 4401 de
1324 4343 1622 4399 intentione
1678 4340 1985 4396 necessaria
2038 4339 2103 4392 ad

516 4449 846 4519 baptismum
873 4444 1139 4512 loquatur.
1172 4438 1301 4492 Nam
1348 4436 1590 4506 Vasquez
1632 4441 1781 4502 putat
1825 4447 1919 4502 per
1951 4432 2008 4489 τό
2030 4431 2104 4485 si-

520 4543 745 4598 mutatus
775 4538 998 4601 animus,
1048 4532 1279 4603 fallacia,
1329 4528 1587 4582 simulatio
1614 4569 1628 4593 ,
1674 4525 1882 4581 excludi
1922 4538 2103 4579 veram

2204 3342 2392 3388 contra
2421 3332 2729 3387 vetustioris
2782 3332 3039 3386 Ecclesiae
3066 3334 3389 3387 sententiam
3431 3335 3692 3390 statuisse
3725 3338 3796 3389 in-

2208 3423 2499 3477 tentionem
2528 3437 2648 3477 esse
2676 3421 3033 3478 necessariam
3072 3420 3137 3475 ad
3173 3422 3405 3478 valerem
3436 3424 3798 3489 sacramenti;

2206 3514 2345 3584 quod
2372 3521 2662 3583 utrumque
2707 3513 2900 3568 falsum
2952 3520 3003 3567 et
3032 3512 3321 3567 absurdum
3350 3522 3453 3569 est.
3501 3502 3688 3570 Fictus
3716 3517 3799 3571 ille

2207 3607 2473 3662 Moraincs
2525 3607 2578 3661 in
2625 3604 3091 3674 Disputatienibus
3123 3602 3482 3674 tbeologieis,
3528 3622 3660 3676 quas
3709 3608 3799 3661 sub

2207 3716 2337 3755 vero
2369 3700 2606 3767 nomine,
2639 3715 2831 3769 nempe
2860 3699 3080 3758 Joannis
3108 3702 3415 3768 Martineni,
3443 3704 3636 3768 edidit,
3662 3716 3797 3776 part.

2208 3807 2285 3857 ιιι,
2306 3793 2503 3861 disput.
2535 3792 2627 3859 2'2,
2660 3804 2793 3850 sect.
2820 3797 2873 3864 5,
2901 3810 3049 3850 num.
3073 3795 3171 3860 55,
3197 3810 3301 3850 non
3319 3795 3419 3851 sibi
3440 3797 3801 3853 cohaerentem

2207 3884 2502 3939 doctrinam
2535 3885 2811 3952 Augustini
2844 3900 3076 3953 arguens
3117 3886 3192 3941 ait
3224 3906 3237 3942 :
3268 3906 3287 3939 ‹
3324 3886 3569 3959 Cumque
3605 3890 3666 3944 D.
3698 3892 3802 3945 Au-

2208 3978 2453 4047 gustinus
2476 3976 2663 4031 eodem
2680 3976 2799 4031 loco
2828 3988 2971 4033 recte
2999 3979 3271 4035 censuerit
3293 3994 3415 4034 eum
3440 3995 3547 4051 non
3568 3982 3804 4050 recipere

2209 4068 2533 4138 baptismum
2588 4069 2676 4136 qui
2720 4068 2842 4123 ficte
2890 4079 2944 4124 et
2993 4070 3109 4125 sine
3160 4071 3458 4125 intentione
3509 4073 3804 4143 recipiendi

2213 4159 2451 4227 accedit,
2484 4173 2582 4229 par
2612 4159 2709 4213 fuit
2740 4160 2876 4214 ratio
2903 4169 2959 4213 ut
2986 4175 3091 4215 non
3134 4158 3403 4215 dubitaret
3437 4176 3562 4215 eum
3596 4178 3802 4231 quoque

2212 4264 2316 4303 non
2346 4265 2471 4304 vere
2497 4250 2794 4319 baptizare,
2826 4253 2916 4320 qui
2940 4266 3047 4306 non
3080 4252 3224 4307 serio
3281 4266 3344 4306 ac
3368 4252 3487 4307 sine
3516 4254 3807 4310 intentione

2212 4343 2464 4411 baptizat.
2497 4360 2515 4393 ι
2591 4343 2659 4396 At
2710 4342 3168 4409 sanctusdoctor
3222 4344 3528 4412 oppositum
3586 4360 3802 4413 prorsus

2212 4436 2449 4505 scripsit,
2480 4450 2600 4490 nam
2628 4436 2785 4506 plana
2817 4444 2939 4490 sunt
2964 4436 3081 4506 ejus
3101 4436 3263 4491 verba
3280 4438 3527 4506 superius
3553 4440 3803 4493 recitata:

2214 4526 2335 4581 Non
2366 4528 2541 4581 dubito
2566 4530 2720 4581 etiam
2760 4528 2875 4582 illos
2914 4528 3097 4583 habere
3130 4526 3459 4596 baptismum,
3483 4531 3595 4597 qui,
3632 4547 3806 4600 quam-

520 4636 875 4694 intentionem
907 4636 997 4684 aut
1040 4627 1217 4681 dantis
1269 4633 1358 4677 aut
1406 4621 1715 4689 accipientis
1760 4619 2105 4686 baptismum.
2133 4631 2187 4691 1)
2213 4623 2283 4673 vis
2308 4619 2565 4688 fallaciter
2590 4619 2716 4688 (hoc
2742 4629 2824 4673 est
2854 4619 2967 4672 sine
2991 4619 3305 4683 intentione,
3338 4630 3393 4672 ut
3423 4634 3545 4673 cum
3578 4620 3807 4689 Vasquio

522 4731 701 4800 Quare
726 4741 847 4783 cum
879 4722 1006 4779 dicit
1036 4718 1383 4788 Augustinus,
1418 4715 1507 4783 qni
1542 4712 1799 4781 fallaciter
1838 4713 2112 4782 accipiunt

474 4886 475 4889 η
520 4821 870 4889 baptismum,
904 4813 1043 4867 idem
1072 4816 1231 4865 sonat
1258 4822 1320 4861 ac
1348 4805 1534 4874 absque
1572 4803 1869 4856 intentione.
1899 4803 1964 4855 Et
1984 4816 2112 4856 con-

458 4900 469 4921 ³
526 4909 691 4963 cludit
736 4915 957 4976 putasse
1008 4899 1361 4971 Augustinum
1417 4894 1766 4950 intentionem
1834 4907 1939 4947 non
1994 4905 2114 4949 esse

526 4996 886 5052 necessariam
911 4994 965 5047 in
996 4992 1153 5046 dante
1183 4999 1235 5045 et
1273 4987 1597 5057 suscipiente
1630 4985 1972 5055 baptismum,
2018 4984 2112 5038 sed

530 5090 663 5145 satis
690 5100 810 5141 esse
835 5084 975 5154 quod
1015 5085 1086 5138 sit
1116 5086 1165 5137 in
1199 5083 1475 5147 alterutro,
1512 5093 1629 5148 quae
1658 5077 1919 5132 sententia
1958 5075 2115 5130 modo

528 5181 599 5238 ob
626 5179 842 5235 decreta
872 5174 1219 5230 conciliorum
1269 5180 1379 5226 tuta
1416 5184 1522 5225 non
1571 5179 1679 5224 est.
1728 5168 1832 5223 Sed
1866 5168 1979 5223 haec
2021 5182 2113 5222 ex-

527 5272 743 5345 plicatio
773 5264 1135 5323 difﬁcultatem
1166 5264 1383 5331 patitur,
1413 5263 1554 5333 quod
1579 5262 1906 5331 Augustinus
1929 5268 2113 5330 aperte

528 5364 717 5422 scribit
771 5380 784 5414 :
841 5356 1127 5413 Prwteritis
1195 5357 1452 5426 majorum
1516 5354 1740 5419 statutis,
1788 5371 1889 5407 non
1941 5353 2115 5405 dubito

529 5462 680 5514 etiam
709 5454 827 5510 illos
874 5450 1055 5504 habere
1098 5448 1406 5515 baptismum
1434 5447 1542 5517 qui,
1589 5446 1819 5515 quamvis
1862 5444 2117 5513 fallaciter

528 5552 819 5623 accipiant,
877 5546 933 5599 in
982 5540 1214 5596 Ecclesia
1271 5548 1438 5593 tamen
1490 5539 1770 5609 accipiunt.
1832 5537 1889 5592 Si
1956 5538 2115 5608 igitur

530 5642 789 5695 fallaciter
850 5636 1096 5705 accipere
1146 5632 1474 5703 baptismum
1527 5639 1610 5687 est
1658 5630 1773 5684 sine
1818 5628 2114 5684 intentione

533 5732 771 5799 recipere
820 5729 1137 5794 baptismum
1170 5767 1184 5790 ,
1242 5722 1509 5795 majorum
1569 5723 1785 5778 statutis
1837 5721 2113 5778 decretum

531 5836 648 5881 erat
689 5824 1034 5889 recipientem
1062 5825 1178 5877 sine
1210 5823 1507 5878 intentione
1555 5837 1676 5877 esse
1704 5835 1832 5878 vere
1875 5822 2115 5890 baptiza-

2224 4710 2605 4777 intcrpretatur
2662 4708 3024 4779 Martinonus)
3096 4711 3384 4782 accipiant,
3462 4711 3517 4764 in
3585 4709 3808 4765 Ecclesia

2217 4809 2381 4853 tamen
2428 4799 2707 4869 accipiunt.
2758 4799 2966 4853 Nullius
3029 4809 3209 4854 autem
3267 4800 3442 4855 minus
3490 4801 3809 4855 cohaerentis

2220 4892 2505 4947 sententite
2538 4891 2867 4963 Augusrinus
2891 4901 3082 4947 auctor
3114 4894 3230 4960 fuit,
3266 4890 3324 4948 ut
3351 4894 3603 4964 Opinatur
3632 4895 3809 4949 Marti-

2220 4998 2415 5051 uonus,
2445 4983 2539 5039 sed
2572 4983 2809 5037 validum
2842 4999 2962 5039 esse
2987 4984 3311 5055 baptismum
3338 4984 3494 5051 dixit,
3524 4996 3580 5041 et
3616 4986 3670 5041 in
3714 4986 3807 5040 fal-

2225 5077 2409 5131 laciter
2435 5077 2733 5145 accipiente
2762 5086 2816 5131 et
2840 5076 2874 5129 'a
2907 5076 3173 5134 fallaciter
3206 5080 3386 5135 dante.

2292 5168 2678 5237 Explicandum
2714 5168 2875 5237 igitur
2920 5180 3002 5224 est
3049 5171 3173 5239 quid
3221 5173 3440 5226 nomine
3490 5171 3718 5227 fallacia}
3762 5181 3811 5227 et

2219 5259 2578 5315 simulationis
2608 5258 2940 5330 Augustinus
2963 5260 3251 5333 intelligat,
3293 5279 3414 5317 cum
3446 5263 3553 5319 dici
3582 5271 3809 5332 nequeat

2220 5352 2550 5422 signiﬁcasse
2578 5353 2870 5407 carentiam
2915 5353 3226 5408 intentionis
3272 5354 3433 5409 modo
3476 5370 3545 5411 ex
3579 5356 3801 5411 Triden«

2220 5448 2331 5499 tino
2362 5443 2428 5499 ad
2453 5443 2691 5499 valerem
2726 5444 2976 5514 baptismi
3008 5447 3349 5501 necessariae.
3388 5445 3574 5516 Itaque
3605 5444 3806 5502 fallacia

2219 5548 2273 5595 et
2293 5540 2564 5594 simulatio
2584 5538 2637 5592 in
2663 5539 2865 5609 duplici
2891 5552 3052 5595 sensu
3077 5540 3247 5611 accipi
3288 5549 3534 5611 possunt,
3569 5541 3657 5596 vel
3690 5557 3810 5611 qua-

2224 5640 2375 5685 tenus
2430 5630 2724 5685 excludunt
2776 5629 3130 5686 intentionem
3204 5630 3433 5689 faciendi
3490 5630 3638 5701 quod
3696 5630 3810 5686 facit

2221 5725 2461 5782 Ecclesia
2510 5727 2566 5781 in
2611 5723 2948 5781 conﬁciendo
2980 5738 3325 5783 sacramento
3355 5774 3369 5799 ,
3403 5728 3489 5783 vel
3546 5738 3809 5799 quatenus

2222 5819 2515 5877 excludunt.
2562 5818 2721 5875 fidem
2750 5861 2765 5886 ,
2797 5834 2890 5876 seu
2920 5820 3311 5889 credulitatem,
3341 5822 3423 5878 vel
3459 5822 3810 5879 existimatio-
