3892 6302
177 337 286 393 717

1393 337 1713 400 ιτιΝυιοιλε
1754 336 2310 399 ΑυαυδτιΝιΑΝίΕ.

3363 340 3468 399 718

164 463 294 503 nem
317 447 385 505 de
413 463 472 505 re
499 456 551 504 et
579 446 769 505 effectu
797 449 1142 516 sacramenti,
1165 451 1254 521 qui
1287 459 1370 507 est
1397 453 1756 509 sanctiﬁcatio
1783 462 1835 522 Α
1866 462 2013 509 ctum
2057 453 2268 508 Patrem
2292 449 2358 505 de
2380 449 2561 520 aliquo
2613 449 2910 516 dubitasse,
2941 452 3083 522 quod
3107 453 3266 507 modo
3314 463 3468 509 extra

162 541 364 594 anima:
389 555 482 611 per
523 542 711 610 gratia:
755 541 1114 607 inlusionem;
1149 557 1267 612 quae
1317 543 1422 597 duo
1453 553 1577 598 sunt
1619 545 1770 600 valde

162 633 384 687 diversa
415 649 428 688 :
480 647 601 687 nam
634 633 679 688 si
709 636 829 704 quis
880 636 1095 706 gentilis
1137 636 1265 690 velit
1308 637 1564 706 baptizari
1595 639 1663 693 ob
1695 639 1772 692 lu-

160 741 322 780 crum
362 727 501 797 quod
526 728 651 782 inde
678 737 856 796 Sperat
901 744 930 783 a
961 731 1204 801 principe
1232 731 1566 799 Christiano,
1599 733 1767 789 fallaci

161 821 350 872 animo
379 833 442 873 ac
465 820 718 875 simulato
747 821 940 891 accipit
963 823 1290 891 baptismum
1310 862 1324 886 ,
1358 823 1560 878 fallacia
1589 834 1769 880 tamen

160 921 224 963 et
263 911 607 966 simulatione
642 927 743 966 non
777 914 1101 969 excludente
1130 915 1486 971 intentionem
1521 933 1771 972 necessa-

162 1001 304 1054 riam
334 1001 399 1054 ad
429 1002 667 1056 valorcm
698 1005 1018 1059 sacramenti
1044 1046 1059 1070 ,
1110 1020 1207 1074 per
1233 1021 1392 1075 quam
1423 1007 1650 1061 intendit
1683 1005 1766 1062 fa-

162 1109 294 1147 cere
323 1094 465 1163 quod
523 1095 649 1150 facit
699 1096 976 1161 Ecclesia,
1037 1099 1130 1152 sed
1185 1098 1502 1153 excludente
1553 1114 1664 1153 rem
1716 1109 1771 1154 et

161 1184 416 1240 effectum
443 1189 764 1243 sacramenti
795 1233 807 1256 ,
838 1203 1032 1258 nempe
1063 1191 1292 1260 gratiam
1322 1191 1766 1248 sanctificantem.

163 1277 346 1342 Quare
373 1292 496 1331 cum
541 1293 605 1332 ex
639 1279 794 1335 dictis
823 1288 1011 1335 contra
1062 1280 1354 1351 Vasquium
1399 1283 1620 1355 intelligi
1664 1300 1768 1340 non

158 1369 339 1435 possit
367 1372 695 1440 Augustinus
741 1372 808 1426 de
837 1373 1050 1428 fallacia
1101 1382 1153 1428 et
1203 1373 1544 1431 simulatione
1592 1377 1772 1432 exclu-

159 1461 332 1515 deute
363 1462 729 1517 intentionem
760 1464 988 1520 faciendi
1009 1465 1148 1534 quod
1179 1463 1307 1521 facit
1331 1466 1587 1534 Ecclesia,
1612 1483 1770 1537 quam

157 1554 358 1622 synodi
406 1556 735 1623 posteriores
783 1565 1100 1612 statuerunt
1148 1560 1503 1612 necessariam
1549 1574 1671 1614 esse
1701 1559 1769 1614 ad

161 1643 408 1698 valorcm
459 1646 813 1711 sacramenti,
846 1646 914 1701 de
946 1647 1152 1702 fallacia
1185 1657 1239 1702 et
1285 1649 1624 1704 simulatione
1673 1665 1769 1703 ca-

157 1736 420 1791 cludente
451 1739 832 1804 intentionem,
862 1755 954 1793 seu
979 1740 1380 1806 credulitatem,
1413 1751 1465 1796 et
1490 1745 1770 1797 existima-

1877 547 2096 600 dubium
2130 543 2364 614 ponitur,
2415 543 2721 597 necessario
2765 541 3052 598 dicendum
3085 556 3188 601 est.
3241 545 3467 610 Quando

1874 640 2015 694 enim
2041 638 2114 690 ait
2151 637 2368 695 mimice
2394 644 2448 690 et
2477 635 2680 690 ludicre
2707 636 2960 691 collatum
2993 637 3341 706 baptismum,
3385 638 3470 691 vel

1875 730 2074 782 mimice
2105 736 2150 781 et
2182 727 2379 780 ludicre
2414 727 2485 781 ita
2513 728 2848 797 intelligebat
2868 738 2925 782 ut
2957 729 3141 798 procul
3173 728 3297 782 inde
3327 736 3472 782 esset

1875 833 1980 872 non
2029 819 2202 872 solum
2265 817 2490 872 intentio
2531 818 2598 872 de
2637 817 2830 873 effectu
2878 819 3224 887 sacramenti,
3281 834 3467 873 verum

1874 911 2033 966 etiam
2066 911 2292 966 intentio
2334 911 2568 965 faciendi
2609 912 2748 980 quod
2783 911 2910 965 facit
2964 911 3236 972 Ecclesia;
3278 911 3363 965 vel
3396 912 3467 963 ita

1876 1014 1930 1058 ut
1948 1004 2065 1058 lucc
2077 1003 2311 1058 secunda
2334 1004 2560 1058 intentio
2574 1005 2794 1058 minime
2809 1005 3183 1060 excluderetur
3199 1021 3212 1057 :
3230 1005 3352 1058 side
3368 1005 3472 1058 hoc

1875 1097 2114 1153 secundo
2145 1096 2432 1160 dubitavit,
2455 1097 2567 1164 jam
2599 1099 2756 1152 modo
2788 1106 3000 1153 constat
3025 1099 3156 1155 satis
3187 1113 3306 1152 esse
3335 1099 3471 1152 hanc

1876 1190 2228 1244 intentionem
2262 1189 2490 1243 faciendi
2549 1191 2688 1258 quod
2741 1190 2868 1243 facit
2911 1189 3172 1256 Ecclesia,
3228 1190 3293 1244 ad
3323 1190 3471 1243 valo-

1875 1296 1987 1336 rem
2013 1280 2307 1349 baptismi;
2339 1281 2383 1334 si
2410 1281 2477 1334 de
2502 1281 2675 1348 primo
2731 1280 2928 1334 dubius
2961 1282 3080 1344 fuit,
3108 1282 3233 1334 item
3262 1292 3468 1334 certum

1875 1371 2035 1427 modo
2065 1373 2313 1427 estinter
2343 1371 2640 1426 catholicos
2681 1372 3005 1439 baptismum
3059 1372 3276 1425 exclusa
3301 1374 3469 1440 quali-

1873 1464 1965 1519 bet
2017 1463 2311 1518 intentione
2347 1480 2451 1517 non
2483 1478 2602 1518 esse
2637 1463 2889 1516 validum.
2923 1461 3174 1516 Profecto
3220 1477 3283 1517 ex
3342 1478 3466 1516 ver-

1874 1559 1956 1613 bis
1987 1559 2266 1629 Augustini
2291 1568 2433 1628 patet
2466 1574 2682 1612 omnem
2724 1566 2777 1612 et
2805 1573 3180 1626 quamcunque
3210 1566 3334 1610 tunc
3383 1557 3468 1610 in-

1876 1650 2169 1704 tentionem
2201 1650 2444 1713 excludi,
2489 1651 2560 1703 ait
2602 1651 2768 1715 enim,
2818 1651 2907 1702 sed
2960 1658 3118 1701 totum
3175 1649 3388 1712 ludicre,
3421 1657 3468 1701 et

1875 1741 2094 1807 mimice,
2124 1753 2171 1794 et
2216 1741 2532 1813 joculariter
2563 1751 2801 1811 ageretur
2835 1758 2851 1794 :
2881 1741 3143 1809 siquidem
3171 1741 3214 1793 si
3255 1740 3468 1795 adesset

162 1833 367 1884 tionvm
403 1831 470 1886 de
496 1847 556 1886 re
585 1845 636 1886 et
667 1832 861 1887 effectu
890 1833 1223 1889 Sacramenti
1271 1836 1615 1903 accipieudus
1661 1847 1763 1890 est.
1800 1842 1848 1903 Β
1878 1831 2101 1885 intentio
2131 1835 2272 1886 serio
2301 1833 2528 1886 faciendi
2575 1833 2716 1902 quod
2751 1832 2876 1887 facit
2903 1831 3164 1898 Ecclesia,
3194 1833 3299 1900 jam
3358 1849 3467 1889 non

162 1923 302 1976 Ilinc
333 1925 660 1994 AuguStinus
689 1927 753 1978 ad
785 1925 1022 1980 valorem
1077 1927 1404 1981 sacramenti
1454 1928 1682 1996 requirit
1714 1937 1770 1982 ut

159 2019 258 2086 qui
284 2019 412 2072 illud
462 2019 721 2088 fallaciter
759 2022 1045 2089 accipiunt,
1075 2022 1127 2074 in
1165 2021 1398 2075 Ecclesia
1424 2033 1592 2077 tamen
1634 2027 1770 2079 acci-

161 2109 311 2176 piant
338 2149 351 2174 ,
381 2119 520 2175 elc.;
547 2120 598 2164 et
628 2119 751 2164 ante
781 2112 855 2163 ait
880 2130 891 2163 :
930 2111 1114 2165 Utrum
1144 2113 1334 2183 fallens
1357 2115 1485 2167 sicut
1509 2116 1559 2168 in
1591 2113 1768 2169 Eccle-

159 2202 265 2265 sia,
295 2203 370 2256 vel
396 2204 449 2257 in
471 2220 528 2257 ea
555 2219 670 2273 quia
710 2212 922 2272 putatur
967 2204 1218 2259 Ecclesia.
1248 2205 1348 2271 Qui
1401 2205 1543 2260 enim
1577 2207 1628 2260 in
1669 2206 1769 2262 Ec-

159 2291 327 2346 clesia
353 2295 487 2361 petit
530 2295 852 2362 baptismum
888 2295 1002 2349 vult
1029 2309 1158 2350 sane
1188 2298 1426 2352 exterius
1461 2298 1513 2351 in
1543 2314 1602 2354 se
1645 2299 1765 2354 ﬁeri

162 2383 309 2451 quod
344 2384 467 2439 facit
499 2386 758 2446 Ecclesia.
788 2387 915 2441 licet
944 2386 1010 2444 de
1039 2388 1236 2443 effectu
1267 2391 1453 2458 gratia:
1485 2391 1614 2445 nihil
1645 2407 1764 2446 cre-

163 2473 277 2527 dat.
307 2475 448 2529 Idem
486 2478 833 2545 Augustinus,
876 2477 968 2532 lib.
1018 2493 1034 2531 ι
1081 2478 1149 2533 de
1198 2480 1489 2549 Baptismo,
1519 2497 1638 2549 cap.
1673 2483 1760 2550 i2,

161 2579 286 2619 cum
317 2567 544 2620 dixisset
566 2567 768 2621 Simoni
799 2568 949 2637 Mago
977 2569 1029 2623 in
1055 2571 1322 2640 baptismo
1347 2572 1568 2627 dimissa
1593 2573 1763 2628 fuisse

163 2665 408 2724 peccata,
441 2658 632 2726 quaerit
661 2676 672 2709 :
710 2658 850 2723 Quid
885 2661 926 2712 si
955 2661 1022 2713 ad
1051 2662 1220 2730 ipsum
1271 2663 1574 2731 baptismum
1616 2663 1765 2731 ﬁctus

157 2747 422 2801 accessit?
454 2747 554 2800 hoc
568 2757 764 2803 estnon
794 2749 997 2804 habens
1024 2751 1296 2806 ﬁdem'vel
1322 2754 1675 2808 intentionem
1703 2757 1767 2812 de

160 2839 358 2894 etfectu
404 2839 652 2908 baptismi
686 2882 701 2908 ,
736 2841 831 2896 sed
873 2843 1057 2897 animo
1103 2844 1356 2899 simulato
1384 2854 1544 2914 atque
1567 2845 1763 2903 fallaci.

167 2931 326 2985 Addit
378 2949 389 2983 :
444 2947 462 2980 ι
494 2932 710 2998 Quzero,
743 2933 789 2987 si
841 2942 1022 3001 postea
1076 2935 1349 2990 ﬁctionem
1399 2951 1550 2992 suam
1603 2940 1768 2995 corde

166 3034 427 3075 concusso
451 3031 508 3075 et
531 3037 658 3076 vero
687 3023 872 3078 dolore
901 3023 1176 3089 fateretur,
1205 3026 1386 3081 denuo
1413 3028 1765 3098 baptizandus

169 3112 535 3181 judicaretur?
556 3114 706 3180 Quod
729 3117 776 3170 si
804 3125 886 3170 est
905 3117 1366 3173 dementissimum
1390 3121 1592 3187 dicere,
1608 3141 1626 3176 ι
1656 3135 1761 3179 etc.

1877 1933 2067 1986 totum,
2103 1925 2205 1980 hoc
2235 1935 2318 1980 est
2347 1926 2491 1980 omni
2534 1941 2598 1980 ex
2646 1935 2796 1995 parte
2832 1927 3146 1995 ioculariter
3185 1935 3237 1981 ct
3261 1927 3465 1982 ludicre

1873 2027 2144 2084 ageretur.
2175 2017 2302 2083 Quis
2329 2027 2505 2071 autem
2540 2016 2679 2071 hanc
2724 2017 3106 2071 dubitationem
3167 2017 3466 2086 Augustino

1877 2107 2010 2161 vitio
2046 2117 2240 2173 vertat,
2277 2109 2378 2162 nisi
2411 2108 2699 2174 Moraines,
2746 2124 2931 2177 parttm
2957 2123 3141 2176 aequus
3170 2108 3464 2178 Augustino

1879 2199 2127 2268 scriptor,
2158 2201 2247 2269 qui
2280 2214 2372 2254 eas
2419 2207 2606 2253 sancto
2635 2199 2842 2254 doctori
2887 2201 3181 2254 sententias
3228 2199 3455 2266 affricat,

1871 2305 2093 2358 quarum
2127 2291 2400 2360 oppositas
2428 2291 2544 2345 sine
2572 2291 2733 2346 dubio
2770 2291 2907 2346 idem
2936 2307 2993 2346 se
3019 2300 3200 2346 tenere
3227 2307 3462 2361 pronun-

1875 2386 2004 2439 tiat?
2045 2385 2369 2441 Jureautem
2414 2386 2744 2456 Augustinus
2772 2386 3033 2455 judicium
3067 2385 3366 2454 suspendit,
3398 2400 3462 2440 ea

1872 2479 2168 2546 prmsertim
2194 2488 2513 2548 tempestate
2536 2495 2637 2549 qua
2668 2479 2738 2534 ob
2779 2479 3253 2549 rebaptizationem
3284 2479 3462 2533 Dona-

1871 2574 2113 2627 tistarum
2145 2590 2479 2644 quacunque
2510 2575 2725 2628 iteratio
2757 2575 3005 2643 baptismi
3035 2590 3126 2642 per
3151 2575 3331 2627 ludum
3354 2573 3464 2634 dati

1871 2675 2074 2717 asserta
2108 2663 2316 2726 fuisset,
2363 2663 2546 2717 ﬁdeles
2571 2665 2749 2716 minus
2781 2679 2956 2717 rerum
2992 2663 3146 2731 periti
3177 2679 3239 2715 ac
3261 2663 3464 2731 simpli-

1873 2767 1963 2806 ces
1994 2754 2146 2823 longa
2182 2753 2266 2807 via
2313 2753 2379 2807 ab
2409 2753 2768 2808 schismaticis
2800 2753 3252 2821 reliaptizantibus
3297 2754 3348 2806 in
3380 2768 3465 2808 er-

1873 2860 2048 2899 rorem
2083 2845 2217 2900 trahi
2250 2855 2520 2915 poterant,
2562 2847 2647 2900 cui
2676 2845 2910 2914 periculo
2967 2846 3254 2915 prudenter
3282 2845 3466 2913 Augu-

1873 2938 2044 2991 stinus
2076 2938 2234 2991 cavit.
2265 2937 2418 3004 Quod
2444 2952 2573 2992 vero
2603 2939 2654 2992 in
2686 2938 2823 2991 votis
2856 2938 3044 2991 habuit
3067 2945 3122 2990 ut
3149 2938 3202 2990 in
3229 2937 3464 3006 plenaria

1871 3028 2081 3099 synodo
2122 3043 2209 3084 res
2237 3027 2574 3093 deﬁniretur,
2604 3029 2712 3098 jam
2765 3029 2983 3083 definita
3024 3029 3181 3083 estin
3236 3027 3464 3082 concilio

1870 3115 2209 3181 Florentino,
2239 3117 2292 3171 in
2322 3117 2542 3172 decreto
2572 3117 2694 3171 ﬁdei
2729 3127 2848 3186 post
2876 3118 3118 3172 ultimam
3142 3119 3462 3182 sessionem,

171 3201 248 3256 Ex
279 3203 473 3271 quibus
512 3213 657 3273 patet
696 3217 793 3273 per
841 3205 1109 3261 fictionem
1170 3208 1315 3262 illam
1346 3210 1558 3265 excludi
1591 3211 1766 3268 inten-
1794 3217 1838 3280 ο
1872 3221 1925 3264 et
1957 3211 2008 3263 in
2038 3208 2376 3277 Tridentino,
2410 3225 2549 3265 sess.
2581 3211 2610 3262 7
2631 3255 2644 3278 ,
2675 3225 2795 3264 can.
2831 3212 2919 3275 ll,
2949 3211 3076 3264 dum
3105 3211 3332 3265 intentio
3359 3211 3461 3264 mi-

170 3295 366 3348 tionem
400 3295 468 3348 de
497 3309 558 3350 re
586 3305 640 3349 et
668 3296 861 3351 effectu
893 3297 1143 3367 baptismi
1170 3338 1185 3363 ,
1219 3314 1326 3353 non
1359 3315 1484 3355 vero
1515 3303 1765 3357 intentio-

170 3399 294 3440 nem
325 3384 557 3441 faciendi
596 3388 738 3456 quod
793 3387 919 3443 facit
965 3389 1236 3456 Ecclesia;
1279 3393 1326 3445 si
1355 3393 1497 3447 enim
1550 3393 1650 3450 hoc
1678 3410 1764 3450 se-

168 3479 348 3533 cundo
375 3482 535 3534 modo
567 3480 911 3551 intelligenda
954 3491 1121 3548 esset,
1156 3485 1426 3552 quomodo
1473 3496 1618 3541 esset
1669 3489 1760 3540 de-

170 3572 542 3626 mentissimum
571 3575 740 3628 dicere
772 3575 925 3629 illum
973 3589 1094 3630 esse
1138 3575 1316 3630 denuo
1361 3579 1759 3646 baptizandum,

167 3677 296 3718 cum
357 3678 421 3718 ex
471 3665 785 3722 Tridentino
833 3667 963 3722 illud
1019 3667 1262 3723 Ecclesia
1335 3669 1497 3724 modo
1540 3671 1763 3725 doceat?

168 3755 438 3810 Praterea
465 3757 534 3811 ibi
563 3761 782 3827 opponit
816 3759 1088 3814 fallentem
1111 3761 1163 3814 in
1211 3760 1446 3815 Ecclesia
1476 3762 1679 3832 jocanti
1710 3765 1763 3818 in

169 3849 335 3904 mimo
360 3849 412 3903 in
441 3851 784 3920 suscipiendo
806 3853 1470 3922 baptismo.Qumritenim
1499 3869 1564 3908 an
1589 3864 1766 3910 teneat

175 3941 474 4009 baptismus
501 3953 750 4011 peractus
779 3958 894 3995 cum
939 3944 1300 4008 simulatione,
1331 3954 1500 3997 utrum
1533 3944 1764 4000 fallentis

170 4035 299 4084 sicut
328 4031 380 4084 in
412 4029 662 4095 Ecclesia,
691 4034 776 4087 vel
825 4034 877 4086 in
908 4048 968 4087 ea
998 4049 1117 4103 quae
1159 4042 1374 4103 putatur
1404 4035 1664 4101 Ecclesia,
1695 4051 1764 4090 an

172 4121 398 4178 iocantis
419 4163 432 4187 ,
462 4122 604 4178 sicut
633 4126 688 4177 in
709 4126 914 4178 mimo?
941 4128 1010 4179 At
1042 4125 1226 4180 fallens
1253 4127 1302 4179 in
1332 4126 1572 4180 Ecclesia
1605 4137 1656 4180 et
1692 4129 1766 4196 jo-

167 4232 295 4270 cans
327 4219 378 4270 in
411 4219 575 4274 mimo
621 4221 674 4273 in
724 4221 826 4274 hoc
864 4220 1194 4273 conveniunt
1233 4219 1373 4287 quod
1405 4229 1627 4288 uterque
1657 4235 1764 4275 non

169 4306 331 4360 habet
377 4307 534 4362 ﬁdem
560 4309 628 4363 de
676 4308 867 4364 effectu
921 4308 1171 4377 baptismi
1203 4347 1216 4371 ,
1247 4323 1348 4375 qua
1379 4318 1564 4362 neuter
1606 4307 1765 4364 habet

168 4397 518 4453 intentionem
551 4399 618 4452 de
640 4399 1062 4452 sanctiﬁcatione
1091 4399 1304 4451 animae.
1329 4398 1397 4451 At
1427 4397 1679 4452 differunt
1711 4402 1760 4453 in

170 4489 272 4543 hoc
298 4489 442 4557 quod
491 4489 682 4545 fallens
716 4492 768 4543 in
797 4490 1037 4543 Ecclesia
1084 4490 1226 4544 serio
1273 4489 1503 4543 intendit
1533 4505 1658 4543 vere
1687 4489 1763 4541 fa-

1869 3300 2020 3354 nistri
2051 3301 2361 3356 decernitur
2393 3301 2591 3371 requiri
2615 3300 2680 3355 ad
2702 3301 2940 3355 valorcm
2979 3312 3462 3356 sacramentorum.

1870 3394 1943 3448 ita
1977 3395 2306 3463 Augustinus
2338 3401 2495 3461 caput
2525 3392 2657 3446 illttd
2688 3393 2754 3446 .‘5
2781 3393 3119 3446 concluserat
3150 3411 3160 3443 :
3197 3411 3214 3442 ‹
3253 3393 3462 3458 Quanto

1869 3485 2036 3551 magis
2059 3498 2187 3553 ergo
2211 3498 2352 3537 nunc
2378 3483 2494 3535 sine
2524 3481 2835 3550 praeiudicio
2857 3481 3210 3550 diligentioris
3241 3481 3463 3548 inquisi-

1868 3573 2028 3626 tionis
2052 3574 2135 3625 vel
2169 3573 2390 3641 majoris
2417 3571 2753 3624 auctoritatis
2787 3569 2912 3622 illud
2948 3571 3146 3623 dixisse
3195 3572 3463 3637 accipien-

1869 3662 1968 3715 dus
1997 3664 2152 3716 sum!
2187 3680 2205 3713 ι
2257 3662 2430 3727 Quare
2481 3675 2575 3713 sua
2628 3659 2716 3712 illa
2776 3660 3128 3727 suspensione
3182 3659 3462 3714 sententiae

1869 3753 2069 3806 tntllum
2100 3751 2469 3822 prmjudicium
2496 3750 2694 3804 inferre
2723 3749 2897 3802 voluit
2942 3750 3259 3820 diligentiori
3291 3751 3463 3816 inqui-

1867 3845 2059 3907 sitioni,
2109 3859 2229 3914 quae
2279 3845 2348 3897 de
2396 3842 2713 3898 intentionis
2760 3841 3082 3896 necessitate
3134 3845 3186 3895 in
3233 3853 3461 3910 utroque

1868 3938 2206 3993 θεραπηεηὶεο
2235 3937 2468 3993 concilio
2499 3951 2710 3992 summa
2741 3937 3016 4006 diligentia
3069 3952 3098 3990 a
3123 3937 3462 4006 sapientissi-

1869 4031 1970 4084 mis
2035 4029 2284 4084 Patribus
2340 4029 2576 4083 adhibita
2633 4038 2749 4093 est,
2791 4037 2884 4082 aut
2929 4030 3115 4100 majori
3161 4031 3458 4084 auctoritati

1870 4122 2148 4192 utriusque
2185 4121 2378 4192 synodi
2408 4120 2785 4176 necessitatem
2833 4120 3146 4175 intentionis
3174 4122 3308 4176 citra
3359 4120 3460 4176 du-

1869 4215 2016 4269 bium
2045 4216 2110 4268 ad
2139 4216 2372 4268 valorcm
2415 4216 2738 4268 sacramenti
2792 4213 3115 4268 deﬁnientis.
3150 4213 3332 4281 Neque
3371 4213 3458 4268 hic

1869 4309 1970 4363 sibi
1998 4308 2251 4377 plaudant
2278 4307 2612 4373 heterodoxi,
2647 4321 2875 4375 quorum
2909 4307 3155 4373 princeps
3183 4312 3265 4357 est
3294 4303 3456 4359 Kcm-

1869 4400 2052 4465 nitius,
2086 4415 2238 4452 suum
2294 4413 2414 4452 esse
2440 4400 2793 4467 Augustinum
2824 4397 3163 4458 mentientes,
3189 4395 3312 4447 dum
3360 4409 3454 4448 ne-

1867 4491 2160 4546 cessariam
2192 4491 2543 4544 intentionem
2575 4491 2916 4554 inliciantur;
2966 4504 3085 4542 nam
3119 4487 3274 4556 plane
3324 4501 3455 4540 con-

168 4595 312 4644 cere,
347 4582 491 4651 quod
536 4591 747 4650 spectat
795 4591 1072 4638 externam
1127 4583 1414 4650 actionem,
1449 4582 1591 4652 quod
1638 4583 1763 4636 facit
1790 4593 1844 4652 1)
1870 4592 1947 4637 tra
1980 4583 2124 4652 ipsus
2147 4592 2246 4636 est.
2275 4582 2366 4636 Ille
2406 4583 2548 4637 enim
2574 4582 2836 4636 dubitavit
2867 4595 2989 4633 num
3018 4579 3133 4632 sine
3155 4576 3453 4630 intentione

172 4674 438 4743 Ecclesia,
468 4685 526 4730 ut
555 4686 609 4731 et
653 4678 769 4745 ipse
820 4685 1102 4731 censeatur
1130 4691 1250 4730 esse
1279 4674 1634 4730 Christianus.
1683 4683 1755 4732 At

167 4766 354 4835 iocans
379 4769 432 4821 in
461 4769 628 4823 mimo
655 4770 766 4823 vult
798 4778 1000 4822 tantum
1030 4776 1422 4839 repracsentare
1453 4784 1546 4840 per
1573 4767 1754 4823 ludum

167 4859 306 4927 quod
339 4861 468 4914 facit
507 4862 742 4917 Ecclesia
776 4902 791 4928 ,
834 4861 976 4931 quod
1001 4877 1108 4916 non
1136 4871 1219 4917 est
1245 4861 1382 4916 velle
1412 4862 1551 4915 serio
1579 4861 1756 4918 faccre

167 4949 312 5020 quod
346 4950 471 5006 facit
522 4953 784 5022 Ecclesia,
833 4953 928 5008 sed
980 4967 1077 5022 per
1128 4953 1307 5006 ludum
1341 4952 1478 5007 velle
1529 4953 1752 5009 irridere

168 5041 309 5107 quod
341 5040 469 5098 facit
497 5044 757 5099 Ecclesia.

241 5135 439 5192 Veram
460 5139 585 5208 quid
609 5139 673 5193 ad
699 5142 907 5194 tertiam
949 5140 1093 5195 illam
1126 5140 1497 5197 difﬁcultatem
1521 5155 1754 5211 reSpon-

169 5228 243 5283 dit
267 5232 590 5300 Augustinus
608 5236 628 5285 ’ἐ
665 5252 684 5285 ‹
727 5234 827 5288 llbi
870 5243 1048 5290 autem
1074 5251 1245 5304 neque
1277 5235 1506 5290 societas
1537 5236 1644 5290 ulla
1672 5250 1756 5291 cs-

168 5328 250 5375 set
285 5321 358 5376 ita
382 5324 734 5392 credentium,
783 5341 956 5395 neque
985 5327 1075 5381 ille
1094 5328 1185 5397 qui
1229 5327 1301 5381 ibi
1345 5329 1630 5398 acciperet,
1684 5331 1753 5381 ita

169 5416 433 5486 crederet,
463 5420 556 5474 sed
585 5429 752 5476 totum
793 5421 1018 5488 ludicre,
1063 5430 1118 5476 et
1147 5422 1382 5490 mimice,
1409 5433 1462 5478 et
1504 5423 1757 5491 jnculari-

172 5511 272 5570 ter,
307 5517 573 5576 ageretur,
618 5521 800 5566 utrum
847 5512 1224 5582 approbandns
1269 5525 1412 5568 esset
1458 5515 1753 5582 baptismns

170 5596 356 5665 quisic
383 5601 633 5656 daretur?
669 5619 688 5654 ι
724 5602 1038 5672 Respondet
1064 5617 1177 5658 rem
1204 5606 1334 5658 satis
1366 5605 1576 5659 dubiam
1609 5618 1749 5671 esse,

165 5698 303 5744 etut
331 5701 476 5748 certa
511 5694 759 5751 definitio
787 5701 840 5750 in
861 5697 1074 5767 synodo
1125 5706 1473 5765 statueretur,
1506 5698 1750 5752 divinum

166 5781 426 5841 auxilium
453 5801 482 5840 a
523 5788 770 5846 Patribus
817 5789 1232 5858 implorandum.
1265 5791 1332 5845 Et
1361 5791 1575 5859 quidem
1629 5805 1753 5846 san—

1862 4685 2005 4730 esset
2035 4675 2240 4729 validus
2264 4675 2586 4744 baptismus;
2634 4684 2687 4727 at
2717 4674 2791 4727 illi
2823 4671 3053 4726 validum
3083 4681 3202 4722 esse
3251 4667 3451 4724 audac-

1865 4778 1946 4824 ter
1970 4778 2023 4824 et
2050 4771 2185 4824 citra
2211 4770 2372 4822 ullam
2403 4768 2790 4823 dubitationem
2840 4763 3202 4832 pronuntiant.
3233 4765 3448 4831 Augus-

1859 4864 2006 4916 tinus
2035 4863 2172 4916 dixit
2193 4863 2335 4914 nolle
2380 4861 2514 4914 sein
2573 4875 2633 4912 ea
2664 4856 2902 4925 progredi
2944 4855 3120 4923 aliqua
3165 4859 3450 4910 temeritate

1860 4957 2140 5016 sententiw,
2166 4968 2276 5022 quae
2305 4952 2446 5005 nullo
2472 4953 2525 5003 in
2555 4949 2807 5001 catholico
2827 4947 3080 5015 regionali
3109 4947 3326 5000 concilio
3351 4965 3451 5002 caa-

1861 5057 1971 5118 pta,
2005 5047 2146 5097 nullo
2175 5044 2408 5112 plenario
2443 5041 2660 5095 concilio
2682 5041 2953 5093 tcrminata
2975 5051 3111 5094 sunt.
3146 5042 3214 5095 At
3242 5057 3362 5096 cum
3397 5043 3445 5094 in

1863 5155 1969 5194 uno
1995 5147 2050 5192 et
2077 5137 2247 5190 altero
2277 5133 2504 5188 concilio
2534 5133 2731 5187 veritas
2759 5133 2871 5201 illa,
2899 5135 3173 5202 Augustini
3208 5145 3447 5201 tempore

1860 5232 2096 5294 occulta,
2123 5239 2309 5299 postea
2337 5226 2670 5294 inclaruerit,
2703 5228 2835 5282 nihil
2857 5243 2950 5282 eos
2974 5227 3256 5296 Augustini
3287 5226 3444 5279 dubi-

1861 5325 1990 5379 tatio
2009 5325 2176 5393 juvat,
2217 5321 2310 5375 sed
2339 5320 2428 5374 ubi
2463 5320 2551 5373 ille
2574 5319 2768 5384 aiebat,
2795 5320 3020 5372 dicturos
3046 5317 3340 5380 sententias,
3367 5332 3446 5369 me

1855 5418 1980 5487 quid
2002 5418 2117 5485 jam
2144 5413 2468 5482 exploratum
2488 5422 2533 5464 et
2573 5413 2834 5480 cognitum
2873 5410 3153 5476 alferrent,
3181 5407 3443 5459 humiliter

1858 5519 2226 5576 exspectarem,
2251 5507 2511 5561 deberent
2542 5504 2642 5574 ipsi
2673 5505 2952 5574 Augustini
2975 5502 3134 5555 verba
3167 5499 3414 5553 inaudien

1857 5618 1934 5660 tes
1966 5620 1994 5658 a
2025 5602 2221 5672 duplici
2249 5602 2454 5672 synodo
2488 5601 2883 5670 pronuntiatam
2915 5595 3235 5650 sententiam
3270 5597 3439 5663 sequi.

1856 5699 2110 5753 Mirentur
2140 5713 2267 5750 vero
2300 5696 2628 5750 recentiores
2677 5693 2956 5762 Augustini
3007 5689 3303 5760 ingenium,
3351 5689 3442 5757 qui

1857 5791 1978 5847 ideo
2006 5788 2269 5846 dubitavit
2295 5789 2364 5845 de
2396 5789 2718 5843 necessitate
2757 5787 3090 5852 intentionis,
3143 5781 3265 5852 quia
3295 5781 3442 5833 illam
