3892 6302
484 340 591 402 719

1367 322 1921 388 SUPPLEMENTUM
1961 320 2053 377 AD
2090 315 2323 377 OPERA
2359 315 2419 373 S.
2460 311 2859 374 AUGUSTINI.

3658 309 3787 366 τεο

488 456 668 524 aliquo
713 458 1025 523 argumento
1071 446 1285 504 suaderi
1337 446 1557 502 videbat
1586 462 1600 498 :
1634 452 1689 497 at
1714 443 1839 512 quia
1874 440 2071 495 nullius
2098 436 2147 496 Α
2175 434 2349 489 Iastici
2372 432 2700 487 Parisienses
2720 427 2992 524 asﬁpulati
3013 433 3155 495 sunt,
3171 428 3416 524 tellurem
3430 441 3554 524 non
3568 427 3787 500 ubique

487 548 700 607 concilii
729 546 1045 603 auctoritate
1076 543 1289 597 decreta
1323 548 1459 605 erat,
1491 538 1731 607 ejusdem
1758 534 2073 591 modestiam

490 640 729 704 laudent,
753 638 844 708 qui
874 636 939 691 de
971 634 1190 690 incertis
1231 641 1437 686 certam
1473 631 1610 683 terre
1636 627 1959 683 sententiam
1989 641 2077 681 re-

490 730 718 787 cusavit.
754 727 828 781 Ita
851 743 913 781 ex
945 725 1036 778 illa
1061 722 1412 785 dubitatione,
1443 735 1508 775 ex
1525 733 1627 789 qua
1658 716 1948 772 Morainius
1970 716 2082 769 Au-

490 823 760 893 gustinum
783 817 978 887 arguit,
1009 814 1148 870 idem
1174 812 1329 868 nobis
1358 825 1516 883 quam
1549 811 1782 865 maxime
1808 821 2080 864 commen-

422 968 427 971 _
491 913 701 969 dandus
728 912 891 967 venit.

494 1050 523 1120 ᾗ
554 1048 693 1106 VIII.
722 1047 906 1120 Utrum
934 1042 1250 1120 Augustinus
1278 1040 1463 1120 dixerit
1489 1039 1719 1120 tellurem
1746 1054 1847 1093 non
1868 1052 1975 1092 esse
1994 1052 2080 1090 ro-

778 1110 1033 1181 tundam;
1051 1114 1320 1182 nullosque
1346 1113 1461 1166 dari
1500 1110 1796 1181 antipodas.

564 1254 835 1311 Ilactenus
856 1264 1071 1307 errores
1091 1247 1543 1320 quos'Augustino
1565 1244 1763 1321 objecit
1790 1239 2079 1298 Moraiuius

498 1365 528 1404 a
559 1347 731 1403 sancti
779 1344 954 1399 Patris
986 1343 1138 1397 libris
1170 1342 1625 1412 propulsavimus.
1658 1338 1896 1393 Adamus
1928 1333 2081 1389 nobis

499 1442 659 1497 modo
690 1437 1015 1495 refellendus
1040 1445 1143 1502 est,
1168 1436 1257 1505 qui
1314 1436 1390 1489 uti
1430 1433 1642 1489 creteris
1693 1426 2082 1485 recentioribus

496 1534 804 1591 eruditione
837 1530 1059 1585 interior
1088 1537 1189 1594 est,
1222 1529 1292 1583 ita
1323 1527 1605 1582 universos
1633 1525 1687 1579 in
1734 1536 1959 1578 censura
1984 1520 2080 1575 ad-

497 1644 690 1685 versus
741 1626 1095 1697 Augustinum
1160 1621 1379 1677 ferenda
1436 1619 1590 1673 lacile
1637 1616 1929 1687 superavit.
1987 1612 2084 1666 Hic

497 1719 755 1793 quosdam
788 1732 1003 1774 errores
1033 1715 1100 1769 de
1130 1714 1431 1784 Augustino
1460 1711 1716 1781 publicat,
1741 1722 1874 1778 quos
1893 1705 2086 1760 Morai-

498 1828 597 1870 nes
618 1811 779 1866 etiam
825 1808 1094 1878 Opposuit,
1147 1821 1176 1859 a
1216 1805 1409 1875 quibus
1435 1802 1619 1875 procul
1651 1801 1817 1856 fuisse
1842 1806 2083 1854 sanctum

498 1904 774 1960 doctorem
797 1900 1165 1963 ostendimus;
1189 1897 1338 1953 addit
1367 1911 1493 1951 vero
1514 1895 1716 1950 dixisse
1741 1893 1959 1960 insuper
1981 1895 2091 1945 Au-

503 1993 772 2065 gustinum
806 2010 821 2047 :
858 1992 1068 2046 Terram
1095 2006 1196 2044 non
1222 2004 1329 2044 esse
1357 1987 1649 2051 rotundam,
1680 1984 1948 2053 nullosque
1976 1981 2092 2035 dari

502 2087 799 2157 antipodas,
826 2100 948 2155 pag.
984 2083 1108 2151 585,
1142 2099 1261 2151 cap.
1294 2084 1349 2137 5.
1382 2081 1579 2135 Eadem
1621 2080 1793 2132 fronte
1816 2091 1916 2147 qua
1941 2074 2093 2128 ﬁnxit

432 2156 437 2163 ι
504 2156 863 2249 Augustinum
894 2190 1118 2247 negasse
1156 2173 1390 2227 animam
1434 2185 1556 2226 esse
1593 2168 1945 2239 Spiritualem,
2003 2165 2092 2220 hic

500 2271 747 2329 eumdem
780 2280 1023 2325 sanctum
1056 2267 1329 2321 doctorem
1352 2274 1509 2319 terrae
1540 2260 1921 2317 rotunditatem
1943 2258 2095 2328 igno-

509 2378 659 2417 rasse
689 2360 1136 2416 comminiscitur.
1169 2356 1274 2412 Sed
1307 2356 1381 2409 illi
1404 2354 1493 2425 qui
1517 2354 1718 2423 absque
1746 2352 1891 2407 illius
1917 2358 2094 2403 textus

435 2523 447 2530 .
501 2453 859 2527 appellatione
889 2454 954 2508 de
975 2450 1290 2523 Augustino,
1318 2448 1537 2512 utlibet,
1569 2455 1625 2500 ut
1651 2446 1816 2511 lubet,
1844 2440 2095 2513 quaelibet

434 2610 441 2621 τ
500 2548 771 2603 afﬁrmare
816 2544 916 2600 sibi
955 2543 1157 2598 licitum
1200 2542 1436 2611 putavit,
1485 2538 1613 2594 satis
1653 2537 1807 2593 facile
1838 2537 1933 2591 fuit
1969 2533 2093 2589 talia

501 2648 744 2710 portenta
790 2632 1117 2707 IIipponeusi
1158 2633 1373 2702 praesuli
1414 2631 1704 2685 ascribere.
1754 2627 1895 2683 Sane
1923 2626 2099 2696 Augu-

436 2710 439 2711 ν
502 2731 706 2799 stinus,
739 2728 830 2784 lib.
858 2745 872 2782 ι
900 2728 967 2783 de
998 2725 1129 2781 Gen.
1161 2725 1227 2780 ad
1255 2725 1379 2789 litt.,
1408 2739 1527 2794 cap.
1560 2722 1655 2787 12,
1687 2732 1882 2778 terram
1913 2730 2097 2775 rotun-

504 2825 629 2880 dam
662 2823 856 2877 fatetur
886 2838 899 2872 :
937 2837 955 2871 ι
988 2819 1120 2874 Cum
1149 2818 1313 2882 enim,
1345 2816 1536 2885 inquit,
1582 2823 1745 2869 totam
1776 2822 1972 2868 terram
2003 2810 2097 2864 ad-

502 2914 609 2972 huc
642 2929 779 2985 aqua
812 2919 1054 2981 tegeret,
1116 2908 1251 2965 nihil
1303 2906 1629 2976 impediebat
1683 2914 1742 2960 ut
1792 2919 1992 2975 aquosa
2042 2911 2098 2957 et

502 3022 733 3067 GLOBOSA
761 3006 930 3060 moles
960 3018 1028 3058 ex
1061 3017 1164 3056 una
1186 3011 1335 3070 parte
1364 2999 1567 3054 faceret
1610 2998 1751 3054 diem
1791 2998 1925 3052 lucis
1957 3011 2097 3066 prae-

504 3098 709 3165 sentia,
748 3111 816 3150 ex
845 3096 949 3149 alia
979 3102 1187 3148 noctem
1221 3091 1353 3145 lucis
1396 3089 1659 3144 absentia.
1708 3107 1726 3139 ι
1777 3089 1844 3143 Et
1878 3088 1973 3144 lib.
2008 3103 2095 3142 xvt

2180 524 2526 580 habitabilem
2556 536 2805 593 posuere,
2837 522 2932 576 sed
2963 529 3169 575 tantum
3195 520 3294 576 sub
3322 521 3475 577 zonis
3500 529 3786 591 tempera—

2182 618 2271 683 tis,
2300 631 2419 672 cum
2452 626 2629 671 tamen
2656 614 2812 670 etiam
2845 613 2945 669 sub
2972 614 3172 668 torrida
3199 628 3261 669 ac
3313 621 3546 684 utraque
3581 614 3781 684 frigida

2181 716 2380 765 terram
2403 708 2567 763 incoli
2602 716 2809 763 certum
2839 704 2928 761 sit.
2962 704 3100 773 Quid
3123 704 3265 773 quod
3294 705 3587 761 Zacharias
3618 723 3783 778 papa,

2181 802 2408 871 epistola
2438 802 2504 854 I0
2534 800 2600 853 ad
2630 798 2961 854 Bonifacium
3002 797 3203 867 scripta
3232 812 3375 853 anno
3398 799 3524 865 748,
3558 816 3789 871 perscr-

2182 909 2291 947 sam
2318 902 2363 947 et
2421 893 2649 960 iniquam
2697 890 2983 944 doctrinam
3039 897 3195 944 vocat
3244 900 3577 946 asserentem
3638 894 3786 962 quod

2183 982 2315 1037 alius
2339 983 2560 1036 mundus
2589 990 2636 1035 et
2662 981 2752 1033 alii
2818 980 3049 1034 homines
3079 979 3170 1034 sub
3214 990 3352 1035 terra
3376 981 3521 1034 sint?
3549 982 3636 1036 Et
3695 983 3787 1039 ille

2184 1075 2403 1146 quidem
2453 1075 2720 1143 vulgarem
2769 1072 3087 1128 sententiam
3141 1082 3354 1127 secutus
3392 1081 3494 1128 est.
3519 1072 3639 1129 Nos
3671 1076 3793 1144 qui.

2185 1168 2307 1222 dem
2337 1182 2406 1222 ex
2437 1175 2745 1220 nostrorum
2775 1164 3208 1235 navigationibus
3234 1165 3335 1220 ista
3361 1166 3685 1223 didicimus.
3717 1169 3793 1224 At

2186 1261 2261 1313 uti
2284 1258 2617 1328 sapientibus
2646 1258 2752 1314 illis
2776 1258 3071 1327 majoribus
3106 1259 3328 1325 nostris,
3358 1260 3547 1329 quibus
3570 1260 3791 1319 litteras

2186 1366 2377 1406 omnes
2399 1362 2648 1420 acceptas
2676 1349 2931 1415 ferimus,
2963 1348 3093 1403 vitio
3120 1364 3228 1404 non
3259 1351 3417 1404 datur
3443 1350 3593 1420 quod
3627 1352 3791 1407 tellu-
3890 1370 3892 1419 ι

2188 1460 2301 1500 rem
2330 1460 2396 1501 ex
2418 1444 2608 1514 majori
2632 1451 2782 1514 parte
2808 1441 3210 1497 inhabitabilem
3234 1443 3570 1511 scripserint,
3599 1459 3783 1513 neque

2190 1540 2666 1611 reprehendendus
2692 1540 2840 1595 venit
2890 1539 3245 1608 Augustinus,
3292 1538 3336 1592 si
3375 1540 3632 1593 eamdem
3682 1550 3789 1595 ter-

2192 1648 2302 1687 ram
2335 1649 2398 1688 ex
2426 1632 2668 1701 opposita
2724 1640 2874 1700 parte
2906 1630 3143 1685 habitari
3202 1629 3503 1700 negaverit.
3550 1630 3788 1688 Difﬁcile

2192 1724 2268 1779 illi
2298 1724 2576 1779 videbatur
2602 1724 2841 1791 potuisse
2865 1722 3112 1777 homines
3134 1722 3202 1777 ab
3226 1737 3334 1776 uno
3382 1721 3555 1777 Adam
3582 1738 3792 1793 propa-

2118 1835 2167 1894 B
2189 1825 2345 1889 gatos
2377 1816 2431 1869 in
2462 1817 2760 1885 appositam
2814 1822 2972 1871 terra:
3003 1824 3231 1884 partem,
3258 1814 3453 1871 Oceani
3499 1815 3787 1872 immensi-

2198 1917 2304 1963 tate
2336 1906 2579 1977 trajecta,
2611 1906 2780 1963 semel
2831 1906 3129 1976 navigasse,
3160 1908 3458 1978 iterumque
3486 1918 3615 1978 post
3642 1910 3789 1964 dilu-

2193 2002 2340 2055 vium
2372 2000 2498 2053 illue
2520 1999 2774 2053 advectos
2804 1997 2991 2063 fuisse,
3019 1997 3328 2067 nullamque
3353 1998 3511 2068 hujus
3537 1999 3622 2055 rei
3649 2001 3787 2057 adeo

2194 2092 2562 2148 memorabilis
2593 2092 2945 2157 mentionem,
2975 2092 3057 2146 vel
3080 2091 3132 2145 in
3154 2091 3323 2147 sacris
3346 2093 3428 2147 vel
3455 2091 3511 2147 in
3543 2094 3787 2163 profanis

2196 2183 2387 2239 litteris
2410 2184 2547 2238 ﬁeri.
2580 2181 2832 2236 Profecto
2854 2180 3128 2251 hucusque
3158 2181 3393 2236 nescitur
3411 2184 3694 2252 quomodo
3719 2201 3786 2241 ex

2196 2274 2412 2343 Europa
2443 2274 2569 2329 illuc
2598 2273 2680 2328 bis
2734 2272 2984 2327 homines
3037 2272 3396 2341 pervenerint.
3434 2274 3623 2346 Itaque
3662 2292 3785 2333 cum

2196 2378 2457 2439 ponentes
2480 2367 2761 2437 antipodas
2811 2365 3120 2436 conjectura
3154 2374 3384 2433 tantum,
3434 2381 3559 2437 qua:
3610 2368 3785 2425 levem

2197 2474 2417 2530 prorsus
2446 2474 2509 2513 ac
2530 2458 2764 2513 debilem
2790 2456 3169 2513 certitudinem
3220 2458 3379 2526 parit,
3413 2457 3477 2512 ad
3526 2457 3581 2514 id
3608 2459 3785 2516 dicen-

2197 2553 2325 2607 dum
2349 2561 2714 2622 moverentur,
2748 2560 2801 2605 et
2830 2550 3163 2621 Augustinus
3220 2550 3503 2619 antipodas
3555 2568 3782 2625 negave-

2197 2645 2288 2711 rit,
2314 2645 2555 2699 omuium
2607 2644 2985 2699 historicorum
3038 2641 3143 2697 ﬁde
3171 2656 3235 2697 ac
3261 2643 3631 2713 antiquissima
3686 2646 3781 2700 Pa-

2201 2746 2341 2791 trum
2365 2735 2650 2791 traditione
2678 2734 2944 2800 suﬁ‘ultus,
2993 2734 3184 2802 potiori
3210 2734 3330 2803 jure
3372 2735 3466 2791 ille
3507 2738 3781 2808 antipodas

2201 2827 2444 2893 sustulit,
2474 2841 2637 2895 quam
2663 2826 2755 2880 alii
2784 2834 3095 2880 astruxere.
3148 2823 3347 2880 Verum
3376 2840 3483 2881 non
3508 2826 3645 2882 adeo
3672 2828 3780 2898 opi-

2200 2917 2292 2972 nio
2303 2932 2503 2987 negans
2521 2916 2801 2986 antipodas
2818 2916 3112 2986 Augustino
3136 2915 3369 2983 inhaesit,
3391 2917 3521 2988 quin
3542 2919 3777 2989 aliquan-

2199 3010 2270 3067 do
2297 3008 2605 3076 admiserit;
2649 2989 2785 3064 libro
2811 3010 2956 3064 enim
2994 3009 3062 3064 de
3089 3009 3275 3065 decem
3298 3010 3630 3082 Categoriis,
3659 3028 3774 3082 cap.

2201 3101 2289 3166 10,
2315 3102 2390 3156 ait
2423 3119 2437 3155 :
2487 3120 2505 3154 ‹
2542 3101 2706 3156 Terra
2734 3116 2853 3170 quae
2880 3100 3093 3155 videtur
3138 3101 3192 3155 in
3222 3102 3402 3157 medio
3434 3102 3632 3173 ubique
3661 3104 3775 3160 sub-

504 3189 570 3245 de
596 3188 711 3242 Civ.
740 3187 855 3252 Dei,
885 3199 1003 3252 cap.
1036 3184 1091 3249 9,
1116 3183 1203 3237 ubi
1231 3182 1298 3235 de
1327 3178 1597 3249 antipodis
1645 3178 1863 3233 disserit
1891 3196 1905 3231 :
1935 3195 1955 3229 t
1984 3177 2092 3232 Nec

2201 3201 2287 3248 tus
2315 3203 2417 3260 est,
2448 3202 2502 3248 et
2522 3193 2805 3261 antipodes
2848 3192 3040 3259 nostri,
3071 3194 3159 3264 qui
3185 3194 3337 3249 nobis
3392 3195 3641 3252 dicuntur
3660 3196 3775 3266 ﬁge-

504 3280 805 3341 attendunt,
854 3278 1041 3346 inquit,
1087 3274 1291 3330 etiamsi
1338 3272 1506 3342 ﬁgura
1552 3269 1866 3340 conglobata
1910 3276 1967 3324 et
2006 3285 2093 3325 ro-

504 3373 669 3429 tunda
716 3372 943 3427 mundus
990 3384 1110 3425 esse
1153 3366 1437 3434 credatur,
1491 3366 1606 3420 sive
1657 3364 1833 3434 aliqua
1886 3363 2097 3418 ratione

506 3471 855 3530 monstretur,
906 3476 1012 3518 non
1066 3470 1243 3515 tamen
1289 3473 1409 3514 esse
1457 3472 1795 3529 consequens
1835 3465 1892 3511 ιιι
1931 3456 2094 3511 etiam

506 3556 575 3612 ab
604 3555 690 3609 illa
720 3564 868 3624 parte
910 3569 972 3608 ex
1015 3565 1272 3621 aquarum
1302 3549 1554 3621 congerie
1585 3548 1723 3603 nuda
1754 3548 1825 3602 sit
1870 3555 2033 3602 terra.
2070 3564 2091 3599 ι

507 3649 693 3705 Nullus
723 3649 882 3719 igitur
926 3648 978 3702 in
1010 3645 1309 3717 Augustino
1351 3645 1546 3714 legitur
1571 3642 1637 3698 de
1669 3642 1874 3698 telluris
1908 3649 2095 3698 rotun-

507 3740 671 3796 ditate
703 3754 876 3805 error,
909 3738 1002 3795 sed
1032 3754 1095 3793 ea
1125 3748 1250 3792 sunt
1282 3737 1458 3789 inania
1489 3734 1679 3788 Adami
1704 3735 1931 3805 objecta.

584 3852 779 3906 Verum
811 3863 1035 3920 negasse
1065 3848 1419 3917 Augustinum
1444 3846 1728 3915 antipodas
1756 3863 1863 3903 non
1894 3848 1982 3904 ibo
2015 3849 2099 3903 ἰη-

511 3946 693 4007 ﬁcias,
727 3942 821 3996 sed
862 3942 1133 4009 vulgarem
1187 3939 1463 3993 hominum
1508 3940 1827 3995 sententiam
1881 3950 2096 3996 secutus

513 4046 618 4092 est.
646 4035 896 4089 Testatur
947 4034 1150 4087 Plinius
1204 4046 1450 4101 magnam
1505 4032 1653 4087 litem
1704 4034 1769 4087 de
1826 4034 2095 4104 antipodis

511 4127 678 4182 fuisse
706 4126 844 4180 inter
868 4126 1167 4181 litterarum
1202 4124 1532 4194 professores
1558 4133 1613 4180 et
1653 4125 1863 4196 vulgus.
1894 4126 1962 4180 At
1989 4130 2097 4181 Au-

510 4219 753 4291 gustinus
778 4218 918 4273 haud
944 4219 1149 4287 vulgari
1180 4226 1498 4288 argumento
1548 4218 1602 4272 in
1633 4232 1753 4273 eam
1783 4218 2095 4287 opinionem

512 4311 704 4368 ductus
731 4317 834 4379 est,
871 4323 1064 4378 nempe
1095 4309 1235 4379 quod
1268 4309 1563 4379 periculum
1603 4317 1749 4364 esset
1778 4323 1845 4364 ne
1864 4310 1954 4379 qui
2008 4324 2099 4364 no.

513 4402 594 4459 his
619 4403 844 4458 adversa
873 4400 1092 4471 vestigia
1118 4410 1388 4470 premunt,
1422 4400 1475 4454 in
1504 4401 1699 4457 caelum
1726 4409 1978 4467 ruerent;
2001 4400 2096 4457 sed

517 4508 628 4553 tum
653 4511 719 4551 ex
748 4502 1038 4553 sacratum
1060 4507 1125 4547 ex
1148 4490 1369 4562 profana
1416 4491 1638 4547 historia
1662 4492 1898 4548 rationes
1920 4492 2097 4546 consi-

2201 3299 2259 3339 re
2284 3284 2510 3338 adversa
2543 3285 2789 3355 vestigia,
2833 3284 3032 3340 caelum
3062 3299 3225 3355 super
3245 3300 3305 3342 se
3329 3286 3549 3343 habent.
3580 3307 3600 3341 ι
3630 3289 3776 3344 Pater

2200 3376 2440 3443 Macedo,
2464 3377 2545 3431 vir
2576 3377 2627 3431 in
2653 3377 2936 3447 Augustini
2980 3377 3212 3434 lectione
3257 3382 3676 3447 versatissimus,
3727 3384 3774 3438 in

2200 3468 2468 3526 volumine
2489 3469 2631 3539 quod
2663 3470 2994 3525 Concentum
3026 3472 3436 3541 euchologicum
3490 3474 3776 3544 inscripsit,

2200 3559 2252 3615 in
2293 3561 2703 3615 commentariis
2735 3562 2801 3616 ad
2829 3562 3129 3619 orationem
3162 3564 3215 3618 in
3242 3564 3379 3620 festo
3408 3569 3579 3622 sancti
3602 3569 3777 3638 Marci,

2201 3650 2411 3707 videtur
2439 3652 2579 3708 velle
2606 3651 2879 3707 insinuare
2926 3654 3230 3710 Americam
3286 3658 3589 3727 Augustino
3636 3660 3775 3716 inno-

2203 3744 2392 3809 tuisse,
2417 3744 2545 3798 dum
2578 3759 2686 3799 non
2715 3760 2823 3800 uno
2864 3744 2987 3802 loco
3016 3757 3244 3816 quatuor
3280 3763 3403 3804 esse
3430 3760 3613 3819 partes
3635 3762 3776 3808 terra:

2198 3832 2475 3885 afﬁrmat:
2511 3851 2531 3884 ι
2564 3834 2744 3889 Mirari
2790 3835 2952 3903 libet,
3003 3838 3200 3909 inquit,
3252 3839 3613 3910 Augustinum
3662 3860 3775 3915 qua.

2200 3933 2319 3979 tuor
2344 3924 2492 3979 orbis
2519 3934 2698 3995 partes
2722 3934 2828 3981 tam
2866 3928 3151 3999 perspicue
3182 3932 3483 4001 nominare,
3512 3934 3666 4003 quasi
3693 3952 3779 3989 sua

2193 4015 2305 4085 jam
2328 4025 2485 4072 aetate
2512 4017 2760 4074 America
2788 4019 2997 4076 detecta
3024 4031 3187 4078 esset.
3220 4042 3241 4077 ι
3295 4023 3525 4080 Sanetus
3581 4028 3776 4093 doctor,

2198 4109 2295 4164 lib.
2356 4125 2453 4164 xvr
2507 4110 2576 4167 de
2626 4111 2815 4178 Civit.,
2871 4127 2991 4183 cap.
3048 4114 3103 4181 9,
3150 4115 3459 4185 opinionem
3509 4119 3777 4188 antipodas

2198 4200 2556 4258 affirmantem
2625 4204 2787 4259 veluti
2857 4204 3145 4262 absurdam
3204 4208 3391 4278 rejecit
3442 4228 3457 4265 :
3509 4227 3528 4262 ι
3594 4211 3779 4266 Nimis-

2198 4304 2303 4358 que
2323 4331 2338 4355 ,
2370 4291 2576 4361 inquit,
2608 4291 2899 4347 absurdum
2922 4304 3040 4362 est,
3074 4302 3131 4349 ut
3150 4295 3360 4352 dicatur
3380 4298 3591 4369 aliquos
3620 4302 3781 4356 homi-

2198 4396 2295 4435 nes
2321 4396 2388 4436 εχ
2421 4383 2595 4438 hacin
2626 4384 2768 4439 illam
2800 4393 3030 4454 partem,
3060 4389 3256 4443 Oceani
3282 4389 3642 4447 immensitate
3675 4402 3776 4447 tra-

2196 4470 2362 4539 jecta,
2396 4472 2649 4543 navigare
2678 4488 2741 4528 ac
2787 4476 3073 4544 pervenire
3097 4480 3355 4547 potuisse,
3384 4488 3440 4533 ut
3466 4481 3631 4535 etiam
3677 4482 3778 4537 illic

516 4589 745 4655 deravit,
775 4602 894 4657 qua:
919 4585 1345 4657 sapientissimos
1368 4600 1607 4657 quosque
1645 4586 1696 4639 in
1739 4600 1856 4639 cam
1883 4594 2101 4640 senten-
2126 4585 2179 4646 υ
2205 4576 2269 4617 ex
2296 4578 2401 4617 uno
2431 4564 2525 4657 illo
2554 4563 2728 4633 primo
2752 4565 2972 4622 homine
2999 4582 3168 4637 genus
3197 4569 3569 4626 institueretur
3602 4573 3778 4627 huma-

516 4684 645 4739 tiam
674 4690 915 4737 traxere.
947 4678 1109 4749 Ligur
1132 4678 1222 4733 ille
1250 4679 1556 4746 Argonauta
1584 4677 1708 4732 novi
1732 4676 1879 4731 orbis
1910 4676 2097 4733 inven-

512 4786 601 4831 tor
629 4789 735 4829 non
761 4774 827 4828 ab
849 4787 955 4828 uno
1000 4771 1239 4841 principe
1258 4768 1546 4825 circulator
1574 4768 1789 4822 habitus
1817 4776 1924 4833 est,
1974 4785 2094 4824 cum

458 4858 472 4924 ἐ
514 4882 574 4923 se
603 4868 668 4922 ad
700 4865 977 4936 antipodas
1007 4864 1233 4920 classem
1263 4861 1543 4917 ducturum
1568 4861 1936 4931 polliceretur,
1966 4877 2091 4931 nec,

460 4996 465 5004 .
516 4968 572 5011 ut
603 4959 856 5027 arbitror,
883 4959 1194 5027 Arragoniae
1218 4972 1311 5011 rex
1339 4956 1603 5026 integram
1647 4971 1839 5027 magno
1869 4957 2099 5025 promis-

514 5052 624 5104 sori
654 5050 812 5106 ﬁdem
837 5052 1109 5118 prmstitit,
1141 5051 1235 5106 sed
1278 5066 1395 5121 quas
1426 5060 1508 5105 est
1537 5051 1809 5105 hominum
1843 5050 2088 5105 insatiata

512 5140 729 5211 cupido,
758 5155 922 5210 pauca
951 5142 1158 5212 navigia
1190 5141 1243 5196 in
1282 5156 1431 5210 spem
1458 5143 1604 5197 orbis
1627 5142 1917 5213 naufragiis
1940 5142 2092 5212 obje—

511 5233 671 5301 ctari,
702 5232 757 5288 in
798 5232 931 5288 lucri
954 5232 1073 5289 loco
1120 5234 1381 5303 reposuit.
1440 5234 1760 5301 Macrobius,
1810 5235 1907 5291 lib.
1934 5250 1973 5290 ιι
2021 5235 2091 5292 de

513 5326 736 5384 Somnio
757 5324 1045 5395 Scipionis,
1096 5337 1217 5395 cap.
1248 5326 1302 5392 9,
1333 5326 1450 5381 sola
1472 5326 1781 5395 conjectura
1811 5328 2091 5398 antipodas

511 5418 661 5475 credi
684 5417 819 5475 dixit
844 5415 898 5472 in
920 5415 1163 5487 opposita
1188 5416 1335 5473 orbis
1359 5426 1528 5487 parte,
1561 5436 1582 5469 ‹
1608 5419 1749 5488 quod
1781 5428 1999 5490 propter
2017 5419 2091 5475 si—

513 5513 692 5568 milem
727 5510 1039 5580 temperiem
1086 5509 1336 5566 similiter
1394 5509 1666 5581 incolitur,
1699 5511 1794 5567 sed
1825 5527 1855 5565 a
1893 5510 2089 5581 quibus

514 5616 621 5656 non
650 5602 804 5657 IicuTt
830 5617 1060 5673 unquam
1093 5602 1269 5667 nobis,
1300 5614 1398 5656 nec
1428 5600 1608 5656 licebit
1627 5616 1939 5672 agnoscere.
1981 5622 2000 5657 ι
2031 5606 2097 5659 Et

514 5689 731 5756 quidem
747 5692 1086 5760 Aristoteles,
1104 5694 1328 5759 Plinius,
1345 5692 1693 5760 Ptolomzeus,
1712 5696 1999 5764 caaterique
2018 5695 2099 5751 hi-

516 5781 1095 5854 storici,cosmographi
1110 5801 1169 5840 ac
1187 5786 1491 5856 philosophi
1504 5796 1734 5856 veteres,
1748 5788 1941 5857 quibus
1953 5791 2101 5846 scho-

2205 4669 2353 4707 num.
2396 4672 2415 4706 ι
2478 4655 2715 4722 Quatuor
2770 4665 2952 4726 partes
2995 4658 3133 4714 dixit
3177 4661 3540 4731 Augustinus,
3598 4678 3780 4733 nempe

2206 4746 2490 4811 orientem,
2524 4746 2883 4816 occidentem,
2939 4750 3221 4806 meridiem
3246 4762 3301 4807 et
3329 4752 3658 4822 aquilonem.
3707 4754 3777 4808 Ita

2208 4845 2361 4893 tract.
2397 4837 2498 4893 118
2544 4839 2599 4894 in
2644 4839 2903 4897 Joannem
2937 4860 2951 4895 :
2987 4861 3006 4895 ‹
3036 4843 3263 4913 Pr0pter
3302 4845 3443 4915 quod
3489 4846 3618 4902 alibi
3663 4848 3781 4902 dicit

2208 4928 2421 5002 (Matth.
2460 4931 2637 5003 xxiv),
2669 4934 2958 4988 missurum
2990 4947 3050 4989 se
3076 4936 3295 5004 angelos
3316 4951 3467 5003 suos,
3526 4951 3585 4993 ut
3637 4939 3779 4994 colli-

2206 5032 2336 5094 gant
2360 5025 2564 5081 electos
2589 5026 2705 5095 ejus
2734 5040 2765 5079 a
2794 5034 3022 5094 quatuor
3048 5029 3255 5095 ventis;
3286 5028 3427 5098 quod
3448 5029 3574 5099 quid
3599 5040 3680 5084 est
3707 5030 3781 5084 ni-

2196 5117 2245 5175 si
2288 5134 2319 5172 a
2363 5127 2593 5189 quatuor
2639 5118 2878 5190 partibus
2935 5119 3141 5186 mundi,
3199 5122 3431 5188 oriente,
3483 5123 3777 5186 occidente,

2197 5210 2445 5280 aquilone
2471 5219 2525 5265 et
2547 5210 2771 5266 meridie
2794 5211 2817 5265 ἲ
2840 5229 2861 5263 ι
2905 5214 2973 5267 At
2993 5213 3076 5267 hae
3108 5222 3289 5284 partes
3338 5217 3390 5268 in
3446 5215 3614 5270 veteri
3657 5214 3782 5270 orbe

2198 5304 2365 5372 probe
2422 5304 2781 5362 censebantur
2824 5320 2969 5375 esse,
3013 5308 3225 5363 etiamsi
3275 5308 3525 5365 America
3576 5308 3785 5380 ignora~

2194 5404 2367 5453 retur.

2194 5508 2228 5582 ι
2253 5509 2345 5566 IX.
2370 5510 2450 5566 An
2471 5512 2722 5567 sententia
2742 5513 2909 5596 sancti
2938 5512 3214 5595 Augustini
3228 5513 3292 5569 de
3305 5514 3609 5570 simultanea
3621 5530 3787 5570 rerum

2695 5593 2950 5639 creatione
2979 5593 3045 5639 δίε
3074 5601 3307 5641 erronea.

2272 5695 2369 5751 llic
2398 5696 2557 5751 etiam
2585 5700 2942 5755 recentiorum
2969 5702 3225 5771 querelae,
3249 5700 3356 5754 imo
3377 5713 3649 5768 censum,
3672 5700 3792 5772 qui-

2203 5789 2302 5846 bus
2323 5789 2585 5860 insignem
2606 5791 2774 5848 sancti
2790 5792 3031 5856 doctoris
3046 5791 3541 5866 interpretationem
3559 5792 3615 5850 in
3636 5808 3757 5865 cap.
3775 5801 3793 5850 t
