3892 6302
150 289 263 350 721

1346 293 1664 353 VINDICUE
1706 293 2268 354 AUGUSTINIANAS.

3331 290 3436 349 722

155 411 439 466 Geneseos
483 408 773 478 excipiunt,
817 408 1130 466 refc‘llendae
1157 420 1299 469 sunt.
1347 413 1590 484 Magnum
1625 414 1752 469 illud
1780 417 1830 474 A
1857 413 2158 483 Augustino
2197 411 2466 466 recentior
2505 409 2591 465 ille
2621 408 2928 466 afﬁrmavit.
2962 410 3243 469 Cornelius
3272 428 3301 466 a
3334 413 3442 468 La-

153 502 500 570 ingeniorum
524 509 843 568 monstrum,
875 501 921 555 si
948 518 1164 571 nsquam
1194 504 1324 557 alias
1351 505 1402 558 in
1435 505 1752 573 explicando

153 595 539 650 Hexatnerone
582 593 948 648 admirabilem
981 593 1322 649 subtilitatem
1367 610 1476 664 prae
1523 611 1580 649 se
1612 596 1753 662 ttilit,

153 686 260 740 sed
285 694 534 756 quantum
581 684 705 738 inde
735 684 909 740 laudis
938 686 1076 756 apud
1104 695 1310 742 veteres
1337 687 1437 742 sibi
1476 703 1756 756 compara-

153 778 259 842 vit,
291 783 491 830 tantum
525 776 962 845 reprehensionis
984 778 1122 847 apud
1146 778 1475 833 recentiores
1495 779 1594 833 sihi
1627 793 1758 834 con-

155 869 349 933 traxit,
380 876 471 922 aut
515 869 635 938 plus
686 869 850 924 etiam
903 869 1150 925 fortasse.
1213 871 1557 941 Augustinus,
1615 870 1756 940 quod

155 961 381 1016 videbat
409 975 503 1015 sex
537 960 741 1028 priores
763 960 879 1014 dies
897 960 1048 1029 queis
1075 961 1284 1032 Moyses
1312 961 1567 1016 mundum
1597 977 1624 1015 a
1648 962 1758 1017 Deo

157 1063 406 1108 creatum
437 1053 641 1115 scribit,
676 1053 718 1106 si
762 1053 1067 1107 litteraliter
1108 1052 1459 1122 accipiantur,
1511 1054 1761 1122 gravissi-

158 1146 270 1199 mis
297 1145 698 1200 difﬁcultatibus
749 1144 961 1212 subjici,
998 1159 1130 1213 quas
1161 1145 1388 1213 ipsemet
1419 1145 1473 1198 in
1503 1144 1653 1198 libris
1697 1143 1762 1198 de

157 1236 365 1291 Genesi
392 1236 456 1289 ad
483 1235 709 1290 litteram
743 1235 1015 1304 proponit,
1048 1234 1297 1288 subtilem
1347 1249 1564 1302 prorsus
1593 1248 1656 1287 ac
1705 1247 1764 1288 se

157 1329 386 1400 dignam
437 1329 754 1384 sententiam
785 1329 1127 1398 excogitavit,
1159 1343 1352 1397 nempe
1390 1327 1505 1384 dies
1535 1327 1654 1381 illos
1685 1327 1765 1380 in-

159 1421 494 1490 tellig‘endos
523 1435 642 1475 esse
672 1422 916 1490 mystice,
968 1418 1120 1487 juxta
1167 1419 1523 1487 cognitionem
1564 1417 1768 1488 angeli-

157 1527 292 1566 cam
327 1513 392 1566 de
419 1512 579 1567 rebus
607 1511 658 1565 in
691 1510 821 1579 Deo,
853 1521 907 1564 et
938 1509 992 1563 in
1041 1509 1258 1578 proprio
1288 1523 1504 1579 genere,
1539 1516 1592 1563 et
1615 1509 1766 1578 juxta

159 1603 417 1659 ordinem
447 1619 624 1659 rerum
648 1603 806 1659 simul
831 1618 861 1656 a
892 1602 1002 1658 Deo
1027 1610 1344 1668 creatarnm,
1370 1601 1575 1656 dierum
1607 1601 1766 1655 etiam

163 1697 420 1752 ordinem
451 1697 504 1751 in
535 1697 846 1767 angelorum
873 1703 1052 1750 mente
1073 1693 1391 1762 designavit.
1420 1693 1570 1749 lianc
1596 1693 1769 1747 sancti

1859 507 2002 576 pide,
2026 505 2264 560 censoris
2289 518 2571 571 personam
2601 510 2784 556 contra
2813 504 3165 570 Augustinum
3193 504 3442 572 inducns,

1857 600 1968 653 ait:
2006 619 2023 650 ‹
2060 595 2396 652 Contrarium
2428 595 2627 651 docent
2669 611 2854 650 omnes
2900 596 2989 649 alii
3023 597 3229 660 Patres,
3284 598 3445 666 idque

1858 691 2076 744 omnino
2103 689 2264 743 vincit
2293 687 2519 757 simplex
2545 698 2599 743 et
2626 689 2916 745 historialis
2949 687 3185 744 narratio
3207 689 3445 760 Moysis;

1859 795 2024 850 quare
2053 797 2338 837 erroneum
2369 785 2476 853 jam
2509 792 2591 837 est
2621 782 2802 837 dicere
2844 781 3021 836 omnia
3054 797 3160 835 uno
3201 782 3288 837 die
3329 797 3452 839 esse

1860 883 2059 927 creata.
2102 893 2118 925 ι
2157 874 2357 928 Verum
2389 875 2691 944 Augustino
2731 876 2999 930 consentit
3037 875 3314 944 Albertus,
3362 876 3453 945 qui

1862 963 1930 1018 ob
1958 964 2306 1034 multiplicem
2341 981 2402 1020 ac
2430 950 2740 1022 mirabilem.
2760 967 3114 1022 litteraturam
3146 968 3314 1037 Magni
3363 981 3456 1021 co-

1864 1065 2155 1129 gnomento
2197 1058 2480 1126 insignitus
2527 1059 2639 1123 fuit,
2694 1058 2776 1112 his
2827 1060 2982 1126 plane
3024 1057 3236 1113 verbis:
3276 1077 3294 1110 ‹
3327 1057 3456 1112 Sine

1867 1149 2178 1218 praejndicio
2203 1149 2480 1204 sententiae
2504 1150 2741 1204 melioris
2765 1150 2976 1205 videtur
3006 1153 3302 1221 Augustino
3329 1165 3457 1205 con-

1867 1241 2233 1303 sentiendum,
2267 1260 2286 1292 ›
2323 1250 2458 1309 part.
2508 1258 2522 1294 ι
2569 1243 2836 1309 Summ:c,
2873 1259 2926 1311 q.
2960 1244 3057 1307 1:2,
3108 1247 3176 1300 de
3227 1255 3459 1314 quatuor

1867 1332 2078 1386 cozevis.
2127 1331 2286 1384 Addit
2333 1341 2548 1386 sanctus
2588 1334 2823 1386 Thomas
2867 1335 3110 1402 proxime
3163 1335 3456 1388 laudatus:

1875 1440 1893 1472 ‹
1933 1421 2055 1476 litec
2090 1423 2270 1490 opinio
2298 1421 2628 1492 (Augustini)
2655 1439 2779 1478 pws
2807 1439 2919 1478 sunt
2966 1440 3189 1478 macer.
3223 1443 3242 1476 ι
3274 1425 3458 1490 Itane,

1869 1516 2108 1580 Corneli;
2154 1516 2422 1570 sententia
2462 1516 2573 1581 illa,
2623 1533 2784 1586 quam
2837 1517 3089 1572 Albertus
3137 1518 3354 1585 Magnus
3400 1529 3466 1571 ac

1870 1615 2086 1663 sanctus
2106 1607 2363 1670 Thomas,
2388 1606 2834 1663 scholasticorum
2859 1609 3058 1662 lumina
3082 1624 3143 1662 ac
3169 1609 3462 1677 columina,

1873 1700 2102 1768 probant
2121 1705 2175 1751 et
2194 1706 2510 1766 sequuntur,
2536 1699 2635 1752 hac
2658 1708 2813 1752 aetate
2835 1714 3058 1753 erronea
3077 1699 3281 1753 evasit?
3307 1698 3466 1765 Quae-

165 1790 352 1846 Patris
379 1789 790 1859 explicationem
819 1787 885 1842 de
915 1787 1235 1842 simultanea
1266 1801 1451 1843 rerum
1494 1787 1769 1842 creatione
1800 1785 1844 1845 B
1872 1805 1996 1845 nam
2029 1789 2174 1842 illam
2201 1787 2414 1859 synodi,
2443 1787 2535 1857 qui
2564 1788 2787 1842 Romani
2819 1788 3098 1857 praesules,
3135 1802 3254 1857 quas
3282 1787 3470 1841 docto-

169 1882 406 1954 mystice
463 1883 512 1937 in
542 1897 636 1938 sex
687 1883 808 1937 illos
855 1881 971 1937 dies
1011 1882 1088 1937 sic
1117 1880 1346 1936 divisam
1378 1881 1563 1950 paucis
1610 1879 1776 1935 refert

172 1987 398 2030 sanctus
441 1973 679 2029 Thomas
704 1983 840 2044 part.
873 1988 913 2038 ι,
943 1988 998 2042 q.
1031 1971 1119 2038 74,
1151 1981 1256 2026 art.
1289 1971 1346 2024 2.
1375 1974 1460 2037 At,
1505 1987 1624 2040 quze
1679 1971 1777 2024 fuit

171 2068 463 2139 Augustini
509 2069 792 2136 modestia,
825 2067 928 2122 hoc
953 2081 982 2120 a
1013 2083 1072 2122 se
1099 2067 1459 2136 excogitatum
1506 2066 1776 2134 interpre-

177 2169 478 2215 tamentum
511 2161 581 2215 ita
609 2159 810 2224 docuit,
859 2168 916 2213 ut
939 2157 1144 2214 meliori
1190 2157 1536 2226 explicationi
1568 2156 1774 2210 nullum

173 2265 244 2308 se
274 2253 638 2322 praejudicium
665 2251 859 2308 afferre
885 2251 1025 2306 velle
1068 2258 1391 2320 protestatus
1424 2249 1532 2304 sit:
1564 2267 1582 2300 ι
1620 2249 1778 2314 Quis-

174 2344 303 2412 quis
327 2359 477 2414 ergo,
511 2345 701 2414 inquit,
729 2358 837 2397 non
867 2357 1008 2406 eam,
1034 2357 1192 2413 quam
1221 2355 1317 2410 pro
1348 2349 1532 2394 nostro
1560 2337 1779 2394 modulo

174 2439 273 2492 vel
305 2438 557 2509 indagare
581 2437 667 2492 vel
699 2445 883 2505 putare
912 2437 1206 2504 potuimus,
1233 2434 1327 2489 sed
1373 2435 1530 2487 aliam
1560 2431 1782 2502 requirit

176 2531 240 2586 in
283 2529 494 2584 illorum
549 2529 756 2584 dierum
813 2527 1217 2582 enumeratione
1269 2525 1613 2586 sententiam,
1661 2537 1781 2592 qua:

173 2637 293 2677 non
321 2623 372 2674 in
390 2620 670 2690 pr0phetia
694 2620 940 2687 ﬁgurate,
963 2620 1057 2672 sed
1078 2619 1131 2671 in
1151 2619 1250 2670 hac
1273 2627 1637 2670 creaturarum
1655 2629 1785 2668 con-

177 2714 395 2768 ditione
425 2711 640 2781 proprie
669 2709 964 2778 meliusque
995 2707 1166 2777 possit
1192 2706 1438 2775 intelligi,
1467 2714 1696 2774 quaerat,
1731 2713 1789 2759 et

178 2804 446 2862 divinitus
479 2803 693 2873 adjutus
722 2802 978 2857 inveniat.
1005 2799 1147 2860 Fieri
1173 2799 1316 2854 enim
1343 2807 1521 2868 potest
1549 2807 1605 2851 ut
1625 2797 1785 2852 etiam

180 2913 287 2968 ego
315 2898 475 2951 aliam
522 2895 605 2951 his
634 2896 829 2949 divinae
860 2894 1152 2963 Scripturas
1185 2892 1370 2947 verbis
1409 2890 1788 2961 congruentio-

184 3005 306 3046 rem
345 2989 588 3044 fortassis
618 2987 913 3051 inveniam;
946 2997 1119 3055 neque
1149 2985 1292 3039 enim
1349 2985 1421 3038 ita
1473 2983 1610 3036 hanc
1659 2997 1788 3036 con-

187 3082 368 3146 ﬁrmo,
399 3088 457 3134 ut
497 3079 678 3145 aliam,
715 3094 831 3149 qua:
859 3078 1216 3149 praeponenda
1264 3077 1352 3142 sit,
1403 3075 1627 3130 inveniri
1676 3089 1781 3129 non

189 3186 352 3243 posse
381 3171 722 3226 contendam.
763 3189 781 3222 ›
814 3169 907 3223 His
939 3182 996 3223 se
1025 3167 1286 3222 munitum
1331 3166 1497 3219 volnit
1518 3164 1778 3219 adversus
1808 3155 1853 3218 C
1885 3172 2074 3212 manus

190 3268 582 3323 malevolorum
614 3267 872 3322 lectorum
901 3279 1155 3319 censuras
1185 3264 1281 3318 lib.
1314 3279 1367 3318 tv
1415 3261 1483 3318 de
1529 3263 1663 3317 Cen.
1715 3261 1782 3315 ad

191 3363 321 3427 Iitt.,
347 3376 464 3431 cap.
495 3359 586 3414 ι28.
623 3360 748 3415 Haec
778 3359 890 3415 sola
917 3358 1197 3429 Augustini
1230 3359 1393 3413 verba
1422 3356 1608 3413 solidas
1653 3371 1784 3425 apo-

191 3455 350 3524 logis:
378 3455 494 3509 loco
531 3453 772 3509 habenda
801 3463 1005 3522 essent,
1038 3467 1139 3508 nec
1161 3451 1450 3521 quidquam
1479 3467 1667 3506 rursus
1691 3450 1785 3505 ad-

192 3545 433 3601 dendum
465 3545 603 3600 foret
653 3559 750 3613 pro
794 3544 1038 3614 ejusdem
1086 3541 1544 3610 interpretationis
1600 3540 1788 3594 defen-

193 3637 371 3692 sione.
427 3637 688 3692 Czeterum
747 3650 811 3691 ex
870 3634 1068 3689 nostris
1130 3631 1482 3700 scriptoribus
1537 3632 1788 3699 magister

197 3728 515 3784 Emmanuel
554 3727 726 3782 Cerda
773 3726 1085 3790 Lusitanus,
1133 3723 1378 3793 publicus
1419 3723 1472 3776 in
1516 3720 1824 3793 academia‘

193 3820 619 3876 Conimbricensi
651 3820 930 3889 theologiae
959 3816 1252 3888 professor,
1284 3815 1335 3870 in
1358 3815 1471 3871 suis
1498 3815 1790 3882 Quodlibe‘

197 3914 265 3967 tis
299 3913 639 3982 theologicis,
673 3914 936 3966 acerrime
966 3918 1154 3964 contra
1204 3909 1566 3964 recentiorum
1616 3909 1790 3977 impe-

198 4015 310 4059 tum
335 4006 510 4074 magni
534 4004 780 4060 Parentis
801 4003 1123 4058 sententiam
1155 4009 1473 4071 propugnat,
1498 4013 1792 4069 eorumque

199 4099 326 4152 etin
357 4098 696 4152 censurando
753 4097 1053 4161 audaciam,
1083 4104 1134 4149 et
1164 4095 1217 4148 in
1252 4091 1614 4164 impugnando
1644 4091 1795 4145 debi-

201 4193 404 4247 litatem
434 4191 704 4256 ostendit;
735 4191 874 4244 idem
907 4204 1118 4259 quoque
1144 4187 1390 4256 praestitit
1431 4185 1654 4239 Carolus
1684 4184 1794 4238 Mo-

206 4302 356 4350 rcau,
383 4294 564 4340 noster
600 4282 970 4348 Biturlcensis,
1003 4283 1053 4336 in
1088 4279 1346 4334 Vindiciis
1377 4277 1634 4348 paciﬁcis.
1681 4276 1795 4346 Ego

202 4379 562 4434 recentiorum
591 4376 961 4430 accusationes
982 4387 1101 4428 cum
1125 4381 1365 4426 veterum
1399 4369 1790 4438 theologorum,

203 4477 257 4522 et
286 4469 498 4537 quidem
531 4467 830 4536 principum
858 4464 1076 4534 judiciis
1099 4461 1347 4517 conferre
1377 4460 1518 4524 volo,
1551 4472 1672 4512 nam
1706 4457 1793 4526 qni

207 4571 450 4616 exactam
486 4559 889 4630 Augustinianae
921 4554 1203 4611 sententiae
1231 4551 1603 4608 defensionem
1653 4550 1797 4605 desi-

209 4655 380 4721 derat,
413 4655 736 4709 Cerdensem
762 4652 923 4721 legat.

279 4748 443 4816 Igitur
486 4746 786 4800 Ludovicus
836 4743 1058 4808 Molina,
1105 4741 1158 4796 in
1201 4747 1357 4795 tract.
1407 4737 1474 4793 de
1504 4737 1678 4807 Opere
1705 4749 1799 4789 sex

209 4839 439 4905 dierum,
473 4839 610 4906 disp.
644 4839 692 4903 l,
737 4837 808 4891 ita
839 4837 906 4892 de
933 4835 1215 4905 Augustini
1254 4832 1614 4901 explicatione
1658 4830 1802 4899 judi-

211 4943 343 4986 cat:
380 4950 396 4982 ι
436 4932 715 4999 Exponere
748 4929 800 4983 in
851 4944 916 4984 eo
946 4941 1110 4982 sensu
1162 4925 1488 4993 Scripturas,
1539 4931 1623 4976 est
1673 4935 1802 4974 sane

211 5039 393 5078 earum
422 5022 791 5076 auctoritatem
842 5033 1122 5082 enervare,
1159 5025 1212 5070 et
1251 5014 1479 5068 ludibrio
1513 5013 1646 5066 forte
1685 5025 1804 5066 eam

212 5134 396 5174 coram
426 5117 732 5172 inﬁdelibus
760 5129 1049 5184 exponere.
1093 5131 1112 5164 ι
1147 5113 1216 5165 At
1243 5123 1351 5163 non
1381 5107 1454 5161 ita
1501 5104 1712 5174 abjecte
1740 5104 1806 5159 de

214 5213 498 5282 Augustini
527 5208 971 5279 interpretatione
1009 5203 1178 5260 sensit
1228 5214 1452 5272 magnus
1500 5198 1802 5266 theologia),

214 5303 322 5359 imo
353 5301 607 5357 Ecclesia:
630 5301 844 5366 doctor,
877 5303 1094 5352 sanctus
1125 5293 1381 5359 Thomas,
1423 5290 1478 5343 in
1519 5289 1553 5341 2
1578 5289 1807 5345 Senten-

217 5397 432 5463 tiarum,
467 5394 589 5450 dist.
621 5392 686 5447 12
707 5431 721 5457 ,
749 5400 940 5461 quaest.
990 5387 1043 5456 1,
1091 5395 1192 5441 art.
1231 5383 1306 5438 2:
1345 5401 1364 5434 ‹
1393 5382 1589 5438 Harum
1621 5380 1804 5449 igitur,

215 5490 412 5560 inquit,
440 5487 833 5558 expositionum
860 5483 1032 5554 prima
1063 5478 1393 5553 (Augustini)
1423 5485 1508 5533 est
1533 5473 1806 5544 subtilior,

218 5581 388 5650 magis
417 5583 484 5636 ab
507 5579 761 5635 irrisione
793 5575 1090 5632 inﬁdelium
1115 5572 1422 5641 Scripturas
1442 5567 1754 5623 defendens.
1785 5585 1805 5620 ι

219 5672 465 5729 Alterum
513 5670 754 5742 ejusdem
792 5666 1030 5738 Angelici
1062 5660 1410 5734 praeceptoris
1444 5668 1644 5715 textum
1685 5672 1810 5711 mox

219 5760 472 5834 Laudabo,
505 5762 561 5818 in
588 5776 695 5834 quo
721 5758 987 5818 contraria
1021 5770 1242 5830 prorsus
1273 5751 1461 5812 scribit
1489 5751 1557 5807 iis
1596 5764 1714 5822 quae
1745 5748 1814 5808 de

1876 1897 1996 1935 rum
2043 1880 2334 1934 academiae
2379 1879 2886 1948 proscripsere?An
2938 1880 3064 1949 quia
3107 1879 3201 1933 tibi
3257 1877 3470 1949 tuisque

1877 1971 2144 2040 displicet,
2177 1985 2401 2026 crronea
2430 1972 2694 2026 censenda
2728 1974 2843 2026 est?
2873 1974 2942 2027 At
2973 1973 3109 2026 scito
3143 1972 3465 2026 recentiori-

1878 2064 1978 2118 bus
2006 2063 2410 2134 Augustinianis
2439 2062 2747 2118 doctoribus
2777 2063 2990 2132 probari
3035 2064 3324 2129 Cerdensi,
3358 2062 3473 2116 Mo-

1879 2171 2007 2210 reau
2037 2165 2196 2224 atque
2227 2154 2500 2210 Ludovico
2529 2156 2596 2209 ab
2622 2157 2864 2223 Angelis,
2909 2156 3117 2212 doctori
3167 2154 3472 2210 Conimbri-

1879 2248 2047 2311 censi,
2078 2247 2167 2301 lib.
2199 2262 2229 2300 v
2255 2248 2320 2300 (lc
2346 2247 2462 2301 Vita
2491 2248 2660 2302 sancti
2682 2248 2984 2318 Augustini,
3016 2264 3131 2318 cap.
3154 2249 3206 2313 9,
3229 2249 3318 2303 ubi
3341 2250 3476 2304 alios

1881 2340 2067 2394 Patres
2093 2339 2181 2407 qui
2214 2342 2508 2409 Augustino
2540 2356 2600 2395 ea
2630 2342 2682 2394 in
2724 2356 2784 2395 re
2815 2356 3139 2396 consensere
3190 2341 3471 2408 producit,

1882 2439 2042 2499 atque
2069 2430 2124 2484 in
2154 2431 2402 2484 Molinam
2426 2431 2494 2484 oh
2525 2431 2736 2486 Patrem
2766 2431 3150 2500 reprehensum
3178 2429 3471 2489 invehitur.

1884 2521 2098 2576 Tertius
2136 2524 2416 2590 Augustini
2462 2533 2742 2579 accusator
2782 2524 3006 2593 Arriaga
3050 2525 3288 2578 clamat:
3319 2541 3337 2575 ι
3373 2524 3478 2577 Ex-

1887 2613 2108 2681 plicatio
2143 2612 2255 2666 haec
2297 2623 2549 2668 censetur
2575 2616 2642 2669 ab
2670 2616 2920 2668 omnibus
2952 2614 3346 2683 iniprohabilis,
3380 2629 3480 2668 nec

1889 2717 1990 2772 ego
2016 2701 2202 2754 dubito
2230 2703 2355 2770 quin
2388 2704 2433 2756 si
2481 2705 2838 2773 Augustinum
2885 2719 2990 2757 non
3033 2703 3256 2758 haberet
3297 2712 3481 2773 patro.-

1889 2811 2048 2860 uum,
2081 2796 2362 2850 manifeste
2392 2795 2642 2850 damnata
2674 2797 2861 2851 fuisset
2892 2807 2948 2851 nt
2979 2797 3249 2866 literetica,
3292 2815 3312 2848 ι
3348 2806 3480 2852 tom.

1888 2885 1956 2953 ll,
1987 2887 2040 2940 in
2075 2894 2211 2954 part.
2238 2902 2275 2950 ι,
2306 2885 2506 2954 dispnt.
2535 2886 2627 2952 28,
2654 2903 2801 2942 num.
2831 2886 2922 2941 40.
2949 2889 3019 2941 At
3046 2889 3362 2942 recentioris
3385 2888 3484 2942 hu-

1886 2975 1974 3045 jus
2005 2991 2164 3030 voces
2197 2976 2560 3045 comprimunt
2589 2977 2694 3031 duo
2733 2977 3054 3032 Parisiensis
3083 2980 3281 3032 scholae
3327 2979 3483 3033 theo-

1890 3067 1998 3137 logi
2048 3067 2323 3136 przecipni,
2375 3075 2591 3121 sanctus
2617 3068 2988 3122 Bonaventura
3028 3078 3079 3123 et
3107 3067 3352 3139 Egidius
3377 3069 3486 3125 Ro-

2129 3174 2142 3209 :
2192 3157 2281 3212 ille
2327 3157 2542 3226 quidem
2592 3158 2644 3211 in
2691 3159 2753 3223 2,
2787 3158 2916 3222 dist.
2957 3157 3053 3224 15,
3086 3171 3189 3214 art.
3229 3161 3250 3211 -1
3278 3203 3291 3226 ,
3327 3176 3380 3229 q.
3416 3161 3476 3227 1,

1886 3250 2129 3305 scribit:
2170 3268 2188 3300 ‹
2228 3250 2485 3316 Quamvis
2537 3260 2714 3305 autem
2776 3251 2890 3306 haec
2944 3252 3138 3320 positio
3195 3253 3488 3322 probabilis

1887 3353 2030 3397 esset
2054 3351 2106 3396 et
2137 3340 2492 3406 rationabilis,
2519 3342 2769 3396 catholici
2814 3351 2992 3398 tamen
3031 3353 3369 3409 tractatores,
3396 3345 3487 3413 qui

1888 3435 2242 3504 Augustinum
2271 3435 2440 3489 secuti
2487 3445 2632 3498 sunt,
2669 3435 2803 3488 viam
2845 3437 3005 3488 aliam
3052 3439 3490 3506 approbaverunt

1892 3528 2092 3592 magis;
2131 3545 2150 3578 ι
2188 3527 2290 3580 iste
2333 3541 2488 3592 vero,
2525 3535 2660 3592 part.
2691 3541 2708 3578 ι
2741 3525 2985 3590 llexam.,
3016 3542 3133 3596 cap.
3164 3527 3232 3581 29
3262 3547 3274 3582 :
3314 3547 3333 3580 ‹
3363 3528 3482 3583 Non

1894 3626 2097 3681 autem,
2129 3617 2322 3684 inquit,
2359 3618 2459 3669 ista
2505 3617 2755 3684 dicimus,
2793 3628 2849 3671 ut
2876 3620 3242 3686 improbemus
3278 3622 3489 3690 opinio-

1894 3725 2020 3765 nem
2048 3709 2348 3778 Augustini,
2380 3724 2498 3779 qum
2526 3720 2608 3764 est
2639 3710 2795 3765 valde
2822 3711 3035 3764 subtilis
3060 3719 3116 3766 et
3147 3713 3426 3768 solemnis.
3461 3733 3481 3768 ι

1898 3801 2004 3858 Sed
2033 3801 2156 3871 quid
2188 3801 2404 3856 tandem
2434 3801 2573 3856 dicat
2603 3801 2692 3856 ille
2728 3803 3006 3871 Augustini
3058 3818 3252 3859 censor
3298 3805 3492 3860 Morai-

1895 3910 1991 3953 nes
2016 3894 2322 3949 audiamus.
2359 3894 2453 3949 ille
2480 3895 2717 3964 quidem,
2746 3896 2979 3949 recitans
3007 3897 3305 3967 catalogum
3335 3912 3486 3954 erro-

1897 4004 2013 4042 rum
2042 3988 2210 4041 sancti
2247 3985 2439 4049 Patris,
2475 3986 2616 4042 hunc
2642 3987 2813 4056 primo
2842 3987 2964 4042 loco
2995 3989 3210 4057 posuit:
3251 4009 3271 4042 ‹
3310 3992 3490 4047 Sensit

1898 4079 1990 4133 ille
2015 4079 2274 4132 mundum
2306 4078 2357 4132 in
2401 4079 2619 4133 instanti
2649 4091 2890 4133 creatum
2937 4079 3123 4146 fuisse,
3167 4091 3297 4149 etc.,
3348 4083 3490 4152 quod

1901 4187 2004 4227 non
2036 4171 2288 4226 convenit
2321 4186 2438 4226 cum
2471 4171 2687 4239 scriptis
2717 4188 2744 4224 a
2776 4171 2960 4243 Moyse
2989 4188 3107 4243 cap.
3137 4189 3152 4228 ι
3180 4175 3452 4231 Geneseos
3472 4216 3489 4243 ,

1899 4275 1956 4317 ut
2008 4263 2298 4318 ostendunt
2357 4263 2718 4317 accuratiores
2775 4265 3050 4334 theologi,
3105 4268 3491 4336 speciatiiuque

1899 4353 2120 4419 Suarez,
2144 4353 2360 4416 Molina,
2393 4354 2679 4408 MARTINON
2704 4355 2798 4425 (ita
2833 4365 3008 4411 semet
3029 4357 3168 4409 inter
3190 4358 3493 4414 accuratio-

1903 4461 1990 4502 res
2018 4447 2294 4514 theologos
2325 4448 2618 4517 recenset),
2669 4451 3135 4518 commnniterque
3175 4448 3416 4518 rejicitur
3461 4466 3492 4508 a

1905 4540 2212 4596 doctoribus
2253 4540 2551 4605 catholicis,
2595 4559 2614 4593 ›
2655 4542 2796 4611 disp.
2843 4541 2908 4594 1'2
2968 4541 3288 4607 Anti-laus,
3340 4556 3490 4597 num.

1908 4632 1997 4686 5'2.
2034 4631 2139 4687 Sed
2192 4647 2295 4688 non
2341 4633 2412 4687 ita
2459 4631 2722 4702 judicavit
2763 4632 3045 4702 Dionysius
3088 4633 3497 4700 (Iarthusianus,

1908 4728 2034 4783 dum
2082 4729 2132 4782 in
2179 4742 2298 4797 cap.
2333 4743 2348 4780 1
2379 4728 2537 4794 Gcn.,
2584 4737 2686 4782 art.
2718 4727 2786 4792 5,
2821 4724 3036 4792 scripsit
3069 4742 3081 4776 :
3117 4742 3135 4774 ‹
3166 4725 3496 4794 Augustinus

1909 4821 2229 4892 excogitavit
2284 4821 2568 4889 quamdam
2619 4816 3012 4886 expositionem
3067 4815 3353 4882 subtilem,
3401 4830 3500 4885 per

1912 4929 2069 4981 quam
2094 4912 2332 4965 defendit
2355 4912 2684 4980 Scripturam
2717 4907 2784 4960 ab
2809 4905 3055 4961 irrisione
3095 4906 3420 4975 hujusmodi,
3448 4919 3502 4963 ct

1912 5014 2088 5058 tamen
2118 5001 2342 5054 salvavit
2363 5000 2652 5068 Scriptura-2
2678 5009 2730 5053 et
2753 4998 2877 5053 ﬁdei
2901 4999 3202 5055 veritatem.
3235 5019 3254 5052 ι
3285 5001 3349 5055 Et
3375 5008 3500 5054 ante

1911 5097 2083 5164 ipsum
2113 5101 2330 5147 sanctus
2358 5091 2614 5157 Thomas,
2665 5091 2886 5146 recitata
2915 5091 3198 5162 Augustini
3243 5103 3297 5148 et
3333 5094 3502 5146 altera

1912 5187 2140 5241 aliorum
2186 5183 2401 5238 Patrum
2447 5184 2822 5252 explicatione,
2852 5185 3024 5255 inquit
3063 5202 3078 5242 :
3131 5204 3150 5238 ι
3199 5185 3496 5252 Utrumque

1913 5292 2128 5334 sensum
2160 5275 2563 5333 circumstantia
2593 5276 2787 5331 litterae
2816 5278 3037 5345 patitur,
3081 5293 3100 5327 ι
3134 5275 3184 5328 in
3213 5275 3248 5327 2
3278 5275 3504 5328 Senten-

1918 5372 2110 5427 tiarum
2139 5370 2230 5424 cit.
2260 5369 2350 5423 Na:
2386 5378 2602 5423 sanctus
2646 5368 2912 5432 Thomas,
2957 5367 3206 5421 Albertus
3250 5364 3501 5434 Magnus,

1917 5470 2135 5519 sanctus
2166 5461 2537 5515 Bonaventura
2577 5467 2634 5514 et
2674 5458 2921 5529 AEgidius
2948 5458 3219 5511 Romanus
3251 5456 3391 5509 inter
3414 5469 3507 5510 ac-

1918 5556 2210 5611 curatiores
2226 5553 2503 5624 theologos
2529 5553 2747 5607 minime
2763 5549 3077 5606 recensendi
3097 5550 3252 5604 sunt?
3266 5549 3506 5604 Eruntne

1919 5652 1997 5706 illi
2040 5652 2105 5706 de
2149 5651 2331 5704 ultima
2379 5649 2747 5718 ilicologorum
2799 5645 2988 5714 plebe,
3043 5651 3322 5698 senatores
3375 5656 3506 5698 vero

1924 5745 2143 5814 Suarez,
2163 5744 2352 5802 Molina
2381 5754 2430 5800 ct
2460 5743 2722 5799 Mai-(inor:
2742 5742 2763 5796 ?
2782 5739 2892 5796 lmo
2915 5737 3150 5795 omnium
3191 5733 3508 5796 nobilissimi
