3892 6358
336 329 438 383 795
1192 314 1750 379 SUPPLEMENTUM
1792 313 1885 371 AD
1921 310 2149 371 OPEBA
2189 308 2247 367 Β.
2290 308 2681 367 ΑυαυετιΝι.
3501 304 3667 363 ’1Ξό

338 440 413 493 illi
442 445 583 501 sunt,
613 436 803 506 quibus
832 442 885 488 et
904 432 1101 489 Suarcz
1133 440 1187 487 et
1216 433 1409 486 Matina
1440 436 1742 497 assurgunt,
1771 426 1912 483 Mar-
1940 422 1997 486 Δ
2025 426 2341 499 probatione
2369 440 2435 481 cx
2464 422 2707 497 originali
2744 422 2863 479 solo
2899 428 3119 495 peccato
3147 426 3269 478 orta
3293 416 3665 477 Calviniana

340 530 487 584 tiuon
513 543 641 584 vero
671 544 768 584 nec
790 527 980 593 eadem
1002 541 1121 582 cum
1150 525 1260 580 illis
1290 524 1378 579 die
1418 524 1744 579 nominetur.
1925 508 1931 511 “
2026 522 2113 589 illa
2144 521 2323 591 opinio
2352 520 2645 579 deducatur
2677 530 2803 571 vere
2830 530 2895 569 an
2934 523 3254 584 apparenter
3282 512 3527 571 tantum!
3561 511 3663 568 Si

414 619 547 674 Illud
588 619 803 689 quidem
854 616 1151 687 principum
1194 614 1508 684 theologica:
1548 612 1748 668 schola:
1783 609 1925 680 judi-
2028 616 2255 687 primum
2286 614 2462 678 dicat,
2494 623 2620 669 tunc
2650 610 2809 667 faciet
2840 608 3193 678 Augustinum
3240 622 3307 662 ex
3352 605 3659 661 Ecclesia:

340 692 481 767 cium
529 711 599 766 de
647 710 815 767 sancti
860 706 1142 779 Augustini
1194 704 1637 773 interpretatione
1676 702 1801 766 fuit,
1840 700 1927 756 cui
2030 712 2248 768 άοοιοιιθ
2280 707 2579 765 Calviniani
2608 705 2814 763 erroris
2841 704 3187 773 magistrum,
3217 700 3360 769 quod
3391 701 3659 769 impium

340 816 471 857 sane
512 792 605 857 alii
645 808 771 854 ante
812 797 1169 869 Augustinum
1198 797 1339 851 viam
1367 804 1708 865 aperuerant.
1740 792 1927 858 Philo,
2032 813 2117 860 est
2145 803 2417 870 cogitare;
2448 800 2494 856 si
2521 814 2652 855 vero
2678 798 2904 859 alterum
2936 794 3191 857 affirmet,
3215 793 3414 849 videbit
3444 792 3659 849 sancti

339 892 689 948 Hebraeorum
720 891 909 955 Plato,
947 902 1287 945 communem
1317 885 1639 941 sententiam
1669 884 1736 938 de
1764 896 1931 952 opere
2034 895 2319 966 Augustini
2365 894 2689 950 sententiam
2740 906 2847 947 non
2894 886 3057 944 modo
3107 900 3299 955 reapse
3344 900 3449 943 non
3504 900 3665 941 esse

341 997 436 1040 sex
478 982 689 1040 dierum
736 996 842 1035 non
883 980 1043 1035 modo
1084 978 1297 1049 rejecit,
1326 991 1510 1031 verum
1541 974 1701 1030 etiam
1741 972 1927 1039 irrisit,

342 1075 439 1132 lib.
483 1090 501 1131 ι
544 1074 781 1145 Allegor.
814 1073 1061 1143 inquiens
1103 1088 1118 1124 :
1172 1089 1191 1123 ι
1239 1070 1541 1125 Rnsticanaz
1571 1065 1933 1137 simplicitatis

288 1156 295 1160 δ
347 1182 467 1224 esse
512 1176 701 1237 putare
747 1180 843 1224 sex
887 1165 1099 1231 diebus,
1131 1172 1223 1217 aut
1268 1163 1453 1235 utique
1499 1168 1648 1217 certo
1695 1169 1936 1229 tempore

289 1267 304 1287 “
347 1258 606 1314 mundum
630 1270 753 1312 esse
774 1265 1036 1310 creatum.
1060 1274 1078 1307 ›
1108 1254 1185 1308 Ex
1212 1252 1413 1309 Graecis
1435 1250 1685 1307 Clemens
1708 1250 1939 1306 Alexan-

282 1373 301 1425 πί
348 1350 570 1415 drinus,
610 1350 702 1404 lib.
731 1364 784 1402 vr
830 1348 1197 1412 Stromatum,
1229 1345 1474 1401 eamdem
1525 1344 1938 1415 explicationem

349 1447 571 1498 secutus
614 1448 716 1505 est,
754 1454 914 1509 quam
964 1437 1105 1507 apud
1150 1437 1370 1491 Latinos
1401 1444 1584 1491 noster
1614 1432 1941 1504 Augustinus

349 1546 509 1603 quam
559 1530 791 1587 maxime
842 1530 1148 1584 illustravit.
1180 1528 1330 1583 Illam
1379 1527 1543 1582 etiam
1588 1524 1717 1579 tanti
1768 1524 1942 1577 fecere

350 1624 585 1681 universi
618 1623 925 1678 scholastici
953 1623 1223 1686 doctores,
1257 1630 1313 1675 ut
1356 1634 1547 1690 magno
1592 1616 1771 1672 studio
1813 1614 1944 1667 alla-

350 1710 593 1799 borarint
624 1717 678 1773 in
709 1714 1022 1786 explicanda
1053 1712 1321 1769 sententia
1360 1709 1641 1781 Augustini
1666 1707 1732 1762 de
1759 1704 1944 1776 cogni-

2036 990 2360 1049 Calvinianze
2399 987 2699 1051 haereseos,
2730 992 2790 1038 ut
2833 994 3112 1051 perperam
3156 986 3331 1048 putat,
3360 986 3605 1033 matrem
3628 1020 3657 1043 ,

2038 1082 2133 1137 sed
2165 1094 2336 1149 neque
2362 1077 2576 1133 afﬁnem
2597 1116 2612 1142 ,
2639 1083 2694 1131 et
2718 1073 2921 1142 optime
2943 1086 3063 1127 cum
3095 1068 3389 1126 Calviniani
3415 1069 3663 1125 erroris

2040 1173 2413 1232 oonfutatione
2462 1182 2619 1239 posse
2664 1165 2937 1236 componi.
2975 1162 3131 1219 Unde
3177 1162 3356 1232 igitur,
3395 1159 3649 1229 Adame,

2042 1269 2148 1325 tale
2181 1275 2477 1323 monstrum
2512 1260 2743 1319 tinxisti?
2767 1262 2848 1315 An
2879 1256 3023 1327 quod
3054 1257 3123 1313 ita
3150 1253 3455 1311 Calvinisue
3488 1254 3657 1309 arbio

2043 1357 2287 1415 trantur?
2312 1355 2407 1412 sed
2438 1355 2484 1412 si
2515 1355 2704 1411 horum
2734 1348 3041 1421 prejudicia
3065 1346 3326 1417 sequeris,
3340 1346 3448 1415 jam
3480 1354 3649 1414 pote-

2046 1464 2135 1505 ras
2182 1450 2488 1504 universam
2541 1443 2827 1515 Augustini
2867 1440 3190 1505 doctrinam,
3222 1439 3329 1494 imo
3368 1446 3649 1503 etsacros

2045 1541 2262 1597 codices
2290 1537 2616 1608 compendio
2646 1537 2868 1591 horrere
2887 1575 2902 1599 ,
2936 1546 3062 1588 nam
3099 1530 3436 1598 Calvinistte,
3466 1540 3638 1599 quot-

2047 1641 2179 1702 quot
2208 1632 2474 1691 haeresum
2507 1635 2754 1698 portenta
2792 1624 3057 1691 nutriunt,
3083 1638 3153 1679 ne
3177 1630 3419 1678 veterum
3445 1628 3642 1692 patro-

2047 1723 2193 1780 cinio
2222 1722 2406 1781 nudati
2438 1719 2726 1779 videantur
2749 1758 2764 1783 ,
2794 1716 2899 1775 sub
2942 1730 3111 1777 sacrm
3152 1713 3443 1781 Scriptura
3473 1722 3647 1785 atque

350 1810 498 1865 tione
519 1792 631 1864 'illa
674 1808 937 1863 matutina
974 1815 1027 1861 et
1066 1805 1369 1875 vespertina
1414 1817 1619 1868 rerum,
1652 1813 1845 1867 nempe
1891 1795 1945 1851 in
1977 1792 2027 1855 B
2053 1816 2455 1887 Αυευειίηίαηω
2485 1822 2624 1883 mam
2658 1809 2977 1882 quibusdam
3007 1808 3172 1871 νθιιηί
3210 1808 3422 1865 laciniis
3445 1807 3644 1865 eadem

352 1902 533 1958 divina
581 1910 771 1957 natura
800 1911 855 1957 et
905 1900 958 1955 in
1005 1913 1063 1954 se
1108 1897 1260 1968 ipsis.
1295 1896 1369 1951 lta
1413 1896 1480 1953 de
1509 1908 1636 1951 vero
1664 1890 1949 1962 Augustini

354 2007 519 2048 sensu
544 1994 684 2049 inter
705 2006 763 2048 se
786 2006 891 2046 non
916 1991 1107 2046 leviter
1135 1990 1344 2060 litigant
1370 1986 1618 2042 doctores
1643 1984 1949 2039 scholarum

356 2084 629 2153 principes
670 2084 923 2139 Albertns
951 2082 1208 2152 Magnus,
1243 2089 1381 2150 part.
1416 2096 1433 2134 ι
1474 2078 1732 2144 Summa),
1759 2093 1814 2147 q.
1849 2076 1946 2141 12,

358 2184 458 2231 art.
494 2175 525 2227 6
550 2184 606 2231 et
633 2176 662 2229 7
688 2193 701 2241 ;
732 2185 951 2232 sanctus
980 2174 1236 2243 Thomas,
1263 2182 1400 2242 part.
1433 2188 1471 2237 ι,
1500 2187 1553 2241 q.
1584 2171 1672 2237 58,
1700 2177 1805 2224 art.
1835 2167 1866 2221 6
1896 2174 1953 2223 et

359 2266 425 2331 7;
463 2267 856 2333 Bonaventura,
887 2267 944 2329 9,
979 2267 1105 2321 dist.
1138 2266 1190 2332 4,
1224 2273 1327 2319 art.
1361 2266 1414 2329 3,
1454 2280 1509 2332 q.
1552 2265 1616 2326 l;
1648 2263 1857 2324 Scottis,
1893 2261 1950 2325 2,

361 2354 487 2411 dist.
517 2358 573 2423 5,
606 2365 795 2424 quaest.
830 2357 898 2418 9;
930 2354 1195 2423 Aigidius,
1237 2363 1377 2423 part.
1412 2368 1431 2408 ι
1475 2352 1785 2417 chamer.,
1826 2364 1949 2417 cap.

356 2445 452 2513 29,
482 2456 537 2502 et
563 2448 741 2501 caeteri
783 2446 1163 2515 communiter,
1192 2460 1329 2515 quos
1378 2460 1482 2498 non
1532 2443 1651 2500 sine
1696 2443 1851 2497 laude
1896 2444 1950 2497 in

358 2536 548 2593 eadem
577 2537 861 2608 Augustini
908 2546 1089 2593 mente
1134 2536 1434 2606 indaganda
1479 2535 1669 2591 imitati
1709 2543 1834 2589 sunt
1862 2534 1953 2591 Je-

358 2628 563 2684 suitica:
592 2628 790 2684 schola:
818 2627 1001 2693 duces,
1027 2627 1228 2701 Suarez
1257 2628 1352 2684 lib.
1379 2644 1393 2682 ι
1417 2628 1483 2683 de
1511 2626 1687 2696 Opere
1716 2641 1811 2681 sex
1841 2626 1955 2682 die-

359 2734 477 2774 rum
501 2759 514 2784 ,
547 2734 666 2788 cap.
704 2720 802 2783 10;
834 2720 1113 2790 Vasqucz,
1142 2728 1282 2789 part.
1312 2735 1360 2785 ι,
1392 2719 1591 2787 disput.
1624 2717 1715 2787 51,
1748 2732 1865 2787 cap.
1895 2719 1949 2773 ‘2.

362 2809 513 2864 Mitto
542 2809 628 2865 hic
660 2826 780 2881 qua:
810 2826 877 2868 ex
907 2810 1266 2878 Cassiodoro,
1302 2811 1505 2866 Isidoro
1527 2851 1542 2877 ,
1571 2809 1769 2866 Junilio
1806 2809 1955 2864 aliis-

360 2915 465 2969 que
494 2900 545 2955 in
577 2902 1102 2957 commendationem
1138 2900 1546 2972 Augustinianaa
1577 2899 1955 2967 explicationis

362 2992 637 3049 adducunt
663 2994 902 3049 Lusitani
946 2993 1122 3049 nostri
1151 2992 1401 3048 doctores
1430 2990 1601 3046 Cerda
1629 3000 1684 3045 et
1714 2989 1952 3045 Ludovi-

359 3100 453 3141 cus
484 3087 552 3141 ab
579 3087 821 3158 Angelis.
846 3086 905 3141 P.
933 3085 1174 3151 Macedo,
1202 3086 1253 3139 in
1285 3086 1456 3141 altera
1490 3084 1786 3155 lheologico
1810 3093 1953 3139 torno

361 3174 719 3232 Collationum
753 3177 820 3231 de
858 3176 1103 3247 Angelis,
1133 3176 1447 3232 doctissime
1474 3177 1643 3231 sancti
1677 3175 1849 3230 Patris
1876 3176 1957 3232 in-
1981 3167 2029 3232 C

358 3268 798 3337 terpretationem
839 3264 1076 3323 defendit
1108 3264 1327 3335 (Callat.
1361 3266 1416 3329 6,
1451 3264 1564 3330 di/f.
1595 3263 1675 3335 ‘2),
1712 3264 1800 3320 ubi
1831 3265 1953 3335 plu-

360 3374 450 3414 res
482 3358 812 3414 recentiores
838 3359 1021 3414 laudat
1051 3358 1140 3429 qui
1166 3359 1452 3429 Augustini
1483 3358 1807 3415 sententiam
1839 3374 1953 3415 am-

341 3450 557 3522 .plexati
587 3460 730 3507 sunt.
773 3450 988 3506 Interim
1024 3451 1281 3522 legendus
1308 3452 1531 3507 omnino
1558 3460 1641 3506 est
1671 3450 1812 3506 idem
1837 3450 1952 3507 Au-

358 3543 602 3616 gustinus
631 3544 722 3599 lib.
750 3560 823 3599 xtt
852 3542 1123 3613 Confess.,
1149 3543 1240 3601 ubi
1270 3561 1299 3599 a
1330 3560 1448 3612 cap.
1478 3546 1541 3601 H
1570 3558 1737 3616 usque
1765 3544 1830 3599 ad
1859 3543 1949 3613 52,

362 3650 470 3706 quo
501 3635 639 3693 liber
668 3636 757 3692 ille
788 3636 1075 3702 clauditur,
1106 3635 1304 3709 justam
1333 3637 1435 3693 sibi
1466 3637 1767 3709 apologiam
1794 3652 1952 3707 para-

371 3730 466 3797 vit,
490 3745 594 3800 qua
615 3745 739 3786 suas
771 3731 821 3785 in
841 3731 1079 3802 Moysem
1108 3729 1577 3801 interpretationes
1604 3730 1953 3803 suggillantcs

360 3822 534 3878 solide
558 3823 870 3879 confutavit.

362 3940 390 4010 §
418 3941 487 3997 Χ.
522 3940 744 3996 Sanctus
774 3942 1089 4010 Augustinus
1119 3954 1223 3992 non
1257 3936 1445 3991 erravit
1471 3939 1747 4010 asserenda
1778 3955 1953 4008 ρεεεα-

566 4021 672 4063 tum
704 4008 955 4077 originale
980 4023 1087 4063 esse
1117 4023 1328 4060 causam
1353 4008 1749 4073 reprabationis.

432 4119 726 4185 Adesdum,
760 4120 961 4186 lector;
1006 4134 1127 4175 nam
1177 4120 1466 4175 immanem
1514 4134 1734 4190 prorsus
1774 4122 1952 4194 Augu-

338 4216 502 4279 _stino
523 4228 759 4270 errorem
784 4211 969 4282 objicit
989 4213 1249 4281 Adamus,
1267 4212 1391 4269 dum
1409 4228 1532 4282 cap.
1549 4213 1602 4278 3,
1623 4229 1741 4285 pag.
1756 4212 1882 4280 584,
1901 4224 1955 4270 et

362 4323 480 4378 cap.
496 4307 550 4374 ϐ,
574 4322 690 4377 pag.
708 4308 768 4362 61
781 4306 835 4372 4,
851 4308 1037 4363 scribit
1052 4307 1406 4378 Augustinum
1421 4309 1651 4365 sensisse
1665 4307 1831 4364 solum
1848 4326 1954 4379 pec-

360 4410 531 4457 catum
558 4400 770 4471 originis
804 4417 910 4455 esse
941 4418 1145 4456 causam
1170 4402 1542 4470 reprobatiom's
1568 4407 1951 4460 damnatorum.

362 4494 553 4549 Postea
577 4506 696 4563 cap.
717 4493 801 4561 10,
821 4508 937 4562 pag.
961 4492 1088 4556 667,
1106 4493 1241 4548 hanc
1265 4493 1508 4549 eamdem
1532 4495 1811 4565 Augustini
1835 4510 1955 4551 sen-

2053 1908 2345 1966 obvolvere
2376 1913 2482 1962 tota
2515 1911 2631 1961 arte
2660 1910 2946 1963 conantur.

2128 2004 2172 2058 0
2200 2003 2406 2059 utinam
2432 2001 2598 2056 hocce
2627 1995 2837 2053 Calvini
2864 1995 3083 2061 allatum
3107 2009 3175 2053 ex
3200 1994 3477 2063 Augustini
3515 2008 3644 2052 sen-

2055 2094 2221 2150 tentia
2250 2092 2537 2148 deduotum
2568 2087 2912 2159 protulissesl
2944 2086 3085 2155 nulla
3113 2084 3266 2142 nobis
3291 2083 3539 2152 ejusdem
3563 2101 3645 2142 rs-

2055 2184 2272 2243 fellendi
2300 2181 2592 2237 difﬁcultas
2613 2187 2779 2245 esset,
2796 2177 2886 2247 qui
2914 2175 3166 2233 tenebras
3192 2190 3301 2231 non
3330 2175 3534 2244 invehi,
3554 2175 3646 2231 sed

2057 2275 2224 2346 fugari
2253 2274 2386 2331 solis
2416 2271 2701 2342 praesentia
2728 2269 2995 2325 novimus.
3018 2267 3124 2323 Sed
3153 2282 3274 2324 cum
3308 2266 3512 2322 nullum
3543 2267 3647 2321 tale

2057 2369 2248 2436 dogma
2290 2364 2669 2436 appellaveris,
2700 2377 2770 2418 eo
2804 2358 3017 2417 silentio
3046 2374 3152 2415 non
3191 2358 3419 2415 obscure
3445 2357 3637 2430 signiﬁ-

2058 2460 2193 2515 casti
2227 2474 2333 2513 non
2363 2472 2486 2515 esse
2517 2455 2648 2511 illud
2679 2454 2897 2526 quidem
2930 2452 3327 2524 Augustinianm
3361 2451 3644 2509 sententia:

2058 2549 2246 2615 filium,
2273 2549 2366 2605 sed
2395 2564 2427 2605 e
2452 2558 2542 2604 tuo
2571 2546 2797 2603 cerebro
2822 2556 3004 2603 natum
3034 2544 3369 2615 ﬁgmentum,
3391 2543 3437 2599 si
3467 2552 3644 2613 tamen

2057 2642 2286 2712 vigilans
2314 2640 2404 2697 illa
2431 2638 2715 2710 scripsisti.
2740 2637 2846 2694 Sed
2862 2651 2980 2709 age,
3008 2635 3283 2703 videamus
3302 2650 3463 2705 quam
3490 2634 3641 2707 longe

2060 2735 2233 2791 sancti
2266 2731 2545 2803 Augustini
2590 2731 2856 2788 sententia
2902 2729 2969 2785 dc
3010 2727 3387 2800 reprobatione
3428 2740 3497 2784 ex
3533 2727 3641 2779 solo

2064 2834 2286 2895 peccato
2316 2821 2563 2893 originali
2597 2830 2716 2879 orta
2746 2820 2910 2877 distet
2936 2819 3002 2875 ab
3030 2834 3212 2875 errore
3242 2815 3466 2875 Calvini.
3493 2816 3641 2877 Certa

2060 2924 2251 2973 sancto
2301 2914 2601 2985 Augustino
2648 2912 2916 2969 sententia
2973 2912 3164 2983 stetit,
3212 2910 3642 2981 reprobationem

2060 3025 2368 3082 supponere
2418 3009 2725 3067 necessario
2754 3018 3064 3079 peccatum
3119 3009 3306 3068 saltem
3364 3008 3643 3078 originale.

2060 3102 2237 3171 Quare
2292 3116 2512 3158 versans
2552 3101 2643 3168 illa
2686 3100 2836 3159 Pauli
2873 3100 2938 3156 ad
2972 3099 3129 3156 Rom.
3154 3114 3229 3169 ιι,
3256 3100 3341 3165 ll,
3376 3100 3444 3156 15
3474 3114 3491 3154 :
3522 3096 3643 3153 Cum

2063 3194 2293 3250 nandum
2340 3196 2452 3249 nati
2496 3194 2734 3265 fuissent,
2773 3204 2860 3249 aut
2909 3193 3104 3263 aliquid
3151 3192 3267 3249 boni
3309 3193 3525 3264 egissent
3560 3203 3643 3246 ast

2062 3286 2207 3354 mali,
2241 3296 2381 3353 etc.;
2429 3284 2591 3340 Jacab
2631 3284 2811 3351 dilecti,
2845 3284 2986 3339 Esau
3025 3293 3194 3341 autem
3234 3286 3352 3351 adio
3394 3286 3567 3350 habui,
3596 3288 3644 3343 in

2061 3378 2254 3449 quibus
2282 3378 2464 3435 verbis
2502 3377 2814 3447 reprobatio
2857 3377 2995 3432 Esau
3042 3376 3375 3449 designatur,
3406 3376 3644 3435 eamdem

2062 3477 2340 3538 peccatum
2378 3468 2602 3540 originis
2632 3482 2938 3540 supponere
2964 3466 3168 3541 docuit.
3202 3467 3258 3525 In
3291 3467 3522 3539 epistola
3556 3467 3646 3523 1%

2058 3559 2168 3616 ait:
2204 3580 2223 3613 ι
2262 3559 2397 3627 Quid
2438 3559 2630 3615 oderat
2650 3559 2701 3614 in
2728 3559 2865 3615 Esau
2888 3567 3171 3629 antequam
3206 3558 3424 3616 iecisset
3452 3559 3646 3629 aliquid

2056 3653 2207 3721 mali,
2238 3653 2339 3708 nisi
2364 3651 2622 3724 originale
2645 3652 2955 3723 peccatum?
2986 3676 3006 3705 ο
3042 3650 3107 3709 Et
3130 3650 3222 3707 lib.
3248 3665 3265 3707 ι
3294 3650 3360 3707 ad
3380 3649 3646 3719 Simplic.,

2056 3762 2112 3818 q.
2138 3746 2195 3813 2,
2228 3745 2412 3803 scribit
2439 3762 2451 3799 :
2477 3762 2498 3798 ι
2531 3743 2649 3799 Non
2677 3743 2836 3813 igitur
2863 3742 2978 3801 odit
3005 3742 3151 3799 Deus
3179 3742 3319 3815 Esau
3347 3741 3647 3807 hominem,

2056 3838 2154 3895 sed
2202 3837 2341 3895 Esau
2388 3845 2749 3909 peccatoretn.
2808 3855 2827 3891 ι
2898 3835 3047 3904 Quod
3099 3834 3312 3907 quidem
3376 3842 3648 3906 peccatum

2056 3944 2165 3988 non
2215 3943 2337 4005 esse
2392 3928 2587 3985 factum
2639 3943 2671 3982 a
2700 3928 2835 3994 Deo,
2884 3927 2977 3998 qui
3012 3927 3273 3983 bonorum
3316 3933 3524 3984 tantum
3574 3934 3649 3983 est

2056 4030 2263 4086 auctor,
2294 4019 2492 4078 ibidem
2519 4019 2710 4090 probat
2734 4018 3092 4075 concludens:
3124 4035 3145 4073 ι
3174 4017 3301 4074 Odit
3324 4020 3469 4075 enim
3496 4018 3553 4077 in
3578 4019 3652 4076 eis

2056 4116 2579 4185 impietatem,quam
2610 4112 2726 4183 ipse
2752 4126 2857 4168 non
2884 4110 3032 4167 facit.
3059 4130 3077 4165 ι
3108 4114 3285 4179 Quare
3310 4111 3459 4167 nullo
3501 4121 3653 4185 pacto

2057 4208 2224 4265 Deum
2271 4208 2504 4263 futurum
2546 4205 2749 4278 justum
2796 4214 3089 4273 asseverat,
3117 4204 3166 4261 si
3199 4205 3445 4275 homines
3472 4220 3652 4277 repro-

2056 4303 2208 4359 baret
2250 4302 2396 4359 nullo
2438 4301 2491 4357 in
2532 4300 2665 4372 ipsis
2707 4301 2975 4371 existente
3012 4308 3272 4371 peccato:
3317 4317 3337 4354 ι
3367 4298 3438 4357 Ut
3471 4309 3653 4359 autem

2056 4394 2255 4450 odisset
2286 4392 2455 4454 Esau,
2488 4391 2590 4448 nisi
2629 4389 2907 4460 iniustitia:
2938 4389 3165 4461 merito,
3196 4390 3451 4460 injustum
3476 4398 3597 4456 est,
3632 4406 3650 4441 ι

2061 4484 2193 4541 ibid.
2219 4484 2284 4540 Et
2309 4485 2466 4554 epist.
2498 4483 2601 4541 106
2633 4485 2699 4539 ad
2728 4481 3009 4538 Paulinum
3036 4499 3048 4535 :
3087 4500 3109 4535 ι
3140 4482 3265 4539 Haec
3292 4495 3467 4538 massa
3490 4482 3540 4538 si
3570 4495 3657 4539 es-

362 4586 584 4642 tentiam
598 4546 1074 4653 sequentiCEnsura
1092 4585 1427 4655 perstringit:
1449 4586 1583 4642 «Sed
1598 4546 1958 4644 siistedoCtor
1983 4546 2038 4608 Β
2062 4588 2147 4635 Sel
2182 4578 2253 4633 ila
2297 4578 2493 4645 ιῐιθάὶθ.
2523 4586 2581 4637 ll
2612 4576 3066 4649 quemvadmOdum
3096 4575 3229 4631 nihil
3259 4574 3407 4646 boni,
3438 4575 3514 4630 ita
3559 4591 3658 4633 nec

365 4679 584 4749 (nempe
609 4678 958 4751 Augustinus)
989 4677 1212 4734 adderet
1243 4688 1516 4748 peccatum
1548 4681 1807 4751 originale
1832 4696 1955 4737 esse

360 4773 534 4829 solam
566 4788 782 4830 causam
817 4772 1231 4844 reprobationis,
1258 4784 1311 4829 et
1350 4789 1473 4829 esse
1517 4774 1568 4829 id
1609 4789 1714 4844 quo
1742 4774 1809 4829 ad
1841 4777 1951 4831 sal-

361 4874 512 4920 vatos
543 4881 571 4919 a
607 4865 873 4921 damnatis
900 4864 1231 4935 separandos
1263 4874 1511 4919 movetur
1542 4864 1701 4935 Deus,
1730 4881 1836 4921 non
1864 4881 1950 4922 so-

361 4955 470 5008 lunt
496 4971 594 5022 pro
624 4956 781 5027 hujus
809 4957 1075 5027 opinionis
1102 4956 1417 5014 defensione
1443 4967 1671 5014 mortem
1696 4969 1953 5029 appetere

364 5047 512 5113 nolo,
542 5048 635 5101 sed
666 5051 827 5105 credo
856 5052 984 5106 mihi
1017 5052 1181 5107 licere
1218 5051 1363 5107 illam
1406 5050 1648 5119 horrere,
1679 5052 1806 5122 quia
1836 5068 1947 5109 ma-

331 5194 334 5197 λ
365 5148 446 5191 ter
476 5145 555 5189 cst
589 5136 731 5193 illius
758 5155 915 5208 quam
957 5140 1208 5197 Calvinus
1239 5152 1382 5199 tanta
1413 5143 1689 5213 impietate
1713 5159 1775 5198 ac
1803 5145 1951 5201 rabie

364 5236 519 5299 urget
546 5234 733 5283 contra
780 5229 1097 5289 Ecclesiam.
1131 5252 1150 5286 ι
1184 5233 1315 5301 Quis
1345 5243 1523 5289 autem
1555 5236 1627 5290 sit
1656 5236 1763 5292 iste
1798 5252 1951 5293 error

361 5318 763 5391 Augustinianae
792 5323 1070 5377 sententia:
1101 5323 1242 5379 ﬁlius
1270 5324 1563 5391 snbticuit,
1590 5335 1672 5382 sat
1696 5327 1843 5383 enim
1870 5328 1949 5383 illi

361 5415 458 5470 fuit
501 5413 673 5472 sancti
714 5413 951 5470 doctoris
993 5424 1289 5484 assertum,
1322 5417 1634 5474 Calvinismi
1669 5421 1952 5490 agnatione

359 5506 589 5575 objecta,
618 5523 724 5564 non
767 5518 1075 5578 suspectum
1118 5510 1302 5575 modo,
1334 5510 1430 5566 sed
1471 5518 1527 5566 et
1564 5526 1786 5568 exosum
1830 5512 1953 5569 red-

359 5600 508 5656 dere.
536 5601 702 5656 Porro
723 5602 1031 5673 quicunque
1056 5603 1158 5659 iste
1185 5618 1339 5660 error
1366 5603 1596 5676 fingatur
1622 5620 1688 5660 ex
1714 5605 1803 5660 illa
1831 5620 1954 5661 sen-

363 5692 521 5744 tentia
554 5694 722 5748 sancti
754 5697 986 5753 doctoris
1016 5697 1192 5753 illatus
1223 5712 1253 5752 a
1283 5696 1530 5763 Calvino,
1562 5698 1951 5767 interrogatum

360 5780 520 5835 velim
553 5781 811 5839 Adamum
845 5803 970 5843 num
1002 5804 1066 5844 ex
1096 5788 1237 5845 thesi
1262 5790 1430 5845 sancti
1457 5787 1739 5857 Augustini
1769 5789 1836 5846 de
1867 5805 1952 5846 re-
1989 5834 2001 5875 ι

2064 4673 2189 4727 mali
2224 4670 2426 4740 aliquid
2457 4681 2774 4733 mereretur,
2804 4684 2912 4726 non
2943 4669 3136 4726 frustra
3162 4668 3433 4727 videretur
3462 4667 3655 4738 iniqui-

2066 4774 2175 4833 tas,
2206 4772 2261 4819 ut
2291 4778 2356 4820 ex
2406 4776 2467 4816 ea
2518 4776 2643 4817 vasa
2690 4762 2882 4841 ﬁerent
2925 4762 2981 4820 in
3023 4761 3423 4819 contumeliam.
3456 4780 3475 4814 ι
3513 4760 3659 4816 idem

2064 4857 2228 4913 habet
2251 4855 2409 4927 epist.
2439 4852 2537 4909 157
2570 4857 2639 4912 ad
2680 4855 2937 4927 Optatum
2977 4874 2989 4910 :
3027 4874 3045 4909 ι
3080 4855 3273 4911 Merito
3298 4864 3478 4912 autem
3508 4855 3660 4913 video

2062 4960 2212 5007 retur
2241 4951 2501 5020 injustum
2533 4949 2673 5021 quod
2714 4949 2851 5006 ﬁunt
2879 4964 3005 5007 vasa
3037 4949 3133 5007 irae
3169 4949 3237 5007 ad
3268 4948 3656 5020 perditionem,

2061 5044 2107 5101 si
2141 5058 2247 5099 non
2279 5050 2427 5100 esset
2453 5042 2567 5112 ipsa
2596 5041 2848 5099 universa
2877 5057 2945 5097 ex
2974 5039 3142 5099 Adam
3173 5054 3350 5107 massa
3380 5040 3657 5097 damnata.

2060 5136 2217 5204 Quod
2250 5151 2383 5208 ergo
2415 5135 2551 5193 ﬁunt
2577 5135 2702 5193 inde
2729 5134 3002 5193 nascendo
3032 5150 3156 5194 vasa
3184 5136 3298 5203 irae,
3328 5136 3560 5209 pertinet
3590 5133 3656 5199 ad

2061 5230 2297 5288 debitam
2347 5244 2585 5299 plenam.
2646 5249 2665 5283 ι
2721 5229 2855 5289 Hinc
2899 5240 3090 5288 contra
3134 5230 3451 5303 Pelagianos
3502 5236 3660 5301 urget

2061 5324 2232 5383 Deum
2277 5324 2512 5381 futurum
2560 5324 2817 5394 injustum
2865 5325 2911 5385 si
2960 5338 3157 5395 pueros
3204 5324 3497 5381 morientes
3542 5321 3659 5377 sine

2061 5427 2282 5488 peccato
2313 5417 2557 5489 originis,
2596 5418 2724 5477 licet
2763 5434 2868 5476 non
2916 5417 3094 5477 forent
3133 5417 3406 5489 baptisati,
3436 5415 3662 5472 damna-

2036 5520 2164 5595 Arei.
2199 5511 2387 5568 dicens
2417 5527 2429 5562 ε
2469 5528 2490 5564 ι
2532 5510 2708 5573 Bonus
2738 5518 2824 5569 est
2852 5509 3017 5580 Deus,
3046 5510 3223 5581 justus
3250 5516 3334 5564 cst
3364 5508 3534 5573 Deus;
3565 5520 3660 5578 po-

2065 5612 2168 5662 test
2199 5604 2407 5674 aliquas
2446 5604 2565 5662 sine
2602 5604 2758 5663 bonis
2796 5605 3003 5663 meritis
3042 5603 3290 5670 liberare,
3320 5603 3450 5673 quia
3483 5600 3659 5657 bonus

2061 5704 2166 5761 est.
2202 5712 2310 5752 non
2358 5706 2540 5767 potest
2589 5712 2909 5769 quemquam
2957 5698 3074 5755 sine
3118 5697 3326 5753 meritis
3372 5694 3655 5761 damnare,

2059 5789 2187 5861 quia
2208 5787 2391 5863 justus
2421 5796 2536 5859 est,
2570 5808 2588 5843 ι
2625 5789 2722 5849 lib.
2748 5804 2809 5849 ιιι
2840 5798 3023 5853 contra
3050 5787 3185 5856 Jul.,
3214 5801 3332 5859 cap.
3367 5786 3453 5841 18.
3478 5785 3657 5845 Ρ1ιιι·;-
