  <div class='ocr_page' id='page_1' title='image "/cluster/home/n/w/nwhite01/storage/ocr_20150623/47/uva.x000827107/370.png"; bbox 0 0 3892 6340; ppageno 0'>
   <div class='ocr_carea' id='block_1_1' title="bbox 196 309 325 365">
    <p class='ocr_par' dir='ltr' id='par_1_1' title="bbox 196 309 325 365">
     <span class='ocr_line' id='line_1_1' title="bbox 196 309 325 365; baseline 0 0"><span class='ocrx_word' id='word_1_1' title='bbox 196 309 325 365; x_wconf 62' lang='grc' dir='ltr'><strong>Ὶῖῧ</strong></span> 
     </span>
    </p>
   </div>
   <div class='ocr_carea' id='block_1_2' title="bbox 1394 305 2311 383">
    <p class='ocr_par' dir='ltr' id='par_1_2' title="bbox 1394 305 2311 383">
     <span class='ocr_line' id='line_1_2' title="bbox 1394 305 2311 383; baseline -0.002 -18"><span class='ocrx_word' id='word_1_2' title='bbox 1394 305 1717 379; x_wconf 37' lang='grc' dir='ltr'><strong>ηΫΙΝῡΙΟΙΔΞ</strong></span> <span class='ocrx_word' id='word_1_3' title='bbox 1758 305 2311 383; x_wconf 68' lang='lat' dir='ltr'><strong>AUGUSTINIAN/E.</strong></span> 
     </span>
    </p>
   </div>
   <div class='ocr_carea' id='block_1_3' title="bbox 3346 302 3493 371">
    <p class='ocr_par' dir='ltr' id='par_1_3' title="bbox 3346 302 3493 371">
     <span class='ocr_line' id='line_1_3' title="bbox 3346 302 3493 371; baseline -0.007 -15"><span class='ocrx_word' id='word_1_4' title='bbox 3346 368 3349 371; x_wconf 26' lang='grc' dir='ltr'>η</span> <span class='ocrx_word' id='word_1_5' title='bbox 3390 302 3493 356; x_wconf 73' lang='lat'><strong>726</strong></span> 
     </span>
    </p>
   </div>
   <div class='ocr_carea' id='block_1_4' title="bbox 203 418 3495 499">
    <p class='ocr_par' dir='ltr' id='par_1_4' title="bbox 203 418 3495 499">
     <span class='ocr_line' id='line_1_4' title="bbox 203 418 3495 499; baseline -0 -24"><span class='ocrx_word' id='word_1_6' title='bbox 203 440 305 476; x_wconf 82' lang='lat' dir='ltr'><strong>ma</strong></span> <span class='ocrx_word' id='word_1_7' title='bbox 340 423 407 477; x_wconf 89' lang='lat' dir='ltr'><strong>ad</strong></span> <span class='ocrx_word' id='word_1_8' title='bbox 438 422 539 479; x_wconf 85' lang='lat' dir='ltr'><strong>hoc</strong></span> <span class='ocrx_word' id='word_1_9' title='bbox 574 422 747 492; x_wconf 86' lang='lat' dir='ltr'><strong>ipsum</strong></span> <span class='ocrx_word' id='word_1_10' title='bbox 788 422 1116 492; x_wconf 87' lang='lat' dir='ltr'><strong>probandum</strong></span> <span class='ocrx_word' id='word_1_11' title='bbox 1147 424 1315 478; x_wconf 98' lang='lat' dir='ltr'><strong>sancti</strong></span> <span class='ocrx_word' id='word_1_12' title='bbox 1356 424 1529 479; x_wconf 90' lang='lat' dir='ltr'><strong>Patris</strong></span> <span class='ocrx_word' id='word_1_13' title='bbox 1563 426 1800 479; x_wconf 90' lang='lat' dir='ltr'><strong>testimo-</strong></span> <span class='ocrx_word' id='word_1_14' title='bbox 1832 426 1884 486; x_wconf 77' lang='grc' dir='ltr'>Α</span> <span class='ocrx_word' id='word_1_15' title='bbox 1911 439 1941 479; x_wconf 92' lang='lat' dir='ltr'><strong>e</strong></span> <span class='ocrx_word' id='word_1_16' title='bbox 1967 425 2228 491; x_wconf 76' lang='lat' dir='ltr'><strong>diametro</strong></span> <span class='ocrx_word' id='word_1_17' title='bbox 2259 438 2381 477; x_wconf 91' lang='lat' dir='ltr'><strong>cum</strong></span> <span class='ocrx_word' id='word_1_18' title='bbox 2412 418 2621 475; x_wconf 88' lang='lat' dir='ltr'><strong>Calvini</strong></span> <span class='ocrx_word' id='word_1_19' title='bbox 2650 434 2831 499; x_wconf 81' lang='lat' dir='ltr'><strong>errore</strong></span> <span class='ocrx_word' id='word_1_20' title='bbox 2868 421 2937 493; x_wconf 10' lang='lat' dir='ltr'><strong>Vde</strong></span> <span class='ocrx_word' id='word_1_21' title='bbox 2974 422 3349 499; x_wconf 87' lang='lat' dir='ltr'><strong>reprobatione</strong></span> <span class='ocrx_word' id='word_1_22' title='bbox 3380 438 3495 475; x_wconf 81' lang='lat' dir='ltr'><strong>ma-</strong></span> 
     </span>
    </p>
   </div>
   <div class='ocr_carea' id='block_1_5' title="bbox 204 498 1803 587">
    <p class='ocr_par' dir='ltr' id='par_1_5' title="bbox 204 498 1803 587">
     <span class='ocr_line' id='line_1_5' title="bbox 204 498 1803 587; baseline 0.003 -22"><span class='ocrx_word' id='word_1_23' title='bbox 204 515 306 567; x_wconf 83' lang='lat' dir='ltr'><strong>nia</strong></span> <span class='ocrx_word' id='word_1_24' title='bbox 343 515 537 583; x_wconf 89' lang='lat' dir='ltr'><strong>passim</strong></span> <span class='ocrx_word' id='word_1_25' title='bbox 576 498 731 568; x_wconf 90' lang='lat' dir='ltr'><strong>obvia</strong></span> <span class='ocrx_word' id='word_1_26' title='bbox 764 523 908 570; x_wconf 89' lang='lat' dir='ltr'><strong>sunt.</strong></span> <span class='ocrx_word' id='word_1_27' title='bbox 950 515 1093 587; x_wconf 82' lang='lat' dir='ltr'><strong>Ergo</strong></span> <span class='ocrx_word' id='word_1_28' title='bbox 1132 516 1245 570; x_wconf 64' lang='lat' dir='ltr'><strong>haec</strong></span> <span class='ocrx_word' id='word_1_29' title='bbox 1291 515 1395 569; x_wconf 84' lang='lat' dir='ltr'><strong>fixa</strong></span> <span class='ocrx_word' id='word_1_30' title='bbox 1444 526 1803 584; x_wconf 86' lang='lat' dir='ltr'><strong>constansque</strong></span> 
     </span>
    </p>
   </div>
   <div class='ocr_carea' id='block_1_6' title="bbox 204 606 1805 675">
    <p class='ocr_par' dir='ltr' id='par_1_6' title="bbox 204 606 1805 675">
     <span class='ocr_line' id='line_1_6' title="bbox 204 606 1805 675; baseline 0.001 -17"><span class='ocrx_word' id='word_1_31' title='bbox 204 606 519 675; x_wconf 79' lang='lat' dir='ltr'><strong>Augustino</strong></span> <span class='ocrx_word' id='word_1_32' title='bbox 548 606 810 661; x_wconf 83' lang='lat' dir='ltr'><strong>sententia</strong></span> <span class='ocrx_word' id='word_1_33' title='bbox 855 606 982 672; x_wconf 87' lang='lat' dir='ltr'><strong>fuit,</strong></span> <span class='ocrx_word' id='word_1_34' title='bbox 1012 607 1279 661; x_wconf 86' lang='lat' dir='ltr'><strong>neminem</strong></span> <span class='ocrx_word' id='word_1_35' title='bbox 1312 620 1341 659; x_wconf 87' lang='lat' dir='ltr'><strong>a</strong></span> <span class='ocrx_word' id='word_1_36' title='bbox 1373 606 1479 660; x_wconf 91' lang='lat' dir='ltr'><strong>Deo</strong></span> <span class='ocrx_word' id='word_1_37' title='bbox 1510 614 1635 661; x_wconf 88' lang='lat' dir='ltr'><strong>ante</strong></span> <span class='ocrx_word' id='word_1_38' title='bbox 1670 622 1805 675; x_wconf 85' lang='lat' dir='ltr'><strong>prac-</strong></span> 
     </span>
    </p>
   </div>
   <div class='ocr_carea' id='block_1_7' title="bbox 205 699 1805 771">
    <p class='ocr_par' dir='ltr' id='par_1_7' title="bbox 205 699 1805 771">
     <span class='ocr_line' id='line_1_7' title="bbox 205 699 1805 771; baseline 0.002 -21"><span class='ocrx_word' id='word_1_39' title='bbox 205 699 481 753; x_wconf 84' lang='lat' dir='ltr'><strong>visionem</strong></span> <span class='ocrx_word' id='word_1_40' title='bbox 512 700 713 770; x_wconf 84' lang='lat' dir='ltr'><strong>peccati</strong></span> <span class='ocrx_word' id='word_1_41' title='bbox 744 702 935 756; x_wconf 86' lang='lat' dir='ltr'><strong>saltem</strong></span> <span class='ocrx_word' id='word_1_42' title='bbox 965 700 1235 771; x_wconf 80' lang='lat' dir='ltr'><strong>originalis</strong></span> <span class='ocrx_word' id='word_1_43' title='bbox 1262 700 1563 769; x_wconf 90' lang='lat' dir='ltr'><strong>reprobari.</strong></span> <span class='ocrx_word' id='word_1_44' title='bbox 1591 703 1658 755; x_wconf 81' lang='lat' dir='ltr'><strong>At</strong></span> <span class='ocrx_word' id='word_1_45' title='bbox 1687 699 1805 755; x_wconf 85' lang='lat' dir='ltr'><strong>Cal-</strong></span> 
     </span>
    </p>
   </div>
   <div class='ocr_carea' id='block_1_8' title="bbox 202 792 1803 863">
    <p class='ocr_par' dir='ltr' id='par_1_8' title="bbox 202 792 1803 863">
     <span class='ocr_line' id='line_1_8' title="bbox 202 792 1803 863; baseline 0.002 -20"><span class='ocrx_word' id='word_1_46' title='bbox 202 792 377 845; x_wconf 80' lang='lat' dir='ltr'><strong>vinus</strong></span> <span class='ocrx_word' id='word_1_47' title='bbox 400 792 449 845; x_wconf 92' lang='lat' dir='ltr'><strong>in</strong></span> <span class='ocrx_word' id='word_1_48' title='bbox 472 793 797 848; x_wconf 87' lang='lat' dir='ltr'><strong>contrariam</strong></span> <span class='ocrx_word' id='word_1_49' title='bbox 824 808 1043 863; x_wconf 88' lang='lat' dir='ltr'><strong>prorsus</strong></span> <span class='ocrx_word' id='word_1_50' title='bbox 1070 802 1275 863; x_wconf 90' lang='lat' dir='ltr'><strong>partem</strong></span> <span class='ocrx_word' id='word_1_51' title='bbox 1300 792 1610 860; x_wconf 88' lang='lat' dir='ltr'><strong>ivit,dicens</strong></span> <span class='ocrx_word' id='word_1_52' title='bbox 1634 792 1803 847; x_wconf 93' lang='lat' dir='ltr'><strong>Deum</strong></span> 
     </span>
    </p>
   </div>
   <div class='ocr_carea' id='block_1_9' title="bbox 202 885 1803 957">
    <p class='ocr_par' dir='ltr' id='par_1_9' title="bbox 202 885 1803 957">
     <span class='ocr_line' id='line_1_9' title="bbox 202 885 1803 957; baseline 0.002 -20"><span class='ocrx_word' id='word_1_53' title='bbox 202 898 315 938; x_wconf 82' lang='lat' dir='ltr'><strong>suo</strong></span> <span class='ocrx_word' id='word_1_54' title='bbox 343 885 557 940; x_wconf 90' lang='lat' dir='ltr'><strong>decreto</strong></span> <span class='ocrx_word' id='word_1_55' title='bbox 590 887 830 942; x_wconf 86' lang='lat' dir='ltr'><strong>homines</strong></span> <span class='ocrx_word' id='word_1_56' title='bbox 860 904 963 942; x_wconf 90' lang='lat' dir='ltr'><strong>non</strong></span> <span class='ocrx_word' id='word_1_57' title='bbox 995 888 1166 942; x_wconf 92' lang='lat' dir='ltr'><strong>solum</strong></span> <span class='ocrx_word' id='word_1_58' title='bbox 1195 886 1483 957; x_wconf 90' lang='lat' dir='ltr'><strong>reprobare</strong></span> <span class='ocrx_word' id='word_1_59' title='bbox 1508 893 1632 941; x_wconf 88' lang='lat' dir='ltr'><strong>ante</strong></span> <span class='ocrx_word' id='word_1_60' title='bbox 1665 901 1803 955; x_wconf 80' lang='lat' dir='ltr'><strong>prae-</strong></span> 
     </span>
    </p>
   </div>
   <div class='ocr_carea' id='block_1_10' title="bbox 202 978 1807 1048">
    <p class='ocr_par' dir='ltr' id='par_1_10' title="bbox 202 978 1807 1048">
     <span class='ocr_line' id='line_1_10' title="bbox 202 978 1807 1048; baseline 0 -16"><span class='ocrx_word' id='word_1_61' title='bbox 202 980 393 1032; x_wconf 79' lang='lat' dir='ltr'><strong>visum</strong></span> <span class='ocrx_word' id='word_1_62' title='bbox 430 993 615 1032; x_wconf 89' lang='lat' dir='ltr'><strong>eorum</strong></span> <span class='ocrx_word' id='word_1_63' title='bbox 656 988 965 1048; x_wconf 88' lang='lat' dir='ltr'><strong>peccatum,</strong></span> <span class='ocrx_word' id='word_1_64' title='bbox 999 995 1185 1033; x_wconf 91' lang='lat' dir='ltr'><strong>verum</strong></span> <span class='ocrx_word' id='word_1_65' title='bbox 1214 978 1374 1033; x_wconf 91' lang='lat' dir='ltr'><strong>etiam</strong></span> <span class='ocrx_word' id='word_1_66' title='bbox 1407 994 1474 1033; x_wconf 89' lang='lat' dir='ltr'><strong>ex</strong></span> <span class='ocrx_word' id='word_1_67' title='bbox 1507 978 1683 1032; x_wconf 88' lang='lat' dir='ltr'><strong>divina</strong></span> <span class='ocrx_word' id='word_1_68' title='bbox 1722 993 1807 1032; x_wconf 82' lang='lat' dir='ltr'><strong>re-</strong></span> 
     </span>
    </p>
   </div>
   <div class='ocr_carea' id='block_1_11' title="bbox 203 1071 1801 1144">
    <p class='ocr_par' dir='ltr' id='par_1_11' title="bbox 203 1071 1801 1144">
     <span class='ocr_line' id='line_1_11' title="bbox 203 1071 1801 1144; baseline -0.003 -17"><span class='ocrx_word' id='word_1_69' title='bbox 203 1073 535 1144; x_wconf 84' lang='lat' dir='ltr'><strong>probatione</strong></span> <span class='ocrx_word' id='word_1_70' title='bbox 564 1072 838 1127; x_wconf 88' lang='lat' dir='ltr'><strong>hominum</strong></span> <span class='ocrx_word' id='word_1_71' title='bbox 874 1082 1090 1143; x_wconf 87' lang='lat' dir='ltr'><strong>peccata</strong></span> <span class='ocrx_word' id='word_1_72' title='bbox 1124 1073 1262 1127; x_wconf 81' lang='lat' dir='ltr'><strong>ﬁeri.</strong></span> <span class='ocrx_word' id='word_1_73' title='bbox 1292 1071 1349 1125; x_wconf 87' lang='lat' dir='ltr'><strong>Id</strong></span> <span class='ocrx_word' id='word_1_74' title='bbox 1378 1071 1494 1126; x_wconf 90' lang='lat' dir='ltr'><strong>fuse</strong></span> <span class='ocrx_word' id='word_1_75' title='bbox 1527 1072 1683 1126; x_wconf 90' lang='lat' dir='ltr'><strong>tradit</strong></span> <span class='ocrx_word' id='word_1_76' title='bbox 1709 1071 1801 1123; x_wconf 88' lang='lat' dir='ltr'><strong>lib.</strong></span> 
     </span>
    </p>
   </div>
   <div class='ocr_carea' id='block_1_12' title="bbox 198 1160 1801 1232">
    <p class='ocr_par' dir='ltr' id='par_1_12' title="bbox 198 1160 1801 1232">
     <span class='ocr_line' id='line_1_12' title="bbox 198 1160 1801 1232; baseline -0.002 -14"><span class='ocrx_word' id='word_1_77' title='bbox 198 1179 271 1218; x_wconf 86' lang='lat' dir='ltr'><strong>nt</strong></span> <span class='ocrx_word' id='word_1_78' title='bbox 314 1164 512 1230; x_wconf 89' lang='lat' dir='ltr'><strong>lnstit.,</strong></span> <span class='ocrx_word' id='word_1_79' title='bbox 548 1180 664 1232; x_wconf 91' lang='lat' dir='ltr'><strong>cap.</strong></span> <span class='ocrx_word' id='word_1_80' title='bbox 694 1164 765 1217; x_wconf 67' lang='lat'><strong>22</strong></span> <span class='ocrx_word' id='word_1_81' title='bbox 795 1173 848 1219; x_wconf 93' lang='lat' dir='ltr'><strong>et</strong></span> <span class='ocrx_word' id='word_1_82' title='bbox 873 1164 963 1217; x_wconf 72' lang='grc'><strong>25.</strong></span> <span class='ocrx_word' id='word_1_83' title='bbox 988 1164 1138 1218; x_wconf 83' lang='lat' dir='ltr'><strong>Dabo</strong></span> <span class='ocrx_word' id='word_1_84' title='bbox 1180 1162 1433 1217; x_wconf 89' lang='lat' dir='ltr'><strong>nonnulla</strong></span> <span class='ocrx_word' id='word_1_85' title='bbox 1478 1160 1801 1217; x_wconf 89' lang='lat' dir='ltr'><strong>testimonia.</strong></span> 
     </span>
    </p>
   </div>
   <div class='ocr_carea' id='block_1_13' title="bbox 199 1246 1863 1331">
    <p class='ocr_par' dir='ltr' id='par_1_13' title="bbox 199 1246 1863 1331">
     <span class='ocr_line' id='line_1_13' title="bbox 199 1246 1863 1331; baseline -0.001 -20"><span class='ocrx_word' id='word_1_86' title='bbox 199 1255 411 1311; x_wconf 84' lang='lat' dir='ltr'><strong>Scribit</strong></span> <span class='ocrx_word' id='word_1_87' title='bbox 438 1271 557 1325; x_wconf 90' lang='lat' dir='ltr'><strong>cap.</strong></span> <span class='ocrx_word' id='word_1_88' title='bbox 582 1255 672 1321; x_wconf 72' lang='lat'><strong>23,</strong></span> <span class='ocrx_word' id='word_1_89' title='bbox 701 1257 727 1326; x_wconf 62' lang='grc' dir='ltr'>ᾗ</span> <span class='ocrx_word' id='word_1_90' title='bbox 755 1255 788 1308; x_wconf 72' lang='grc'><strong>4</strong></span> <span class='ocrx_word' id='word_1_91' title='bbox 817 1275 826 1309; x_wconf 92' lang='lat'>:</span> <span class='ocrx_word' id='word_1_92' title='bbox 860 1276 877 1309; x_wconf 85' lang='grc'><strong>‹</strong></span> <span class='ocrx_word' id='word_1_93' title='bbox 916 1257 1111 1312; x_wconf 86' lang='lat' dir='ltr'><strong>Fateor</strong></span> <span class='ocrx_word' id='word_1_94' title='bbox 1132 1272 1263 1311; x_wconf 85' lang='lat' dir='ltr'><strong>sane</strong></span> <span class='ocrx_word' id='word_1_95' title='bbox 1286 1256 1339 1309; x_wconf 92' lang='lat' dir='ltr'><strong>in</strong></span> <span class='ocrx_word' id='word_1_96' title='bbox 1362 1256 1519 1320; x_wconf 91' lang='lat' dir='ltr'><strong>hanc,</strong></span> <span class='ocrx_word' id='word_1_97' title='bbox 1540 1270 1639 1326; x_wconf 90' lang='lat' dir='ltr'><strong>qua</strong></span> <span class='ocrx_word' id='word_1_98' title='bbox 1667 1271 1807 1309; x_wconf 73' lang='lat' dir='ltr'><strong>nunc</strong></span> 
     </span>
    </p>
   </div>
   <div class='ocr_carea' id='block_1_14' title="bbox 1860 1342 3498 1421">
    <p class='ocr_par' dir='ltr' id='par_1_14' title="bbox 1860 1342 3498 1421">
     <span class='ocr_line' id='line_1_14' title="bbox 1860 1342 3498 1421; baseline -0.001 -24"><span class='ocrx_word' id='word_1_99' title='bbox 1860 1348 1863 1355; x_wconf 86' lang='grc'><em>’</em></span> <span class='ocrx_word' id='word_1_100' title='bbox 1910 1343 2132 1397; x_wconf 83' lang='lat' dir='ltr'><strong>libertas</strong></span> <span class='ocrx_word' id='word_1_101' title='bbox 2162 1343 2456 1408; x_wconf 83' lang='lat' dir='ltr'><strong>evertitur,</strong></span> <span class='ocrx_word' id='word_1_102' title='bbox 2492 1343 2788 1397; x_wconf 85' lang='lat' dir='ltr'><strong>necessitas</strong></span> <span class='ocrx_word' id='word_1_103' title='bbox 2816 1342 2881 1395; x_wconf 90' lang='lat' dir='ltr'><strong>ad</strong></span> <span class='ocrx_word' id='word_1_104' title='bbox 2911 1344 3237 1411; x_wconf 86' lang='lat' dir='ltr'><strong>peccandum</strong></span> <span class='ocrx_word' id='word_1_105' title='bbox 3271 1343 3498 1421; x_wconf 87' lang='lat' dir='ltr'><strong>imponi-</strong></span> 
     </span>
    </p>
   </div>
   <div class='ocr_carea' id='block_1_15' title="bbox 198 1344 1806 1413">
    <p class='ocr_par' dir='ltr' id='par_1_15' title="bbox 198 1344 1806 1413">
     <span class='ocr_line' id='line_1_15' title="bbox 198 1344 1806 1413; baseline 0.001 -14"><span class='ocrx_word' id='word_1_106' title='bbox 198 1344 400 1413; x_wconf 77' lang='lat' dir='ltr'><strong>illigati</strong></span> <span class='ocrx_word' id='word_1_107' title='bbox 433 1357 578 1413; x_wconf 90' lang='lat' dir='ltr'><strong>sunt,</strong></span> <span class='ocrx_word' id='word_1_108' title='bbox 612 1349 941 1402; x_wconf 88' lang='lat' dir='ltr'><strong>conditionis</strong></span> <span class='ocrx_word' id='word_1_109' title='bbox 972 1348 1244 1403; x_wconf 82' lang='lat' dir='ltr'><strong>miseriam</strong></span> <span class='ocrx_word' id='word_1_110' title='bbox 1277 1347 1369 1401; x_wconf 87' lang='lat' dir='ltr'><strong>Dei</strong></span> <span class='ocrx_word' id='word_1_111' title='bbox 1404 1347 1674 1401; x_wconf 82' lang='lat' dir='ltr'><strong>voluntate</strong></span> <span class='ocrx_word' id='word_1_112' title='bbox 1710 1346 1806 1401; x_wconf 90' lang='lat' dir='ltr'><strong>de-</strong></span> 
     </span>
    </p>
   </div>
   <div class='ocr_carea' id='block_1_16' title="bbox 195 1437 1807 1510">
    <p class='ocr_par' dir='ltr' id='par_1_16' title="bbox 195 1437 1807 1510">
     <span class='ocr_line' id='line_1_16' title="bbox 195 1437 1807 1510; baseline 0 -18"><span class='ocrx_word' id='word_1_113' title='bbox 195 1437 410 1494; x_wconf 89' lang='lat' dir='ltr'><strong>cidisse</strong></span> <span class='ocrx_word' id='word_1_114' title='bbox 435 1442 714 1495; x_wconf 78' lang='lat' dir='ltr'><strong>uoiversos</strong></span> <span class='ocrx_word' id='word_1_115' title='bbox 750 1440 892 1495; x_wconf 89' lang='lat' dir='ltr'><strong>filios</strong></span> <span class='ocrx_word' id='word_1_116' title='bbox 926 1440 1083 1506; x_wconf 84' lang='lat' dir='ltr'><strong>Adae;</strong></span> <span class='ocrx_word' id='word_1_117' title='bbox 1114 1448 1274 1507; x_wconf 90' lang='lat' dir='ltr'><strong>atque</strong></span> <span class='ocrx_word' id='word_1_118' title='bbox 1303 1439 1352 1492; x_wconf 89' lang='lat' dir='ltr'><strong>id</strong></span> <span class='ocrx_word' id='word_1_119' title='bbox 1384 1448 1465 1494; x_wconf 89' lang='lat' dir='ltr'><strong>est</strong></span> <span class='ocrx_word' id='word_1_120' title='bbox 1492 1438 1631 1510; x_wconf 87' lang='lat' dir='ltr'><strong>quod</strong></span> <span class='ocrx_word' id='word_1_121' title='bbox 1663 1442 1807 1509; x_wconf 90' lang='lat' dir='ltr'><strong>prin-</strong></span> 
     </span>
    </p>
   </div>
   <div class='ocr_carea' id='block_1_17' title="bbox 170 1529 1853 1609">
    <p class='ocr_par' dir='ltr' id='par_1_17' title="bbox 170 1529 1853 1609">
     <span class='ocr_line' id='line_1_17' title="bbox 170 1529 1853 1609; baseline -0.001 -25"><span class='ocrx_word' id='word_1_122' title='bbox 170 1531 357 1609; x_wconf 45' lang='lat' dir='ltr'><strong>.cipio</strong></span> <span class='ocrx_word' id='word_1_123' title='bbox 402 1532 647 1587; x_wconf 87' lang='lat' dir='ltr'><strong>dicebam</strong></span> <span class='ocrx_word' id='word_1_124' title='bbox 677 1575 690 1598; x_wconf 86' lang='lat'><strong>,</strong></span> <span class='ocrx_word' id='word_1_125' title='bbox 737 1533 1069 1589; x_wconf 90' lang='lat' dir='ltr'><strong>redeundum</strong></span> <span class='ocrx_word' id='word_1_126' title='bbox 1104 1531 1317 1585; x_wconf 88' lang='lat' dir='ltr'><strong>tandem</strong></span> <span class='ocrx_word' id='word_1_127' title='bbox 1349 1546 1563 1599; x_wconf 84' lang='lat' dir='ltr'><strong>semper</strong></span> <span class='ocrx_word' id='word_1_128' title='bbox 1593 1545 1712 1585; x_wconf 88' lang='lat' dir='ltr'><strong>esse</strong></span> <span class='ocrx_word' id='word_1_129' title='bbox 1741 1529 1806 1582; x_wconf 89' lang='lat' dir='ltr'><strong>ad</strong></span> <span class='ocrx_word' id='word_1_130' title='bbox 1846 1551 1853 1564; x_wconf 78' lang='grc' dir='ltr'>ι</span> 
     </span>
    </p>
   </div>
   <div class='ocr_carea' id='block_1_18' title="bbox 194 1622 1806 1694">
    <p class='ocr_par' dir='ltr' id='par_1_18' title="bbox 194 1622 1806 1694">
     <span class='ocr_line' id='line_1_18' title="bbox 194 1622 1806 1694; baseline 0.001 -19"><span class='ocrx_word' id='word_1_131' title='bbox 194 1622 388 1677; x_wconf 83' lang='lat' dir='ltr'><strong>solum</strong></span> <span class='ocrx_word' id='word_1_132' title='bbox 417 1624 614 1680; x_wconf 66' lang='lat' dir='ltr'><strong>divinae</strong></span> <span class='ocrx_word' id='word_1_133' title='bbox 642 1626 931 1681; x_wconf 87' lang='lat' dir='ltr'><strong>voluntatis</strong></span> <span class='ocrx_word' id='word_1_134' title='bbox 958 1625 1257 1679; x_wconf 83' lang='lat' dir='ltr'><strong>arbitrium.</strong></span> <span class='ocrx_word' id='word_1_135' title='bbox 1291 1641 1309 1674; x_wconf 72' lang='grc' dir='ltr'><strong><em>ι</em></strong></span> <span class='ocrx_word' id='word_1_136' title='bbox 1340 1624 1402 1677; x_wconf 84' lang='grc' dir='ltr'><strong>Ει</strong></span> <span class='ocrx_word' id='word_1_137' title='bbox 1430 1622 1457 1694; x_wconf 84' lang='lat'><strong>§</strong></span> <span class='ocrx_word' id='word_1_138' title='bbox 1487 1624 1515 1676; x_wconf 90' lang='lat'><strong>7</strong></span> <span class='ocrx_word' id='word_1_139' title='bbox 1545 1643 1555 1676; x_wconf 93' lang='lat'>:</span> <span class='ocrx_word' id='word_1_140' title='bbox 1585 1624 1806 1678; x_wconf 89' lang='lat' dir='ltr'><strong>Disertis</strong></span> 
     </span>
    </p>
   </div>
   <div class='ocr_carea' id='block_1_19' title="bbox 198 1714 1806 1786">
    <p class='ocr_par' dir='ltr' id='par_1_19' title="bbox 198 1714 1806 1786">
     <span class='ocr_line' id='line_1_19' title="bbox 198 1714 1806 1786; baseline 0 -19"><span class='ocrx_word' id='word_1_141' title='bbox 198 1714 394 1768; x_wconf 83' lang='lat' dir='ltr'><strong>verbis</strong></span> <span class='ocrx_word' id='word_1_142' title='bbox 425 1717 526 1771; x_wconf 89' lang='lat' dir='ltr'><strong>hoc</strong></span> <span class='ocrx_word' id='word_1_143' title='bbox 549 1724 762 1772; x_wconf 83' lang='lat' dir='ltr'><strong>exstare</strong></span> <span class='ocrx_word' id='word_1_144' title='bbox 792 1725 1010 1786; x_wconf 90' lang='lat' dir='ltr'><strong>negant,</strong></span> <span class='ocrx_word' id='word_1_145' title='bbox 1038 1717 1309 1770; x_wconf 88' lang='lat' dir='ltr'><strong>decretum</strong></span> <span class='ocrx_word' id='word_1_146' title='bbox 1344 1715 1503 1770; x_wconf 90' lang='lat' dir='ltr'><strong>fuisse</strong></span> <span class='ocrx_word' id='word_1_147' title='bbox 1532 1730 1560 1767; x_wconf 89' lang='lat' dir='ltr'><strong>a</strong></span> <span class='ocrx_word' id='word_1_148' title='bbox 1590 1714 1721 1778; x_wconf 92' lang='lat' dir='ltr'><strong>Deo,</strong></span> <span class='ocrx_word' id='word_1_149' title='bbox 1748 1725 1806 1768; x_wconf 92' lang='lat' dir='ltr'><strong>ut</strong></span> 
     </span>
    </p>
   </div>
   <div class='ocr_carea' id='block_1_20' title="bbox 1911 514 3499 585">
    <p class='ocr_par' dir='ltr' id='par_1_20' title="bbox 1911 514 3499 585">
     <span class='ocr_line' id='line_1_20' title="bbox 1911 514 3499 585; baseline -0.001 -14"><span class='ocrx_word' id='word_1_150' title='bbox 1911 519 2081 572; x_wconf 91' lang='lat' dir='ltr'><strong>lorum</strong></span> <span class='ocrx_word' id='word_1_151' title='bbox 2116 527 2240 571; x_wconf 91' lang='lat' dir='ltr'><strong>ante</strong></span> <span class='ocrx_word' id='word_1_152' title='bbox 2280 514 2653 585; x_wconf 68' lang='lat' dir='ltr'><strong>prievisionem</strong></span> <span class='ocrx_word' id='word_1_153' title='bbox 2698 514 2899 584; x_wconf 87' lang='lat' dir='ltr'><strong>peccati</strong></span> <span class='ocrx_word' id='word_1_154' title='bbox 2937 515 3294 584; x_wconf 75' lang='lat' dir='ltr'><strong>pugnantem?</strong></span> <span class='ocrx_word' id='word_1_155' title='bbox 3326 514 3393 569; x_wconf 86' lang='lat' dir='ltr'><strong>Et</strong></span> <span class='ocrx_word' id='word_1_156' title='bbox 3422 524 3499 569; x_wconf 85' lang='lat' dir='ltr'><strong>ta-</strong></span> 
     </span>
    </p>
   </div>
   <div class='ocr_carea' id='block_1_21' title="bbox 1911 604 3500 679">
    <p class='ocr_par' dir='ltr' id='par_1_21' title="bbox 1911 604 3500 679">
     <span class='ocr_line' id='line_1_21' title="bbox 1911 604 3500 679; baseline -0.003 -16"><span class='ocrx_word' id='word_1_157' title='bbox 1911 624 2053 674; x_wconf 90' lang='lat' dir='ltr'><strong>men,</strong></span> <span class='ocrx_word' id='word_1_158' title='bbox 2079 608 2123 662; x_wconf 88' lang='lat' dir='ltr'><strong>si</strong></span> <span class='ocrx_word' id='word_1_159' title='bbox 2153 607 2362 675; x_wconf 79' lang='lat' dir='ltr'><strong>superis</strong></span> <span class='ocrx_word' id='word_1_160' title='bbox 2391 606 2583 676; x_wconf 87' lang='lat' dir='ltr'><strong>placet,</strong></span> <span class='ocrx_word' id='word_1_161' title='bbox 2609 619 2771 660; x_wconf 87' lang='lat' dir='ltr'><strong>ausus</strong></span> <span class='ocrx_word' id='word_1_162' title='bbox 2799 613 2884 679; x_wconf 90' lang='lat' dir='ltr'><strong>est</strong></span> <span class='ocrx_word' id='word_1_163' title='bbox 2910 604 3147 660; x_wconf 80' lang='lat' dir='ltr'><strong>Adamus</strong></span> <span class='ocrx_word' id='word_1_164' title='bbox 3173 619 3292 659; x_wconf 89' lang='lat' dir='ltr'><strong>eam</strong></span> <span class='ocrx_word' id='word_1_165' title='bbox 3323 608 3500 675; x_wconf 85' lang='lat' dir='ltr'><strong>Angu-</strong></span> 
     </span>
    </p>
   </div>
   <div class='ocr_carea' id='block_1_22' title="bbox 1911 695 3495 766">
    <p class='ocr_par' dir='ltr' id='par_1_22' title="bbox 1911 695 3495 766">
     <span class='ocr_line' id='line_1_22' title="bbox 1911 695 3495 766; baseline -0.003 -12"><span class='ocrx_word' id='word_1_166' title='bbox 1911 699 2035 755; x_wconf 92' lang='lat' dir='ltr'><strong>stini</strong></span> <span class='ocrx_word' id='word_1_167' title='bbox 2066 697 2387 753; x_wconf 88' lang='lat' dir='ltr'><strong>sententiam</strong></span> <span class='ocrx_word' id='word_1_168' title='bbox 2420 696 2747 751; x_wconf 68' lang='lat' dir='ltr'><strong>Calviniana:</strong></span> <span class='ocrx_word' id='word_1_169' title='bbox 2775 695 2968 751; x_wconf 73' lang='lat' dir='ltr'><strong>hmresi</strong></span> <span class='ocrx_word' id='word_1_170' title='bbox 3000 711 3109 751; x_wconf 89' lang='lat' dir='ltr'><strong>non</strong></span> <span class='ocrx_word' id='word_1_171' title='bbox 3140 696 3495 766; x_wconf 87' lang='lat' dir='ltr'><strong>propinquam</strong></span> 
     </span>
    </p>
   </div>
   <div class='ocr_carea' id='block_1_23' title="bbox 1910 787 3501 864">
    <p class='ocr_par' dir='ltr' id='par_1_23' title="bbox 1910 787 3501 864">
     <span class='ocr_line' id='line_1_23' title="bbox 1910 787 3501 864; baseline -0.005 -16"><span class='ocrx_word' id='word_1_172' title='bbox 1910 793 2205 864; x_wconf 87' lang='lat' dir='ltr'><strong>publicare,</strong></span> <span class='ocrx_word' id='word_1_173' title='bbox 2243 790 2337 846; x_wconf 87' lang='lat' dir='ltr'><strong>sed</strong></span> <span class='ocrx_word' id='word_1_174' title='bbox 2375 790 2907 861; x_wconf 88' lang='lat' dir='ltr'><strong>propinquissimam,</strong></span> <span class='ocrx_word' id='word_1_175' title='bbox 2940 797 3167 845; x_wconf 84' lang='lat' dir='ltr'><strong>matrem</strong></span> <span class='ocrx_word' id='word_1_176' title='bbox 3209 788 3351 844; x_wconf 91' lang='lat' dir='ltr'><strong>enim</strong></span> <span class='ocrx_word' id='word_1_177' title='bbox 3387 787 3501 841; x_wconf 68' lang='lat' dir='ltr'><strong>hae-</strong></span> 
     </span>
    </p>
   </div>
   <div class='ocr_carea' id='block_1_24' title="bbox 1854 866 3503 955">
    <p class='ocr_par' dir='ltr' id='par_1_24' title="bbox 1854 866 3503 955">
     <span class='ocr_line' id='line_1_24' title="bbox 1854 866 3503 955; baseline -0.005 -15"><span class='ocrx_word' id='word_1_178' title='bbox 1854 880 1859 881; x_wconf 25' lang='grc' dir='ltr'>ί</span> <span class='ocrx_word' id='word_1_179' title='bbox 1910 898 2095 939; x_wconf 88' lang='lat' dir='ltr'><strong>reseos</strong></span> <span class='ocrx_word' id='word_1_180' title='bbox 2146 883 2513 946; x_wconf 79' lang='lat' dir='ltr'><strong>asseveravit,</strong></span> <span class='ocrx_word' id='word_1_181' title='bbox 2548 897 2683 955; x_wconf 83' lang='lat' dir='ltr'><strong>cum</strong></span> <span class='ocrx_word' id='word_1_182' title='bbox 2736 892 2909 936; x_wconf 82' lang='lat' dir='ltr'><strong>tamen</strong></span> <span class='ocrx_word' id='word_1_183' title='bbox 2958 880 3279 935; x_wconf 86' lang='lat' dir='ltr'><strong>Calvinistas</strong></span> <span class='ocrx_word' id='word_1_184' title='bbox 3329 866 3503 955; x_wconf 81' lang='lat' dir='ltr'><strong>valide</strong></span> 
     </span>
    </p>
   </div>
   <div class='ocr_carea' id='block_1_25' title="bbox 1856 970 3505 1044">
    <p class='ocr_par' dir='ltr' id='par_1_25' title="bbox 1856 970 3505 1044">
     <span class='ocr_line' id='line_1_25' title="bbox 1856 970 3505 1044; baseline -0.002 -15"><span class='ocrx_word' id='word_1_185' title='bbox 1856 978 1857 983; x_wconf 67' lang='lat'>‘</span> <span class='ocrx_word' id='word_1_186' title='bbox 1911 984 2120 1044; x_wconf 87' lang='lat' dir='ltr'><strong>premat</strong></span> <span class='ocrx_word' id='word_1_187' title='bbox 2159 989 2220 1027; x_wconf 89' lang='lat' dir='ltr'><strong>ac</strong></span> <span class='ocrx_word' id='word_1_188' title='bbox 2263 972 2504 1027; x_wconf 76' lang='lat' dir='ltr'><strong>suﬂocet.</strong></span> <span class='ocrx_word' id='word_1_189' title='bbox 2536 973 2819 1029; x_wconf 83' lang='lat' dir='ltr'><strong>Decretum</strong></span> <span class='ocrx_word' id='word_1_190' title='bbox 2865 972 2967 1026; x_wconf 91' lang='lat' dir='ltr'><strong>hoc</strong></span> <span class='ocrx_word' id='word_1_191' title='bbox 2998 970 3370 1027; x_wconf 84' lang='lat' dir='ltr'><strong>Calvinianum</strong></span> <span class='ocrx_word' id='word_1_192' title='bbox 3418 986 3505 1026; x_wconf 86' lang='lat' dir='ltr'><strong>re-</strong></span> 
     </span>
    </p>
   </div>
   <div class='ocr_carea' id='block_1_26' title="bbox 1912 1064 3507 1136">
    <p class='ocr_par' dir='ltr' id='par_1_26' title="bbox 1912 1064 3507 1136">
     <span class='ocr_line' id='line_1_26' title="bbox 1912 1064 3507 1136; baseline -0.002 -16"><span class='ocrx_word' id='word_1_193' title='bbox 1912 1065 2109 1136; x_wconf 89' lang='lat' dir='ltr'><strong>probos</strong></span> <span class='ocrx_word' id='word_1_194' title='bbox 2148 1067 2198 1118; x_wconf 94' lang='lat' dir='ltr'><strong>in</strong></span> <span class='ocrx_word' id='word_1_195' title='bbox 2236 1075 2449 1132; x_wconf 82' lang='lat' dir='ltr'><strong>peccata</strong></span> <span class='ocrx_word' id='word_1_196' title='bbox 2480 1065 2809 1133; x_wconf 89' lang='lat' dir='ltr'><strong>compellens</strong></span> <span class='ocrx_word' id='word_1_197' title='bbox 2841 1072 3014 1119; x_wconf 88' lang='lat' dir='ltr'><strong>mater</strong></span> <span class='ocrx_word' id='word_1_198' title='bbox 3042 1071 3123 1118; x_wconf 90' lang='lat' dir='ltr'><strong>est</strong></span> <span class='ocrx_word' id='word_1_199' title='bbox 3150 1064 3390 1118; x_wconf 91' lang='lat' dir='ltr'><strong>omnium</strong></span> <span class='ocrx_word' id='word_1_200' title='bbox 3419 1076 3507 1118; x_wconf 83' lang='lat' dir='ltr'><strong>er-</strong></span> 
     </span>
    </p>
   </div>
   <div class='ocr_carea' id='block_1_27' title="bbox 1912 1154 3508 1224">
    <p class='ocr_par' dir='ltr' id='par_1_27' title="bbox 1912 1154 3508 1224">
     <span class='ocr_line' id='line_1_27' title="bbox 1912 1154 3508 1224; baseline -0.003 -13"><span class='ocrx_word' id='word_1_201' title='bbox 1912 1171 2096 1211; x_wconf 91' lang='lat' dir='ltr'><strong>rorum</strong></span> <span class='ocrx_word' id='word_1_202' title='bbox 2127 1169 2259 1224; x_wconf 90' lang='lat' dir='ltr'><strong>quos</strong></span> <span class='ocrx_word' id='word_1_203' title='bbox 2296 1155 2348 1208; x_wconf 92' lang='lat' dir='ltr'><strong>in</strong></span> <span class='ocrx_word' id='word_1_204' title='bbox 2379 1156 2600 1207; x_wconf 79' lang='lat' dir='ltr'><strong>materia</strong></span> <span class='ocrx_word' id='word_1_205' title='bbox 2636 1155 2702 1208; x_wconf 91' lang='lat' dir='ltr'><strong>de</strong></span> <span class='ocrx_word' id='word_1_206' title='bbox 2740 1154 3227 1223; x_wconf 70' lang='lat' dir='ltr'><strong>prmdestinatione,</strong></span> <span class='ocrx_word' id='word_1_207' title='bbox 3257 1154 3425 1224; x_wconf 90' lang='lat' dir='ltr'><strong>gratia</strong></span> <span class='ocrx_word' id='word_1_208' title='bbox 3453 1161 3508 1208; x_wconf 88' lang='lat' dir='ltr'><strong>et</strong></span> 
     </span>
    </p>
   </div>
   <div class='ocr_carea' id='block_1_28' title="bbox 1914 1250 3505 1319">
    <p class='ocr_par' dir='ltr' id='par_1_28' title="bbox 1914 1250 3505 1319">
     <span class='ocr_line' id='line_1_28' title="bbox 1914 1250 3505 1319; baseline -0.002 -14"><span class='ocrx_word' id='word_1_209' title='bbox 1914 1252 2085 1306; x_wconf 89' lang='lat' dir='ltr'><strong>libero</strong></span> <span class='ocrx_word' id='word_1_210' title='bbox 2108 1250 2332 1305; x_wconf 89' lang='lat' dir='ltr'><strong>arbitrio</strong></span> <span class='ocrx_word' id='word_1_211' title='bbox 2353 1250 2604 1305; x_wconf 88' lang='lat' dir='ltr'><strong>Calvinus</strong></span> <span class='ocrx_word' id='word_1_212' title='bbox 2633 1252 2920 1319; x_wconf 77' lang='lat' dir='ltr'><strong>congessit.</strong></span> <span class='ocrx_word' id='word_1_213' title='bbox 2945 1252 3072 1306; x_wconf 90' lang='lat' dir='ltr'><strong>Inde</strong></span> <span class='ocrx_word' id='word_1_214' title='bbox 3099 1253 3240 1306; x_wconf 88' lang='lat' dir='ltr'><strong>enim</strong></span> <span class='ocrx_word' id='word_1_215' title='bbox 3271 1250 3505 1307; x_wconf 90' lang='lat' dir='ltr'><strong>hominis</strong></span> 
     </span>
    </p>
   </div>
   <div class='ocr_carea' id='block_1_29' title="bbox 1911 1431 3496 1501">
    <p class='ocr_par' dir='ltr' id='par_1_29' title="bbox 1911 1431 3496 1501">
     <span class='ocr_line' id='line_1_29' title="bbox 1911 1431 3496 1501; baseline 0 -15"><span class='ocrx_word' id='word_1_216' title='bbox 1911 1442 2019 1499; x_wconf 90' lang='lat' dir='ltr'><strong>tur,</strong></span> <span class='ocrx_word' id='word_1_217' title='bbox 2052 1434 2208 1487; x_wconf 89' lang='lat' dir='ltr'><strong>fatale</strong></span> <span class='ocrx_word' id='word_1_218' title='bbox 2237 1433 2514 1485; x_wconf 89' lang='lat' dir='ltr'><strong>decretum</strong></span> <span class='ocrx_word' id='word_1_219' title='bbox 2554 1433 2858 1487; x_wconf 87' lang='lat' dir='ltr'><strong>Stoicorum</strong></span> <span class='ocrx_word' id='word_1_220' title='bbox 2902 1431 3193 1501; x_wconf 87' lang='lat' dir='ltr'><strong>inducitur,</strong></span> <span class='ocrx_word' id='word_1_221' title='bbox 3222 1433 3363 1487; x_wconf 90' lang='lat' dir='ltr'><strong>Deus</strong></span> <span class='ocrx_word' id='word_1_222' title='bbox 3391 1434 3496 1493; x_wconf 87' lang='lat' dir='ltr'><strong>cri-</strong></span> 
     </span>
    </p>
   </div>
   <div class='ocr_carea' id='block_1_30' title="bbox 1912 1524 3511 1596">
    <p class='ocr_par' dir='ltr' id='par_1_30' title="bbox 1912 1524 3511 1596">
     <span class='ocr_line' id='line_1_30' title="bbox 1912 1524 3511 1596; baseline 0 -17"><span class='ocrx_word' id='word_1_223' title='bbox 1912 1526 2115 1579; x_wconf 88' lang='lat' dir='ltr'><strong>minum</strong></span> <span class='ocrx_word' id='word_1_224' title='bbox 2157 1534 2347 1578; x_wconf 90' lang='lat' dir='ltr'><strong>auctor</strong></span> <span class='ocrx_word' id='word_1_225' title='bbox 2382 1524 2705 1593; x_wconf 90' lang='lat' dir='ltr'><strong>publicatur,</strong></span> <span class='ocrx_word' id='word_1_226' title='bbox 2741 1535 2797 1579; x_wconf 82' lang='lat' dir='ltr'><strong>et</strong></span> <span class='ocrx_word' id='word_1_227' title='bbox 2826 1524 2975 1580; x_wconf 90' lang='lat' dir='ltr'><strong>mille</strong></span> <span class='ocrx_word' id='word_1_228' title='bbox 3018 1525 3324 1596; x_wconf 87' lang='lat' dir='ltr'><strong>hujusmodi</strong></span> <span class='ocrx_word' id='word_1_229' title='bbox 3360 1540 3511 1587; x_wconf 84' lang='lat' dir='ltr'><strong>erro-</strong></span> 
     </span>
    </p>
   </div>
   <div class='ocr_carea' id='block_1_31' title="bbox 1912 1602 3509 1687">
    <p class='ocr_par' dir='ltr' id='par_1_31' title="bbox 1912 1602 3509 1687">
     <span class='ocr_line' id='line_1_31' title="bbox 1912 1602 3509 1687; baseline 0.001 -16"><span class='ocrx_word' id='word_1_230' title='bbox 1912 1633 2030 1671; x_wconf 89' lang='lat' dir='ltr'><strong>rum</strong></span> <span class='ocrx_word' id='word_1_231' title='bbox 2066 1625 2311 1685; x_wconf 90' lang='lat' dir='ltr'><strong>portenta</strong></span> <span class='ocrx_word' id='word_1_232' title='bbox 2346 1626 2468 1671; x_wconf 88' lang='lat' dir='ltr'><strong>nata</strong></span> <span class='ocrx_word' id='word_1_233' title='bbox 2500 1627 2654 1681; x_wconf 88' lang='lat' dir='ltr'><strong>sunt,</strong></span> <span class='ocrx_word' id='word_1_234' title='bbox 2690 1633 2914 1687; x_wconf 91' lang='lat' dir='ltr'><strong>quorum</strong></span> <span class='ocrx_word' id='word_1_235' title='bbox 2961 1620 3164 1674; x_wconf 89' lang='lat' dir='ltr'><strong>nullum</strong></span> <span class='ocrx_word' id='word_1_236' title='bbox 3205 1635 3272 1674; x_wconf 73' lang='lat' dir='ltr'><strong>ev</strong></span> <span class='ocrx_word' id='word_1_237' title='bbox 3304 1602 3509 1673; x_wconf 87' lang='lat' dir='ltr'><strong>memo-</strong></span> 
     </span>
    </p>
   </div>
   <div class='ocr_carea' id='block_1_32' title="bbox 1914 1707 2988 1766">
    <p class='ocr_par' dir='ltr' id='par_1_32' title="bbox 1914 1707 2988 1766">
     <span class='ocr_line' id='line_1_32' title="bbox 1914 1707 2988 1766; baseline -0.001 -2"><span class='ocrx_word' id='word_1_238' title='bbox 1914 1716 2029 1764; x_wconf 82' lang='lat' dir='ltr'><strong>rata</strong></span> <span class='ocrx_word' id='word_1_239' title='bbox 2061 1707 2230 1761; x_wconf 89' lang='lat' dir='ltr'><strong>sancti</strong></span> <span class='ocrx_word' id='word_1_240' title='bbox 2263 1707 2437 1761; x_wconf 91' lang='lat' dir='ltr'><strong>Patris</strong></span> <span class='ocrx_word' id='word_1_241' title='bbox 2468 1708 2731 1762; x_wconf 86' lang='lat' dir='ltr'><strong>sententia</strong></span> <span class='ocrx_word' id='word_1_242' title='bbox 2762 1709 2988 1766; x_wconf 79' lang='lat' dir='ltr'><strong>derivat.</strong></span> 
     </span>
    </p>
   </div>
   <div class='ocr_carea' id='block_1_33' title="bbox 197 1791 3509 1878">
    <p class='ocr_par' dir='ltr' id='par_1_33' title="bbox 197 1791 3509 1878">
     <span class='ocr_line' id='line_1_33' title="bbox 197 1791 3509 1878; baseline 0.001 -18"><span class='ocrx_word' id='word_1_243' title='bbox 197 1819 305 1860; x_wconf 86' lang='lat' dir='ltr'><strong>sua</strong></span> <span class='ocrx_word' id='word_1_244' title='bbox 338 1804 641 1861; x_wconf 89' lang='lat' dir='ltr'><strong>defectione</strong></span> <span class='ocrx_word' id='word_1_245' title='bbox 673 1806 870 1875; x_wconf 90' lang='lat' dir='ltr'><strong>periret</strong></span> <span class='ocrx_word' id='word_1_246' title='bbox 898 1806 1090 1862; x_wconf 85' lang='lat' dir='ltr'><strong>Adam.</strong></span> <span class='ocrx_word' id='word_1_247' title='bbox 1132 1826 1149 1859; x_wconf 71' lang='grc' dir='ltr'><strong>ι</strong></span> <span class='ocrx_word' id='word_1_248' title='bbox 1187 1805 1250 1859; x_wconf 87' lang='lat' dir='ltr'><strong>Et</strong></span> <span class='ocrx_word' id='word_1_249' title='bbox 1280 1817 1461 1875; x_wconf 88' lang='lat' dir='ltr'><strong>postea</strong></span> <span class='ocrx_word' id='word_1_250' title='bbox 1496 1823 1509 1859; x_wconf 90' lang='lat'><strong>:</strong></span> <span class='ocrx_word' id='word_1_251' title='bbox 1551 1826 1568 1861; x_wconf 85' lang='grc'><strong>‹</strong></span> <span class='ocrx_word' id='word_1_252' title='bbox 1607 1806 1803 1861; x_wconf 89' lang='lat' dir='ltr'><strong>Decre-</strong></span> <span class='ocrx_word' id='word_1_253' title='bbox 1837 1791 1887 1851; x_wconf 86' lang='grc' dir='ltr'><strong>Β</strong></span> <span class='ocrx_word' id='word_1_254' title='bbox 1987 1809 2083 1862; x_wconf 86' lang='lat' dir='ltr'><strong>Est</strong></span> <span class='ocrx_word' id='word_1_255' title='bbox 2112 1808 2268 1878; x_wconf 82' lang='lat' dir='ltr'><strong>igitur</strong></span> <span class='ocrx_word' id='word_1_256' title='bbox 2296 1808 2524 1874; x_wconf 80' lang='lat' dir='ltr'><strong>celebris,</strong></span> <span class='ocrx_word' id='word_1_257' title='bbox 2560 1818 2613 1863; x_wconf 94' lang='lat' dir='ltr'><strong>ut</strong></span> <span class='ocrx_word' id='word_1_258' title='bbox 2639 1809 2710 1863; x_wconf 90' lang='lat' dir='ltr'><strong>ait</strong></span> <span class='ocrx_word' id='word_1_259' title='bbox 2736 1809 2967 1865; x_wconf 86' lang='lat' dir='ltr'><strong>Joannes</strong></span> <span class='ocrx_word' id='word_1_260' title='bbox 2997 1825 3024 1863; x_wconf 92' lang='lat' dir='ltr'><strong>a</strong></span> <span class='ocrx_word' id='word_1_261' title='bbox 3055 1810 3251 1866; x_wconf 87' lang='lat' dir='ltr'><strong>Sancto</strong></span> <span class='ocrx_word' id='word_1_262' title='bbox 3281 1810 3509 1875; x_wconf 90' lang='lat' dir='ltr'><strong>Thoma,</strong></span> 
     </span>
    </p>
   </div>
   <div class='ocr_carea' id='block_1_34' title="bbox 201 1896 1806 1967">
    <p class='ocr_par' dir='ltr' id='par_1_34' title="bbox 201 1896 1806 1967">
     <span class='ocr_line' id='line_1_34' title="bbox 201 1896 1806 1967; baseline 0 -18"><span class='ocrx_word' id='word_1_263' title='bbox 201 1903 325 1950; x_wconf 87' lang='lat' dir='ltr'><strong>tum</strong></span> <span class='ocrx_word' id='word_1_264' title='bbox 357 1897 573 1967; x_wconf 85' lang='lat' dir='ltr'><strong>quidem</strong></span> <span class='ocrx_word' id='word_1_265' title='bbox 625 1897 881 1952; x_wconf 84' lang='lat' dir='ltr'><strong>horribile</strong></span> <span class='ocrx_word' id='word_1_266' title='bbox 913 1896 1103 1959; x_wconf 81' lang='lat' dir='ltr'><strong>fateor,</strong></span> <span class='ocrx_word' id='word_1_267' title='bbox 1146 1896 1371 1950; x_wconf 87' lang='lat' dir='ltr'><strong>inliciari</strong></span> <span class='ocrx_word' id='word_1_268' title='bbox 1422 1907 1594 1950; x_wconf 91' lang='lat' dir='ltr'><strong>tamen</strong></span> <span class='ocrx_word' id='word_1_269' title='bbox 1646 1911 1806 1951; x_wconf 89' lang='lat' dir='ltr'><strong>nemo</strong></span> 
     </span>
    </p>
   </div>
   <div class='ocr_carea' id='block_1_35' title="bbox 126 1984 1807 2058">
    <p class='ocr_par' dir='ltr' id='par_1_35' title="bbox 126 1984 1807 2058">
     <span class='ocr_line' id='line_1_35' title="bbox 126 1984 1807 2058; baseline -0.001 -17"><span class='ocrx_word' id='word_1_270' title='bbox 126 1984 133 1987; x_wconf 75' lang='grc'><strong>’</strong></span> <span class='ocrx_word' id='word_1_271' title='bbox 200 1988 441 2056; x_wconf 82' lang='lat' dir='ltr'><strong>poterit,</strong></span> <span class='ocrx_word' id='word_1_272' title='bbox 474 1988 601 2058; x_wconf 90' lang='lat' dir='ltr'><strong>quin</strong></span> <span class='ocrx_word' id='word_1_273' title='bbox 644 1988 979 2058; x_wconf 67' lang='lat' dir='ltr'><strong>prmsciverit</strong></span> <span class='ocrx_word' id='word_1_274' title='bbox 1024 1988 1167 2042; x_wconf 90' lang='lat' dir='ltr'><strong>Deus</strong></span> <span class='ocrx_word' id='word_1_275' title='bbox 1205 2002 1362 2056; x_wconf 89' lang='lat' dir='ltr'><strong>quem</strong></span> <span class='ocrx_word' id='word_1_276' title='bbox 1411 1988 1615 2041; x_wconf 84' lang='lat' dir='ltr'><strong>exitum</strong></span> <span class='ocrx_word' id='word_1_277' title='bbox 1663 1999 1807 2042; x_wconf 83' lang='lat' dir='ltr'><strong>esset</strong></span> 
     </span>
    </p>
   </div>
   <div class='ocr_carea' id='block_1_36' title="bbox 198 2078 1807 2149">
    <p class='ocr_par' dir='ltr' id='par_1_36' title="bbox 198 2078 1807 2149">
     <span class='ocr_line' id='line_1_36' title="bbox 198 2078 1807 2149; baseline 0 -16"><span class='ocrx_word' id='word_1_278' title='bbox 198 2078 488 2134; x_wconf 90' lang='lat' dir='ltr'><strong>habiturus</strong></span> <span class='ocrx_word' id='word_1_279' title='bbox 520 2081 676 2134; x_wconf 92' lang='lat' dir='ltr'><strong>homo</strong></span> <span class='ocrx_word' id='word_1_280' title='bbox 706 2088 991 2147; x_wconf 90' lang='lat' dir='ltr'><strong>antequam</strong></span> <span class='ocrx_word' id='word_1_281' title='bbox 1022 2079 1198 2149; x_wconf 92' lang='lat' dir='ltr'><strong>ipsum</strong></span> <span class='ocrx_word' id='word_1_282' title='bbox 1230 2078 1506 2142; x_wconf 89' lang='lat' dir='ltr'><strong>conderet,</strong></span> <span class='ocrx_word' id='word_1_283' title='bbox 1526 2088 1579 2132; x_wconf 90' lang='lat' dir='ltr'><strong>et</strong></span> <span class='ocrx_word' id='word_1_284' title='bbox 1604 2079 1807 2133; x_wconf 89' lang='lat' dir='ltr'><strong>idcirco</strong></span> 
     </span>
    </p>
   </div>
   <div class='ocr_carea' id='block_1_37' title="bbox 200 2169 1800 2251">
    <p class='ocr_par' dir='ltr' id='par_1_37' title="bbox 200 2169 1800 2251">
     <span class='ocr_line' id='line_1_37' title="bbox 200 2169 1800 2251; baseline -0.001 -27"><span class='ocrx_word' id='word_1_285' title='bbox 200 2172 540 2251; x_wconf 85' lang='lat' dir='ltr'><strong>praesciverit</strong></span> <span class='ocrx_word' id='word_1_286' title='bbox 562 2172 683 2241; x_wconf 83' lang='lat' dir='ltr'><strong>quia</strong></span> <span class='ocrx_word' id='word_1_287' title='bbox 708 2172 928 2226; x_wconf 85' lang='lat' dir='ltr'><strong>decreto</strong></span> <span class='ocrx_word' id='word_1_288' title='bbox 950 2185 1046 2226; x_wconf 92' lang='lat' dir='ltr'><strong>suo</strong></span> <span class='ocrx_word' id='word_1_289' title='bbox 1068 2169 1430 2225; x_wconf 82' lang='lat' dir='ltr'><strong>ordinaverat.</strong></span> <span class='ocrx_word' id='word_1_290' title='bbox 1466 2190 1483 2221; x_wconf 87' lang='grc'><strong>›</strong></span> <span class='ocrx_word' id='word_1_291' title='bbox 1518 2169 1658 2224; x_wconf 92' lang='lat' dir='ltr'><strong>ldcm</strong></span> <span class='ocrx_word' id='word_1_292' title='bbox 1683 2175 1709 2241; x_wconf 65' lang='grc' dir='ltr'><strong>ς</strong></span> <span class='ocrx_word' id='word_1_293' title='bbox 1736 2173 1751 2224; x_wconf 83' lang='grc'>1</span> <span class='ocrx_word' id='word_1_294' title='bbox 1788 2190 1800 2223; x_wconf 90' lang='lat'><strong>:</strong></span> 
     </span>
    </p>
   </div>
   <div class='ocr_carea' id='block_1_38' title="bbox 207 2264 1809 2333">
    <p class='ocr_par' dir='ltr' id='par_1_38' title="bbox 207 2264 1809 2333">
     <span class='ocr_line' id='line_1_38' title="bbox 207 2264 1809 2333; baseline 0.001 -18"><span class='ocrx_word' id='word_1_295' title='bbox 207 2282 229 2315; x_wconf 74' lang='grc' dir='ltr'>ι</span> <span class='ocrx_word' id='word_1_296' title='bbox 269 2264 483 2319; x_wconf 80' lang='lat' dir='ltr'><strong>Minime</strong></span> <span class='ocrx_word' id='word_1_297' title='bbox 504 2274 925 2321; x_wconf 88' lang='lat' dir='ltr'><strong>consentaneum</strong></span> <span class='ocrx_word' id='word_1_298' title='bbox 954 2274 1035 2319; x_wconf 90' lang='lat' dir='ltr'><strong>est</strong></span> <span class='ocrx_word' id='word_1_299' title='bbox 1061 2265 1507 2333; x_wconf 62' lang='lat' dir='ltr'><strong>praeparationem</strong></span> <span class='ocrx_word' id='word_1_300' title='bbox 1536 2264 1598 2316; x_wconf 91' lang='lat' dir='ltr'><strong>ad</strong></span> <span class='ocrx_word' id='word_1_301' title='bbox 1625 2264 1809 2319; x_wconf 87' lang='lat' dir='ltr'><strong>interi-</strong></span> 
     </span>
    </p>
   </div>
   <div class='ocr_carea' id='block_1_39' title="bbox 202 2359 1800 2432">
    <p class='ocr_par' dir='ltr' id='par_1_39' title="bbox 202 2359 1800 2432">
     <span class='ocr_line' id='line_1_39' title="bbox 202 2359 1800 2432; baseline -0.002 -19"><span class='ocrx_word' id='word_1_302' title='bbox 202 2366 321 2414; x_wconf 88' lang='lat' dir='ltr'><strong>tum</strong></span> <span class='ocrx_word' id='word_1_303' title='bbox 345 2360 451 2414; x_wconf 92' lang='lat' dir='ltr'><strong>alio</strong></span> <span class='ocrx_word' id='word_1_304' title='bbox 478 2360 768 2416; x_wconf 80' lang='lat' dir='ltr'><strong>transferre</strong></span> <span class='ocrx_word' id='word_1_305' title='bbox 790 2376 947 2432; x_wconf 89' lang='lat' dir='ltr'><strong>quam</strong></span> <span class='ocrx_word' id='word_1_306' title='bbox 972 2361 1037 2415; x_wconf 92' lang='lat' dir='ltr'><strong>ad</strong></span> <span class='ocrx_word' id='word_1_307' title='bbox 1062 2375 1314 2423; x_wconf 89' lang='lat' dir='ltr'><strong>arcanum</strong></span> <span class='ocrx_word' id='word_1_308' title='bbox 1342 2359 1620 2415; x_wconf 90' lang='lat' dir='ltr'><strong>consilium</strong></span> <span class='ocrx_word' id='word_1_309' title='bbox 1644 2359 1757 2414; x_wconf 74' lang='lat' dir='ltr'><strong>Dei.</strong></span> <span class='ocrx_word' id='word_1_310' title='bbox 1780 2377 1800 2410; x_wconf 72' lang='grc' dir='ltr'><strong><em>ο</em></strong></span> 
     </span>
    </p>
   </div>
   <div class='ocr_carea' id='block_1_40' title="bbox 203 2449 1807 2523">
    <p class='ocr_par' dir='ltr' id='par_1_40' title="bbox 203 2449 1807 2523">
     <span class='ocr_line' id='line_1_40' title="bbox 203 2449 1807 2523; baseline -0.002 -19"><span class='ocrx_word' id='word_1_311' title='bbox 203 2449 281 2504; x_wconf 83' lang='grc' dir='ltr'><strong>Ει</strong></span> <span class='ocrx_word' id='word_1_312' title='bbox 308 2466 427 2521; x_wconf 88' lang='lat' dir='ltr'><strong>cap.</strong></span> <span class='ocrx_word' id='word_1_313' title='bbox 460 2450 605 2523; x_wconf 43' lang='grc' dir='ltr'><strong>εις</strong></span> <span class='ocrx_word' id='word_1_314' title='bbox 644 2453 701 2513; x_wconf 75' lang='lat' dir='ltr'><strong>ll</strong></span> <span class='ocrx_word' id='word_1_315' title='bbox 740 2470 751 2504; x_wconf 91' lang='lat'><strong>:</strong></span> <span class='ocrx_word' id='word_1_316' title='bbox 791 2470 809 2503; x_wconf 72' lang='grc' dir='ltr'><strong><em>ι</em></strong></span> <span class='ocrx_word' id='word_1_317' title='bbox 844 2452 901 2507; x_wconf 90' lang='lat' dir='ltr'><strong>Si</strong></span> <span class='ocrx_word' id='word_1_318' title='bbox 931 2468 1036 2506; x_wconf 91' lang='lat' dir='ltr'><strong>non</strong></span> <span class='ocrx_word' id='word_1_319' title='bbox 1067 2466 1349 2522; x_wconf 83' lang='lat' dir='ltr'><strong>possumus</strong></span> <span class='ocrx_word' id='word_1_320' title='bbox 1380 2450 1641 2505; x_wconf 90' lang='lat' dir='ltr'><strong>rationem</strong></span> <span class='ocrx_word' id='word_1_321' title='bbox 1673 2451 1807 2503; x_wconf 82' lang='lat' dir='ltr'><strong>assi-</strong></span> 
     </span>
    </p>
   </div>
   <div class='ocr_carea' id='block_1_41' title="bbox 202 2538 1799 2612">
    <p class='ocr_par' dir='ltr' id='par_1_41' title="bbox 202 2538 1799 2612">
     <span class='ocr_line' id='line_1_41' title="bbox 202 2538 1799 2612; baseline -0.002 -19"><span class='ocrx_word' id='word_1_322' title='bbox 202 2556 380 2612; x_wconf 82' lang='lat' dir='ltr'><strong>gnare</strong></span> <span class='ocrx_word' id='word_1_323' title='bbox 423 2557 520 2596; x_wconf 89' lang='lat' dir='ltr'><strong>cur</strong></span> <span class='ocrx_word' id='word_1_324' title='bbox 550 2557 676 2599; x_wconf 90' lang='lat' dir='ltr'><strong>suos</strong></span> <span class='ocrx_word' id='word_1_325' title='bbox 708 2542 1078 2598; x_wconf 87' lang='lat' dir='ltr'><strong>misericordia</strong></span> <span class='ocrx_word' id='word_1_326' title='bbox 1108 2541 1373 2611; x_wconf 90' lang='lat' dir='ltr'><strong>dignetur,</strong></span> <span class='ocrx_word' id='word_1_327' title='bbox 1411 2540 1515 2593; x_wconf 91' lang='lat' dir='ltr'><strong>nisi</strong></span> <span class='ocrx_word' id='word_1_328' title='bbox 1546 2538 1799 2609; x_wconf 87' lang='lat' dir='ltr'><strong>quoniam</strong></span> 
     </span>
    </p>
   </div>
   <div class='ocr_carea' id='block_1_42' title="bbox 201 2630 1803 2704">
    <p class='ocr_par' dir='ltr' id='par_1_42' title="bbox 201 2630 1803 2704">
     <span class='ocr_line' id='line_1_42' title="bbox 201 2630 1803 2704; baseline -0.005 -16"><span class='ocrx_word' id='word_1_329' title='bbox 201 2634 286 2688; x_wconf 88' lang='lat' dir='ltr'><strong>illi</strong></span> <span class='ocrx_word' id='word_1_330' title='bbox 314 2636 383 2689; x_wconf 90' lang='lat' dir='ltr'><strong>ita</strong></span> <span class='ocrx_word' id='word_1_331' title='bbox 414 2635 606 2703; x_wconf 78' lang='lat' dir='ltr'><strong>placet,</strong></span> <span class='ocrx_word' id='word_1_332' title='bbox 635 2649 805 2704; x_wconf 89' lang='lat' dir='ltr'><strong>neque</strong></span> <span class='ocrx_word' id='word_1_333' title='bbox 841 2634 1003 2688; x_wconf 90' lang='lat' dir='ltr'><strong>etiam</strong></span> <span class='ocrx_word' id='word_1_334' title='bbox 1034 2635 1085 2687; x_wconf 93' lang='lat' dir='ltr'><strong>in</strong></span> <span class='ocrx_word' id='word_1_335' title='bbox 1117 2633 1234 2687; x_wconf 91' lang='lat' dir='ltr'><strong>aliis</strong></span> <span class='ocrx_word' id='word_1_336' title='bbox 1268 2631 1617 2701; x_wconf 89' lang='lat' dir='ltr'><strong>reprobandis</strong></span> <span class='ocrx_word' id='word_1_337' title='bbox 1657 2630 1803 2682; x_wconf 85' lang='lat' dir='ltr'><strong>aliud</strong></span> 
     </span>
    </p>
   </div>
   <div class='ocr_carea' id='block_1_43' title="bbox 204 2721 1798 2793">
    <p class='ocr_par' dir='ltr' id='par_1_43' title="bbox 204 2721 1798 2793">
     <span class='ocr_line' id='line_1_43' title="bbox 204 2721 1798 2793; baseline -0.001 -17"><span class='ocrx_word' id='word_1_338' title='bbox 204 2725 533 2779; x_wconf 85' lang='lat' dir='ltr'><strong>habebimus</strong></span> <span class='ocrx_word' id='word_1_339' title='bbox 564 2739 722 2793; x_wconf 91' lang='lat' dir='ltr'><strong>quam</strong></span> <span class='ocrx_word' id='word_1_340' title='bbox 764 2724 882 2792; x_wconf 86' lang='lat' dir='ltr'><strong>ejus</strong></span> <span class='ocrx_word' id='word_1_341' title='bbox 912 2723 1261 2777; x_wconf 89' lang='lat' dir='ltr'><strong>voluntatem.</strong></span> <span class='ocrx_word' id='word_1_342' title='bbox 1309 2741 1327 2773; x_wconf 78' lang='grc' dir='ltr'><strong>ι</strong></span> <span class='ocrx_word' id='word_1_343' title='bbox 1372 2721 1637 2775; x_wconf 81' lang='lat' dir='ltr'><strong>Praeterea</strong></span> <span class='ocrx_word' id='word_1_344' title='bbox 1682 2732 1798 2787; x_wconf 87' lang='lat' dir='ltr'><strong>cap.</strong></span> 
     </span>
    </p>
   </div>
   <div class='ocr_carea' id='block_1_44' title="bbox 200 2811 1811 2883">
    <p class='ocr_par' dir='ltr' id='par_1_44' title="bbox 200 2811 1811 2883">
     <span class='ocr_line' id='line_1_44' title="bbox 200 2811 1811 2883; baseline -0.002 -15"><span class='ocrx_word' id='word_1_345' title='bbox 200 2813 303 2877; x_wconf 74' lang='grc'><strong>25,</strong></span> <span class='ocrx_word' id='word_1_346' title='bbox 338 2814 363 2883; x_wconf 83' lang='lat'>§</span> <span class='ocrx_word' id='word_1_347' title='bbox 405 2814 436 2867; x_wconf 89' lang='lat'><strong>9</strong></span> <span class='ocrx_word' id='word_1_348' title='bbox 477 2832 490 2867; x_wconf 93' lang='lat'>:</span> <span class='ocrx_word' id='word_1_349' title='bbox 529 2832 549 2865; x_wconf 70' lang='grc' dir='ltr'>ι</span> <span class='ocrx_word' id='word_1_350' title='bbox 588 2814 928 2869; x_wconf 87' lang='lat' dir='ltr'><strong>Excusabiles</strong></span> <span class='ocrx_word' id='word_1_351' title='bbox 962 2813 1231 2882; x_wconf 90' lang='lat' dir='ltr'><strong>peccando</strong></span> <span class='ocrx_word' id='word_1_352' title='bbox 1275 2812 1459 2867; x_wconf 86' lang='lat' dir='ltr'><strong>haberi</strong></span> <span class='ocrx_word' id='word_1_353' title='bbox 1504 2811 1684 2864; x_wconf 91' lang='lat' dir='ltr'><strong>volunt</strong></span> <span class='ocrx_word' id='word_1_354' title='bbox 1726 2826 1811 2864; x_wconf 88' lang='lat' dir='ltr'><strong>re-</strong></span> 
     </span>
    </p>
   </div>
   <div class='ocr_carea' id='block_1_45' title="bbox 142 2903 1803 2978">
    <p class='ocr_par' dir='ltr' id='par_1_45' title="bbox 142 2903 1803 2978">
     <span class='ocr_line' id='line_1_45' title="bbox 142 2903 1803 2978; baseline -0.004 -17"><span class='ocrx_word' id='word_1_355' title='bbox 142 2926 143 2929; x_wconf 59' lang='lat'>‘</span> <span class='ocrx_word' id='word_1_356' title='bbox 205 2906 526 2978; x_wconf 86' lang='lat' dir='ltr'><strong>probi,quia</strong></span> <span class='ocrx_word' id='word_1_357' title='bbox 560 2907 793 2961; x_wconf 89' lang='lat' dir='ltr'><strong>evadere</strong></span> <span class='ocrx_word' id='word_1_358' title='bbox 821 2915 1094 2977; x_wconf 88' lang='lat' dir='ltr'><strong>nequeunt</strong></span> <span class='ocrx_word' id='word_1_359' title='bbox 1120 2904 1377 2975; x_wconf 90' lang='lat' dir='ltr'><strong>peccandi</strong></span> <span class='ocrx_word' id='word_1_360' title='bbox 1408 2903 1803 2967; x_wconf 90' lang='lat' dir='ltr'><strong>necessitatem,</strong></span> 
     </span>
    </p>
   </div>
   <div class='ocr_carea' id='block_1_46' title="bbox 209 2992 1803 3070">
    <p class='ocr_par' dir='ltr' id='par_1_46' title="bbox 209 2992 1803 3070">
     <span class='ocr_line' id='line_1_46' title="bbox 209 2992 1803 3070; baseline -0.003 -18"><span class='ocrx_word' id='word_1_361' title='bbox 209 2997 512 3070; x_wconf 66' lang='lat' dir='ltr'><strong>praesertim</strong></span> <span class='ocrx_word' id='word_1_362' title='bbox 547 3012 668 3051; x_wconf 86' lang='lat' dir='ltr'><strong>cum</strong></span> <span class='ocrx_word' id='word_1_363' title='bbox 700 2997 793 3051; x_wconf 92' lang='lat' dir='ltr'><strong>Dei</strong></span> <span class='ocrx_word' id='word_1_364' title='bbox 826 2996 1161 3050; x_wconf 89' lang='lat' dir='ltr'><strong>ordinatione</strong></span> <span class='ocrx_word' id='word_1_365' title='bbox 1200 2996 1300 3051; x_wconf 90' lang='lat' dir='ltr'><strong>sibi</strong></span> <span class='ocrx_word' id='word_1_366' title='bbox 1342 2995 1610 3063; x_wconf 86' lang='lat' dir='ltr'><strong>injiciatur</strong></span> <span class='ocrx_word' id='word_1_367' title='bbox 1648 2992 1803 3062; x_wconf 84' lang='lat' dir='ltr'><strong>hujus</strong></span> 
     </span>
    </p>
   </div>
   <div class='ocr_carea' id='block_1_47' title="bbox 209 3074 1808 3154">
    <p class='ocr_par' dir='ltr' id='par_1_47' title="bbox 209 3074 1808 3154">
     <span class='ocr_line' id='line_1_47' title="bbox 209 3074 1808 3154; baseline -0.004 -10"><span class='ocrx_word' id='word_1_368' title='bbox 209 3074 358 3144; x_wconf 77' lang='lat' dir='ltr'><strong>inodi</strong></span> <span class='ocrx_word' id='word_1_369' title='bbox 404 3087 720 3143; x_wconf 87' lang='lat' dir='ltr'><strong>necessitas.</strong></span> <span class='ocrx_word' id='word_1_370' title='bbox 746 3086 851 3141; x_wconf 88' lang='lat' dir='ltr'><strong>Nos</strong></span> <span class='ocrx_word' id='word_1_371' title='bbox 884 3101 1013 3140; x_wconf 90' lang='lat' dir='ltr'><strong>vero</strong></span> <span class='ocrx_word' id='word_1_372' title='bbox 1060 3088 1184 3141; x_wconf 88' lang='lat' dir='ltr'><strong>inde</strong></span> <span class='ocrx_word' id='word_1_373' title='bbox 1227 3100 1481 3154; x_wconf 90' lang='lat' dir='ltr'><strong>negamus</strong></span> <span class='ocrx_word' id='word_1_374' title='bbox 1510 3086 1612 3139; x_wconf 90' lang='lat' dir='ltr'><strong>rite</strong></span> <span class='ocrx_word' id='word_1_375' title='bbox 1647 3098 1808 3138; x_wconf 87' lang='lat' dir='ltr'><strong>excu-</strong></span> 
     </span>
    </p>
   </div>
   <div class='ocr_carea' id='block_1_48' title="bbox 1915 1899 3512 1981">
    <p class='ocr_par' dir='ltr' id='par_1_48' title="bbox 1915 1899 3512 1981">
     <span class='ocr_line' id='line_1_48' title="bbox 1915 1899 3512 1981; baseline 0 -24"><span class='ocrx_word' id='word_1_376' title='bbox 1915 1899 2180 1957; x_wconf 83' lang='lat' dir='ltr'><strong>sententia</strong></span> <span class='ocrx_word' id='word_1_377' title='bbox 2208 1901 2377 1955; x_wconf 90' lang='lat' dir='ltr'><strong>sancti</strong></span> <span class='ocrx_word' id='word_1_378' title='bbox 2410 1902 2686 1970; x_wconf 84' lang='lat' dir='ltr'><strong>Augustini</strong></span> <span class='ocrx_word' id='word_1_379' title='bbox 2736 1911 3011 1971; x_wconf 90' lang='lat' dir='ltr'><strong>peccatum</strong></span> <span class='ocrx_word' id='word_1_380' title='bbox 3063 1903 3319 1973; x_wconf 90' lang='lat' dir='ltr'><strong>originale</strong></span> <span class='ocrx_word' id='word_1_381' title='bbox 3350 1904 3512 1981; x_wconf 77' lang='lat' dir='ltr'><strong>fuisse</strong></span> 
     </span>
    </p>
   </div>
   <div class='ocr_carea' id='block_1_49' title="bbox 1916 1993 3513 2066">
    <p class='ocr_par' dir='ltr' id='par_1_49' title="bbox 1916 1993 3513 2066">
     <span class='ocr_line' id='line_1_49' title="bbox 1916 1993 3513 2066; baseline -0.001 -18"><span class='ocrx_word' id='word_1_382' title='bbox 1916 2007 2131 2048; x_wconf 84' lang='lat' dir='ltr'><strong>causam</strong></span> <span class='ocrx_word' id='word_1_383' title='bbox 2181 1993 2573 2061; x_wconf 84' lang='lat' dir='ltr'><strong>reprobationis</strong></span> <span class='ocrx_word' id='word_1_384' title='bbox 2622 1994 2857 2048; x_wconf 92' lang='lat' dir='ltr'><strong>omnium</strong></span> <span class='ocrx_word' id='word_1_385' title='bbox 2908 1995 3306 2061; x_wconf 88' lang='lat' dir='ltr'><strong>damnatorum,</strong></span> <span class='ocrx_word' id='word_1_386' title='bbox 3354 2010 3513 2066; x_wconf 88' lang='lat' dir='ltr'><strong>quam</strong></span> 
     </span>
    </p>
   </div>
   <div class='ocr_carea' id='block_1_50' title="bbox 1917 2086 3510 2157">
    <p class='ocr_par' dir='ltr' id='par_1_50' title="bbox 1917 2086 3510 2157">
     <span class='ocr_line' id='line_1_50' title="bbox 1917 2086 3510 2157; baseline 0.002 -17"><span class='ocrx_word' id='word_1_387' title='bbox 1917 2102 2061 2155; x_wconf 70' lang='lat' dir='ltr'><strong>smpe</strong></span> <span class='ocrx_word' id='word_1_388' title='bbox 2112 2086 2293 2140; x_wconf 90' lang='lat' dir='ltr'><strong>docuit</strong></span> <span class='ocrx_word' id='word_1_389' title='bbox 2337 2093 2554 2139; x_wconf 90' lang='lat' dir='ltr'><strong>sanctus</strong></span> <span class='ocrx_word' id='word_1_390' title='bbox 2605 2088 2781 2155; x_wconf 90' lang='lat' dir='ltr'><strong>Pater,</strong></span> <span class='ocrx_word' id='word_1_391' title='bbox 2811 2088 2965 2157; x_wconf 83' lang='lat' dir='ltr'><strong>epist.</strong></span> <span class='ocrx_word' id='word_1_392' title='bbox 3019 2090 3118 2144; x_wconf 82' lang='grc'><strong>105</strong></span> <span class='ocrx_word' id='word_1_393' title='bbox 3174 2090 3240 2144; x_wconf 87' lang='lat' dir='ltr'><strong>ad</strong></span> <span class='ocrx_word' id='word_1_394' title='bbox 3282 2090 3510 2157; x_wconf 76' lang='lat' dir='ltr'><strong>Sixtum,</strong></span> 
     </span>
    </p>
   </div>
   <div class='ocr_carea' id='block_1_51' title="bbox 1919 2178 3511 2261">
    <p class='ocr_par' dir='ltr' id='par_1_51' title="bbox 1919 2178 3511 2261">
     <span class='ocr_line' id='line_1_51' title="bbox 1919 2178 3511 2261; baseline 0.005 -28"><span class='ocrx_word' id='word_1_395' title='bbox 1919 2179 2020 2235; x_wconf 80' lang='grc'><strong>106</strong></span> <span class='ocrx_word' id='word_1_396' title='bbox 2048 2179 2113 2233; x_wconf 90' lang='lat' dir='ltr'><strong>ad</strong></span> <span class='ocrx_word' id='word_1_397' title='bbox 2140 2178 2434 2244; x_wconf 90' lang='lat' dir='ltr'><strong>Paulinum,</strong></span> <span class='ocrx_word' id='word_1_398' title='bbox 2462 2181 2560 2261; x_wconf 36' lang='lat'><strong>1’57</strong></span> <span class='ocrx_word' id='word_1_399' title='bbox 2589 2179 2655 2234; x_wconf 88' lang='lat' dir='ltr'><strong>ad</strong></span> <span class='ocrx_word' id='word_1_400' title='bbox 2685 2182 2955 2252; x_wconf 85' lang='lat' dir='ltr'><strong>Optatum,</strong></span> <span class='ocrx_word' id='word_1_401' title='bbox 2982 2185 3031 2237; x_wconf 90' lang='lat' dir='ltr'><strong>in</strong></span> <span class='ocrx_word' id='word_1_402' title='bbox 3060 2182 3369 2241; x_wconf 86' lang='lat' dir='ltr'><strong>Enchiridio</strong></span> <span class='ocrx_word' id='word_1_403' title='bbox 3390 2199 3511 2254; x_wconf 89' lang='lat' dir='ltr'><strong>cap.</strong></span> 
     </span>
    </p>
   </div>
   <div class='ocr_carea' id='block_1_52' title="bbox 1918 2271 3514 2347">
    <p class='ocr_par' dir='ltr' id='par_1_52' title="bbox 1918 2271 3514 2347">
     <span class='ocr_line' id='line_1_52' title="bbox 1918 2271 3514 2347; baseline 0.004 -22"><span class='ocrx_word' id='word_1_404' title='bbox 1918 2271 1987 2325; x_wconf 87' lang='lat'><strong>98</strong></span> <span class='ocrx_word' id='word_1_405' title='bbox 2018 2282 2071 2327; x_wconf 91' lang='lat' dir='ltr'><strong>et</strong></span> <span class='ocrx_word' id='word_1_406' title='bbox 2102 2273 2193 2339; x_wconf 88' lang='lat'><strong>99,</strong></span> <span class='ocrx_word' id='word_1_407' title='bbox 2227 2272 2318 2327; x_wconf 89' lang='lat' dir='ltr'><strong>lib.</strong></span> <span class='ocrx_word' id='word_1_408' title='bbox 2351 2288 2387 2326; x_wconf 87' lang='grc' dir='ltr'><strong>ιι</strong></span> <span class='ocrx_word' id='word_1_409' title='bbox 2419 2272 2483 2326; x_wconf 90' lang='lat' dir='ltr'><strong>ad</strong></span> <span class='ocrx_word' id='word_1_410' title='bbox 2515 2273 2718 2340; x_wconf 87' lang='lat' dir='ltr'><strong>Bonif.,</strong></span> <span class='ocrx_word' id='word_1_411' title='bbox 2748 2289 2867 2345; x_wconf 90' lang='lat' dir='ltr'><strong>cap.</strong></span> <span class='ocrx_word' id='word_1_412' title='bbox 2902 2276 2953 2328; x_wconf 88' lang='lat'><strong>7.</strong></span> <span class='ocrx_word' id='word_1_413' title='bbox 2986 2276 3099 2330; x_wconf 85' lang='lat' dir='ltr'><strong>Alia</strong></span> <span class='ocrx_word' id='word_1_414' title='bbox 3129 2277 3352 2347; x_wconf 82' lang='lat' dir='ltr'><strong>plurima</strong></span> <span class='ocrx_word' id='word_1_415' title='bbox 3397 2276 3514 2331; x_wconf 85' lang='lat' dir='ltr'><strong>loca</strong></span> 
     </span>
    </p>
   </div>
   <div class='ocr_carea' id='block_1_53' title="bbox 1917 2360 3513 2437">
    <p class='ocr_par' dir='ltr' id='par_1_53' title="bbox 1917 2360 3513 2437">
     <span class='ocr_line' id='line_1_53' title="bbox 1917 2360 3513 2437; baseline 0.002 -20"><span class='ocrx_word' id='word_1_416' title='bbox 1917 2364 2164 2434; x_wconf 87' lang='lat' dir='ltr'><strong>designat</strong></span> <span class='ocrx_word' id='word_1_417' title='bbox 2210 2360 2423 2418; x_wconf 89' lang='lat' dir='ltr'><strong>Cortina</strong></span> <span class='ocrx_word' id='word_1_418' title='bbox 2474 2363 2533 2418; x_wconf 88' lang='lat' dir='ltr'><strong>P.</strong></span> <span class='ocrx_word' id='word_1_419' title='bbox 2589 2365 2806 2419; x_wconf 85' lang='lat' dir='ltr'><strong>Macedo</strong></span> <span class='ocrx_word' id='word_1_420' title='bbox 2854 2365 2992 2421; x_wconf 89' lang='lat' dir='ltr'><strong>thesi</strong></span> <span class='ocrx_word' id='word_1_421' title='bbox 3035 2366 3125 2421; x_wconf 76' lang='grc'><strong>20.</strong></span> <span class='ocrx_word' id='word_1_422' title='bbox 3157 2366 3513 2437; x_wconf 86' lang='lat' dir='ltr'><strong>Augustinum</strong></span> 
     </span>
    </p>
   </div>
   <div class='ocr_carea' id='block_1_54' title="bbox 1915 2454 3516 2528">
    <p class='ocr_par' dir='ltr' id='par_1_54' title="bbox 1915 2454 3516 2528">
     <span class='ocr_line' id='line_1_54' title="bbox 1915 2454 3516 2528; baseline 0.001 -17"><span class='ocrx_word' id='word_1_423' title='bbox 1915 2464 2100 2511; x_wconf 88' lang='lat' dir='ltr'><strong>secuta</strong></span> <span class='ocrx_word' id='word_1_424' title='bbox 2130 2464 2213 2510; x_wconf 89' lang='lat' dir='ltr'><strong>est</strong></span> <span class='ocrx_word' id='word_1_425' title='bbox 2243 2454 2360 2523; x_wconf 84' lang='lat' dir='ltr'><strong>cjus</strong></span> <span class='ocrx_word' id='word_1_426' title='bbox 2404 2455 2612 2523; x_wconf 90' lang='lat' dir='ltr'><strong>schola,</strong></span> <span class='ocrx_word' id='word_1_427' title='bbox 2658 2456 2971 2528; x_wconf 85' lang='lat' dir='ltr'><strong>Fulgentius</strong></span> <span class='ocrx_word' id='word_1_428' title='bbox 2999 2458 3093 2513; x_wconf 92' lang='lat' dir='ltr'><strong>lib.</strong></span> <span class='ocrx_word' id='word_1_429' title='bbox 3134 2474 3150 2514; x_wconf 87' lang='grc' dir='ltr'><strong><em>ι</em></strong></span> <span class='ocrx_word' id='word_1_430' title='bbox 3182 2458 3248 2513; x_wconf 90' lang='lat' dir='ltr'><strong>de</strong></span> <span class='ocrx_word' id='word_1_431' title='bbox 3280 2458 3516 2525; x_wconf 75' lang='lat' dir='ltr'><strong>Veritate</strong></span> 
     </span>
    </p>
   </div>
   <div class='ocr_carea' id='block_1_55' title="bbox 1919 2547 3517 2621">
    <p class='ocr_par' dir='ltr' id='par_1_55' title="bbox 1919 2547 3517 2621">
     <span class='ocr_line' id='line_1_55' title="bbox 1919 2547 3517 2621; baseline 0.005 -20"><span class='ocrx_word' id='word_1_432' title='bbox 1919 2547 2168 2616; x_wconf 72' lang='lat' dir='ltr'><strong>prmdest.</strong></span> <span class='ocrx_word' id='word_1_433' title='bbox 2227 2555 2280 2599; x_wconf 86' lang='lat' dir='ltr'><strong>et</strong></span> <span class='ocrx_word' id='word_1_434' title='bbox 2325 2556 2483 2615; x_wconf 85' lang='lat' dir='ltr'><strong>gral.,</strong></span> <span class='ocrx_word' id='word_1_435' title='bbox 2517 2547 2695 2602; x_wconf 90' lang='lat' dir='ltr'><strong>statim</strong></span> <span class='ocrx_word' id='word_1_436' title='bbox 2748 2559 2867 2617; x_wconf 88' lang='lat' dir='ltr'><strong>post</strong></span> <span class='ocrx_word' id='word_1_437' title='bbox 2898 2550 3135 2616; x_wconf 88' lang='lat' dir='ltr'><strong>initium;</strong></span> <span class='ocrx_word' id='word_1_438' title='bbox 3168 2551 3420 2621; x_wconf 83' lang='lat' dir='ltr'><strong>Prosper,</strong></span> <span class='ocrx_word' id='word_1_439' title='bbox 3451 2551 3517 2609; x_wconf 88' lang='lat' dir='ltr'><strong>ad</strong></span> 
     </span>
    </p>
   </div>
   <div class='ocr_carea' id='block_1_56' title="bbox 1922 2636 3515 2705">
    <p class='ocr_par' dir='ltr' id='par_1_56' title="bbox 1922 2636 3515 2705">
     <span class='ocr_line' id='line_1_56' title="bbox 1922 2636 3515 2705; baseline 0.004 -16"><span class='ocrx_word' id='word_1_440' title='bbox 1922 2638 2208 2705; x_wconf 88' lang='lat' dir='ltr'><strong>septimam</strong></span> <span class='ocrx_word' id='word_1_441' title='bbox 2240 2636 2596 2705; x_wconf 83' lang='lat' dir='ltr'><strong>objectionem</strong></span> <span class='ocrx_word' id='word_1_442' title='bbox 2642 2638 2950 2705; x_wconf 85' lang='lat' dir='ltr'><strong>Gallorum;</strong></span> <span class='ocrx_word' id='word_1_443' title='bbox 2984 2641 3220 2695; x_wconf 81' lang='lat' dir='ltr'><strong>Africani</strong></span> <span class='ocrx_word' id='word_1_444' title='bbox 3251 2642 3515 2697; x_wconf 43' lang='lat' dir='ltr'><strong>Patres‘iu</strong></span> 
     </span>
    </p>
   </div>
   <div class='ocr_carea' id='block_1_57' title="bbox 1920 2725 3519 2799">
    <p class='ocr_par' dir='ltr' id='par_1_57' title="bbox 1920 2725 3519 2799">
     <span class='ocr_line' id='line_1_57' title="bbox 1920 2725 3519 2799; baseline 0.006 -19"><span class='ocrx_word' id='word_1_445' title='bbox 1920 2725 2166 2780; x_wconf 87' lang='lat' dir='ltr'><strong>Sardinia</strong></span> <span class='ocrx_word' id='word_1_446' title='bbox 2199 2726 2432 2792; x_wconf 83' lang='lat' dir='ltr'><strong>exsules,</strong></span> <span class='ocrx_word' id='word_1_447' title='bbox 2466 2727 2516 2779; x_wconf 88' lang='lat' dir='ltr'><strong>in</strong></span> <span class='ocrx_word' id='word_1_448' title='bbox 2558 2728 2783 2795; x_wconf 88' lang='lat' dir='ltr'><strong>epistola</strong></span> <span class='ocrx_word' id='word_1_449' title='bbox 2816 2729 3091 2799; x_wconf 83' lang='lat' dir='ltr'><strong>synodica,</strong></span> <span class='ocrx_word' id='word_1_450' title='bbox 3127 2744 3245 2797; x_wconf 88' lang='lat' dir='ltr'><strong>cap.</strong></span> <span class='ocrx_word' id='word_1_451' title='bbox 3277 2731 3307 2782; x_wconf 83' lang='grc'>6</span> <span class='ocrx_word' id='word_1_452' title='bbox 3335 2749 3349 2798; x_wconf 90' lang='lat'><strong>;</strong></span> <span class='ocrx_word' id='word_1_453' title='bbox 3398 2746 3519 2789; x_wconf 66' lang='lat' dir='ltr'><strong>san-</strong></span> 
     </span>
    </p>
   </div>
   <div class='ocr_carea' id='block_1_58' title="bbox 1864 2812 3517 2893">
    <p class='ocr_par' dir='ltr' id='par_1_58' title="bbox 1864 2812 3517 2893">
     <span class='ocr_line' id='line_1_58' title="bbox 1864 2812 3517 2893; baseline 0.004 -24"><span class='ocrx_word' id='word_1_454' title='bbox 1864 2888 1865 2893; x_wconf 10' lang='grc' dir='ltr'>γ</span> <span class='ocrx_word' id='word_1_455' title='bbox 1918 2826 2037 2871; x_wconf 92' lang='lat' dir='ltr'><strong>ctus</strong></span> <span class='ocrx_word' id='word_1_456' title='bbox 2064 2816 2315 2883; x_wconf 86' lang='lat' dir='ltr'><strong>Thomas,</strong></span> <span class='ocrx_word' id='word_1_457' title='bbox 2367 2833 2420 2886; x_wconf 91' lang='lat' dir='ltr'><strong>q.</strong></span> <span class='ocrx_word' id='word_1_458' title='bbox 2473 2818 2505 2872; x_wconf 92' lang='lat'><strong>6</strong></span> <span class='ocrx_word' id='word_1_459' title='bbox 2547 2817 2613 2871; x_wconf 90' lang='lat' dir='ltr'><strong>de</strong></span> <span class='ocrx_word' id='word_1_460' title='bbox 2648 2812 2903 2883; x_wconf 76' lang='lat' dir='ltr'><strong>Veritate,</strong></span> <span class='ocrx_word' id='word_1_461' title='bbox 2957 2830 3058 2873; x_wconf 92' lang='lat' dir='ltr'><strong>art.</strong></span> <span class='ocrx_word' id='word_1_462' title='bbox 3086 2820 3142 2887; x_wconf 69' lang='lat'><strong>2,</strong></span> <span class='ocrx_word' id='word_1_463' title='bbox 3178 2820 3242 2874; x_wconf 89' lang='lat' dir='ltr'><strong>ad</strong></span> <span class='ocrx_word' id='word_1_464' title='bbox 3274 2820 3343 2887; x_wconf 89' lang='lat'><strong>9;</strong></span> <span class='ocrx_word' id='word_1_465' title='bbox 3377 2822 3517 2877; x_wconf 88' lang='lat' dir='ltr'><strong>unde</strong></span> 
     </span>
    </p>
   </div>
   <div class='ocr_carea' id='block_1_59' title="bbox 1918 2909 3517 2987">
    <p class='ocr_par' dir='ltr' id='par_1_59' title="bbox 1918 2909 3517 2987">
     <span class='ocr_line' id='line_1_59' title="bbox 1918 2909 3517 2987; baseline 0.003 -25"><span class='ocrx_word' id='word_1_466' title='bbox 1918 2909 1994 2962; x_wconf 92' lang='lat' dir='ltr'><strong>uti</strong></span> <span class='ocrx_word' id='word_1_467' title='bbox 2022 2910 2087 2963; x_wconf 92' lang='lat' dir='ltr'><strong>ad</strong></span> <span class='ocrx_word' id='word_1_468' title='bbox 2120 2918 2352 2964; x_wconf 90' lang='lat' dir='ltr'><strong>mentem</strong></span> <span class='ocrx_word' id='word_1_469' title='bbox 2381 2909 2620 2979; x_wconf 83' lang='lat' dir='ltr'><strong>Angelici</strong></span> <span class='ocrx_word' id='word_1_470' title='bbox 2663 2910 3006 2979; x_wconf 68' lang='lat' dir='ltr'><strong>praeceptoris</strong></span> <span class='ocrx_word' id='word_1_471' title='bbox 3053 2910 3299 2966; x_wconf 89' lang='lat' dir='ltr'><strong>eamdem</strong></span> <span class='ocrx_word' id='word_1_472' title='bbox 3331 2911 3517 2987; x_wconf 83' lang='lat' dir='ltr'><strong>defen-</strong></span> 
     </span>
    </p>
   </div>
   <div class='ocr_carea' id='block_1_60' title="bbox 1918 2998 3517 3071">
    <p class='ocr_par' dir='ltr' id='par_1_60' title="bbox 1918 2998 3517 3071">
     <span class='ocr_line' id='line_1_60' title="bbox 1918 2998 3517 3071; baseline 0.001 -16"><span class='ocrx_word' id='word_1_473' title='bbox 1918 2998 2052 3055; x_wconf 88' lang='lat' dir='ltr'><strong>dunt</strong></span> <span class='ocrx_word' id='word_1_474' title='bbox 2075 3000 2468 3070; x_wconf 69' lang='lat' dir='ltr'><strong>prtcclarissimi</strong></span> <span class='ocrx_word' id='word_1_475' title='bbox 2494 2998 2825 3054; x_wconf 86' lang='lat' dir='ltr'><strong>Dominicani</strong></span> <span class='ocrx_word' id='word_1_476' title='bbox 2849 3000 3078 3056; x_wconf 90' lang='lat' dir='ltr'><strong>instituti</strong></span> <span class='ocrx_word' id='word_1_477' title='bbox 3105 3001 3359 3071; x_wconf 81' lang='lat' dir='ltr'><strong>theologi,</strong></span> <span class='ocrx_word' id='word_1_478' title='bbox 3378 2998 3517 3056; x_wconf 55' lang='lat' dir='ltr'><strong>The.</strong></span> 
     </span>
    </p>
   </div>
   <div class='ocr_carea' id='block_1_61' title="bbox 1918 3088 3517 3161">
    <p class='ocr_par' dir='ltr' id='par_1_61' title="bbox 1918 3088 3517 3161">
     <span class='ocr_line' id='line_1_61' title="bbox 1918 3088 3517 3161; baseline 0.003 -17"><span class='ocrx_word' id='word_1_479' title='bbox 1918 3105 2036 3144; x_wconf 89' lang='lat' dir='ltr'><strong>mas</strong></span> <span class='ocrx_word' id='word_1_480' title='bbox 2078 3090 2145 3144; x_wconf 91' lang='lat' dir='ltr'><strong>de</strong></span> <span class='ocrx_word' id='word_1_481' title='bbox 2175 3090 2391 3155; x_wconf 83' lang='lat' dir='ltr'><strong>Lentos,</strong></span> <span class='ocrx_word' id='word_1_482' title='bbox 2422 3089 2812 3143; x_wconf 85' lang='lat' dir='ltr'><strong>illustrissimus</strong></span> <span class='ocrx_word' id='word_1_483' title='bbox 2853 3088 3059 3160; x_wconf 91' lang='lat' dir='ltr'><strong>Godoy,</strong></span> <span class='ocrx_word' id='word_1_484' title='bbox 3094 3090 3247 3145; x_wconf 81' lang='lat' dir='ltr'><strong>Joan.</strong></span> <span class='ocrx_word' id='word_1_485' title='bbox 3281 3092 3517 3161; x_wconf 81' lang='lat' dir='ltr'><strong>Baptista</strong></span> 
     </span>
    </p>
   </div>
   <div class='ocr_carea' id='block_1_62' title="bbox 209 3174 3515 3249">
    <p class='ocr_par' dir='ltr' id='par_1_62' title="bbox 209 3174 3515 3249">
     <span class='ocr_line' id='line_1_62' title="bbox 209 3174 3515 3249; baseline 0 -15"><span class='ocrx_word' id='word_1_486' title='bbox 209 3179 342 3247; x_wconf 73' lang='lat' dir='ltr'><strong>sari,</strong></span> <span class='ocrx_word' id='word_1_487' title='bbox 371 3178 803 3249; x_wconf 89' lang='lat' dir='ltr'><strong>quandoquidem</strong></span> <span class='ocrx_word' id='word_1_488' title='bbox 849 3178 943 3233; x_wconf 89' lang='lat' dir='ltr'><strong>Dei</strong></span> <span class='ocrx_word' id='word_1_489' title='bbox 996 3175 1340 3241; x_wconf 89' lang='lat' dir='ltr'><strong>ordinationi,</strong></span> <span class='ocrx_word' id='word_1_490' title='bbox 1370 3191 1470 3245; x_wconf 88' lang='lat' dir='ltr'><strong>qua</strong></span> <span class='ocrx_word' id='word_1_491' title='bbox 1522 3191 1581 3229; x_wconf 90' lang='lat' dir='ltr'><strong>se</strong></span> <span class='ocrx_word' id='word_1_492' title='bbox 1629 3176 1798 3229; x_wconf 72' lang='lat' dir='ltr'><strong>exitio</strong></span> <span class='ocrx_word' id='word_1_493' title='bbox 1826 3174 1875 3238; x_wconf 83' lang='lat' dir='ltr'><strong>C</strong></span> <span class='ocrx_word' id='word_1_494' title='bbox 1910 3180 2193 3246; x_wconf 89' lang='lat' dir='ltr'><strong>Gonettus,</strong></span> <span class='ocrx_word' id='word_1_495' title='bbox 2230 3189 2359 3234; x_wconf 90' lang='lat' dir='ltr'><strong>tom.</strong></span> <span class='ocrx_word' id='word_1_496' title='bbox 2394 3179 2459 3234; x_wconf 82' lang='grc' dir='ltr'><strong>ιν</strong></span> <span class='ocrx_word' id='word_1_497' title='bbox 2488 3179 2675 3249; x_wconf 82' lang='lat' dir='ltr'><strong>Clypei</strong></span> <span class='ocrx_word' id='word_1_498' title='bbox 2704 3174 3044 3245; x_wconf 87' lang='lat' dir='ltr'><strong>Thomistici,</strong></span> <span class='ocrx_word' id='word_1_499' title='bbox 3080 3181 3217 3249; x_wconf 90' lang='lat' dir='ltr'><strong>disp.</strong></span> <span class='ocrx_word' id='word_1_500' title='bbox 3248 3179 3301 3246; x_wconf 82' lang='lat'><strong>5,</strong></span> <span class='ocrx_word' id='word_1_501' title='bbox 3333 3194 3433 3236; x_wconf 88' lang='lat' dir='ltr'><strong>art.</strong></span> <span class='ocrx_word' id='word_1_502' title='bbox 3462 3182 3515 3247; x_wconf 81' lang='grc'><strong>5,</strong></span> 
     </span>
    </p>
   </div>
   <div class='ocr_carea' id='block_1_63' title="bbox 211 3267 1804 3341">
    <p class='ocr_par' dir='ltr' id='par_1_63' title="bbox 211 3267 1804 3341">
     <span class='ocr_line' id='line_1_63' title="bbox 211 3267 1804 3341; baseline -0.003 -13"><span class='ocrx_word' id='word_1_503' title='bbox 211 3272 512 3328; x_wconf 87' lang='lat' dir='ltr'><strong>destinatos</strong></span> <span class='ocrx_word' id='word_1_504' title='bbox 540 3279 961 3341; x_wconf 90' lang='lat' dir='ltr'><strong>conqueruntur,</strong></span> <span class='ocrx_word' id='word_1_505' title='bbox 1008 3283 1100 3323; x_wconf 88' lang='lat' dir='ltr'><strong>sua</strong></span> <span class='ocrx_word' id='word_1_506' title='bbox 1144 3278 1355 3324; x_wconf 90' lang='lat' dir='ltr'><strong>constet</strong></span> <span class='ocrx_word' id='word_1_507' title='bbox 1388 3268 1611 3337; x_wconf 75' lang='lat' dir='ltr'><strong>mquitas</strong></span> <span class='ocrx_word' id='word_1_508' title='bbox 1649 3267 1804 3323; x_wconf 87' lang='lat' dir='ltr'><strong>nobis</strong></span> 
     </span>
    </p>
   </div>
   <div class='ocr_carea' id='block_1_64' title="bbox 217 3360 1804 3436">
    <p class='ocr_par' dir='ltr' id='par_1_64' title="bbox 217 3360 1804 3436">
     <span class='ocr_line' id='line_1_64' title="bbox 217 3360 1804 3436; baseline -0.003 -18"><span class='ocrx_word' id='word_1_509' title='bbox 217 3365 432 3436; x_wconf 87' lang='lat' dir='ltr'><strong>quidem</strong></span> <span class='ocrx_word' id='word_1_510' title='bbox 467 3365 756 3435; x_wconf 86' lang='lat' dir='ltr'><strong>incognita,</strong></span> <span class='ocrx_word' id='word_1_511' title='bbox 783 3363 876 3418; x_wconf 87' lang='lat' dir='ltr'><strong>sed</strong></span> <span class='ocrx_word' id='word_1_512' title='bbox 910 3363 983 3418; x_wconf 88' lang='lat' dir='ltr'><strong>illi</strong></span> <span class='ocrx_word' id='word_1_513' title='bbox 1015 3363 1335 3418; x_wconf 89' lang='lat' dir='ltr'><strong>certissima.</strong></span> <span class='ocrx_word' id='word_1_514' title='bbox 1372 3382 1390 3414; x_wconf 85' lang='grc'>›</span> <span class='ocrx_word' id='word_1_515' title='bbox 1425 3360 1537 3416; x_wconf 85' lang='lat' dir='ltr'><strong>Iloc</strong></span> <span class='ocrx_word' id='word_1_516' title='bbox 1580 3361 1716 3416; x_wconf 88' lang='lat' dir='ltr'><strong>idem</strong></span> <span class='ocrx_word' id='word_1_517' title='bbox 1750 3371 1804 3414; x_wconf 90' lang='lat' dir='ltr'><strong>et</strong></span> 
     </span>
    </p>
   </div>
   <div class='ocr_carea' id='block_1_65' title="bbox 212 3454 1805 3530">
    <p class='ocr_par' dir='ltr' id='par_1_65' title="bbox 212 3454 1805 3530">
     <span class='ocr_line' id='line_1_65' title="bbox 212 3454 1805 3530; baseline -0.004 -17"><span class='ocrx_word' id='word_1_518' title='bbox 212 3458 486 3530; x_wconf 86' lang='lat' dir='ltr'><strong>cepiosius</strong></span> <span class='ocrx_word' id='word_1_519' title='bbox 515 3458 707 3527; x_wconf 91' lang='lat' dir='ltr'><strong>repetit</strong></span> <span class='ocrx_word' id='word_1_520' title='bbox 736 3457 788 3511; x_wconf 94' lang='lat' dir='ltr'><strong>in</strong></span> <span class='ocrx_word' id='word_1_521' title='bbox 831 3456 969 3510; x_wconf 90' lang='lat' dir='ltr'><strong>libro</strong></span> <span class='ocrx_word' id='word_1_522' title='bbox 996 3456 1061 3509; x_wconf 90' lang='lat' dir='ltr'><strong>de</strong></span> <span class='ocrx_word' id='word_1_523' title='bbox 1092 3465 1289 3510; x_wconf 68' lang='lat' dir='ltr'><strong>interna</strong></span> <span class='ocrx_word' id='word_1_524' title='bbox 1323 3455 1414 3509; x_wconf 92' lang='lat' dir='ltr'><strong>Dei</strong></span> <span class='ocrx_word' id='word_1_525' title='bbox 1448 3454 1805 3509; x_wconf 67' lang='lat' dir='ltr'><strong>Prazdestina-</strong></span> 
     </span>
    </p>
   </div>
   <div class='ocr_carea' id='block_1_66' title="bbox 213 3544 1803 3620">
    <p class='ocr_par' dir='ltr' id='par_1_66' title="bbox 213 3544 1803 3620">
     <span class='ocr_line' id='line_1_66' title="bbox 213 3544 1803 3620; baseline -0.006 -15"><span class='ocrx_word' id='word_1_526' title='bbox 213 3550 382 3617; x_wconf 90' lang='lat' dir='ltr'><strong>tione,</strong></span> <span class='ocrx_word' id='word_1_527' title='bbox 434 3564 553 3620; x_wconf 90' lang='lat' dir='ltr'><strong>pag.</strong></span> <span class='ocrx_word' id='word_1_528' title='bbox 595 3548 696 3601; x_wconf 78' lang='lat'><strong>917</strong></span> <span class='ocrx_word' id='word_1_529' title='bbox 739 3546 990 3601; x_wconf 87' lang='lat' dir='ltr'><strong>editionis</strong></span> <span class='ocrx_word' id='word_1_530' title='bbox 1039 3544 1374 3600; x_wconf 85' lang='lat' dir='ltr'><strong>Genevensis</strong></span> <span class='ocrx_word' id='word_1_531' title='bbox 1420 3545 1547 3598; x_wconf 90' lang='lat' dir='ltr'><strong>anni</strong></span> <span class='ocrx_word' id='word_1_532' title='bbox 1602 3544 1736 3596; x_wconf 64' lang='grc'><strong>1552</strong></span> <span class='ocrx_word' id='word_1_533' title='bbox 1789 3560 1803 3596; x_wconf 92' lang='lat'><strong>:</strong></span> 
     </span>
    </p>
   </div>
   <div class='ocr_carea' id='block_1_67' title="bbox 220 3636 1806 3709">
    <p class='ocr_par' dir='ltr' id='par_1_67' title="bbox 220 3636 1806 3709">
     <span class='ocr_line' id='line_1_67' title="bbox 220 3636 1806 3709; baseline -0.004 -16"><span class='ocrx_word' id='word_1_534' title='bbox 220 3658 243 3693; x_wconf 74' lang='grc' dir='ltr'><em>α</em></span> <span class='ocrx_word' id='word_1_535' title='bbox 278 3638 555 3709; x_wconf 79' lang='lat' dir='ltr'><strong>Quomodo</strong></span> <span class='ocrx_word' id='word_1_536' title='bbox 584 3647 760 3694; x_wconf 85' lang='lat' dir='ltr'><strong>autem</strong></span> <span class='ocrx_word' id='word_1_537' title='bbox 794 3637 887 3692; x_wconf 80' lang='lat' dir='ltr'><strong>Dei</strong></span> <span class='ocrx_word' id='word_1_538' title='bbox 918 3638 1251 3705; x_wconf 63' lang='lat' dir='ltr'><strong>praescientia</strong></span> <span class='ocrx_word' id='word_1_539' title='bbox 1292 3647 1345 3689; x_wconf 91' lang='lat' dir='ltr'><strong>et</strong></span> <span class='ocrx_word' id='word_1_540' title='bbox 1393 3636 1610 3689; x_wconf 88' lang='lat' dir='ltr'><strong>decreto</strong></span> <span class='ocrx_word' id='word_1_541' title='bbox 1641 3644 1806 3687; x_wconf 87' lang='lat' dir='ltr'><strong>statu-</strong></span> 
     </span>
    </p>
   </div>
   <div class='ocr_carea' id='block_1_68' title="bbox 218 3728 1805 3801">
    <p class='ocr_par' dir='ltr' id='par_1_68' title="bbox 218 3728 1805 3801">
     <span class='ocr_line' id='line_1_68' title="bbox 218 3728 1805 3801; baseline -0.006 -14"><span class='ocrx_word' id='word_1_542' title='bbox 218 3742 330 3788; x_wconf 89' lang='lat' dir='ltr'><strong>tum</strong></span> <span class='ocrx_word' id='word_1_543' title='bbox 373 3731 530 3787; x_wconf 79' lang='lat' dir='ltr'><strong>fuerit</strong></span> <span class='ocrx_word' id='word_1_544' title='bbox 570 3732 710 3801; x_wconf 90' lang='lat' dir='ltr'><strong>quod</strong></span> <span class='ocrx_word' id='word_1_545' title='bbox 742 3730 807 3789; x_wconf 89' lang='lat' dir='ltr'><strong>de</strong></span> <span class='ocrx_word' id='word_1_546' title='bbox 842 3730 1059 3784; x_wconf 80' lang='lat' dir='ltr'><strong>homine</strong></span> <span class='ocrx_word' id='word_1_547' title='bbox 1091 3728 1327 3782; x_wconf 80' lang='lat' dir='ltr'><strong>futurum</strong></span> <span class='ocrx_word' id='word_1_548' title='bbox 1360 3738 1493 3794; x_wconf 90' lang='lat' dir='ltr'><strong>erat,</strong></span> <span class='ocrx_word' id='word_1_549' title='bbox 1522 3741 1694 3796; x_wconf 83' lang='lat' dir='ltr'><strong>neque</strong></span> <span class='ocrx_word' id='word_1_550' title='bbox 1727 3734 1805 3778; x_wconf 82' lang='lat' dir='ltr'><strong>ta—</strong></span> 
     </span>
    </p>
   </div>
   <div class='ocr_carea' id='block_1_69' title="bbox 218 3818 1806 3894">
    <p class='ocr_par' dir='ltr' id='par_1_69' title="bbox 218 3818 1806 3894">
     <span class='ocr_line' id='line_1_69' title="bbox 218 3818 1806 3894; baseline -0.007 -14"><span class='ocrx_word' id='word_1_551' title='bbox 218 3842 343 3882; x_wconf 85' lang='lat' dir='ltr'><strong>men</strong></span> <span class='ocrx_word' id='word_1_552' title='bbox 389 3825 440 3878; x_wconf 91' lang='lat' dir='ltr'><strong>in</strong></span> <span class='ocrx_word' id='word_1_553' title='bbox 481 3825 649 3894; x_wconf 87' lang='lat' dir='ltr'><strong>culpae</strong></span> <span class='ocrx_word' id='word_1_554' title='bbox 689 3824 999 3877; x_wconf 88' lang='lat' dir='ltr'><strong>societatem</strong></span> <span class='ocrx_word' id='word_1_555' title='bbox 1036 3821 1329 3877; x_wconf 86' lang='lat' dir='ltr'><strong>trahendus</strong></span> <span class='ocrx_word' id='word_1_556' title='bbox 1360 3821 1428 3875; x_wconf 92' lang='lat' dir='ltr'><strong>sit</strong></span> <span class='ocrx_word' id='word_1_557' title='bbox 1462 3820 1624 3883; x_wconf 86' lang='lat' dir='ltr'><strong>Deus,</strong></span> <span class='ocrx_word' id='word_1_558' title='bbox 1653 3818 1806 3887; x_wconf 85' lang='lat' dir='ltr'><strong>quasi</strong></span> 
     </span>
    </p>
   </div>
   <div class='ocr_carea' id='block_1_70' title="bbox 220 3912 1806 3988">
    <p class='ocr_par' dir='ltr' id='par_1_70' title="bbox 220 3912 1806 3988">
     <span class='ocr_line' id='line_1_70' title="bbox 220 3912 1806 3988; baseline -0.006 -16"><span class='ocrx_word' id='word_1_559' title='bbox 220 3916 660 3988; x_wconf 84' lang='lat' dir='ltr'><strong>transgressionis</strong></span> <span class='ocrx_word' id='word_1_560' title='bbox 697 3916 781 3969; x_wconf 86' lang='lat' dir='ltr'><strong>vel</strong></span> <span class='ocrx_word' id='word_1_561' title='bbox 824 3924 1014 3968; x_wconf 89' lang='lat' dir='ltr'><strong>auctor</strong></span> <span class='ocrx_word' id='word_1_562' title='bbox 1063 3915 1131 3968; x_wconf 91' lang='lat' dir='ltr'><strong>sit</strong></span> <span class='ocrx_word' id='word_1_563' title='bbox 1170 3913 1259 3967; x_wconf 92' lang='lat' dir='ltr'><strong>vel</strong></span> <span class='ocrx_word' id='word_1_564' title='bbox 1306 3912 1654 3982; x_wconf 85' lang='lat' dir='ltr'><strong>approbator,</strong></span> <span class='ocrx_word' id='word_1_565' title='bbox 1687 3924 1806 3963; x_wconf 90' lang='lat' dir='ltr'><strong>cum</strong></span> 
     </span>
    </p>
   </div>
   <div class='ocr_carea' id='block_1_71' title="bbox 220 4000 1809 4078">
    <p class='ocr_par' dir='ltr' id='par_1_71' title="bbox 220 4000 1809 4078">
     <span class='ocr_line' id='line_1_71' title="bbox 220 4000 1809 4078; baseline -0.006 -15"><span class='ocrx_word' id='word_1_566' title='bbox 220 4009 377 4078; x_wconf 86' lang='lat' dir='ltr'><strong>longe</strong></span> <span class='ocrx_word' id='word_1_567' title='bbox 408 4007 569 4061; x_wconf 89' lang='lat' dir='ltr'><strong>altius</strong></span> <span class='ocrx_word' id='word_1_568' title='bbox 612 4007 859 4061; x_wconf 70' lang='lat' dir='ltr'><strong>humanae</strong></span> <span class='ocrx_word' id='word_1_569' title='bbox 901 4004 1093 4059; x_wconf 90' lang='lat' dir='ltr'><strong>mentis</strong></span> <span class='ocrx_word' id='word_1_570' title='bbox 1124 4004 1453 4074; x_wconf 82' lang='lat' dir='ltr'><strong>perSpicacia</strong></span> <span class='ocrx_word' id='word_1_571' title='bbox 1504 4017 1621 4057; x_wconf 82' lang='lat' dir='ltr'><strong>esse</strong></span> <span class='ocrx_word' id='word_1_572' title='bbox 1660 4000 1809 4056; x_wconf 85' lang='lat' dir='ltr'><strong>arca-</strong></span> 
     </span>
    </p>
   </div>
   <div class='ocr_carea' id='block_1_72' title="bbox 222 4094 1811 4169">
    <p class='ocr_par' dir='ltr' id='par_1_72' title="bbox 222 4094 1811 4169">
     <span class='ocr_line' id='line_1_72' title="bbox 222 4094 1811 4169; baseline -0.003 -15"><span class='ocrx_word' id='word_1_573' title='bbox 222 4116 345 4154; x_wconf 87' lang='lat' dir='ltr'><strong>num</strong></span> <span class='ocrx_word' id='word_1_574' title='bbox 383 4101 554 4169; x_wconf 92' lang='lat' dir='ltr'><strong>palam</strong></span> <span class='ocrx_word' id='word_1_575' title='bbox 586 4100 675 4165; x_wconf 89' lang='lat' dir='ltr'><strong>sit,</strong></span> <span class='ocrx_word' id='word_1_576' title='bbox 704 4114 770 4153; x_wconf 91' lang='lat' dir='ltr'><strong>ne</strong></span> <span class='ocrx_word' id='word_1_577' title='bbox 801 4098 1156 4168; x_wconf 83' lang='lat' dir='ltr'><strong>ignorantiam</strong></span> <span class='ocrx_word' id='word_1_578' title='bbox 1190 4096 1341 4151; x_wconf 89' lang='lat' dir='ltr'><strong>fateri</strong></span> <span class='ocrx_word' id='word_1_579' title='bbox 1376 4095 1591 4165; x_wconf 87' lang='lat' dir='ltr'><strong>pudeat.</strong></span> <span class='ocrx_word' id='word_1_580' title='bbox 1626 4114 1644 4147; x_wconf 76' lang='grc'><strong>»</strong></span> <span class='ocrx_word' id='word_1_581' title='bbox 1678 4094 1811 4150; x_wconf 85' lang='lat' dir='ltr'><strong>Hinc</strong></span> 
     </span>
    </p>
   </div>
   <div class='ocr_carea' id='block_1_73' title="bbox 223 4185 1813 4257">
    <p class='ocr_par' dir='ltr' id='par_1_73' title="bbox 223 4185 1813 4257">
     <span class='ocr_line' id='line_1_73' title="bbox 223 4185 1813 4257; baseline -0.003 -14"><span class='ocrx_word' id='word_1_582' title='bbox 223 4190 514 4256; x_wconf 82' lang='lat' dir='ltr'><strong>Zanchius,</strong></span> <span class='ocrx_word' id='word_1_583' title='bbox 540 4191 633 4245; x_wconf 88' lang='lat' dir='ltr'><strong>lib.</strong></span> <span class='ocrx_word' id='word_1_584' title='bbox 658 4207 689 4244; x_wconf 87' lang='lat' dir='ltr'><strong>v</strong></span> <span class='ocrx_word' id='word_1_585' title='bbox 715 4188 782 4243; x_wconf 91' lang='lat' dir='ltr'><strong>de</strong></span> <span class='ocrx_word' id='word_1_586' title='bbox 809 4188 1003 4244; x_wconf 86' lang='lat' dir='ltr'><strong>Natura</strong></span> <span class='ocrx_word' id='word_1_587' title='bbox 1053 4188 1177 4254; x_wconf 90' lang='lat' dir='ltr'><strong>Dei,</strong></span> <span class='ocrx_word' id='word_1_588' title='bbox 1220 4202 1338 4257; x_wconf 91' lang='lat' dir='ltr'><strong>cap.</strong></span> <span class='ocrx_word' id='word_1_589' title='bbox 1372 4187 1435 4251; x_wconf 72' lang='lat'><strong>2,</strong></span> <span class='ocrx_word' id='word_1_590' title='bbox 1468 4186 1541 4239; x_wconf 90' lang='lat' dir='ltr'><strong>ait</strong></span> <span class='ocrx_word' id='word_1_591' title='bbox 1586 4202 1595 4236; x_wconf 93' lang='lat'><strong>:</strong></span> <span class='ocrx_word' id='word_1_592' title='bbox 1634 4203 1653 4235; x_wconf 87' lang='grc'><strong>‹</strong></span> <span class='ocrx_word' id='word_1_593' title='bbox 1693 4185 1813 4238; x_wconf 75' lang='lat' dir='ltr'><strong>Fuit</strong></span> 
     </span>
    </p>
   </div>
   <div class='ocr_carea' id='block_1_74' title="bbox 226 4277 1811 4352">
    <p class='ocr_par' dir='ltr' id='par_1_74' title="bbox 226 4277 1811 4352">
     <span class='ocr_line' id='line_1_74' title="bbox 226 4277 1811 4352; baseline -0.003 -16"><span class='ocrx_word' id='word_1_594' title='bbox 226 4282 327 4336; x_wconf 88' lang='lat' dir='ltr'><strong>hoc</strong></span> <span class='ocrx_word' id='word_1_595' title='bbox 357 4285 611 4351; x_wconf 89' lang='lat' dir='ltr'><strong>primum,</strong></span> <span class='ocrx_word' id='word_1_596' title='bbox 641 4282 780 4352; x_wconf 91' lang='lat' dir='ltr'><strong>quod</strong></span> <span class='ocrx_word' id='word_1_597' title='bbox 827 4285 893 4336; x_wconf 88' lang='lat' dir='ltr'><strong>de</strong></span> <span class='ocrx_word' id='word_1_598' title='bbox 938 4281 1185 4351; x_wconf 88' lang='lat' dir='ltr'><strong>reprobis</strong></span> <span class='ocrx_word' id='word_1_599' title='bbox 1230 4280 1513 4335; x_wconf 90' lang='lat' dir='ltr'><strong>constituit</strong></span> <span class='ocrx_word' id='word_1_600' title='bbox 1557 4278 1697 4333; x_wconf 92' lang='lat' dir='ltr'><strong>Deus</strong></span> <span class='ocrx_word' id='word_1_601' title='bbox 1744 4277 1811 4332; x_wconf 91' lang='lat' dir='ltr'><strong>ab</strong></span> 
     </span>
    </p>
   </div>
   <div class='ocr_carea' id='block_1_75' title="bbox 228 4371 1811 4445">
    <p class='ocr_par' dir='ltr' id='par_1_75' title="bbox 228 4371 1811 4445">
     <span class='ocr_line' id='line_1_75' title="bbox 228 4371 1811 4445; baseline -0.004 -15"><span class='ocrx_word' id='word_1_602' title='bbox 228 4386 458 4444; x_wconf 60' lang='lat' dir='ltr'><strong>aeterno,</strong></span> <span class='ocrx_word' id='word_1_603' title='bbox 511 4390 703 4445; x_wconf 90' lang='lat' dir='ltr'><strong>nempe</strong></span> <span class='ocrx_word' id='word_1_604' title='bbox 750 4374 1099 4443; x_wconf 86' lang='lat' dir='ltr'><strong>quorumdam</strong></span> <span class='ocrx_word' id='word_1_605' title='bbox 1151 4374 1426 4426; x_wconf 91' lang='lat' dir='ltr'><strong>hominum</strong></span> <span class='ocrx_word' id='word_1_606' title='bbox 1476 4371 1541 4425; x_wconf 92' lang='lat' dir='ltr'><strong>ad</strong></span> <span class='ocrx_word' id='word_1_607' title='bbox 1591 4371 1811 4425; x_wconf 86' lang='lat' dir='ltr'><strong>exitium</strong></span> 
     </span>
    </p>
   </div>
   <div class='ocr_carea' id='block_1_76' title="bbox 172 4466 1809 4541">
    <p class='ocr_par' dir='ltr' id='par_1_76' title="bbox 172 4466 1809 4541">
     <span class='ocr_line' id='line_1_76' title="bbox 172 4466 1809 4541; baseline -0.003 -15"><span class='ocrx_word' id='word_1_608' title='bbox 172 4466 175 4467; x_wconf 49' lang='grc'><strong><em>⁷</em></strong></span> <span class='ocrx_word' id='word_1_609' title='bbox 233 4473 613 4541; x_wconf 86' lang='lat' dir='ltr'><strong>sempiternum</strong></span> <span class='ocrx_word' id='word_1_610' title='bbox 646 4471 953 4535; x_wconf 82' lang='lat' dir='ltr'><strong>destinatio,</strong></span> <span class='ocrx_word' id='word_1_611' title='bbox 984 4471 1047 4523; x_wconf 90' lang='lat' dir='ltr'><strong>ad</strong></span> <span class='ocrx_word' id='word_1_612' title='bbox 1087 4470 1189 4524; x_wconf 89' lang='lat' dir='ltr'><strong>hoc</strong></span> <span class='ocrx_word' id='word_1_613' title='bbox 1216 4476 1394 4523; x_wconf 91' lang='lat' dir='ltr'><strong>autem</strong></span> <span class='ocrx_word' id='word_1_614' title='bbox 1423 4467 1664 4523; x_wconf 87' lang='lat' dir='ltr'><strong>ordinata</strong></span> <span class='ocrx_word' id='word_1_615' title='bbox 1701 4468 1809 4521; x_wconf 91' lang='lat' dir='ltr'><strong>fue-</strong></span> 
     </span>
    </p>
   </div>
   <div class='ocr_carea' id='block_1_77' title="bbox 1917 3269 3518 3340">
    <p class='ocr_par' dir='ltr' id='par_1_77' title="bbox 1917 3269 3518 3340">
     <span class='ocr_line' id='line_1_77' title="bbox 1917 3269 3518 3340; baseline 0.004 -17"><span class='ocrx_word' id='word_1_616' title='bbox 1917 3270 2005 3340; x_wconf 88' lang='lat' dir='ltr'><strong>qui</strong></span> <span class='ocrx_word' id='word_1_617' title='bbox 2040 3272 2244 3339; x_wconf 87' lang='lat' dir='ltr'><strong>priores</strong></span> <span class='ocrx_word' id='word_1_618' title='bbox 2274 3270 2394 3325; x_wconf 91' lang='lat' dir='ltr'><strong>illos</strong></span> <span class='ocrx_word' id='word_1_619' title='bbox 2439 3284 2505 3325; x_wconf 78' lang='lat' dir='ltr'><strong>ex</strong></span> <span class='ocrx_word' id='word_1_620' title='bbox 2551 3271 2665 3325; x_wconf 90' lang='lat' dir='ltr'><strong>suis</strong></span> <span class='ocrx_word' id='word_1_621' title='bbox 2692 3269 2943 3326; x_wconf 90' lang='lat' dir='ltr'><strong>doctores</strong></span> <span class='ocrx_word' id='word_1_622' title='bbox 2972 3271 3119 3326; x_wconf 91' lang='lat' dir='ltr'><strong>citat.</strong></span> <span class='ocrx_word' id='word_1_623' title='bbox 3151 3272 3256 3327; x_wconf 90' lang='lat' dir='ltr'><strong>Sed</strong></span> <span class='ocrx_word' id='word_1_624' title='bbox 3309 3289 3378 3328; x_wconf 84' lang='lat' dir='ltr'><strong>ex</strong></span> <span class='ocrx_word' id='word_1_625' title='bbox 3431 3289 3518 3329; x_wconf 50' lang='lat' dir='ltr'><strong>so.</strong></span> 
     </span>
    </p>
   </div>
   <div class='ocr_carea' id='block_1_78' title="bbox 1910 3362 3516 3442">
    <p class='ocr_par' dir='ltr' id='par_1_78' title="bbox 1910 3362 3516 3442">
     <span class='ocr_line' id='line_1_78' title="bbox 1910 3362 3516 3442; baseline 0.002 -26"><span class='ocrx_word' id='word_1_626' title='bbox 1910 3362 2104 3418; x_wconf 88' lang='lat' dir='ltr'><strong>cielate</strong></span> <span class='ocrx_word' id='word_1_627' title='bbox 2126 3363 2420 3432; x_wconf 84' lang='lat' dir='ltr'><strong>Augustino</strong></span> <span class='ocrx_word' id='word_1_628' title='bbox 2444 3365 2799 3434; x_wconf 87' lang='lat' dir='ltr'><strong>astipulantur</strong></span> <span class='ocrx_word' id='word_1_629' title='bbox 2823 3365 3019 3421; x_wconf 87' lang='lat' dir='ltr'><strong>Suarez</strong></span> <span class='ocrx_word' id='word_1_630' title='bbox 3044 3367 3095 3419; x_wconf 90' lang='lat' dir='ltr'><strong>in</strong></span> <span class='ocrx_word' id='word_1_631' title='bbox 3126 3376 3257 3433; x_wconf 86' lang='lat' dir='ltr'><strong>part.</strong></span> <span class='ocrx_word' id='word_1_632' title='bbox 3291 3383 3329 3432; x_wconf 86' lang='grc' dir='ltr'><strong>ι,</strong></span> <span class='ocrx_word' id='word_1_633' title='bbox 3350 3367 3441 3420; x_wconf 89' lang='lat' dir='ltr'><strong>lib.</strong></span> <span class='ocrx_word' id='word_1_634' title='bbox 3463 3382 3516 3442; x_wconf 72' lang='grc' dir='ltr'><strong>ν,</strong></span> 
     </span>
    </p>
   </div>
   <div class='ocr_carea' id='block_1_79' title="bbox 1911 3451 3517 3525">
    <p class='ocr_par' dir='ltr' id='par_1_79' title="bbox 1911 3451 3517 3525">
     <span class='ocr_line' id='line_1_79' title="bbox 1911 3451 3517 3525; baseline 0.001 -19"><span class='ocrx_word' id='word_1_635' title='bbox 1911 3451 1979 3506; x_wconf 89' lang='lat' dir='ltr'><strong>de</strong></span> <span class='ocrx_word' id='word_1_636' title='bbox 2028 3454 2346 3522; x_wconf 81' lang='lat' dir='ltr'><strong>Reprobat.,</strong></span> <span class='ocrx_word' id='word_1_637' title='bbox 2380 3469 2497 3523; x_wconf 90' lang='lat' dir='ltr'><strong>cap.</strong></span> <span class='ocrx_word' id='word_1_638' title='bbox 2552 3455 2616 3519; x_wconf 85' lang='lat'><strong>5;</strong></span> <span class='ocrx_word' id='word_1_639' title='bbox 2652 3453 2915 3525; x_wconf 81' lang='lat' dir='ltr'><strong>Vasquez,</strong></span> <span class='ocrx_word' id='word_1_640' title='bbox 2948 3454 3148 3524; x_wconf 90' lang='lat' dir='ltr'><strong>disput.</strong></span> <span class='ocrx_word' id='word_1_641' title='bbox 3174 3456 3267 3521; x_wconf 87' lang='grc'><strong>95,</strong></span> <span class='ocrx_word' id='word_1_642' title='bbox 3308 3470 3428 3525; x_wconf 91' lang='lat' dir='ltr'><strong>cap.</strong></span> <span class='ocrx_word' id='word_1_643' title='bbox 3458 3456 3517 3519; x_wconf 70' lang='grc'><strong>4,</strong></span> 
     </span>
    </p>
   </div>
   <div class='ocr_carea' id='block_1_80' title="bbox 1912 3542 3509 3611">
    <p class='ocr_par' dir='ltr' id='par_1_80' title="bbox 1912 3542 3509 3611">
     <span class='ocr_line' id='line_1_80' title="bbox 1912 3542 3509 3611; baseline 0.004 -17"><span class='ocrx_word' id='word_1_644' title='bbox 1912 3557 2063 3595; x_wconf 88' lang='lat' dir='ltr'><strong>num.</strong></span> <span class='ocrx_word' id='word_1_645' title='bbox 2098 3543 2184 3607; x_wconf 84' lang='grc'><strong>17,</strong></span> <span class='ocrx_word' id='word_1_646' title='bbox 2218 3552 2271 3596; x_wconf 90' lang='lat' dir='ltr'><strong>et</strong></span> <span class='ocrx_word' id='word_1_647' title='bbox 2300 3558 2419 3611; x_wconf 86' lang='lat' dir='ltr'><strong>cap.</strong></span> <span class='ocrx_word' id='word_1_648' title='bbox 2452 3542 2507 3609; x_wconf 89' lang='lat'><strong>9,</strong></span> <span class='ocrx_word' id='word_1_649' title='bbox 2536 3558 2682 3595; x_wconf 91' lang='lat' dir='ltr'><strong>num.</strong></span> <span class='ocrx_word' id='word_1_650' title='bbox 2716 3544 2820 3608; x_wconf 71' lang='lat'><strong>(30;</strong></span> <span class='ocrx_word' id='word_1_651' title='bbox 2873 3544 2997 3596; x_wconf 89' lang='lat' dir='ltr'><strong>licet</strong></span> <span class='ocrx_word' id='word_1_652' title='bbox 3028 3545 3233 3597; x_wconf 88' lang='lat' dir='ltr'><strong>varient</strong></span> <span class='ocrx_word' id='word_1_653' title='bbox 3264 3544 3402 3599; x_wconf 88' lang='lat' dir='ltr'><strong>inter</strong></span> <span class='ocrx_word' id='word_1_654' title='bbox 3448 3559 3509 3600; x_wconf 86' lang='lat' dir='ltr'><strong>se</strong></span> 
     </span>
    </p>
   </div>
   <div class='ocr_carea' id='block_1_81' title="bbox 1913 3624 3517 3704">
    <p class='ocr_par' dir='ltr' id='par_1_81' title="bbox 1913 3624 3517 3704">
     <span class='ocr_line' id='line_1_81' title="bbox 1913 3624 3517 3704; baseline 0.002 -18"><span class='ocrx_word' id='word_1_655' title='bbox 1913 3632 2059 3686; x_wconf 90' lang='lat' dir='ltr'><strong>circa</strong></span> <span class='ocrx_word' id='word_1_656' title='bbox 2089 3632 2304 3687; x_wconf 89' lang='lat' dir='ltr'><strong>modum</strong></span> <span class='ocrx_word' id='word_1_657' title='bbox 2331 3647 2438 3702; x_wconf 91' lang='lat' dir='ltr'><strong>quo</strong></span> <span class='ocrx_word' id='word_1_658' title='bbox 2460 3641 2737 3702; x_wconf 84' lang='lat' dir='ltr'><strong>peccatum</strong></span> <span class='ocrx_word' id='word_1_659' title='bbox 2764 3634 3025 3701; x_wconf 84' lang='lat' dir='ltr'><strong>originale</strong></span> <span class='ocrx_word' id='word_1_660' title='bbox 3048 3635 3115 3688; x_wconf 87' lang='lat' dir='ltr'><strong>sit</strong></span> <span class='ocrx_word' id='word_1_661' title='bbox 3144 3649 3305 3688; x_wconf 87' lang='lat' dir='ltr'><strong>causa</strong></span> <span class='ocrx_word' id='word_1_662' title='bbox 3332 3624 3517 3704; x_wconf 82' lang='lat' dir='ltr'><strong>repro-</strong></span> 
     </span>
    </p>
   </div>
   <div class='ocr_carea' id='block_1_82' title="bbox 1864 3716 3518 3796">
    <p class='ocr_par' dir='ltr' id='par_1_82' title="bbox 1864 3716 3518 3796">
     <span class='ocr_line' id='line_1_82' title="bbox 1864 3716 3518 3796; baseline 0.002 -20"><span class='ocrx_word' id='word_1_663' title='bbox 1864 3716 1875 3720; x_wconf 79' lang='grc'><em>’</em></span> <span class='ocrx_word' id='word_1_664' title='bbox 1913 3721 2145 3776; x_wconf 88' lang='lat' dir='ltr'><strong>bationis</strong></span> <span class='ocrx_word' id='word_1_665' title='bbox 2174 3740 2186 3775; x_wconf 88' lang='lat'><strong>:</strong></span> <span class='ocrx_word' id='word_1_666' title='bbox 2212 3722 2297 3776; x_wconf 93' lang='lat' dir='ltr'><strong>hic</strong></span> <span class='ocrx_word' id='word_1_667' title='bbox 2318 3724 2459 3776; x_wconf 90' lang='lat' dir='ltr'><strong>enim</strong></span> <span class='ocrx_word' id='word_1_668' title='bbox 2483 3724 2611 3777; x_wconf 89' lang='lat' dir='ltr'><strong>dicit</strong></span> <span class='ocrx_word' id='word_1_669' title='bbox 2633 3738 2750 3781; x_wconf 89' lang='lat' dir='ltr'><strong>esse</strong></span> <span class='ocrx_word' id='word_1_670' title='bbox 2777 3733 3050 3794; x_wconf 81' lang='lat' dir='ltr'><strong>peccatum</strong></span> <span class='ocrx_word' id='word_1_671' title='bbox 3078 3724 3335 3794; x_wconf 86' lang='lat' dir='ltr'><strong>originale</strong></span> <span class='ocrx_word' id='word_1_672' title='bbox 3358 3735 3518 3796; x_wconf 91' lang='lat' dir='ltr'><strong>prout</strong></span> 
     </span>
    </p>
   </div>
   <div class='ocr_carea' id='block_1_83' title="bbox 1917 3813 3519 3885">
    <p class='ocr_par' dir='ltr' id='par_1_83' title="bbox 1917 3813 3519 3885">
     <span class='ocr_line' id='line_1_83' title="bbox 1917 3813 3519 3885; baseline 0.001 -17"><span class='ocrx_word' id='word_1_673' title='bbox 1917 3822 2003 3869; x_wconf 87' lang='lat' dir='ltr'><strong>est</strong></span> <span class='ocrx_word' id='word_1_674' title='bbox 2047 3815 2098 3868; x_wconf 91' lang='lat' dir='ltr'><strong>in</strong></span> <span class='ocrx_word' id='word_1_675' title='bbox 2150 3815 2322 3885; x_wconf 89' lang='lat' dir='ltr'><strong>primo</strong></span> <span class='ocrx_word' id='word_1_676' title='bbox 2354 3825 2595 3884; x_wconf 53' lang='lat' dir='ltr'><strong>parente,</strong></span> <span class='ocrx_word' id='word_1_677' title='bbox 2627 3830 2732 3882; x_wconf 78' lang='lat' dir='ltr'><strong>quo</strong></span> <span class='ocrx_word' id='word_1_678' title='bbox 2762 3814 2944 3884; x_wconf 68' lang='lat' dir='ltr'><strong>gratiae</strong></span> <span class='ocrx_word' id='word_1_679' title='bbox 2983 3828 3232 3884; x_wconf 82' lang='lat' dir='ltr'><strong>congruae</strong></span> <span class='ocrx_word' id='word_1_680' title='bbox 3277 3813 3519 3884; x_wconf 84' lang='lat' dir='ltr'><strong>negatio-</strong></span> 
     </span>
    </p>
   </div>
   <div class='ocr_carea' id='block_1_84' title="bbox 1916 3907 3516 3979">
    <p class='ocr_par' dir='ltr' id='par_1_84' title="bbox 1916 3907 3516 3979">
     <span class='ocr_line' id='line_1_84' title="bbox 1916 3907 3516 3979; baseline -0.001 -15"><span class='ocrx_word' id='word_1_681' title='bbox 1916 3925 2039 3964; x_wconf 82' lang='lat' dir='ltr'><strong>nem</strong></span> <span class='ocrx_word' id='word_1_682' title='bbox 2073 3910 2356 3979; x_wconf 82' lang='lat' dir='ltr'><strong>nepotibus</strong></span> <span class='ocrx_word' id='word_1_683' title='bbox 2388 3908 2613 3974; x_wconf 86' lang='lat' dir='ltr'><strong>meruit;</strong></span> <span class='ocrx_word' id='word_1_684' title='bbox 2645 3907 2735 3963; x_wconf 89' lang='lat' dir='ltr'><strong>ille</strong></span> <span class='ocrx_word' id='word_1_685' title='bbox 2770 3922 2898 3963; x_wconf 86' lang='lat' dir='ltr'><strong>vero</strong></span> <span class='ocrx_word' id='word_1_686' title='bbox 2932 3922 3049 3962; x_wconf 88' lang='lat' dir='ltr'><strong>eam</strong></span> <span class='ocrx_word' id='word_1_687' title='bbox 3083 3910 3185 3960; x_wconf 90' lang='lat' dir='ltr'><strong>vim</strong></span> <span class='ocrx_word' id='word_1_688' title='bbox 3219 3908 3516 3963; x_wconf 64' lang='lat' dir='ltr'><strong>detneritoo</strong></span> 
     </span>
    </p>
   </div>
   <div class='ocr_carea' id='block_1_85' title="bbox 1919 4000 3518 4072">
    <p class='ocr_par' dir='ltr' id='par_1_85' title="bbox 1919 4000 3518 4072">
     <span class='ocr_line' id='line_1_85' title="bbox 1919 4000 3518 4072; baseline 0.001 -17"><span class='ocrx_word' id='word_1_689' title='bbox 1919 4004 2054 4056; x_wconf 87' lang='lat' dir='ltr'><strong>riam</strong></span> <span class='ocrx_word' id='word_1_690' title='bbox 2089 4002 2301 4071; x_wconf 85' lang='lat' dir='ltr'><strong>ipsimet</strong></span> <span class='ocrx_word' id='word_1_691' title='bbox 2332 4009 2550 4070; x_wconf 82' lang='lat' dir='ltr'><strong>peccato</strong></span> <span class='ocrx_word' id='word_1_692' title='bbox 2590 4000 2862 4069; x_wconf 87' lang='lat' dir='ltr'><strong>originali,</strong></span> <span class='ocrx_word' id='word_1_693' title='bbox 2898 4010 3052 4072; x_wconf 89' lang='lat' dir='ltr'><strong>prout</strong></span> <span class='ocrx_word' id='word_1_694' title='bbox 3082 4000 3249 4056; x_wconf 84' lang='lat' dir='ltr'><strong>inﬁcit</strong></span> <span class='ocrx_word' id='word_1_695' title='bbox 3278 4000 3518 4070; x_wconf 90' lang='lat' dir='ltr'><strong>singulos</strong></span> 
     </span>
    </p>
   </div>
   <div class='ocr_carea' id='block_1_86' title="bbox 1918 4091 3519 4164">
    <p class='ocr_par' dir='ltr' id='par_1_86' title="bbox 1918 4091 3519 4164">
     <span class='ocr_line' id='line_1_86' title="bbox 1918 4091 3519 4164; baseline -0.001 -17"><span class='ocrx_word' id='word_1_696' title='bbox 1918 4108 2189 4164; x_wconf 84' lang='lat' dir='ltr'><strong>quosque,</strong></span> <span class='ocrx_word' id='word_1_697' title='bbox 2242 4093 2415 4147; x_wconf 84' lang='lat' dir='ltr'><strong>inesse</strong></span> <span class='ocrx_word' id='word_1_698' title='bbox 2485 4092 2793 4146; x_wconf 82' lang='lat' dir='ltr'><strong>arbitratur.</strong></span> <span class='ocrx_word' id='word_1_699' title='bbox 2848 4091 3035 4146; x_wconf 84' lang='lat' dir='ltr'><strong>Melius</strong></span> <span class='ocrx_word' id='word_1_700' title='bbox 3086 4091 3314 4146; x_wconf 87' lang='lat' dir='ltr'><strong>Didacus</strong></span> <span class='ocrx_word' id='word_1_701' title='bbox 3363 4091 3519 4161; x_wconf 80' lang='lat' dir='ltr'><strong>Ruiz,</strong></span> 
     </span>
    </p>
   </div>
   <div class='ocr_carea' id='block_1_87' title="bbox 1920 4174 3521 4257">
    <p class='ocr_par' dir='ltr' id='par_1_87' title="bbox 1920 4174 3521 4257">
     <span class='ocr_line' id='line_1_87' title="bbox 1920 4174 3521 4257; baseline 0.003 -18"><span class='ocrx_word' id='word_1_702' title='bbox 1920 4189 2284 4242; x_wconf 87' lang='lat' dir='ltr'><strong>recentiorum</strong></span> <span class='ocrx_word' id='word_1_703' title='bbox 2313 4186 2730 4251; x_wconf 90' lang='lat' dir='ltr'><strong>eruditissimus,</strong></span> <span class='ocrx_word' id='word_1_704' title='bbox 2762 4184 2813 4239; x_wconf 92' lang='lat' dir='ltr'><strong>id</strong></span> <span class='ocrx_word' id='word_1_705' title='bbox 2848 4187 3016 4255; x_wconf 89' lang='lat' dir='ltr'><strong>ipsum</strong></span> <span class='ocrx_word' id='word_1_706' title='bbox 3062 4186 3298 4257; x_wconf 85' lang='lat' dir='ltr'><strong>explicat</strong></span> <span class='ocrx_word' id='word_1_707' title='bbox 3324 4201 3386 4243; x_wconf 82' lang='lat' dir='ltr'><strong>ac</strong></span> <span class='ocrx_word' id='word_1_708' title='bbox 3415 4174 3521 4244; x_wconf 83' lang='lat' dir='ltr'><strong>late</strong></span> 
     </span>
    </p>
   </div>
   <div class='ocr_carea' id='block_1_88' title="bbox 1923 4274 3510 4347">
    <p class='ocr_par' dir='ltr' id='par_1_88' title="bbox 1923 4274 3510 4347">
     <span class='ocr_line' id='line_1_88' title="bbox 1923 4274 3510 4347; baseline -0.002 -13"><span class='ocrx_word' id='word_1_709' title='bbox 1923 4278 2168 4334; x_wconf 87' lang='lat' dir='ltr'><strong>defendit</strong></span> <span class='ocrx_word' id='word_1_710' title='bbox 2191 4277 2382 4346; x_wconf 89' lang='lat' dir='ltr'><strong>disput.</strong></span> <span class='ocrx_word' id='word_1_711' title='bbox 2416 4274 2483 4330; x_wconf 74' lang='lat' dir='ltr'><strong>M</strong></span> <span class='ocrx_word' id='word_1_712' title='bbox 2503 4275 2567 4330; x_wconf 89' lang='lat' dir='ltr'><strong>de</strong></span> <span class='ocrx_word' id='word_1_713' title='bbox 2586 4274 3085 4341; x_wconf 73' lang='lat' dir='ltr'><strong>Przcdestinatione,</strong></span> <span class='ocrx_word' id='word_1_714' title='bbox 3112 4284 3245 4331; x_wconf 90' lang='lat' dir='ltr'><strong>sect.</strong></span> <span class='ocrx_word' id='word_1_715' title='bbox 3274 4278 3308 4331; x_wconf 75' lang='grc'><strong>4</strong></span> <span class='ocrx_word' id='word_1_716' title='bbox 3329 4285 3381 4331; x_wconf 90' lang='lat' dir='ltr'><strong>et</strong></span> <span class='ocrx_word' id='word_1_717' title='bbox 3396 4292 3510 4347; x_wconf 91' lang='lat' dir='ltr'><strong>seq.</strong></span> 
     </span>
    </p>
   </div>
   <div class='ocr_carea' id='block_1_89' title="bbox 1871 4366 3521 4453">
    <p class='ocr_par' dir='ltr' id='par_1_89' title="bbox 1871 4366 3521 4453">
     <span class='ocr_line' id='line_1_89' title="bbox 1871 4366 3521 4453; baseline -0.002 -28"><span class='ocrx_word' id='word_1_718' title='bbox 1871 4444 1879 4453; x_wconf 36' lang='grc' dir='ltr'><strong><em>Ι</em></strong></span> <span class='ocrx_word' id='word_1_719' title='bbox 1920 4368 2027 4425; x_wconf 88' lang='lat' dir='ltr'><strong>Sed</strong></span> <span class='ocrx_word' id='word_1_720' title='bbox 2059 4368 2123 4423; x_wconf 89' lang='lat' dir='ltr'><strong>ad</strong></span> <span class='ocrx_word' id='word_1_721' title='bbox 2159 4367 2511 4438; x_wconf 89' lang='lat' dir='ltr'><strong>objectionem</strong></span> <span class='ocrx_word' id='word_1_722' title='bbox 2556 4366 2745 4420; x_wconf 83' lang='lat' dir='ltr'><strong>Adami</strong></span> <span class='ocrx_word' id='word_1_723' title='bbox 2777 4367 3137 4436; x_wconf 89' lang='lat' dir='ltr'><strong>repellendam</strong></span> <span class='ocrx_word' id='word_1_724' title='bbox 3170 4366 3398 4420; x_wconf 87' lang='lat' dir='ltr'><strong>referam</strong></span> <span class='ocrx_word' id='word_1_725' title='bbox 3428 4367 3521 4423; x_wconf 88' lang='lat' dir='ltr'><strong>de-</strong></span> 
     </span>
    </p>
   </div>
   <div class='ocr_carea' id='block_1_90' title="bbox 1922 4458 3513 4529">
    <p class='ocr_par' dir='ltr' id='par_1_90' title="bbox 1922 4458 3513 4529">
     <span class='ocr_line' id='line_1_90' title="bbox 1922 4458 3513 4529; baseline 0 -16"><span class='ocrx_word' id='word_1_726' title='bbox 1922 4471 2129 4514; x_wconf 87' lang='lat' dir='ltr'><strong>cretmn</strong></span> <span class='ocrx_word' id='word_1_727' title='bbox 2156 4476 2260 4529; x_wconf 88' lang='lat' dir='ltr'><strong>quo</strong></span> <span class='ocrx_word' id='word_1_728' title='bbox 2292 4458 2573 4528; x_wconf 86' lang='lat' dir='ltr'><strong>Augustini</strong></span> <span class='ocrx_word' id='word_1_729' title='bbox 2602 4460 2921 4512; x_wconf 81' lang='lat' dir='ltr'><strong>sententiam</strong></span> <span class='ocrx_word' id='word_1_730' title='bbox 2946 4459 3013 4513; x_wconf 91' lang='lat' dir='ltr'><strong>de</strong></span> <span class='ocrx_word' id='word_1_731' title='bbox 3044 4458 3417 4529; x_wconf 89' lang='lat' dir='ltr'><strong>reprobatione</strong></span> <span class='ocrx_word' id='word_1_732' title='bbox 3447 4474 3513 4513; x_wconf 81' lang='lat' dir='ltr'><strong>ex</strong></span> 
     </span>
    </p>
   </div>
   <div class='ocr_carea' id='block_1_91' title="bbox 229 4546 3519 4632">
    <p class='ocr_par' dir='ltr' id='par_1_91' title="bbox 229 4546 3519 4632">
     <span class='ocr_line' id='line_1_91' title="bbox 229 4546 3519 4632; baseline -0.005 -16"><span class='ocrx_word' id='word_1_733' title='bbox 229 4572 347 4616; x_wconf 88' lang='lat' dir='ltr'><strong>runt</strong></span> <span class='ocrx_word' id='word_1_734' title='bbox 376 4562 609 4632; x_wconf 90' lang='lat' dir='ltr'><strong>ipsorum</strong></span> <span class='ocrx_word' id='word_1_735' title='bbox 646 4571 883 4630; x_wconf 88' lang='lat' dir='ltr'><strong>peccata.</strong></span> <span class='ocrx_word' id='word_1_736' title='bbox 924 4579 943 4612; x_wconf 85' lang='grc'><strong>›</strong></span> <span class='ocrx_word' id='word_1_737' title='bbox 984 4560 1123 4630; x_wconf 86' lang='lat' dir='ltr'><strong>Ergo</strong></span> <span class='ocrx_word' id='word_1_738' title='bbox 1167 4557 1379 4611; x_wconf 88' lang='lat' dir='ltr'><strong>Calvini</strong></span> <span class='ocrx_word' id='word_1_739' title='bbox 1429 4557 1689 4612; x_wconf 80' lang='lat' dir='ltr'><strong>sententia</strong></span> <span class='ocrx_word' id='word_1_740' title='bbox 1730 4564 1813 4610; x_wconf 85' lang='lat' dir='ltr'><strong>est</strong></span> <span class='ocrx_word' id='word_1_741' title='bbox 1839 4551 1889 4609; x_wconf 89' lang='lat' dir='ltr'><strong>D</strong></span> <span class='ocrx_word' id='word_1_742' title='bbox 1918 4561 2137 4621; x_wconf 89' lang='lat' dir='ltr'><strong>peccato</strong></span> <span class='ocrx_word' id='word_1_743' title='bbox 2166 4548 2410 4621; x_wconf 86' lang='lat' dir='ltr'><strong>originali</strong></span> <span class='ocrx_word' id='word_1_744' title='bbox 2439 4560 2609 4605; x_wconf 89' lang='lat' dir='ltr'><strong>ortam</strong></span> <span class='ocrx_word' id='word_1_745' title='bbox 2659 4550 2891 4621; x_wconf 91' lang='lat' dir='ltr'><strong>theologi</strong></span> <span class='ocrx_word' id='word_1_746' title='bbox 2925 4548 3199 4603; x_wconf 89' lang='lat' dir='ltr'><strong>societatis</strong></span> <span class='ocrx_word' id='word_1_747' title='bbox 3230 4546 3519 4625; x_wconf 84' lang='lat' dir='ltr'><strong>defendere</strong></span> 
     </span>
    </p>
   </div>
   <div class='ocr_carea' id='block_1_92' title="bbox 234 4650 1812 4717">
    <p class='ocr_par' dir='ltr' id='par_1_92' title="bbox 234 4650 1812 4717">
     <span class='ocr_line' id='line_1_92' title="bbox 234 4650 1812 4717; baseline -0.004 -10"><span class='ocrx_word' id='word_1_748' title='bbox 234 4653 391 4708; x_wconf 82' lang='lat' dir='ltr'><strong>Dcttm</strong></span> <span class='ocrx_word' id='word_1_749' title='bbox 434 4668 532 4707; x_wconf 91' lang='lat' dir='ltr'><strong>suo</strong></span> <span class='ocrx_word' id='word_1_750' title='bbox 580 4652 895 4707; x_wconf 89' lang='lat' dir='ltr'><strong>immutabili</strong></span> <span class='ocrx_word' id='word_1_751' title='bbox 936 4651 1155 4706; x_wconf 88' lang='lat' dir='ltr'><strong>decreto</strong></span> <span class='ocrx_word' id='word_1_752' title='bbox 1200 4650 1446 4703; x_wconf 90' lang='lat' dir='ltr'><strong>homines</strong></span> <span class='ocrx_word' id='word_1_753' title='bbox 1494 4650 1544 4702; x_wconf 93' lang='lat' dir='ltr'><strong>in</strong></span> <span class='ocrx_word' id='word_1_754' title='bbox 1594 4657 1812 4717; x_wconf 86' lang='lat' dir='ltr'><strong>peccata</strong></span> 
     </span>
    </p>
   </div>
   <div class='ocr_carea' id='block_1_93' title="bbox 237 4738 1813 4814">
    <p class='ocr_par' dir='ltr' id='par_1_93' title="bbox 237 4738 1813 4814">
     <span class='ocr_line' id='line_1_93' title="bbox 237 4738 1813 4814; baseline -0.004 -15"><span class='ocrx_word' id='word_1_755' title='bbox 237 4746 543 4814; x_wconf 81' lang='lat' dir='ltr'><strong>impellere;</strong></span> <span class='ocrx_word' id='word_1_756' title='bbox 577 4745 719 4800; x_wconf 88' lang='lat' dir='ltr'><strong>unde</strong></span> <span class='ocrx_word' id='word_1_757' title='bbox 751 4744 1056 4814; x_wconf 87' lang='lat' dir='ltr'><strong>reprobatio</strong></span> <span class='ocrx_word' id='word_1_758' title='bbox 1093 4743 1188 4796; x_wconf 89' lang='lat' dir='ltr'><strong>Dei</strong></span> <span class='ocrx_word' id='word_1_759' title='bbox 1231 4741 1506 4797; x_wconf 85' lang='lat' dir='ltr'><strong>antecedit</strong></span> <span class='ocrx_word' id='word_1_760' title='bbox 1536 4738 1813 4809; x_wconf 69' lang='lat' dir='ltr'><strong>prmvisio-</strong></span> 
     </span>
    </p>
   </div>
   <div class='ocr_carea' id='block_1_94' title="bbox 236 4833 1813 4909">
    <p class='ocr_par' dir='ltr' id='par_1_94' title="bbox 236 4833 1813 4909">
     <span class='ocr_line' id='line_1_94' title="bbox 236 4833 1813 4909; baseline -0.003 -18"><span class='ocrx_word' id='word_1_761' title='bbox 236 4854 345 4891; x_wconf 90' lang='lat' dir='ltr'><strong>nem</strong></span> <span class='ocrx_word' id='word_1_762' title='bbox 384 4846 743 4907; x_wconf 88' lang='lat' dir='ltr'><strong>peccatorum,</strong></span> <span class='ocrx_word' id='word_1_763' title='bbox 780 4853 920 4909; x_wconf 87' lang='lat' dir='ltr'><strong>quae,</strong></span> <span class='ocrx_word' id='word_1_764' title='bbox 949 4845 1008 4892; x_wconf 88' lang='lat' dir='ltr'><strong>ut</strong></span> <span class='ocrx_word' id='word_1_765' title='bbox 1042 4837 1210 4901; x_wconf 91' lang='lat' dir='ltr'><strong>aiunt,</strong></span> <span class='ocrx_word' id='word_1_766' title='bbox 1241 4845 1363 4889; x_wconf 88' lang='lat' dir='ltr'><strong>sunt</strong></span> <span class='ocrx_word' id='word_1_767' title='bbox 1395 4834 1616 4888; x_wconf 74' lang='lat' dir='ltr'><strong>effectus</strong></span> <span class='ocrx_word' id='word_1_768' title='bbox 1647 4833 1813 4902; x_wconf 88' lang='lat' dir='ltr'><strong>ipsius</strong></span> 
     </span>
    </p>
   </div>
   <div class='ocr_carea' id='block_1_95' title="bbox 237 4923 1813 4997">
    <p class='ocr_par' dir='ltr' id='par_1_95' title="bbox 237 4923 1813 4997">
     <span class='ocr_line' id='line_1_95' title="bbox 237 4923 1813 4997; baseline -0.003 -16"><span class='ocrx_word' id='word_1_769' title='bbox 237 4928 647 4995; x_wconf 80' lang='lat' dir='ltr'><strong>reprobationis.</strong></span> <span class='ocrx_word' id='word_1_770' title='bbox 678 4926 785 4982; x_wconf 91' lang='lat' dir='ltr'><strong>Sed</strong></span> <span class='ocrx_word' id='word_1_771' title='bbox 817 4927 942 4997; x_wconf 86' lang='lat' dir='ltr'><strong>quid</strong></span> <span class='ocrx_word' id='word_1_772' title='bbox 976 4925 1218 4995; x_wconf 90' lang='lat' dir='ltr'><strong>pluribus</strong></span> <span class='ocrx_word' id='word_1_773' title='bbox 1245 4939 1375 4994; x_wconf 86' lang='lat' dir='ltr'><strong>ago,</strong></span> <span class='ocrx_word' id='word_1_774' title='bbox 1408 4926 1557 4994; x_wconf 86' lang='lat' dir='ltr'><strong>quasi</strong></span> <span class='ocrx_word' id='word_1_775' title='bbox 1610 4923 1813 4977; x_wconf 75' lang='lat' dir='ltr'><strong>Calvini</strong></span> 
     </span>
    </p>
   </div>
   <div class='ocr_carea' id='block_1_96' title="bbox 237 5016 1807 5088">
    <p class='ocr_par' dir='ltr' id='par_1_96' title="bbox 237 5016 1807 5088">
     <span class='ocr_line' id='line_1_96' title="bbox 237 5016 1807 5088; baseline 0 -17"><span class='ocrx_word' id='word_1_776' title='bbox 237 5019 406 5088; x_wconf 81' lang='lat' dir='ltr'><strong>Opinio</strong></span> <span class='ocrx_word' id='word_1_777' title='bbox 434 5019 682 5074; x_wconf 86' lang='lat' dir='ltr'><strong>omnibus</strong></span> <span class='ocrx_word' id='word_1_778' title='bbox 710 5029 833 5072; x_wconf 89' lang='lat' dir='ltr'><strong>nota</strong></span> <span class='ocrx_word' id='word_1_779' title='bbox 865 5033 970 5072; x_wconf 91' lang='lat' dir='ltr'><strong>non</strong></span> <span class='ocrx_word' id='word_1_780' title='bbox 998 5018 1085 5083; x_wconf 92' lang='lat' dir='ltr'><strong>sit,</strong></span> <span class='ocrx_word' id='word_1_781' title='bbox 1114 5033 1234 5071; x_wconf 91' lang='lat' dir='ltr'><strong>cum</strong></span> <span class='ocrx_word' id='word_1_782' title='bbox 1264 5016 1518 5071; x_wconf 90' lang='lat' dir='ltr'><strong>idemmet</strong></span> <span class='ocrx_word' id='word_1_783' title='bbox 1550 5016 1807 5083; x_wconf 82' lang='lat' dir='ltr'><strong>Adamus,</strong></span> 
     </span>
    </p>
   </div>
   <div class='ocr_carea' id='block_1_97' title="bbox 236 5107 1813 5182">
    <p class='ocr_par' dir='ltr' id='par_1_97' title="bbox 236 5107 1813 5182">
     <span class='ocr_line' id='line_1_97' title="bbox 236 5107 1813 5182; baseline -0.002 -18"><span class='ocrx_word' id='word_1_784' title='bbox 236 5126 345 5182; x_wconf 53' lang='lat' dir='ltr'><strong>etp.</strong></span> <span class='ocrx_word' id='word_1_785' title='bbox 381 5107 467 5175; x_wconf 75' lang='lat' dir='ltr'><strong>M,</strong></span> <span class='ocrx_word' id='word_1_786' title='bbox 500 5124 618 5181; x_wconf 85' lang='lat' dir='ltr'><strong>pag.</strong></span> <span class='ocrx_word' id='word_1_787' title='bbox 651 5108 779 5175; x_wconf 75' lang='lat'><strong>725,</strong></span> <span class='ocrx_word' id='word_1_788' title='bbox 803 5117 985 5179; x_wconf 89' lang='lat' dir='ltr'><strong>aperte</strong></span> <span class='ocrx_word' id='word_1_789' title='bbox 1016 5109 1066 5162; x_wconf 92' lang='lat' dir='ltr'><strong>id</strong></span> <span class='ocrx_word' id='word_1_790' title='bbox 1097 5108 1347 5169; x_wconf 88' lang='lat' dir='ltr'><strong>fateatur,</strong></span> <span class='ocrx_word' id='word_1_791' title='bbox 1372 5107 1611 5161; x_wconf 88' lang='lat' dir='ltr'><strong>scribens</strong></span> <span class='ocrx_word' id='word_1_792' title='bbox 1641 5107 1813 5161; x_wconf 87' lang='lat' dir='ltr'><strong>Calvi-</strong></span> 
     </span>
    </p>
   </div>
   <div class='ocr_carea' id='block_1_98' title="bbox 184 5200 1812 5272">
    <p class='ocr_par' dir='ltr' id='par_1_98' title="bbox 184 5200 1812 5272">
     <span class='ocr_line' id='line_1_98' title="bbox 184 5200 1812 5272; baseline -0.004 -13"><span class='ocrx_word' id='word_1_793' title='bbox 184 5204 187 5205; x_wconf 57' lang='grc'><strong><em>⁷</em></strong></span> <span class='ocrx_word' id='word_1_794' title='bbox 237 5220 352 5259; x_wconf 91' lang='lat' dir='ltr'><strong>num</strong></span> <span class='ocrx_word' id='word_1_795' title='bbox 404 5204 583 5259; x_wconf 85' lang='lat' dir='ltr'><strong>dicere</strong></span> <span class='ocrx_word' id='word_1_796' title='bbox 637 5222 655 5256; x_wconf 72' lang='grc' dir='ltr'>ι</span> <span class='ocrx_word' id='word_1_797' title='bbox 708 5203 874 5258; x_wconf 90' lang='lat' dir='ltr'><strong>Deum</strong></span> <span class='ocrx_word' id='word_1_798' title='bbox 916 5200 1238 5255; x_wconf 86' lang='lat' dir='ltr'><strong>subtrahere</strong></span> <span class='ocrx_word' id='word_1_799' title='bbox 1272 5201 1451 5255; x_wconf 91' lang='lat' dir='ltr'><strong>lumen</strong></span> <span class='ocrx_word' id='word_1_800' title='bbox 1497 5208 1549 5255; x_wconf 88' lang='lat' dir='ltr'><strong>et</strong></span> <span class='ocrx_word' id='word_1_801' title='bbox 1588 5200 1812 5272; x_wconf 89' lang='lat' dir='ltr'><strong>gratiam</strong></span> 
     </span>
    </p>
   </div>
   <div class='ocr_carea' id='block_1_99' title="bbox 238 5292 1815 5365">
    <p class='ocr_par' dir='ltr' id='par_1_99' title="bbox 238 5292 1815 5365">
     <span class='ocr_line' id='line_1_99' title="bbox 238 5292 1815 5365; baseline -0.002 -15"><span class='ocrx_word' id='word_1_802' title='bbox 238 5295 588 5351; x_wconf 87' lang='lat' dir='ltr'><strong>necessariam</strong></span> <span class='ocrx_word' id='word_1_803' title='bbox 618 5294 683 5349; x_wconf 89' lang='lat' dir='ltr'><strong>ad</strong></span> <span class='ocrx_word' id='word_1_804' title='bbox 716 5294 944 5349; x_wconf 88' lang='lat' dir='ltr'><strong>salutem</strong></span> <span class='ocrx_word' id='word_1_805' title='bbox 985 5292 1234 5348; x_wconf 91' lang='lat' dir='ltr'><strong>omnibus</strong></span> <span class='ocrx_word' id='word_1_806' title='bbox 1262 5292 1366 5347; x_wconf 89' lang='lat' dir='ltr'><strong>illis</strong></span> <span class='ocrx_word' id='word_1_807' title='bbox 1397 5308 1622 5365; x_wconf 91' lang='lat' dir='ltr'><strong>quorum</strong></span> <span class='ocrx_word' id='word_1_808' title='bbox 1666 5292 1815 5347; x_wconf 89' lang='lat' dir='ltr'><strong>dam-</strong></span> 
     </span>
    </p>
   </div>
   <div class='ocr_carea' id='block_1_100' title="bbox 237 5385 1818 5456">
    <p class='ocr_par' dir='ltr' id='par_1_100' title="bbox 237 5385 1818 5456">
     <span class='ocr_line' id='line_1_100' title="bbox 237 5385 1818 5456; baseline -0.003 -13"><span class='ocrx_word' id='word_1_809' title='bbox 237 5391 497 5445; x_wconf 89' lang='lat' dir='ltr'><strong>nationem</strong></span> <span class='ocrx_word' id='word_1_810' title='bbox 526 5388 768 5443; x_wconf 89' lang='lat' dir='ltr'><strong>decrevit</strong></span> <span class='ocrx_word' id='word_1_811' title='bbox 790 5397 913 5442; x_wconf 84' lang='lat' dir='ltr'><strong>ante</strong></span> <span class='ocrx_word' id='word_1_812' title='bbox 940 5386 1019 5441; x_wconf 85' lang='lat' dir='ltr'><strong>vel</strong></span> <span class='ocrx_word' id='word_1_813' title='bbox 1052 5394 1173 5455; x_wconf 89' lang='lat' dir='ltr'><strong>post</strong></span> <span class='ocrx_word' id='word_1_814' title='bbox 1194 5385 1453 5441; x_wconf 86' lang='lat' dir='ltr'><strong>visionem</strong></span> <span class='ocrx_word' id='word_1_815' title='bbox 1484 5386 1687 5456; x_wconf 87' lang='lat' dir='ltr'><strong>peccati</strong></span> <span class='ocrx_word' id='word_1_816' title='bbox 1715 5386 1818 5440; x_wconf 89' lang='lat' dir='ltr'><strong>ori-</strong></span> 
     </span>
    </p>
   </div>
   <div class='ocr_carea' id='block_1_101' title="bbox 237 5478 1816 5555">
    <p class='ocr_par' dir='ltr' id='par_1_101' title="bbox 237 5478 1816 5555">
     <span class='ocr_line' id='line_1_101' title="bbox 237 5478 1816 5555; baseline -0.002 -19"><span class='ocrx_word' id='word_1_817' title='bbox 237 5485 442 5555; x_wconf 82' lang='lat' dir='ltr'><strong>ginalis.</strong></span> <span class='ocrx_word' id='word_1_818' title='bbox 484 5502 501 5535; x_wconf 74' lang='grc' dir='ltr'><strong><em>ι</em></strong></span> <span class='ocrx_word' id='word_1_819' title='bbox 537 5480 728 5549; x_wconf 83' lang='lat' dir='ltr'><strong>Porro,</strong></span> <span class='ocrx_word' id='word_1_820' title='bbox 755 5482 799 5536; x_wconf 92' lang='lat' dir='ltr'><strong>si</strong></span> <span class='ocrx_word' id='word_1_821' title='bbox 829 5479 997 5535; x_wconf 89' lang='lat' dir='ltr'><strong>sancti</strong></span> <span class='ocrx_word' id='word_1_822' title='bbox 1028 5479 1306 5547; x_wconf 77' lang='lat' dir='ltr'><strong>Augustini</strong></span> <span class='ocrx_word' id='word_1_823' title='bbox 1346 5486 1401 5532; x_wconf 91' lang='lat' dir='ltr'><strong>et</strong></span> <span class='ocrx_word' id='word_1_824' title='bbox 1440 5478 1647 5533; x_wconf 84' lang='lat' dir='ltr'><strong>Calvini</strong></span> <span class='ocrx_word' id='word_1_825' title='bbox 1695 5493 1816 5533; x_wconf 84' lang='lat' dir='ltr'><strong>sen-</strong></span> 
     </span>
    </p>
   </div>
   <div class='ocr_carea' id='block_1_102' title="bbox 239 5567 1818 5641">
    <p class='ocr_par' dir='ltr' id='par_1_102' title="bbox 239 5567 1818 5641">
     <span class='ocr_line' id='line_1_102' title="bbox 239 5567 1818 5641; baseline -0.004 -11"><span class='ocrx_word' id='word_1_826' title='bbox 239 5576 410 5631; x_wconf 84' lang='lat' dir='ltr'><strong>tentiae</strong></span> <span class='ocrx_word' id='word_1_827' title='bbox 441 5574 855 5630; x_wconf 90' lang='lat' dir='ltr'><strong>contradictorie</strong></span> <span class='ocrx_word' id='word_1_828' title='bbox 883 5578 1246 5641; x_wconf 87' lang='lat' dir='ltr'><strong>opponuntur,</strong></span> <span class='ocrx_word' id='word_1_829' title='bbox 1269 5584 1374 5638; x_wconf 90' lang='lat' dir='ltr'><strong>quo</strong></span> <span class='ocrx_word' id='word_1_830' title='bbox 1403 5570 1612 5641; x_wconf 86' lang='lat' dir='ltr'><strong>longius</strong></span> <span class='ocrx_word' id='word_1_831' title='bbox 1632 5570 1699 5623; x_wconf 88' lang='lat' dir='ltr'><strong>ab</strong></span> <span class='ocrx_word' id='word_1_832' title='bbox 1724 5567 1818 5623; x_wconf 88' lang='lat' dir='ltr'><strong>illo</strong></span> 
     </span>
    </p>
   </div>
   <div class='ocr_carea' id='block_1_103' title="bbox 238 5661 1820 5737">
    <p class='ocr_par' dir='ltr' id='par_1_103' title="bbox 238 5661 1820 5737">
     <span class='ocr_line' id='line_1_103' title="bbox 238 5661 1820 5737; baseline -0.006 -14"><span class='ocrx_word' id='word_1_833' title='bbox 238 5667 440 5723; x_wconf 81' lang='lat' dir='ltr'><strong>Calvini</strong></span> <span class='ocrx_word' id='word_1_834' title='bbox 469 5681 677 5732; x_wconf 88' lang='lat' dir='ltr'><strong>errore,</strong></span> <span class='ocrx_word' id='word_1_835' title='bbox 708 5678 1078 5737; x_wconf 87' lang='lat' dir='ltr'><strong>quemcunque</strong></span> <span class='ocrx_word' id='word_1_836' title='bbox 1116 5662 1307 5732; x_wconf 83' lang='lat' dir='ltr'><strong>fingas,</strong></span> <span class='ocrx_word' id='word_1_837' title='bbox 1337 5661 1594 5718; x_wconf 84' lang='lat' dir='ltr'><strong>recedere</strong></span> <span class='ocrx_word' id='word_1_838' title='bbox 1630 5675 1820 5731; x_wconf 87' lang='lat' dir='ltr'><strong>possu-</strong></span> 
     </span>
    </p>
   </div>
   <div class='ocr_carea' id='block_1_104' title="bbox 243 5751 1821 5829">
    <p class='ocr_par' dir='ltr' id='par_1_104' title="bbox 243 5751 1821 5829">
     <span class='ocr_line' id='line_1_104' title="bbox 243 5751 1821 5829; baseline -0.004 -15"><span class='ocrx_word' id='word_1_839' title='bbox 243 5770 386 5825; x_wconf 73' lang='lat' dir='ltr'><strong>aius,</strong></span> <span class='ocrx_word' id='word_1_840' title='bbox 416 5772 574 5829; x_wconf 78' lang='lat' dir='ltr'><strong>quam</strong></span> <span class='ocrx_word' id='word_1_841' title='bbox 602 5756 908 5814; x_wconf 85' lang='lat' dir='ltr'><strong>accedendo</strong></span> <span class='ocrx_word' id='word_1_842' title='bbox 934 5755 998 5811; x_wconf 79' lang='lat' dir='ltr'><strong>ad</strong></span> <span class='ocrx_word' id='word_1_843' title='bbox 1032 5757 1355 5813; x_wconf 84' lang='lat' dir='ltr'><strong>sententiam</strong></span> <span class='ocrx_word' id='word_1_844' title='bbox 1387 5756 1555 5811; x_wconf 88' lang='lat' dir='ltr'><strong>sancti</strong></span> <span class='ocrx_word' id='word_1_845' title='bbox 1584 5751 1821 5809; x_wconf 89' lang='lat' dir='ltr'><strong>doctoris</strong></span> 
     </span>
    </p>
   </div>
   <div class='ocr_carea' id='block_1_105' title="bbox 1919 4622 3516 4712">
    <p class='ocr_par' dir='ltr' id='par_1_105' title="bbox 1919 4622 3516 4712">
     <span class='ocr_line' id='line_1_105' title="bbox 1919 4622 3516 4712; baseline -0.001 -16"><span class='ocrx_word' id='word_1_846' title='bbox 1919 4644 2058 4712; x_wconf 87' lang='lat' dir='ltr'><strong>jussi</strong></span> <span class='ocrx_word' id='word_1_847' title='bbox 2078 4651 2204 4707; x_wconf 90' lang='lat' dir='ltr'><strong>sunt</strong></span> <span class='ocrx_word' id='word_1_848' title='bbox 2224 4658 2252 4695; x_wconf 90' lang='lat' dir='ltr'><strong>a</strong></span> <span class='ocrx_word' id='word_1_849' title='bbox 2273 4641 2493 4696; x_wconf 82' lang='lat' dir='ltr'><strong>Claudio</strong></span> <span class='ocrx_word' id='word_1_850' title='bbox 2511 4642 2803 4709; x_wconf 85' lang='lat' dir='ltr'><strong>Aquaviva,</strong></span> <span class='ocrx_word' id='word_1_851' title='bbox 2828 4641 3077 4711; x_wconf 76' lang='lat' dir='ltr'><strong>pra-fecto</strong></span> <span class='ocrx_word' id='word_1_852' title='bbox 3097 4639 3255 4691; x_wconf 87' lang='lat' dir='ltr'><strong>totius</strong></span> <span class='ocrx_word' id='word_1_853' title='bbox 3280 4622 3516 4695; x_wconf 75' lang='lat' dir='ltr'><strong>familiar.</strong></span> 
     </span>
    </p>
   </div>
   <div class='ocr_carea' id='block_1_106' title="bbox 1925 4728 3518 4803">
    <p class='ocr_par' dir='ltr' id='par_1_106' title="bbox 1925 4728 3518 4803">
     <span class='ocr_line' id='line_1_106' title="bbox 1925 4728 3518 4803; baseline -0.003 -14"><span class='ocrx_word' id='word_1_854' title='bbox 1925 4734 2086 4801; x_wconf 88' lang='lat' dir='ltr'><strong>Olim,</strong></span> <span class='ocrx_word' id='word_1_855' title='bbox 2122 4748 2175 4787; x_wconf 87' lang='lat' dir='ltr'><strong>ut</strong></span> <span class='ocrx_word' id='word_1_856' title='bbox 2225 4734 2395 4803; x_wconf 80' lang='lat' dir='ltr'><strong>capite</strong></span> <span class='ocrx_word' id='word_1_857' title='bbox 2427 4734 2479 4799; x_wconf 84' lang='grc'><strong>5,</strong></span> <span class='ocrx_word' id='word_1_858' title='bbox 2523 4733 2549 4803; x_wconf 82' lang='lat'>§</span> <span class='ocrx_word' id='word_1_859' title='bbox 2582 4733 2637 4799; x_wconf 93' lang='lat'><strong>7,</strong></span> <span class='ocrx_word' id='word_1_860' title='bbox 2664 4732 2917 4797; x_wconf 79' lang='lat' dir='ltr'><strong>diximus,</strong></span> <span class='ocrx_word' id='word_1_861' title='bbox 2950 4728 3241 4796; x_wconf 89' lang='lat' dir='ltr'><strong>impressus</strong></span> <span class='ocrx_word' id='word_1_862' title='bbox 3271 4737 3355 4783; x_wconf 88' lang='lat' dir='ltr'><strong>est</strong></span> <span class='ocrx_word' id='word_1_863' title='bbox 3384 4728 3518 4785; x_wconf 88' lang='lat' dir='ltr'><strong>liber</strong></span> 
     </span>
    </p>
   </div>
   <div class='ocr_carea' id='block_1_107' title="bbox 1922 4820 3514 4890">
    <p class='ocr_par' dir='ltr' id='par_1_107' title="bbox 1922 4820 3514 4890">
     <span class='ocr_line' id='line_1_107' title="bbox 1922 4820 3514 4890; baseline -0.004 -7"><span class='ocrx_word' id='word_1_864' title='bbox 1922 4829 1992 4884; x_wconf 92' lang='lat' dir='ltr'><strong>de</strong></span> <span class='ocrx_word' id='word_1_865' title='bbox 2029 4828 2257 4882; x_wconf 76' lang='lat' dir='ltr'><strong>Ratione</strong></span> <span class='ocrx_word' id='word_1_866' title='bbox 2292 4828 2587 4883; x_wconf 88' lang='lat' dir='ltr'><strong>studiorum</strong></span> <span class='ocrx_word' id='word_1_867' title='bbox 2616 4824 2904 4887; x_wconf 86' lang='lat' dir='ltr'><strong>societatis,</strong></span> <span class='ocrx_word' id='word_1_868' title='bbox 2936 4821 3142 4885; x_wconf 79' lang='lat' dir='ltr'><strong>Romae,</strong></span> <span class='ocrx_word' id='word_1_869' title='bbox 3182 4835 3323 4875; x_wconf 89' lang='lat' dir='ltr'><strong>anno</strong></span> <span class='ocrx_word' id='word_1_870' title='bbox 3347 4820 3514 4890; x_wconf 80' lang='grc'><strong>1586,</strong></span> 
     </span>
    </p>
   </div>
   <div class='ocr_carea' id='block_1_108' title="bbox 1926 4913 3517 4995">
    <p class='ocr_par' dir='ltr' id='par_1_108' title="bbox 1926 4913 3517 4995">
     <span class='ocr_line' id='line_1_108' title="bbox 1926 4913 3517 4995; baseline -0.003 -20"><span class='ocrx_word' id='word_1_871' title='bbox 1926 4922 2191 4976; x_wconf 89' lang='lat' dir='ltr'><strong>universis</strong></span> <span class='ocrx_word' id='word_1_872' title='bbox 2240 4921 2564 4995; x_wconf 79' lang='lat' dir='ltr'><strong>prepositus,</strong></span> <span class='ocrx_word' id='word_1_873' title='bbox 2610 4927 2666 4971; x_wconf 93' lang='lat' dir='ltr'><strong>ut</strong></span> <span class='ocrx_word' id='word_1_874' title='bbox 2712 4914 2894 4984; x_wconf 89' lang='lat' dir='ltr'><strong>regula</strong></span> <span class='ocrx_word' id='word_1_875' title='bbox 2939 4923 2994 4968; x_wconf 87' lang='lat' dir='ltr'><strong>et</strong></span> <span class='ocrx_word' id='word_1_876' title='bbox 3034 4913 3277 4970; x_wconf 91' lang='lat' dir='ltr'><strong>discendi</strong></span> <span class='ocrx_word' id='word_1_877' title='bbox 3327 4924 3379 4973; x_wconf 90' lang='lat' dir='ltr'><strong>et</strong></span> <span class='ocrx_word' id='word_1_878' title='bbox 3422 4914 3517 4973; x_wconf 88' lang='lat' dir='ltr'><strong>do-</strong></span> 
     </span>
    </p>
   </div>
   <div class='ocr_carea' id='block_1_109' title="bbox 1925 5007 3519 5089">
    <p class='ocr_par' dir='ltr' id='par_1_109' title="bbox 1925 5007 3519 5089">
     <span class='ocr_line' id='line_1_109' title="bbox 1925 5007 3519 5089; baseline -0.002 -22"><span class='ocrx_word' id='word_1_879' title='bbox 1925 5014 2083 5067; x_wconf 91' lang='lat' dir='ltr'><strong>cendi</strong></span> <span class='ocrx_word' id='word_1_880' title='bbox 2116 5021 2237 5081; x_wconf 88' lang='lat' dir='ltr'><strong>post</strong></span> <span class='ocrx_word' id='word_1_881' title='bbox 2266 5025 2495 5064; x_wconf 88' lang='lat' dir='ltr'><strong>annuam</strong></span> <span class='ocrx_word' id='word_1_882' title='bbox 2534 5024 2632 5089; x_wconf 84' lang='lat' dir='ltr'><strong>sex</strong></span> <span class='ocrx_word' id='word_1_883' title='bbox 2665 5007 2949 5076; x_wconf 90' lang='lat' dir='ltr'><strong>insignium</strong></span> <span class='ocrx_word' id='word_1_884' title='bbox 2980 5007 3260 5064; x_wconf 88' lang='lat' dir='ltr'><strong>doctorum</strong></span> <span class='ocrx_word' id='word_1_885' title='bbox 3292 5012 3519 5066; x_wconf 89' lang='lat' dir='ltr'><strong>societa-</strong></span> 
     </span>
    </p>
   </div>
   <div class='ocr_carea' id='block_1_110' title="bbox 1925 5086 3511 5173">
    <p class='ocr_par' dir='ltr' id='par_1_110' title="bbox 1925 5086 3511 5173">
     <span class='ocr_line' id='line_1_110' title="bbox 1925 5086 3511 5173; baseline -0.004 -14"><span class='ocrx_word' id='word_1_886' title='bbox 1925 5106 1993 5159; x_wconf 88' lang='lat' dir='ltr'><strong>tis</strong></span> <span class='ocrx_word' id='word_1_887' title='bbox 2019 5102 2453 5173; x_wconf 88' lang='lat' dir='ltr'><strong>disputationem,</strong></span> <span class='ocrx_word' id='word_1_888' title='bbox 2479 5116 2541 5156; x_wconf 92' lang='lat' dir='ltr'><strong>ac</strong></span> <span class='ocrx_word' id='word_1_889' title='bbox 2566 5086 2937 5171; x_wconf 80' lang='lat' dir='ltr'><strong>longissimum</strong></span> <span class='ocrx_word' id='word_1_890' title='bbox 2957 5115 3202 5157; x_wconf 86' lang='lat' dir='ltr'><strong>examen.</strong></span> <span class='ocrx_word' id='word_1_891' title='bbox 3220 5103 3289 5157; x_wconf 89' lang='lat' dir='ltr'><strong>lbi</strong></span> <span class='ocrx_word' id='word_1_892' title='bbox 3314 5102 3511 5167; x_wconf 85' lang='lat' dir='ltr'><strong>autem,</strong></span> 
     </span>
    </p>
   </div>
   <div class='ocr_carea' id='block_1_111' title="bbox 1925 5192 3518 5266">
    <p class='ocr_par' dir='ltr' id='par_1_111' title="bbox 1925 5192 3518 5266">
     <span class='ocr_line' id='line_1_111' title="bbox 1925 5192 3518 5266; baseline -0.003 -14"><span class='ocrx_word' id='word_1_893' title='bbox 1925 5199 1979 5253; x_wconf 94' lang='lat' dir='ltr'><strong>in</strong></span> <span class='ocrx_word' id='word_1_894' title='bbox 2003 5197 2156 5252; x_wconf 89' lang='lat' dir='ltr'><strong>titulo</strong></span> <span class='ocrx_word' id='word_1_895' title='bbox 2180 5196 2247 5250; x_wconf 91' lang='lat' dir='ltr'><strong>de</strong></span> <span class='ocrx_word' id='word_1_896' title='bbox 2267 5194 2574 5264; x_wconf 81' lang='lat' dir='ltr'><strong>Opinionum</strong></span> <span class='ocrx_word' id='word_1_897' title='bbox 2597 5192 2828 5259; x_wconf 89' lang='lat' dir='ltr'><strong>delectu,</strong></span> <span class='ocrx_word' id='word_1_898' title='bbox 2856 5196 3037 5265; x_wconf 85' lang='lat' dir='ltr'><strong>regula</strong></span> <span class='ocrx_word' id='word_1_899' title='bbox 3059 5194 3113 5265; x_wconf 88' lang='lat'><strong>6,</strong></span> <span class='ocrx_word' id='word_1_900' title='bbox 3140 5210 3259 5266; x_wconf 86' lang='lat' dir='ltr'><strong>pag.</strong></span> <span class='ocrx_word' id='word_1_901' title='bbox 3288 5193 3375 5256; x_wconf 77' lang='grc'><strong>14,</strong></span> <span class='ocrx_word' id='word_1_902' title='bbox 3398 5210 3518 5261; x_wconf 89' lang='lat' dir='ltr'><strong>pro-</strong></span> 
     </span>
    </p>
   </div>
   <div class='ocr_carea' id='block_1_112' title="bbox 1925 5286 3518 5361">
    <p class='ocr_par' dir='ltr' id='par_1_112' title="bbox 1925 5286 3518 5361">
     <span class='ocr_line' id='line_1_112' title="bbox 1925 5286 3518 5361; baseline -0.003 -18"><span class='ocrx_word' id='word_1_903' title='bbox 1925 5291 2142 5361; x_wconf 90' lang='lat' dir='ltr'><strong>ponitur</strong></span> <span class='ocrx_word' id='word_1_904' title='bbox 2174 5295 2228 5343; x_wconf 90' lang='lat' dir='ltr'><strong>et</strong></span> <span class='ocrx_word' id='word_1_905' title='bbox 2258 5287 2469 5356; x_wconf 81' lang='lat' dir='ltr'><strong>cligitur</strong></span> <span class='ocrx_word' id='word_1_906' title='bbox 2516 5286 2819 5340; x_wconf 87' lang='lat' dir='ltr'><strong>definienda</strong></span> <span class='ocrx_word' id='word_1_907' title='bbox 2865 5296 2917 5341; x_wconf 93' lang='lat' dir='ltr'><strong>et</strong></span> <span class='ocrx_word' id='word_1_908' title='bbox 2948 5287 3203 5341; x_wconf 89' lang='lat' dir='ltr'><strong>tradenda</strong></span> <span class='ocrx_word' id='word_1_909' title='bbox 3255 5286 3518 5339; x_wconf 83' lang='lat' dir='ltr'><strong>universae</strong></span> 
     </span>
    </p>
   </div>
   <div class='ocr_carea' id='block_1_113' title="bbox 1928 5366 3517 5447">
    <p class='ocr_par' dir='ltr' id='par_1_113' title="bbox 1928 5366 3517 5447">
     <span class='ocr_line' id='line_1_113' title="bbox 1928 5366 3517 5447; baseline -0.004 -11"><span class='ocrx_word' id='word_1_910' title='bbox 1928 5366 2129 5436; x_wconf 80' lang='lat' dir='ltr'><strong>schola:</strong></span> <span class='ocrx_word' id='word_1_911' title='bbox 2178 5378 2450 5434; x_wconf 86' lang='lat' dir='ltr'><strong>societatis</strong></span> <span class='ocrx_word' id='word_1_912' title='bbox 2479 5377 2595 5432; x_wconf 73' lang='lat' dir='ltr'><strong>haec</strong></span> <span class='ocrx_word' id='word_1_913' title='bbox 2646 5377 2939 5447; x_wconf 85' lang='lat' dir='ltr'><strong>prepositio</strong></span> <span class='ocrx_word' id='word_1_914' title='bbox 2972 5378 3039 5431; x_wconf 77' lang='lat' dir='ltr'><strong>i2</strong></span> <span class='ocrx_word' id='word_1_915' title='bbox 3083 5395 3095 5430; x_wconf 90' lang='lat'>:</span> <span class='ocrx_word' id='word_1_916' title='bbox 3143 5395 3162 5428; x_wconf 73' lang='grc' dir='ltr'>ι</span> <span class='ocrx_word' id='word_1_917' title='bbox 3200 5376 3314 5430; x_wconf 89' lang='lat' dir='ltr'><strong>Non</strong></span> <span class='ocrx_word' id='word_1_918' title='bbox 3346 5376 3517 5430; x_wconf 85' lang='lat' dir='ltr'><strong>solum</strong></span> 
     </span>
    </p>
   </div>
   <div class='ocr_carea' id='block_1_114' title="bbox 1930 5468 3516 5542">
    <p class='ocr_par' dir='ltr' id='par_1_114' title="bbox 1930 5468 3516 5542">
     <span class='ocr_line' id='line_1_114' title="bbox 1930 5468 3516 5542; baseline -0.004 -12"><span class='ocrx_word' id='word_1_919' title='bbox 1930 5491 1992 5530; x_wconf 88' lang='lat' dir='ltr'><strong>ex</strong></span> <span class='ocrx_word' id='word_1_920' title='bbox 2028 5483 2179 5542; x_wconf 91' lang='lat' dir='ltr'><strong>parte</strong></span> <span class='ocrx_word' id='word_1_921' title='bbox 2207 5484 2385 5528; x_wconf 86' lang='lat' dir='ltr'><strong>nostra</strong></span> <span class='ocrx_word' id='word_1_922' title='bbox 2410 5472 2553 5526; x_wconf 91' lang='lat' dir='ltr'><strong>nulla</strong></span> <span class='ocrx_word' id='word_1_923' title='bbox 2582 5470 2681 5525; x_wconf 93' lang='lat' dir='ltr'><strong>fuit</strong></span> <span class='ocrx_word' id='word_1_924' title='bbox 2707 5471 2843 5525; x_wconf 91' lang='lat' dir='ltr'><strong>ratio</strong></span> <span class='ocrx_word' id='word_1_925' title='bbox 2864 5485 2957 5525; x_wconf 89' lang='lat' dir='ltr'><strong>seu</strong></span> <span class='ocrx_word' id='word_1_926' title='bbox 2980 5470 3217 5524; x_wconf 84' lang='lat' dir='ltr'><strong>conditio</strong></span> <span class='ocrx_word' id='word_1_927' title='bbox 3241 5468 3516 5537; x_wconf 69' lang='lat' dir='ltr'><strong>prtedesti-</strong></span> 
     </span>
    </p>
   </div>
   <div class='ocr_carea' id='block_1_115' title="bbox 1922 5558 3518 5634">
    <p class='ocr_par' dir='ltr' id='par_1_115' title="bbox 1922 5558 3518 5634">
     <span class='ocr_line' id='line_1_115' title="bbox 1922 5558 3518 5634; baseline -0.006 -12"><span class='ocrx_word' id='word_1_928' title='bbox 1922 5567 2187 5633; x_wconf 87' lang='lat' dir='ltr'><strong>nationis;</strong></span> <span class='ocrx_word' id='word_1_929' title='bbox 2223 5565 2314 5620; x_wconf 89' lang='lat' dir='ltr'><strong>sed</strong></span> <span class='ocrx_word' id='word_1_930' title='bbox 2350 5578 2522 5634; x_wconf 89' lang='lat' dir='ltr'><strong>neque</strong></span> <span class='ocrx_word' id='word_1_931' title='bbox 2553 5562 2795 5616; x_wconf 88' lang='lat' dir='ltr'><strong>absolute</strong></span> <span class='ocrx_word' id='word_1_932' title='bbox 2839 5558 3118 5613; x_wconf 88' lang='lat' dir='ltr'><strong>dicendum</strong></span> <span class='ocrx_word' id='word_1_933' title='bbox 3168 5567 3250 5613; x_wconf 89' lang='lat' dir='ltr'><strong>est</strong></span> <span class='ocrx_word' id='word_1_934' title='bbox 3297 5572 3416 5613; x_wconf 89' lang='lat' dir='ltr'><strong>esse</strong></span> <span class='ocrx_word' id='word_1_935' title='bbox 3464 5559 3518 5613; x_wconf 84' lang='lat' dir='ltr'><strong>in</strong></span> 
     </span>
    </p>
   </div>
   <div class='ocr_carea' id='block_1_116' title="bbox 1924 5650 3525 5730">
    <p class='ocr_par' dir='ltr' id='par_1_116' title="bbox 1924 5650 3525 5730">
     <span class='ocr_line' id='line_1_116' title="bbox 1924 5650 3525 5730; baseline -0.007 -14"><span class='ocrx_word' id='word_1_936' title='bbox 1924 5670 2105 5716; x_wconf 90' lang='lat' dir='ltr'><strong>nostra</strong></span> <span class='ocrx_word' id='word_1_937' title='bbox 2156 5666 2419 5730; x_wconf 88' lang='lat' dir='ltr'><strong>potestate</strong></span> <span class='ocrx_word' id='word_1_938' title='bbox 2473 5666 2530 5711; x_wconf 93' lang='lat' dir='ltr'><strong>ut</strong></span> <span class='ocrx_word' id='word_1_939' title='bbox 2576 5654 3040 5725; x_wconf 85' lang='lat' dir='ltr'><strong>pracdestinemur,</strong></span> <span class='ocrx_word' id='word_1_940' title='bbox 3075 5666 3173 5706; x_wconf 92' lang='lat' dir='ltr'><strong>nec</strong></span> <span class='ocrx_word' id='word_1_941' title='bbox 3218 5650 3348 5705; x_wconf 86' lang='lat' dir='ltr'><strong>salvi</strong></span> <span class='ocrx_word' id='word_1_942' title='bbox 3391 5651 3525 5706; x_wconf 85' lang='lat' dir='ltr'><strong>flent</strong></span> 
     </span>
    </p>
   </div>
   <div class='ocr_carea' id='block_1_117' title="bbox 1926 5743 3512 5821">
    <p class='ocr_par' dir='ltr' id='par_1_117' title="bbox 1926 5743 3512 5821">
     <span class='ocr_line' id='line_1_117' title="bbox 1926 5743 3512 5821; baseline -0.006 -13"><span class='ocrx_word' id='word_1_943' title='bbox 1926 5752 2045 5819; x_wconf 89' lang='lat' dir='ltr'><strong>ulli,</strong></span> <span class='ocrx_word' id='word_1_944' title='bbox 2077 5752 2175 5806; x_wconf 87' lang='lat' dir='ltr'><strong>nisi</strong></span> <span class='ocrx_word' id='word_1_945' title='bbox 2228 5748 2613 5821; x_wconf 86' lang='lat' dir='ltr'><strong>praedestinati.</strong></span> <span class='ocrx_word' id='word_1_946' title='bbox 2655 5764 2673 5797; x_wconf 73' lang='grc' dir='ltr'><strong><em>ι</em></strong></span> <span class='ocrx_word' id='word_1_947' title='bbox 2708 5743 2777 5799; x_wconf 88' lang='lat' dir='ltr'><strong>Et</strong></span> <span class='ocrx_word' id='word_1_948' title='bbox 2822 5744 2888 5801; x_wconf 77' lang='grc'><strong>15</strong></span> <span class='ocrx_word' id='word_1_949' title='bbox 2940 5760 2953 5797; x_wconf 90' lang='lat'>:</span> <span class='ocrx_word' id='word_1_950' title='bbox 3010 5762 3028 5795; x_wconf 72' lang='grc' dir='ltr'><strong>ε</strong></span> <span class='ocrx_word' id='word_1_951' title='bbox 3082 5744 3512 5815; x_wconf 76' lang='lat' dir='ltr'><strong>Reprobationis,</strong></span> 
     </span>
    </p>
   </div>
  </div>
