3892 6330
477 354 572 408 7‘27

1355 338 1913 407 SUPPLEMENTUM
1954 338 2046 421 AD
2084 342 2311 408 OPERA
2353 342 2408 406 s.
2449 348 2839 407 AUGUSTINI.

3655 345 3775 407 7‘28

465 469 780 542 qua'caeteri
806 468 1051 525 homines
1079 466 1332 524 excidere
1359 468 1425 523 ab
1456 468 1641 523 ultimo
1671 468 1773 524 ﬁne
1804 467 2049 538 permissi
2079 471 2130 532 Α
2160 465 2245 531 l0,
2276 462 2412 518 duce
2439 472 2622 518 sancto
2652 463 2973 535 Augustino,
3001 459 3089 533 qui
3114 459 3430 519 catholicam
3458 461 3770 519 veritatem

469 571 614 630 sunt,
640 576 799 616 causa
825 559 922 616 fuit
944 568 1220 632 peccatum
1242 559 1517 629 originale.
1558 578 1576 612 ι
1610 560 1730 613 llmc
1756 560 1847 613 ibi.
1867 558 2055 615 Jamne

464 653 635 722 vides,
650 653 833 724 jamne
863 653 1048 717 sentis,
1070 651 1292 717 Adame,
1311 667 1429 721 qua:
1447 653 1517 706 sit
1538 651 2051 722 sapientissimorum

465 752 705 801 veterum
766 756 975 801 tuorum
1000 745 1367 815 theologorum
1400 745 1694 799 reverentia
1722 759 1848 814 erga
1877 748 2057 815 Auguo

465 837 594 891 stini
616 837 934 893 sententiam
954 838 1020 891 de
1042 836 1415 905 reprobatione
1438 851 1501 891 ex
1524 835 1640 891 solo
1666 834 1905 904 originali
1934 851 2057 905 pec-

463 937 583 985 cato
604 929 851 998 primitus
882 929 1310 998 derivata,quam
1340 939 1665 998 tamen,pr:e
1688 940 1772 983 tua
1803 928 2056 998 singulari

463 1025 694 1091 pietate,
723 1020 1021 1076 eruditione
1051 1035 1114 1075 ac
1142 1020 1258 1075 zelo
1290 1022 1493 1075 horrere
1521 1030 1573 1076 te
1595 1022 1726 1075 dicis
1745 1061 1760 1085 ,
1802 1028 1858 1074 ut
1888 1020 2057 1073 Calvi-

463 1112 609 1165 niani
637 1112 834 1165 erroris
857 1119 1070 1163 matrem
1090 1112 1112 1163 ?
1129 1108 1351 1165 Plerimi
1378 1111 1589 1181 quidem
1615 1111 1847 1179 theologi
1877 1110 2055 1164 varios

461 1204 648 1257 modos
666 1202 1234 1272 excogitaruntquibus
1252 1217 1366 1258 eam
1385 1205 1550 1259 sancti
1563 1204 1632 1258 Pa
1642 1213 1746 1258 tres
1758 1203 2054 1257 doctrinam

462 1295 960 1365 explicarentatquc
975 1295 1654 1351 defenderent.Dominicus
1669 1295 1897 1358 Bannez,
1915 1303 2053 1362 part.

463 1404 502 1453 ι,
518 1388 667 1459 q.23,
685 1387 849 1456 art.5,
865 1391 1096 1459 quinque
1114 1390 1495 1459 explicationes
1508 1389 1692 1455 refert,
1706 1404 1930 1459 quarum
1950 1390 2057 1443 nul-

461 1479 571 1534 lam
597 1480 804 1549 probat.
834 1480 1075 1549 Quinque
1098 1481 1256 1534 etiam
1284 1480 1471 1534 modos
1501 1488 1743 1535 recenset
1774 1480 2053 1545 Gonettus,

462 1573 556 1629 cit.
584 1574 610 1644 ᾗ
642 1574 695 1639 6,
728 1589 859 1643 quos
889 1574 1127 1643 singulos
1157 1574 1208 1628 in
1235 1573 1470 1644 ipsorum
1502 1572 1874 1643 probabilitate
1896 1573 2055 1628 relin-

462 1667 596 1734 quit.
637 1667 749 1736 Ego
774 1666 927 1735 juxta
966 1667 1262 1722 doctrinam
1310 1668 1480 1722 sancti
1525 1667 1805 1737 Augustini
1840 1668 1911 1721 ita
1948 1665 2054 1721 dif-

461 1755 687 1811 ficillimi
734 1758 975 1827 mysterii
1015 1758 1333 1814 solutionem
1381 1774 1642 1829 propono,
1692 1775 1864 1830 neque
1910 1759 2053 1814 enim

2160 559 2365 628 integro
2395 558 2664 613 volumine
2695 557 2762 612 de
2813 556 2961 610 Dono
3006 555 3415 624 perseverantiae
3462 553 3768 623 inscripto,

2160 650 2485 705 Solidissime
2547 659 2734 705 contra
2794 646 3321 717 Serui-Pelagianos
3370 650 3769 716 prOpugnavit.

2159 738 2328 796 Porro
2378 742 2493 795 hanc
2544 749 2625 795 est
2669 737 2968 793 differentia
3000 737 3140 792 inter
3184 749 3464 807 utramque
3494 736 3775 805 privatio-

2159 848 2305 901 nem,
2338 832 2478 902 quod
2509 831 2736 900 privatio
2766 833 2951 901 gratim
2979 830 3359 885 sanctiﬁcantis
3386 831 3471 886 vel
3498 840 3583 886 est
3616 831 3773 900 ipsa.

2160 934 2270 978 met
2292 922 2531 977 formalis
2556 924 2693 977 ratio
2717 922 2939 992 peccati,
2962 923 3044 978 vel
3068 932 3148 977 est
3174 922 3477 977 necessario
3503 936 3771 977 connexa

2159 1031 2277 1069 cum
2319 1024 2570 1085 peccato;
2603 1015 2769 1070 altera
2799 1029 2926 1069 vero
2975 1013 3225 1083 privatio,
3257 1028 3448 1083 nempe
3494 1014 3769 1082 potentiae

2159 1107 2402 1176 proxime
2430 1108 2692 1176 expedita:
2720 1105 2784 1161 ad
2818 1106 3265 1175 perseverandum
3296 1114 3400 1159 stat
3428 1120 3549 1160 cum
3578 1107 3770 1174 gratia

2158 1199 2565 1253 sanctificante:
2599 1198 2768 1252 sancti
2815 1199 2957 1253 enim
3001 1208 3155 1252 orant
3186 1208 3243 1253 ut
3282 1196 3423 1252 Deus
3454 1197 3617 1252 donet
3648 1196 3770 1252 illis

2159 1290 2636 1361 perseverantiam,
2672 1306 2776 1343 non
2806 1290 2965 1361 igitur
3009 1290 3151 1344 illam
3201 1289 3423 1353 habent,
3452 1298 3513 1343 ut
3560 1288 3771 1358 probat

2159 1383 2486 1451 Augustinus
2517 1399 2636 1451 cap.
2668 1383 2758 1449 23,
2785 1399 2878 1453 per
2907 1393 3107 1449 totum;
3138 1384 3270 1438 alias
3297 1386 3438 1438 enim
3473 1398 3579 1437 non
3610 1391 3770 1437 esset

2163 1473 2396 1543 speciale
2447 1473 2537 1527 Dei
2579 1474 2898 1529 beneﬁcium
2944 1490 2971 1527 a
3005 1475 3175 1544 gratia
3220 1474 3611 1544 iustiﬁcationis
3644 1475 3766 1530 dis-

2160 1568 2416 1633 tinctum;
2448 1568 2585 1622 unde
2601 1582 2693 1637 per
2724 1568 2945 1638 gratiam
2966 1568 3385 1623 sanctiﬁcantem
3414 1583 3519 1623 non
3550 1568 3765 1622 tollitur

2157 1657 2273 1728 ipsa
2308 1661 2535 1729 privatio
2568 1660 2820 1728 potentia:
2852 1660 3093 1729 proxime
3118 1660 3380 1730 expeditae
3405 1659 3473 1714 ad
3503 1675 3769 1729 perseve-

2158 1753 2403 1808 randum.
2438 1753 2563 1808 Ilaec
2591 1767 2718 1808 vero
2755 1753 2981 1821 privatio
3001 1761 3083 1809 est
3111 1754 3163 1808 in
3196 1768 3406 1823 ptenam
3438 1754 3597 1823 primi
3630 1769 3765 1824 pce-

459 1847 617 1904 facile
647 1856 727 1903 est
752 1849 945 1904 divina:
975 1850 1269 1906 voluntatis
1293 1866 1484 1907 arcana
1512 1852 1693 1909 rimari
1721 1871 1733 1905 :
1766 1853 1881 1908 ouis
1908 1851 2049 1908 enim
2082 1852 2130 1912 B
2157 1847 2280 1912 cati,
2311 1846 2466 1901 sicuti
2491 1847 2648 1900 etiam
2678 1846 2903 1915 privatio
2933 1846 3283 1915 subjectionis
3309 1846 3768 1914 concupiscentiae

461 1937 798 1992 consiliarius
827 1937 943 2007 ejus
968 1937 1062 1993 fuit
1085 1939 1107 1991 ?

532 2026 751 2083 Certum
788 2028 979 2101 dogma
1006 2038 1087 2086 est
1127 2032 1395 2089 hominem
1423 2048 1493 2089 ex
1523 2038 1744 2104 peccato
1770 2034 1925 2104 primi
1963 2048 2057 2103 pa-

457 2118 632 2175 rentis
679 2121 916 2177 evasisse
966 2137 1199 2178 massam
1260 2124 1591 2193 perditionis,
1626 2126 1698 2179 ita
1744 2134 1801 2179 ut
1846 2124 2056 2180 seclusa

459 2211 634 2280 gratia
657 2210 1037 2283 Redemptoris
1058 2230 1329 2285 nunquam
1354 2214 1475 2270 inde
1497 2215 1607 2269 suis
1624 2216 1824 2271 viribus
1855 2216 2058 2284 potuis-

458 2310 547 2357 set
573 2318 878 2374 resurgere,
911 2307 1052 2376 quod
1084 2306 1209 2361 olim
1236 2307 1302 2361 ab
1329 2306 1639 2363 lnnocentio
1668 2307 1688 2362 l
1717 2318 1768 2362 et
1792 2305 2057 2363 Africanis

459 2396 705 2451 conciliis
741 2406 926 2451 contra
969 2397 1283 2466 Pelagianos
1312 2406 1567 2453 statutum
1611 2399 1728 2454 fuit.
1761 2398 2058 2454 Evaserant

458 2487 622 2556 igitur
650 2501 836 2543 omnes
858 2488 1103 2544 homines
1129 2488 1182 2543 in
1207 2489 1412 2544 Adamo
1440 2499 1627 2545 natura
1659 2490 1750 2546 ﬁlii
1782 2491 1898 2557 irae,
1926 2490 2053 2545 sub-

457 2577 583 2647 jecti
615 2582 864 2648 potestati
895 2581 1179 2647 daemonis,
1207 2580 1407 2638 inimici
1439 2582 1534 2636 Dei
1576 2593 1631 2638 et
1660 2582 1860 2651 indigni
1889 2583 2059 2652 quali-

456 2667 550 2723 bet
579 2670 773 2737 gratia,
807 2668 931 2723 facti
961 2669 1231 2739 oltjectum
1269 2671 1433 2725 divini
1461 2670 1571 2725 odii
1599 2680 1757 2740 atque
1784 2672 2054 2729 vindictae.

459 2757 734 2814 Potuisset
775 2775 984 2815 summa
1016 2760 1261 2816 Numinis
1286 2761 1516 2829 justitia,
1549 2762 1786 2832 qualibet
1834 2764 1918 2818 vel
1958 2764 2060 2819 mi-

458 2854 607 2910 nima
651 2858 821 2926 gratia
859 2864 1073 2926 negata,
1128 2857 1180 2911 in
1226 2865 1489 2912 internum
1544 2870 1714 2925 genus
1766 2855 2059 2912 humanum

457 2950 702 3021 originali
735 2958 951 3019 peccato
1000 2950 1255 3005 infectum
1294 2958 1549 3019 perpetua
1590 2950 1931 3004 damnatione
1964 2965 2057 3016 pu-

457 3042 599 3095 nire.
632 3041 824 3095 Docuit
854 3042 956 3096 hoc
987 3041 1316 3110 Augustinus
1366 3039 1686 3110 saepissime.
1722 3041 1777 3095 ln
1808 3041 2058 3096 Enchiri-

455 3133 568 3200 dio,
597 3148 717 3200 cap.
741 3132 810 3187 99
836 3150 849 3185 :
884 3151 902 3183 ι
938 3130 1277 3197 Universum,
1308 3131 1401 3197 ait,
1432 3145 1601 3200 genus
1626 3130 1919 3185 humanum
1950 3142 2058 3186 tam

2156 1948 2402 2009 respectu
2418 1939 2658 2004 rationis,
2676 1949 2729 1994 et
2746 1940 2870 1995 licet
2892 1940 2943 1993 in
2962 1940 3222 2008 baptismo
3240 1938 3368 1993 nihil
3384 1949 3454 1994 est
3467 1939 3770 1993 damnatio-

2157 2023 2239 2086 nis
2258 2032 2322 2085 iis
2343 2032 2429 2101 qui
2461 2047 2573 2085 vcre
2597 2030 2880 2103 consepuiti
2905 2040 3019 2085 sunt
3042 2047 3156 2083 cum
3177 2029 3378 2084 Christo
3395 2046 3483 2102 per
3503 2030 3767 2099 baptisma

2162 2124 2215 2176 in
2244 2133 2480 2189 mortem,
2511 2133 2567 2177 ut
2596 2123 2668 2177 ait
2697 2122 3066 2178 Tridentinum
3100 2122 3151 2176 in
3182 2121 3402 2177 decreto
3432 2122 3498 2177 de
3532 2120 3764 2178 Peccato

2161 2214 2432 2285 originali,
2478 2214 2619 2285 quod
2664 2214 2880 2268 dixerat
2922 2225 3079 2269 antea
3118 2215 3444 2284 Augustinus
3486 2214 3579 2269 lib.
3621 2229 3641 2269 ι
3694 2213 3763 2268 ad

2160 2305 2422 2369 Bonifac.,
2456 2320 2573 2375 cap.
2606 2305 2672 2360 10
2700 2324 2711 2358 :
2748 2304 2911 2359 Nulla
2967 2321 3084 2376 ergo
3127 2305 3478 2359 condemnatio
3507 2314 3580 2359 est
3608 2320 3751 2359 nunc

2161 2395 2241 2449 his
2261 2396 2349 2466 qui
2375 2405 2492 2449 sunt
2515 2398 2568 2449 in
2592 2395 2798 2450 Christo
2824 2396 2972 2463 Jesu,
2998 2412 3103 2450 nou
3136 2396 3187 2450 id
3215 2396 3526 2467 intelligitur
3556 2396 3621 2450 de
3645 2411 3764 2466 pa:-

2162 2491 2492 2557 nalitatibus,
2510 2491 2579 2545 ita
2605 2490 2747 2546 enim
2776 2491 3063 2562 loquuntur
3086 2487 3339 2561 theologi,
3366 2492 3457 2547 sed
3482 2492 3547 2547 de
3573 2492 3760 2561 culpa,

2163 2581 2314 2651 cujus
2340 2581 2477 2635 nihil
2499 2592 2742 2637 remanet
2771 2591 2891 2651 post
2919 2581 3240 2652 baptismum
3273 2598 3287 2634 :
3318 2579 3418 2636 illae
3436 2582 3755 2638 enimetiam

2165 2684 2290 2746 post
2316 2674 2640 2746 baptismum
2673 2690 2997 2731 remansere.

2237 2771 2389 2826 Hanc
2420 2771 2770 2840 privationem
2812 2770 3053 2825 relictam
3094 2782 3214 2825 esse
3261 2765 3315 2823 in
3355 2783 3567 2839 ptenam
3597 2770 3757 2839 primi

2168 2866 2373 2934 peccati
2402 2864 2539 2920 adeo
2568 2873 2749 2919 notum
2772 2873 2855 2919 est
2882 2864 2933 2918 in
2962 2864 3135 2918 sancti
3156 2862 3437 2932 Augustini
3466 2863 3758 2930 sententia,

2166 2965 2225 3010 ut
2255 2957 2334 3011 vel
2388 2956 2487 3025 ipsi
2516 2955 2955 3026 Semi-Pelagiani
2988 2955 3089 3010 hoc
3127 2970 3198 3010 ex
3229 2956 3526 3025 Augustino
3556 2970 3757 3027 suppo-

2166 3060 2297 3102 nere
2319 3047 2559 3101 solerent
2583 3056 2771 3102 contra
2810 3045 2984 3117 ipsum
3027 3057 3331 3117 arguentes.
3364 3047 3598 3117 Etenim,
3628 3062 3751 3103 cum

2166 3138 2397 3205 probare
2424 3138 2624 3192 vellent
2651 3138 2938 3208 Adamum,
2958 3153 3022 3194 eo
3049 3136 3189 3208 quod
3217 3139 3625 3207 perseverantiae
3652 3137 3755 3193 do-

453 3225 598 3294 justo
621 3222 824 3290 judicio
868 3222 1048 3276 divino
1081 3222 1133 3275 in
1176 3221 1472 3289 apostatica
1502 3219 1684 3275 radice
1717 3221 2051 3289 damnatum,
2082 3235 2131 3301 ο
2164 3243 2292 3282 num
2324 3241 2432 3281 non
2471 3229 2759 3298 acceperit,
2787 3229 2903 3284 sine
2945 3230 3101 3299 culpa
3146 3229 3424 3297 cecidisse,
3451 3230 3663 3284 solitam
3692 3243 3755 3285 ac

454 3321 518 3367 ut
542 3312 751 3366 etiamsi
781 3310 956 3365 nullus
987 3310 1111 3365 inde
1136 3310 1479 3375 liberaretur,
1508 3323 1666 3364 nemo
1697 3320 1842 3366 recte
1871 3323 2053 3380 posset

454 3404 554 3461 Dei
588 3402 892 3472 vituperare
915 3400 1201 3471 justitiam,
1236 3412 1288 3457 et
1314 3402 1406 3471 Qui
1445 3401 1761 3469 liberantur,
1787 3402 1863 3457 sic
1891 3417 2054 3472 opor-

454 3497 624 3553 tuisse
664 3494 908 3557 liberari.
936 3502 996 3549 ut
1023 3509 1090 3549 ex
1120 3493 1360 3564 pluribus
1399 3507 1505 3547 non
1537 3491 1775 3547 liberatis
1810 3503 1969 3563 atque
1998 3495 2053 3550 in

456 3589 802 3647 damnatione
851 3587 1151 3658 justissima
1199 3585 1467 3641 derelictis
1509 3583 1882 3641 ostenderetur
1927 3586 2053 3656 quid

455 3682 745 3739 meruisset
774 3680 1024 3736 universa
1054 3677 1387 3747 conspersio,
1414 3686 1467 3731 et
1487 3690 1591 3746 quo
1621 3676 1780 3731 etiam
1803 3676 1935 3731 istos
1961 3676 2056 3733 de-

455 3773 627 3830 bitum
663 3772 918 3845 judicium
952 3771 1046 3826 Dei
1073 3772 1313 3837 duceret,
1344 3769 1445 3824 nisi
1485 3768 1600 3837 ejus
1626 3768 1862 3825 indebita
1893 3770 2055 3827 mise-

455 3867 688 3923 ricordia
742 3865 1074 3922 subveniret.
1120 3883 1137 3916 ›
1180 3863 1388 3919 Similia
1420 3860 1579 3916 habet
1605 3861 1697 3916 lib.
1731 3863 1797 3919 de
1825 3864 2054 3935 Correp-

457 3961 605 4015 tione
634 3967 687 4013 et
710 3966 872 4026 grat.,
904 3970 1021 4022 cap.
1057 3955 1154 4019 lt);
1190 3953 1282 4006 lib.
1316 3953 1383 4007 de
1416 3952 1565 4006 Dono
1591 3966 1822 4021 persev.,
1849 3970 1969 4025 cap.
1994 3955 2049 4026 8,

455 4048 638 4114 initio;
670 4040 762 4102 lib.
780 4041 1333 4100 dePraedestinatione
1361 4049 1689 4109 sanctorum,
1714 4058 1833 4114 cap.
1848 4044 1899 4098 8.
1928 4044 2054 4101 Haec

458 4137 706 4208 exemplo
752 4135 1061 4207 angelorum
1094 4135 1356 4191 malorum
1386 4132 1670 4189 conﬁrmat
1698 4150 1815 4205 cap.
1846 4135 1914 4189 27
1947 4136 2056 4191 En-

456 4228 667 4287 cbiridii
703 4246 715 4287 :
750 4246 768 4279 ‹
807 4228 875 4284 Et
919 4226 1204 4297 siquidem,
1238 4224 1430 4297 inquit,
1461 4225 1515 4279 in
1552 4225 1744 4280 melius
1774 4225 2051 4282 hominum

455 4321 895 4381 reformationem
940 4320 1141 4376 nullam
1188 4333 1412 4390 prorsus
1442 4332 1564 4374 esse
1601 4318 1877 4386 voluisset,
1912 4320 2055 4374 sicut

455 4415 747 4485 impiorum
775 4413 921 4468 nulla
948 4420 1030 4468 est
1051 4412 1510 4482 angelorum,non
1535 4408 1802 4465 immerito
1824 4408 1995 4464 ﬁeret.
2025 4427 2046 4463 ι

455 4508 641 4580 Itaque
671 4508 723 4563 in
754 4507 843 4562 illa
867 4518 1045 4561 massa
1069 4503 1387 4574 perditionis
1416 4501 1578 4558 homo
1608 4502 1778 4558 evasit
1807 4501 2053 4571 indignus

2158 3317 2478 3374 familiarem
2528 3318 2830 3389 Augusﬁno
2876 3322 3285 3389 reaponsionem
3334 3321 3754 3392 praacludentes,

2160 3412 2234 3466 ita
2266 3410 2561 3476 instabant,
2599 3419 2733 3466 teste
2778 3410 2982 3466 Hilario
3030 3414 3083 3468 in
3126 3413 3353 3483 epistola
3392 3412 3458 3468 ad
3503 3411 3754 3483 Augusti-

2158 3516 2285 3557 num
2326 3518 2341 3556 :
2391 3519 2409 3551 c
2447 3500 2628 3571 Neque
2664 3499 2807 3555 enim
2838 3499 2942 3555 dici
2974 3509 3148 3570 potest
3188 3503 3309 3560 ideo
3346 3518 3452 3559 non
3481 3503 3753 3573 accepisse

2158 3594 2284 3665 quia
2308 3607 2413 3649 non
2438 3606 2521 3649 esr
2546 3593 2811 3658 discretus
2839 3609 2867 3648 a
2900 3608 3072 3650 massa
3097 3596 3414 3664 perditionis
3435 3597 3620 3667 gratiae
3649 3597 3752 3653 lar-

2159 3685 2360 3758 gitate;
2414 3686 2653 3742 nondum
2683 3688 2883 3758 quippe
2910 3698 3024 3742 erat
3062 3686 3153 3742 illa
3196 3689 3249 3743 in
3293 3705 3491 3759 genere
3521 3691 3751 3746 humano

2158 3778 2477 3845 perditionis
2494 3792 2696 3845 massa,
2718 3787 3001 3847 antequam
3034 3788 3328 3846 peccasset,
3353 3795 3417 3834 ex
3450 3795 3558 3849 quo
3589 3789 3749 3837 tracta

2156 3878 2239 3926 est
2278 3870 2430 3939 origo
2478 3870 2684 3924 vitiata.
2730 3887 2749 3919 ι
2803 3868 2946 3938 Ergo
2974 3878 3300 3938 supponunt,
3329 3869 3487 3937 juxta
3517 3881 3748 3928 mentem

2155 3962 2331 4018 sancti
2356 3961 2617 4030 doctoris,
2647 3961 2998 4030 privationem
3025 3960 3276 4032 potentia:
3316 3962 3568 4031 proxime
3598 3980 3750 4034 expe-

2157 4052 2285 4109 ditae
2309 4052 2377 4107 ad
2406 4051 2859 4122 perseverandum
2889 4067 3009 4108 esse
3052 4065 3269 4122 poenam
3312 4066 3505 4108 masszn
3533 4064 3749 4123 peccato

2132 4145 2405 4229 .originali
2452 4144 2705 4212 infectae;
2752 4144 2839 4199 cui
2886 4152 3201 4215 argumento
3243 4143 3506 4200 solvendo
3532 4157 3749 4203 sanctus

2157 4237 2348 4293 doctor
2370 4251 2532 4292 aurea
2565 4237 2655 4291 illa
2680 4237 2779 4292 tria
2805 4236 2977 4307 capita
3004 4238 3070 4293 de
3099 4236 3449 4307 Correptione
3476 4248 3529 4294 et
3554 4240 3743 4309 gratia,

2156 4342 2351 4397 nempe
2401 4328 2490 4397 10,
2516 4329 2576 4383 H
2610 4339 2663 4383 et
2692 4327 2780 4395 i2,
2822 4330 3079 4385 exaravit.
3114 4329 3170 4384 In
3209 4330 3301 4385 illo
3330 4345 3448 4400 cap.
3486 4331 3542 4385 Η
3573 4331 3744 4401 palam

2157 4420 2408 4476 concedit
2437 4421 2689 4476 auxilium
2716 4420 2782 4476 ad
2820 4422 3272 4491 perseverandum
3299 4423 3352 4480 in
3387 4436 3596 4492 pcenam
3624 4438 3747 4493 pec-

2155 4514 2261 4568 cati
2291 4514 2500 4581 deesse,
2534 4516 2675 4584 quod
2718 4524 2896 4570 tamen
2940 4531 3046 4572 non
3093 4516 3265 4586 potuit
3304 4516 3494 4571 deesse
3540 4516 3745 4586 angelis

459 4607 572 4655 tota
602 4598 740 4653 serie
781 4596 1094 4668 gratiarum,
1124 4607 1256 4664 quas
1306 4592 1445 4648 inter
1477 4593 1667 4662 primae
1711 4598 1836 4647 sunt
1875 4591 2047 4660 gratia

2159 4605 2243 4659 vel
2268 4604 2519 4659 Adamn:
2562 4623 2581 4656 ο
2617 4605 2674 4660 Si
2712 4616 2911 4672 autem,
2939 4606 3133 4678 inquit,
3177 4608 3276 4662 hoc
3303 4606 3626 4677 adjutorinm
3663 4608 3743 4664 vel

454 4693 753 4766 justiticans
783 4732 799 4759 ,
855 4705 949 4761 per
983 4704 1141 4759 quam
1194 4688 1355 4742 homo
1401 4684 1610 4741 accedit
1644 4685 1712 4739 ad
1755 4684 1941 4749 Deum,
1994 4695 2050 4739 et

458 4786 624 4857 gratia
656 4782 1070 4855 perseverantiae
1100 4779 1294 4843 ﬁnalis,
1316 4793 1409 4849 per
1435 4792 1593 4848 quam
1619 4776 1781 4831 homo
1806 4791 1911 4830 non
1935 4790 2049 4832 am-

457 4879 597 4946 plius
626 4884 799 4947 potest
829 4873 1083 4931 recedere
1109 4886 1141 4927 a
1169 4873 1298 4928 Deo.
1336 4870 1506 4925 Homo
1549 4868 1706 4939 igitur
1736 4884 1800 4923 ex
1829 4875 2049 4938 peccato

458 4970 705 5040 originali
751 4970 939 5026 incidit
980 4971 1033 5024 in
1077 4966 1429 5038 privationem
1480 4964 1664 5037 gratiae
1704 4963 2049 5035 justiﬁcantis

457 5072 508 5120 et
540 5062 596 5118 in
628 5062 976 5131 privationem
1006 5063 1256 5132 potentia:
1283 5061 1529 5132 proxime
1556 5059 1819 5130 expeditae
1841 5058 1905 5115 ad
1928 5073 2047 5129 per-

453 5153 813 5214 severandum
846 5154 899 5208 in
929 5156 1095 5211 semel
1118 5165 1331 5226 accepta
1362 5156 1529 5227 gratia
1558 5155 2047 5225 justiﬁcante,qute

453 5248 789 5323 privationcs
831 5261 954 5301 cum
984 5247 1273 5315 respiciant
1301 5247 1542 5303 diversas
1568 5246 1790 5311 formas,
1821 5246 2049 5300 diversas

453 5322 618 5403 etiam
644 5322 770 5399 sunt
799 5341 939 5397 inter
966 5354 1048 5406 se,
1080 5348 1134 5396 et
1162 5355 1267 5395 una
1297 5342 1415 5396 sine
1438 5342 1607 5395 altera
1635 5339 1820 5395 donari
1866 5353 1895 5393 a
1937 5338 2049 5395 Deo

454 5443 653 5508 potest,
674 5443 730 5491 ut
750 5439 956 5492 eertum
977 5440 1062 5488 est
1081 5446 1148 5486 ex
1171 5431 1419 5487 ﬁdelibus
1441 5431 1531 5501 qui
1558 5430 1903 5497 damnantur,
1933 5428 2052 5500 qui-

451 5529 555 5586 bus
582 5528 730 5585 dedit
761 5528 904 5582 Deus
931 5523 1154 5598 gratiam
1178 5523 1583 5594 justiﬁcantem,
1614 5523 1719 5577 illis
1746 5531 1921 5577 tamen
1953 5536 2047 5578 ne-

451 5621 843 5693 gavitgratiam
873 5618 1288 5691 perseverantia:
1318 5617 1508 5671 ﬁnalis.
1540 5616 1672 5671 ilinc
1698 5632 2047 5687 perseveran-

452 5710 585 5764 tiam
613 5724 737 5766 esse
787 5727 849 5767 ea;
876 5710 1086 5781 speciali
1130 5711 1324 5766 auxilio
1364 5708 1462 5763 Dei
1503 5709 1684 5764 docuit
1731 5709 2045 5767 Tridentina

449 5799 691 5873 synodus
718 5814 857 5860 sess.
890 5803 945 5871 6,
972 5818 1090 5859 can.
1117 5801 1209 5869 22,
1237 5810 1291 5859 et
1317 5801 1444 5859 olim
1480 5801 1804 5859 Arausicana
1826 5819 1885 5873 ιι,
1917 5817 2039 5861 can.

822 5916 887 5964 an,

2155 4695 2342 4763 angelo
2369 4695 2452 4750 vel
2482 4693 2705 4759 homini,
2734 4710 2856 4750 cum
2888 4696 3118 4764 primum
3143 4696 3265 4753 facti
3295 4704 3441 4764 sunt,
3466 4696 3741 4766 defuisset,

2154 4789 2404 4859 quoniam
2438 4803 2544 4843 non
2575 4788 2694 4844 talis
2734 4797 2920 4844 natura
2972 4789 3106 4845 facta
3158 4797 3274 4845 erat
3319 4797 3379 4843 ut
3414 4787 3531 4843 sine
3559 4787 3743 4843 divino

2154 4879 2419 4948 adjutorio
2440 4890 2619 4951 posset
2645 4896 2862 4937 manere
2884 4880 2928 4936 si
2953 4881 3132 4947 vellet,
3154 4896 3258 4937 non
3282 4880 3461 4950 utique
3482 4894 3573 4934 sua
3586 4879 3741 4951 culpa

2154 4972 2508 5041 cecidissent;
2558 4973 2881 5045 adjutorinm
2934 4974 3131 5045 quippe
3175 4972 3435 5029 defuisset
3470 4972 3594 5033 sine
3638 4986 3739 5043 quo

2155 5082 2377 5124 manere
2406 5084 2511 5125 non
2544 5076 2784 5137 possent.
2810 5067 2964 5123 Nunc
2992 5076 3170 5125 autem
3200 5067 3393 5139 quibus
3438 5068 3592 5123 deest
3639 5067 3740 5123 tale

2154 5159 2500 5228 adjutorinm,
2528 5157 2641 5228 jam
2672 5172 2824 5228 poena
2859 5157 3063 5229 peccati
3092 5167 3195 5225 est,
3226 5157 3417 5228 quibus
3447 5169 3624 5213 autem
3651 5158 3742 5213 da-

2152 5256 2262 5313 tur,
2294 5247 2586 5304 secundum
2630 5250 2857 5319 gratiam
2887 5250 3063 5305 datur.
3111 5266 3131 5300 »
3173 5248 3287 5304 Non
3334 5257 3508 5319 potest
3564 5259 3737 5305 autem

2154 5339 2448 5410 intelligere
2474 5339 2803 5411 Augustinus
2835 5340 2936 5397 nisi
2962 5340 3015 5397 in
3046 5356 3257 5411 poenam
3281 5339 3484 5412 peccati
3520 5339 3737 5412 originis

2152 5433 2352 5489 donum
2400 5435 2814 5504 perseverantiae
2862 5436 3068 5506 negari;
3101 5450 3221 5490 nam
3268 5435 3592 5505 baptizatus,
3617 5446 3732 5488 cum

2158 5527 2386 5597 primum
2413 5526 2680 5583 lethaliter
2711 5528 2973 5598 peccavit,
3014 5527 3185 5582 caruit
3219 5527 3361 5582 dono
3392 5540 3733 5596 perseveran-

2155 5619 2241 5673 tiae
2284 5619 2337 5673 in
2379 5619 2518 5673 bono
2548 5620 2715 5675 semel
2753 5627 3006 5688 accepto;
3038 5633 3165 5687 ergo
3209 5618 3263 5673 in
3296 5632 3503 5686 pomata
3534 5616 3731 5684 peccati

2151 5713 2424 5783 originalis
2455 5713 2550 5768 fuit
2578 5731 2605 5769 a
2630 5714 2739 5769 Deo
2769 5716 3105 5783 denegatum.
3134 5710 3275 5766 ldem
3308 5709 3467 5765 tradit
3489 5709 3594 5764 late
3616 5723 3728 5779 cap.

2122 5870 2128 5887 ζ
2153 5806 2185 5861 8
2202 5807 2266 5865 dc
2286 5807 2434 5866 Dono
2457 5810 2886 5883 perseverantiae,
2902 5807 2990 5865 ubi
3014 5804 3271 5880 quaerenti
3293 5819 3385 5860 cur
3402 5802 3721 5875 quibusdam,
