3892 6310
459 277 556 333 751

1351 269 1909 345 succurramus
1946 268 2039 329 so
2078 267 2310 347 orans
2349 270 2410 327 s.
2454 268 2847 353 AUGUSTINI.

3645 279 3773 337 732

457 389 631 447 standi
664 388 717 444 in
751 374 893 445 bono
921 388 1200 459 proposito
1225 386 1449 459 iustitiae
1494 386 1725 441 fovetur.
1759 385 1928 440 Docet
1958 384 2058 442 hoc
2084 390 2135 471 ᾼ
2162 385 2336 453 capita
2366 384 2423 439 ii
2453 395 2505 441 et
2531 385 2596 441 12
2617 387 2833 455 scripsit
2860 404 2873 453 ;
2902 400 3058 443 unam
3089 389 3401 473 et‘alteramr
3424 397 3766 454 sententiam

455 487 728 555 eleganter
756 490 941 538 auctor
965 481 1087 537 libri
1113 497 1149 535 ιι
1179 480 1245 535 de
1272 480 1564 536 Vocetione
1592 489 1767 549 gent.,
1795 494 1915 549 cap.
1945 476 2015 530 28
2043 489 2054 525 :

463 596 481 633 ι
519 560 573 633 lu
599 577 808 637 caeteris
836 591 988 642 vero,
1014 574 1209 645 inquit,
1242 573 1549 628 hominibus
1578 574 1749 629 donec
1774 589 1901 629 caro
1926 588 2056 629 con-

458 672 684 739 cupiscit
707 669 965 723 adversus
995 668 1268 734 Spiritum,
1303 677 1356 721 et
1388 667 1610 736 Spiritus
1651 666 1909 721 adversus
1939 682 2057 721 ear-

461 778 607 833 nem,
640 772 693 817 et
721 761 895 815 donec
940 758 1164 828 spiritus
1210 758 1426 826 quidem
1477 768 1753 831 promptus
1781 768 1881 825 est,
1932 772 2059 813 caro

458 868 635 910 autem
679 856 910 920 infirma,
954 850 1408 905 incommutabilis
1450 851 1614 905 animi
1657 850 1909 906 fortitudo
1951 867 2057 905 non

469 956 648 1020 potest
688 944 935 1014 reperiri,
983 943 1234 1012 quoniam
1290 958 1393 996 non
1441 941 1635 1011 hujus,
1687 942 1782 996 sed
1836 941 2059 997 alterius

460 1042 582 1095 vita:
611 1048 693 1094 est
720 1052 847 1091 vere
899 1033 1131 1104 perfecta
1177 1042 1232 1089 et
1278 1048 1469 1090 secura
1521 1032 1772 1088 felicitas.
1820 1032 1874 1086 in
1923 1048 2060 1101 prte-

465 1132 634 1186 sentis
677 1137 854 1182 autem
887 1128 1071 1195 agouis
1122 1126 1351 1191 incerto,
1406 1124 1495 1180 ubi
1543 1132 1649 1179 tota
1678 1125 1784 1178 vita
1833 1124 2060 1178 teutatio

459 1233 563 1289 est,
593 1232 652 1278 et
678 1224 744 1276 ab
775 1221 1047 1276 insidianti
1076 1220 1328 1289 superbia
1362 1234 1458 1274 nec
1498 1220 1613 1289 ipsa
1644 1228 1722 1273 cst
1755 1227 1862 1272 tuta
1897 1218 2061 1272 victo-

460 1315 561 1383 ria,
612 1311 979 1373 mutabilitatis
1022 1310 1261 1380 periculo
1310 1325 1415 1364 non
1455 1317 1691 1364 caretur.
1726 1308 1789 1363 Et
1822 1309 1947 1363 licet
1979 1308 2061 1362 in-

462 1405 701 1461 numeris
741 1403 940 1457 sanctis
990 1404 1104 1457 suis
1159 1402 1321 1457 donet
1363 1403 1614 1458 virtutem
1680 1402 2061 1473 perseverandi

462 1511 628 1566 usque
672 1498 727 1551 in
769 1494 929 1551 ﬁnem
958 1496 1137 1550 divina
1183 1496 1465 1565 preteetio,
1499 1511 1529 1550 a
1562 1496 1719 1552 nullis
1750 1506 1927 1552 tamen
1962 1514 2056 1551 nu-

463 1587 585 1653 fert,
635 1586 784 1657 quod
817 1588 947 1657 ipsis
998 1597 1261 1657 repugnat
1292 1605 1361 1643 ex
1421 1588 1573 1660 ipsis,
1606 1599 1665 1644 ut
1710 1590 1763 1644 iu
1813 1591 2060 1646 omnibus

462 1678 655 1733 studiis
686 1694 872 1735 eorum
914 1688 1075 1751 atque
1118 1682 1399 1737 conatibus
1427 1696 1638 1752 semper
1667 1683 1803 1739 inter
1827 1698 1887 1739 se
1919 1684 2060 1738 nolle

2163 479 2320 543 dahu,
2353 494 2421 535 ne
2479 480 2729 535 universa
2762 479 2867 536 huc
2913 481 3229 559 transferam
3260 500 3276 537 :
3314 502 3333 535 ι
3368 485 3439 541 Ut
3488 503 3641 559 ergo,
3671 492 3769 545 in-

2161 573 2297 642 quit,
2330 588 2436 627 non
2488 572 2753 643 acciperet
2786 573 2887 627 hoc
2915 558 3113 629 donum
3146 573 3261 641 Dei,
3287 575 3338 631 id
3392 588 3475 633 est
3508 558 3582 634 in;
3615 581 3766 638 bono

2164 667 2628 735 perseverantiam
2688 667 2892 735 primus
2932 665 3116 736 homo,
3144 667 3236 722 sed
3267 684 3623 737 perseverare
3670 675 3760 731 *δ’

2165 773 2267 813 nou
2303 773 2648 827 perseverare
2675 758 2727 813 in
2768 758 2885 827 ejus
2916 758 3311 829 relinqueretur
3341 761 3587 830 arbitrio,
3624 765 3764 821 tales

2163 850 2303 905 vires
2340 850 2569 905 habebat
2612 851 2726 920 ejus
2766 853 3035 917 voluntas,
3068 868 3188 923 quae
3239 854 3361 909 sine
3414 854 3525 911 ullo
3583 858 3766 914 fuerat

2166 942 2406 996 instituta
2430 950 2670 1011 peccato,
2699 950 2753 996 et
2777 942 2906 997 nihil
2941 942 3010 997 illi
3034 958 3097 997 ex
3148 959 3208 998 se
3235 942 3349 1013 ipsa
3373 950 3765 1019 concupiscen-

2167 1032 2362 1086 tialiter
2409 1033 2712 1098 resistebat,
2743 1043 2797 1086 ut
2832 1033 2991 1102 digne
3017 1043 3178 1088 tanta:
3234 1036 3457 1091 bonitati
3510 1049 3562 1094 et
3616 1041 3763 1097 bene

2165 1124 2375 1179 vivendi
2409 1125 2643 1178 facilitati
2698 1126 3075 1193 perseverandi
3130 1128 3558 1185 committeretur
3600 1133 3760 1190 arbi-

2164 1213 2348 1282 trium;
2379 1231 2400 1266 ι
2452 1229 2570 1286 cap.
2601 1213 2685 1266 12.
2712 1213 2778 1269 Et
2801 1230 2919 1284 cap.
2955 1216 3015 1271 ii
3052 1216 3269 1272 scribit:
3299 1236 3317 1271 ι
3348 1219 3497 1275 Tunc
3518 1238 3643 1294 ergo
3662 1225 3764 1281 de-

2165 1305 2317 1361 derat
2348 1305 2545 1359 homini
2572 1306 2711 1362 Deus
2740 1306 2934 1361 bonam
2969 1308 3320 1375 voluntatem,
3352 1312 3405 1367 in
3440 1314 3530 1368 illa
3558 1314 3766 1386 quippe

2164 1413 2285 1453 eum
2321 1398 2542 1463 fecerat,
2573 1402 2662 1470 qui
2689 1398 2892 1455 fecerat
2918 1410 3146 1457 rectum.
3176 1402 3410 1460 Dederat
3462 1415 3514 1461 et
3538 1409 3765 1478 adjuto—

2166 1489 2328 1556 rium,
2364 1491 2481 1547 sine
2505 1506 2613 1560 quo
2644 1492 2696 1545 in
2745 1507 2809 1549 ea
2843 1508 2950 1548 non
3004 1498 3185 1563 postet
3207 1510 3541 1567 permanere,
3568 1502 3612 1555 si
3649 1501 3765 1557 vel—

2165 1583 2275 1649 let;
2310 1594 2365 1637 ut
2390 1594 2565 1639 autem
2588 1585 2771 1652 vellet,
2802 1585 2856 1643 in
2887 1587 3006 1656 ejus
3037 1588 3208 1644 libero
3232 1590 3448 1662 reliquit
3466 1595 3707 1650 arbitrio.
3735 1615 3758 1649 ι

2166 1677 2347 1747 Itaque
2375 1678 2543 1734 Adam
2570 1694 2674 1734 non
2705 1680 2976 1751 indigebat
3019 1681 3166 1738 dono
3220 1687 3447 1741 actualis
3500 1702 3765 1756 perseve-

465 1778 521 1824 et
570 1770 707 1825 velle
753 1770 1050 1826 decertant.
1093 1790 1110 1822 ›
1142 1770 1256 1826 Hoc
1310 1773 1486 1841 ipsum
1546 1774 1803 1829 docuerat
1845 1785 2062 1830 sanctus
2096 1780 2136 1849 β
2167 1773 2374 1840 rantize,
2407 1774 2531 1842 quia
2582 1773 2814 1830 habebat
2858 1775 3210 1848 adjutorium,
3240 1793 3345 1848 quo
3389 1794 3483 1849 per
3534 1782 3763 1838 modum

466 1862 628 1919 Pater
679 1864 773 1919 lib.
821 1864 889 1920 de
933 1864 1085 1920 Dono
1107 1867 1545 1935 perseverantiae,
1580 1882 1701 1937 cap.
1733 1866 1787 1931 8,
1822 1867 1935 1937 ubi,
1977 1882 2062 1923 re-

464 1956 738 2026 spondens
776 1957 1038 2026 quaerenti
1079 1973 1175 2013 cur
1216 1957 1355 2012 ﬁdeli
1409 1958 1549 2013 Deus
1590 1958 1822 2027 deneget
1862 1957 2060 2012 donum

468 2051 908 2120 perseverantize,
940 2052 1016 2105 ait
1050 2070 1063 2106 :
1099 2071 1117 2102 ‹
1162 2052 1300 2106 Deus
1338 2064 1516 2107 autem
1549 2052 1738 2106 melius
1766 2066 1889 2106 esse
1916 2050 2059 2119 judi-

466 2143 609 2207 cavit
668 2143 895 2198 miscere
947 2143 1207 2212 quosdam
1257 2158 1360 2197 non
1417 2154 1858 2213 perseveraturos
1911 2150 2063 2197 certo

466 2249 692 2289 numero
737 2244 1047 2290 sanctorum
1106 2249 1347 2300 suorum,
1380 2244 1439 2288 ut
1466 2236 1663 2305 quibus
1695 2250 1799 2290 non
1846 2234 2062 2304 expedit

467 2323 522 2377 in
548 2323 705 2393 hujus
735 2324 859 2379 vitae
907 2325 1202 2380 tentatione
1232 2324 1518 2391 securitas,
1554 2341 1657 2380 non
1706 2327 1911 2395 possint
1940 2341 2063 2381 esse

466 2413 663 2481 securi,
691 2415 888 2469 multos
920 2416 1061 2469 enim
1096 2431 1123 2468 a
1177 2416 1480 2485 perniciosa
1520 2417 1751 2472 elatione
1794 2417 2058 2486 reprimit,

466 2504 609 2573 quod
650 2501 727 2558 ait
776 2506 1066 2574 Apostolus
1108 2507 1478 2577 :Quapropter
1524 2508 1610 2578 qui
1659 2508 1856 2561 videtur
1899 2518 2058 2578 atare,

466 2595 633 2650 videat
657 2613 719 2650 ne
744 2597 895 2650 cadat
920 2596 970 2659 (ι
994 2596 1116 2653 Cor.
1153 2614 1209 2665 x,
1236 2599 1344 2668 i2).
1373 2599 1658 2653 Voluntate
1683 2600 1827 2654 ertim
1854 2615 1951 2655 sua
1970 2616 2062 2655 ca-

468 2684 547 2739 dit
574 2685 667 2755 qui
712 2686 876 2751 cadit,
920 2696 971 2741 et
1001 2688 1273 2742 voluntate
1317 2687 1411 2741 Dei
1450 2697 1556 2741 stat
1600 2688 1690 2757 qui
1737 2698 1863 2754 stat,
1902 2710 1921 2741 »
1954 2700 2060 2745 etc.

469 2774 604 2830 Hinc
629 2790 963 2848 quaecunque
1008 2786 1193 2833 contra
1238 2778 1377 2834 hanc
1410 2778 1758 2849 privationem
1790 2782 1947 2851 objici
1979 2797 2063 2839 so-

470 2868 600 2938 lent,
632 2870 824 2927 eodem
857 2886 1075 2941 prorsus
1098 2871 1261 2926 modo
1284 2872 1536 2927 solvenda
1568 2881 1695 2927 sunt
1720 2888 1784 2928 ac
1825 2874 1913 2929 illa
1944 2890 2065 2944 quae

470 2973 657 3020 contra
712 2966 1077 3037 ptenalitatem
1131 2967 1581 3036 concupiscentiae
1637 2968 1907 3041 Pelagiani
1954 2970 2065 3026 Au-

438 3062 443 3066 ‘
469 3057 682 3125 gustino
713 3058 838 3111 olim
869 3058 1231 3129 opponebaut.
2006 3076 2011 3083 '

2168 1866 2380 1921 habitus
2410 1868 2581 1921 inerat
2603 1865 2676 1920 illi
2709 1867 2951 1937 potentia
2983 1867 3229 1935 proxime
3264 1870 3507 1939 expedita
3537 1872 3599 1927 ad
3632 1887 3766 1943 per-

2165 1960 2554 2029 severandum;
2588 1960 2729 2016 unde
2759 1960 3087 2033 Augustinus
3134 1963 3186 2016 in
3236 1964 3344 2019 ﬁne
3395 1979 3511 2035 cap.
3536 1965 3599 2022 12
3629 1967 3713 2023 ait
3745 1984 3764 2021 :

2171 2072 2188 2105 ς
2225 2053 2359 2111 Cum
2415 2062 2470 2110 et
2522 2054 2769 2109 voluntas
2816 2055 2974 2124 primi
3026 2054 3259 2111 hominis
3288 2055 3440 2113 fortis
3467 2069 3517 2113 et
3545 2074 3680 2113 sana
3705 2059 3765 2114 in

2166 2146 2307 2202 bono
2342 2147 2607 2218 ampliore
2655 2162 2761 2201 non
2795 2146 3231 2218 perseveraverit
3272 2147 3474 2203 habens
3502 2149 3765 2205 virtutem

2165 2237 2320 2293 liberi
2376 2238 2605 2308 arbitrii,
2630 2240 2873 2310 quamvis
2932 2255 3036 2293 non
3066 2238 3315 2295 defuturo
3339 2240 3605 2311 adjutorio
3636 2242 3762 2311 Dei,

2166 2331 2285 2385 sine
2313 2345 2419 2400 quo
2452 2346 2561 2387 non
2619 2340 2803 2402 posset
2833 2346 3186 2401 perseverare
3208 2333 3253 2387 si
3278 2333 3435 2388 vellet
3475 2351 3489 2386 :
3520 2350 3627 2387 non
3681 2345 3768 2389 ta-

2168 2436 2290 2476 men
2323 2422 2411 2476 tali
2437 2438 2541 2493 quo
2566 2423 2617 2477 in
2649 2423 2739 2478 illo
2765 2418 2905 2478 Deus
2932 2434 3248 2493 operaretur
3272 2433 3326 2481 ut
3355 2425 3531 2480 vellet.
3556 2427 3768 2483 Fortis-

2138 2516 2304 2591 simo
2335 2516 2530 2586 quippe
2559 2515 2783 2584 dimisit,
2809 2526 2969 2587 atque
2998 2516 3239 2587 permisit
3270 2519 3443 2574 facere
3468 2520 3599 2590 quod
3638 2523 3771 2576 vel-

2168 2606 2261 2662 let.
2294 2625 2313 2658 ι
2348 2607 2528 2675 Quare
2552 2608 2757 2664 Adamo
2812 2610 2883 2664 nil
2915 2607 3082 2665 defuit
3114 2625 3177 2666 ex
3228 2620 3379 2679 parte
3428 2609 3518 2667 Dei
3552 2611 3617 2666 ad
3655 2614 3766 2668 hoc

2169 2707 2228 2755 ut
2259 2707 2440 2769 posset
2467 2716 2834 2770 perseverare,
2863 2702 2958 2757 sed
2986 2701 3090 2757 sibi
3146 2703 3334 2759 nolens
3388 2703 3583 2770 defuit;
3630 2721 3757 2760 nam

2167 2792 2215 2848 si
2243 2791 2522 2863 voluisset,
2556 2794 2803 2848 facillime
2854 2804 3280 2865 perseverasset.
3305 2797 3465 2852 Addit
3504 2798 3767 2870 Augusti-

2169 2897 2293 2951 nus,
2323 2885 2367 2939 si
2420 2885 2559 2939 Deus
2589 2884 2691 2940 hoc
2742 2884 3067 2954 adjutorium
3118 2887 3459 2959 denegasset,
3486 2890 3761 2945 Adamum

2168 2976 2402 3051 itemque
2427 2979 2646 3049 angelos
2670 2994 2774 3033 non
2804 2994 2899 3033 sua
2925 2981 3082 3051 culpa
3111 2996 3334 3037 casuros
3358 2982 3543 3051 fuisse,
3579 2986 3752 3041 ratio-

2170 3088 2292 3128 nem
2326 3072 2607 3144 assignans
2639 3090 2653 3127 :
2691 3092 2707 3123 ‹
2747 3072 3083 3144 Adjutorium
3115 3076 3312 3148 quippe
3342 3075 3600 3132 defuisset
3636 3079 3765 3134 sine

547 3147 892 3240 Expedienda
915 3148 1001 3240 hic
1022 3159 1107 3203 est
1126 3148 1435 3240 difficultas,
1455 3150 1596 3206 unde
1636 3152 1829 3207 tradita
1848 3154 2057 3224 Augus-
2086 3158 2134 3225 Ο
2167 3180 2273 3236 quo
2295 3179 2515 3220 manere
2545 3180 2649 3220 non
2682 3175 2913 3234 possent.
2952 3167 3102 3223 Nunc
3131 3147 3309 3225 autem
3361 3170 3552 3240 quibus
3597 3172 3766 3226 deest.

471 3236 693 3290 tinianae
739 3236 1025 3291 sententiae
1068 3239 1363 3308 explicatio
1419 3243 1652 3297 maxime
1680 3242 2054 3302 illustrabitur.

470 3330 742 3397 Carentia,
766 3330 1035 3401 inquiunt,
1050 3332 1179 3388 doni
1212 3337 1621 3403 perseverantia:
1639 3336 1735 3391 fuit
1760 3336 1814 3391 in
1829 3337 2056 3406 Adamo,

432 3440 436 3447 δ
472 3439 594 3479 nam
623 3424 1039 3494 perseverantite
1060 3426 1285 3493 donum,
1318 3428 1400 3481 ait
1426 3429 1753 3497 Augustinus
1783 3430 1837 3481 in
1870 3428 1962 3485 lib.
1991 3428 2060 3485 de

470 3513 823 3584 Correptione
846 3524 899 3570 et
926 3526 1089 3586 grat.,
1113 3532 1235 3587 cap.
1270 3517 1357 3585 ii,
1384 3519 1426 3572 si
1453 3516 1731 3582 habuisset,
1755 3533 2061 3588 perseveras-

471 3615 582 3671 set;
610 3621 739 3677 ergo
780 3607 1005 3677 privatio
1052 3608 1175 3664 doni
1200 3610 1614 3679 perseverantia:
1664 3623 1767 3663 non
1792 3617 1878 3664 est
1904 3624 2060 3681 pmna

471 3701 699 3771 peccati,
727 3702 924 3774 quippe
954 3718 1072 3773 quas
1100 3702 1197 3759 fuit
1258 3704 1417 3758 etiam
1466 3703 1520 3758 in
1550 3703 1763 3759 homine
1788 3712 1914 3758 ante
1942 3719 2064 3772 pec-

471 3803 668 3849 clttum.
691 3793 803 3849 Hoc
825 3804 1198 3861 argumentum
1220 3795 1348 3849 olim
1372 3793 1826 3863 Semi~Pelagiani
1849 3796 2060 3866 Augus-

474 3884 586 3939 tino
614 3885 937 3953 objiciebant
964 3886 1016 3938 in
1049 3885 1264 3939 laudato
1291 3885 1543 3955 lib.,cap.
1563 3886 1652 3952 10,
1672 3887 1759 3941 ubi
1778 3887 1845 3942 de
1860 3888 2063 3945 Adamo

478 3976 726 4045 inquiunt
751 3994 764 4029 :
788 3992 808 4025 α
837 3973 951 4028 Νοη
982 3988 1110 4043 ergo
1140 3970 1328 4029 habuit
1351 3977 1399 4029 in
1425 3976 1513 4031 illo
1542 3976 1683 4032 bono
1713 3992 2065 4049 perseveran-

419 4081 425 4087 '
474 4068 624 4133 tiam,
657 4076 709 4121 et
738 4068 784 4121 si
813 4082 919 4122 non
950 4066 1153 4136 habuit,
1188 4081 1294 4122 non
1315 4068 1499 4138 utique
1528 4072 1757 4140 accepit.
1782 4072 2065 4140 Quomodo

474 4159 617 4214 enim
651 4166 707 4213 et
759 4160 1058 4230 accepisset
1089 4162 1566 4231 perseverantiam,
1592 4174 1644 4218 et
1674 4179 1779 4220 non
1813 4179 2065 4235 perseve-

478 4250 688 4306 rasset?
710 4250 899 4319 Porro,
930 4252 975 4308 si
1006 4261 1288 4323 propterea
1317 4270 1424 4311 non
1456 4256 1643 4312 habuit
1669 4258 1790 4328 quia
1822 4274 1927 4313 non
1970 4273 2058 4313 ac-

475 4342 638 4414 cepit,
672 4343 797 4415 quid
823 4344 939 4414 ipse
969 4360 1073 4402 non
1106 4348 1497 4416 perseverando
1532 4350 1794 4419 peccavit,
1822 4351 1914 4420 qui
1945 4366 2066 4421 per-

475 4439 835 4496 severantiam
862 4456 966 4496 non
990 4440 1231 4511 accepit?
1252 4440 1436 4513 Neque
1457 4443 1599 4498 enim
1623 4442 1730 4498 diei
1750 4453 1925 4513 putest
1944 4444 2066 4500 idco

2168 3256 2272 3312 tale
2322 3256 2797 3327 adjutorium,jam
2849 3273 3005 3326 paena
3042 3261 3249 3330 peccati
3300 3270 3404 3329 est,
3439 3264 3630 3334 quibus
3663 3279 3767 3319 au-

2167 3357 2273 3403 tem
2302 3349 2477 3415 datur,
2511 3350 2810 3406 secundum
2836 3352 3059 3422 gratiam
3088 3354 3269 3423 datur,
3303 3370 3407 3412 non
3459 3360 3763 3412 secundum

2119 3511 2123 3514 ν
2163 3438 2425 3495 debitum.
2458 3461 2477 3494 ι
2514 3442 2657 3515 Ergo
2684 3443 2884 3499 donum
2919 3446 3164 3517 praebens
3197 3450 3485 3517 potentiam
3513 3448 3765 3519 proxime

2166 3534 2472 3606 expeditam
2489 3536 2552 3590 ad
2575 3537 3027 3607 perseverandum
3046 3539 3297 3595 traditum
3318 3540 3418 3596 fuit
3439 3541 3668 3607 Adamo,
3690 3544 3762 3597 ita

2166 3637 2223 3682 ut
2247 3629 2482 3685 carentia
2512 3632 2927 3701 perseverantia:
2954 3634 3173 3689 actualis
3217 3650 3323 3689 non
3368 3636 3634 3706 potuisset
3680 3636 3757 3692 illi

2165 3719 2417 3791 imputari
2452 3721 2643 3790 culpae,
2672 3722 2717 3776 si
2749 3738 2814 3777 eo
2857 3724 3123 3793 adjutorio
3178 3725 3461 3795 caruisset.
3496 3726 3757 3780 Caeterum

2164 3830 2228 3871 ex
2258 3824 2480 3885 peccato
2515 3815 2744 3883 perdidit
2782 3817 2883 3871 sibi
2912 3828 2965 3872 et
3010 3817 3162 3871 nobis
3202 3816 3306 3870 hoc
3332 3818 3595 3873 auxilium
3625 3833 3756 3874 con-

2164 3911 2391 3965 stituens
2421 3909 2716 3979 potentiam
2775 3910 3016 3978 proxime
3053 3908 3353 3981 expeditam
3405 3912 3470 3963 ad
3506 3886 3757 3983 perseve-

2165 4000 2415 4057 randum.
2448 4002 2626 4071 Quare
2648 3985 2880 4071 privatio
2907 4001 3063 4072 hujus
3092 3990 3345 4071 petentia:
3375 4001 3429 4055 in
3478 4004 3635 4058 nobis
3681 4011 3757 4058 est

2168 4109 2329 4167 pmna
2353 4095 2509 4166 primi
2542 4094 2764 4164 peccati,
2799 4108 2921 4148 nam
2978 4093 3261 4149 secundum
3314 4093 3534 4167 gratiam
3585 4095 3754 4161 datur,

2167 4208 2270 4255 non
2324 4190 2609 4245 secundum
2655 4188 2899 4242 debitum.
2949 4186 3117 4242 Tanta
3160 4202 3286 4242 vero
3337 4202 3433 4258 per
3480 4195 3756 4257 peccatum

2118 4342 2119 4345 η
2166 4281 2300 4339 Adae
2329 4290 2603 4337 contracta
2628 4280 3049 4351 estimpoteutia
3100 4279 3163 4333 ad
3218 4279 3459 4353 proxime
3510 4281 3759 4348 expedite

2168 4372 2649 4445 perseverandum,
2679 4383 2733 4427 ut
2766 4372 2811 4426 si
2858 4372 2998 4427 idem
3030 4356 3248 4437 omnino
3276 4368 3600 4456 adjutorium
3618 4369 3759 4440 quod

2168 4467 2349 4521 datum
2376 4466 2476 4521 fuit
2501 4466 2627 4519 Adae
2650 4464 2716 4518 ad
2736 4456 3215 4534 perseverandum,
3243 4463 3395 4517 nobis
3416 4461 3467 4514 in
3491 4469 3635 4515 statu
3668 4477 3761 4514 na-

476 4547 580 4588 non
611 4534 885 4604 accepisse
938 4533 1061 4602 quia
1086 4546 1195 4588 non
1216 4542 1300 4589 est
1325 4535 1593 4590 discretus
1619 4549 1649 4588 a
1681 4548 1857 4589 massa
1887 4535 2063 4603 perdi'
2088 4552 2144 4616 Ι)
2170 4566 2302 4614 turre
2334 4557 2500 4624 lapsae
2529 4533 2841 4617 donaretur,
2873 4570 2976 4607 non
3029 4563 3174 4609 esset
3212 4550 3479 4607 sufﬁciens
3510 4551 3577 4605 ad
3609 4565 3761 4605 amo-

414 4642 417 4647 ‘
474 4628 633 4685 tionis
655 4629 837 4699 gratiae
866 4628 1111 4699 largitate
1144 4645 1156 4679 :
1190 4628 1427 4683 nondum
1486 4628 1684 4697 quippe
1714 4634 1833 4681 erat
1887 4628 1973 4682 illa
2006 4630 2059 4684 in

476 4738 674 4794 genere
726 4722 961 4779 humano
1013 4722 1329 4792 perditionis
1358 4734 1553 4788 massa,
1587 4731 1876 4790 antequam
1931 4738 2059 4792 pec-

472 4826 669 4885 casset,
696 4831 761 4872 ex
789 4832 894 4886 quo
926 4824 1090 4871 tracta
1134 4826 1216 4870 eat
1238 4815 1389 4884 origo
1420 4813 1621 4868 vitiata.
1656 4832 1675 4866 ι
1711 4814 1921 4870 Nullum
1974 4830 2059 4871 ar-

473 4918 785 4980 gumentum
810 4922 985 4982 neque
1034 4909 1283 4969 subtilius
1309 4922 1484 4980 neque
1509 4909 1790 4979 Operosius
1831 4911 1935 4965 isto
1973 4926 2059 4967 so-

476 5004 648 5058 lutum
683 5018 913 5072 unquam
944 5003 1044 5059 fuit
1070 5004 1137 5060 ab
1189 5004 1509 5073 Augustino,
1537 5004 1807 5059 utsummi
1842 5003 2061 5074 ingenii

476 5099 623 5155 vires
663 5111 848 5153 omnes
896 5098 1069 5154 eidem
1119 5098 1373 5155 diluendo
1404 5098 1736 5169 impendisse
1775 5098 2057 5155 videatur:

407 5197 419 5203 "
475 5190 578 5248 tria
606 5191 748 5248 enim
780 5190 955 5260 capita
978 5192 1031 5245 in
1055 5189 1193 5245 libro
1218 5190 1286 5245 de
1312 5188 1671 5262 Correptiune
1696 5202 1749 5246 et
1776 5193 1951 5261 gratia
1980 5191 2061 5245 itt-

476 5296 642 5361 tcgrre
707 5284 1047 5356 responsioni
1104 5285 1405 5353 insumpsit,
1440 5300 1664 5353 quorum
1697 5299 1908 5339 summa
1934 5292 2059 5340 est:

406 5382 413 5389 ’
474 5381 741 5438 Adamum
773 5379 1025 5435 habuisse
1049 5376 1304 5431 auxilium
1336 5377 1452 5445 Dei,
1483 5392 1588 5446 quo
1623 5381 1865 5446 proxime
1894 5391 1947 5433 et
1973 5392 2066 5434 ex-

475 5475 655 5545 pedite
681 5480 891 5545 poterat
911 5482 1294 5541 perseverare,
1322 5469 1416 5525 sed
1457 5470 1527 5524 ita
1559 5480 1617 5525 ut
1666 5472 2064 5540 perseverantia

412 5564 415 5565 ⁷
482 5568 710 5623 actualis
735 5563 968 5636 reposita
993 5571 1138 5619 esset
1164 5563 1215 5618 in
1246 5576 1341 5617 usu
1365 5561 1535 5617 libero
1552 5562 1791 5631 ejusdem
1818 5564 2064 5632 ponendo

404 5648 411 5653 ’
480 5659 547 5712 ab
578 5661 809 5728 ipsemet.
837 5661 1115 5715 voluntate
1141 5657 1353 5722 Adami,
1386 5671 1545 5727 quam
1576 5673 1671 5727 per
1718 5657 1934 5713 modum
1969 5659 2063 5714 ha-
2108 5652 2111 5655 ’

477 5749 623 5809 bitus
653 5750 965 5820 adiuvabat.
994 5754 1075 5810 Ad
1105 5754 1209 5810 hoc
1236 5751 1610 5821 explicandum
1628 5749 1825 5808 ibidem
1841 5751 1947 5809 duo
1975 5752 2063 5807 illa

2169 4647 2396 4703 vendam
2430 4645 2571 4699 illam
2634 4643 3005 4712 impotentiam
3055 4641 3458 4712 perseverandi,
3493 4650 3550 4694 ut
3599 4640 3762 4696 docet

2168 4747 2385 4794 sanctus
2427 4736 2616 4790 doctor
2648 4750 2812 4806 prope
2844 4734 3001 4789 finem
3059 4750 3178 4803 cap.
3212 4734 3295 4800 12,
3328 4733 3443 4787 hrcc
3493 4732 3711 4786 tradens
3741 4750 3757 4785 :

2177 4848 2196 4883 ι
2232 4830 2289 4885 Si
2316 4828 2372 4883 in
2424 4838 2567 4882 tanta
2624 4826 2936 4882 inﬁrmitate
2970 4827 3089 4880 vitm
3119 4824 3298 4895 hujus,
3331 4824 3383 4878 in
3417 4839 3517 4894 qua
3568 4831 3753 4878 tamen

2169 4922 2481 4979 infirmitate
2522 4930 2743 4991 propter
2796 4919 3081 4974 elationem
3128 4915 3523 4987 reprimendam
3575 4916 3759 4986 perﬁci

2170 5013 2420 5069 virtutem
2455 5012 2756 5082 oportebat,
2782 5009 2911 5080 ipsis
2940 5011 3333 5077 relinqueretur
3361 5007 3617 5061 voluntas
3641 5016 3755 5073 sua,

2169 5105 2299 5162 utin
2332 5104 2597 5175 adjutorio
2629 5102 2744 5171 Dei,
2780 5100 2897 5154 sine
2952 5116 3058 5170 quo
3108 5114 3453 5170 perseverare
3475 5114 3587 5155 non
3636 5114 3761 5171 pos-

2167 5209 2308 5267 sent,
2336 5207 2614 5254 manercnt
2642 5198 2687 5251 si
2710 5196 2930 5263 vellent,
2960 5211 3061 5252 nec
3090 5196 3229 5252 Deus
3254 5197 3305 5252 in
3338 5197 3417 5252 eis
3441 5211 3761 5266 operaretur

2168 5306 2227 5352 ut
2257 5295 2481 5361 vellent,
2514 5292 2654 5349 inter
2681 5301 2753 5346 tot
2778 5300 2831 5347 et
2864 5301 3039 5346 tantas
3072 5291 3393 5347 tentationes
3443 5290 3759 5349 infirmitate

2171 5403 2264 5444 sua
2298 5385 2545 5441 voluntas
2577 5384 2692 5453 ipsa
2717 5383 3109 5451 succumberet,
3141 5390 3196 5438 et
3235 5382 3359 5442 ideo
3412 5399 3759 5457 perseverare

2175 5496 2277 5535 non
2304 5486 2542 5550 possent,
2567 5478 2685 5547 quia
2715 5476 3028 5532 deﬁcientes
3058 5475 3376 5535 inﬁrmitate
3407 5495 3507 5535 nec
3532 5476 3757 5541 vellent,

2168 5580 2260 5627 aut
2278 5587 2380 5626 non
2412 5572 2479 5624 ita
2509 5569 2710 5623 vellent
2738 5568 3043 5623 infirmitate
3065 5566 3359 5626 voluntatis
3382 5578 3442 5625 ut
3463 5576 3703 5640 possent.
3737 5586 3756 5620 ι

2171 5668 2247 5723 Ex
2279 5665 2361 5723 his
2392 5672 2537 5735 patet
2569 5662 2763 5718 solutio
2817 5660 3075 5731 propositi
3104 5666 3419 5736 argumenti,
3455 5662 3759 5734 negandum

2168 5766 2251 5817 est
2277 5759 2422 5816 enim
2453 5755 2779 5813 antecedens
2802 5796 2817 5824 ,
2841 5762 2899 5810 ut
2922 5753 3259 5829 intelligatur
3300 5758 3368 5813 de
3395 5756 3634 5816 carentia
3668 5769 3752 5825 po.
