3892 6348
173 309 288 368 lbi

1323 309 1643 376 VlNDlCLE
1681 315 2242 380 AUGUSTINIANE.

3362 331 3465 388 754

165 425 368 483 tentia
418 425 664 497 proxime
707 427 973 497 expedita)
1026 429 1095 490 ad
1145 432 1617 500 perseverandum;
1654 433 1768 492 haec
1797 437 1849 498 Α
1874 433 2024 490 Adae.
2049 435 2104 492 In
2137 433 2404 504 baptismo
2436 449 2561 494 vero
2601 440 2893 497 remittitur
2915 444 3070 513 culpa
3104 455 3158 502 et
3185 463 3338 520 paena
3371 448 3464 504 dc-

165 521 330 575 enim
363 521 592 591 privatio
618 522 673 576 in
717 521 929 578 Adamo
954 537 1057 578 non
1088 522 1208 588 fuit,
1243 526 1332 594 qui
1367 526 1593 582 habebat
1620 526 1771 598 adju-

167 611 381 666 toriutn
411 609 924 670 suilicientissimum
970 613 1034 668 ad
1060 615 1544 684 perseverandum;
1569 615 1771 672 solum-

163 718 288 771 que
323 704 398 758 illi
422 703 560 758 velle
607 719 761 759 suum
785 704 977 762 defuit.
1007 708 1075 761 At
1101 707 1214 773 ipse
1243 716 1297 762 et
1322 706 1425 764 sibi
1454 716 1510 761 et
1551 708 1648 764 toti
1678 723 1770 776 ge-

168 792 297 846 neri
347 795 579 847 humano
628 794 914 852 subsecuta
943 795 1064 851 talis
1114 797 1366 864 potentia:
1419 797 1768 866 priVationem

167 882 386 948 intulit,
422 884 578 952 cujus
608 886 892 942 occasione
921 895 1064 942 tanta
1091 887 1313 943 crimina
1339 889 1764 944 committuntur.

165 971 330 1027 Hanc
371 973 668 1032 doctrinam
726 977 898 1033 iusius
954 979 1211 1047 explicavi
1261 981 1505 1046 superius
1566 995 1684 1050 cap.
1711 982 1764 1036 5.

164 1063 468 1134 Gregorius
496 1068 873 1138 Ariminensis,
905 1071 958 1127 in
986 1070 1045 1137 ‘2,
1071 1071 1198 1130 dist.
1229 1069 1320 1139 26,
1356 1088 1409 1145 q.
1441 1072 1463 1124 1
1488 1071 1611 1141 et2,
1629 1073 1764 1128 idem

163 1169 238 1212 ex
273 1156 576 1227 Augustino
601 1159 780 1220 docet.

244 1257 521 1325 Objiciunt
567 1261 748 1328 plures
776 1302 793 1328 ,
817 1264 910 1331 qui
938 1266 1063 1322 llcet
1110 1275 1389 1333 peccatum
1430 1266 1685 1336 originale
1714 1267 1767 1322 iu

160 1345 238 1401 iis
262 1349 459 1416 quibus
491 1365 595 1405 non
618 1361 702 1408 est
724 1354 1007 1414 remissum
1035 1355 1334 1412 concedant
1353 1370 1472 1412 esse
1498 1356 1768 1414 sufﬁciens

164 1441 442 1496 motivutn
477 1445 895 1513 reprobatinnis,
919 1447 972 1501 in
1006 1447 1284 1515 baptizatis
1315 1456 1492 1502 tamen
1525 1447 1576 1502 id
1621 1447 1765 1512 nullo

157 1539 332 1598 pacto
392 1531 496 1586 dici
546 1547 702 1601 posse
742 1536 1049 1594 existimant
1090 1554 1103 1590 :
1142 1552 1262 1592 nam
1322 1547 1597 1606 peccatum
1667 1554 1759 1593 re-

159 1627 407 1678 missum
440 1641 547 1681 non
576 1637 752 1692 potest
778 1643 899 1684 esse
929 1643 1086 1685 causa
1116 1644 1213 1686 cur
1240 1630 1403 1684 homo
1457 1631 1759 1695 damnetur,

159 1727 280 1773 non
337 1726 484 1772 esset
529 1720 672 1774 enim
723 1723 1005 1785 remissum
1053 1723 1100 1777 si
1153 1731 1372 1793 propter
1428 1723 1557 1780 illud
1589 1734 1762 1780 morte

1875 525 1984 581 bita
2017 541 2259 595 personae
2291 542 2412 596 quae
2434 530 2824 600 peccavit,non
2853 535 3137 606 pmnalitas
3166 539 3367 596 inllicta
3397 557 3462 595 ex

1874 619 2048 690 primo
2082 614 2305 688 peccato
2336 621 2435 690 ipsi
2463 632 2688 689 naturai,
2715 625 2858 695 quod
2889 629 3136 698 exemplo
3184 632 3465 699 concupis-

1874 713 2066 768 centiae
2095 712 2327 768 diximus
2359 714 2477 769 ﬁeri
2528 718 2892 776 manifestum.
2925 720 3101 788 Quare
3131 721 3200 776 ob
3245 730 3464 791 peccata

1872 805 2100 860 actualia
2149 804 2394 862 homines
2446 807 2688 865 damnari
2745 811 2994 867 concedit
3047 822 3266 868 sanctus
3306 812 3464 870 Pater

1871 909 1990 964 cap.
2028 894 2094 949 l5
2120 895 2186 950 de
2215 895 2460 968 Corrept.
2486 905 2539 952 et
2567 907 2730 972 grat.,
2766 899 2820 955 in
2869 900 2974 955 line
2997 942 3013 968 ,
3049 902 3136 956 ubi
3180 903 3247 956 de
3280 916 3464 972 repro-

1872 987 1952 1042 bis
1979 989 2200 1058 loquens
2231 1005 2243 1040 :
2284 1007 2301 1038 ε
2331 989 2438 1044 Aut
2466 990 2630 1057 enim,
2667 992 2872 1064 inquit,
2905 994 3081 1062 iacent
3112 994 3212 1049 sub
3238 1006 3460 1064 peccato

1870 1078 2012 1149 quod
2041 1078 2367 1148 originaliter
2411 1080 2478 1134 de
2507 1084 2854 1151 generatione
2898 1093 3194 1152 traxerunt,
3229 1090 3283 1138 et
3336 1099 3458 1138 cum

1872 1168 1966 1226 illo
1997 1168 2339 1228 haereditario
2368 1169 2546 1226 debito
2596 1171 2720 1226 hinc
2766 1182 2984 1239 exeunt,
3022 1174 3164 1243 quod
3220 1189 3326 1228 non
3378 1182 3460 1228 est

1869 1260 2271 1328 regeneratione
2293 1261 2571 1318 dimissum
2596 1305 2610 1334 ,
2635 1274 2726 1318 aut
2776 1279 2868 1336 per
2895 1264 3117 1318 liberum
3171 1263 3452 1319 arbitrium

1874 1352 1980 1406 alia
2007 1353 2226 1422 insuper
2248 1353 2585 1417 addiderunt,
2617 1367 2744 1409 etc..
2780 1355 2868 1408 alii
2919 1357 3107 1424 magis,
3142 1357 3230 1409 alii
3254 1357 3449 1422 minus,

1868 1442 1964 1497 Sed
1994 1458 2179 1499 omnes
2211 1444 2360 1508 mali,
2389 1454 2441 1500 et
2468 1461 2566 1514 pro
2599 1447 2711 1516 ipsa
2740 1446 3051 1501 diversitate
3076 1447 3303 1502 diversis
3327 1461 3457 1518 sup-

1869 1533 2043 1606 pliciis
2099 1533 2520 1598 iudicandi;aut
2567 1535 2661 1590 Dei
2716 1537 2943 1605 gratiam
3001 1536 3456 1606 suscipiunt,sed

1870 1625 2204 1694 temporales
2243 1635 2384 1688 sunt,
2416 1640 2516 1680 nec
2549 1636 2926 1693 perseverant;
2959 1627 3236 1693 deserunt,
3266 1626 3322 1683 et
3351 1627 3452 1682 de-

1868 1727 2139 1774 seruntur.
2171 1717 2390 1771 Dimissi
2413 1719 2553 1772 enim
2585 1727 2707 1773 sunt
2737 1719 2908 1774 libero
2937 1721 3158 1774 arbitrio
3181 1761 3196 1784 ,
3225 1735 3331 1774 non
3363 1735 3454 1774 ac-

162 1815 432 1874 perpetua
461 1809 816 1875 plecteretur;
850 1811 1118 1881 baptizato
1172 1828 1302 1870 vero
1350 1822 1434 1870 est
1482 1815 1762 1870 remissum
1798 1815 1842 1875 B
1870 1819 2027 1880 cepto
2079 1810 2492 1878 perseverantia:
2552 1810 2716 1877 dono,
2748 1811 2948 1877 judicio
2983 1809 3072 1864 Dei
3110 1810 3257 1879 justo
3285 1819 3338 1865 et
3363 1825 3453 1866 oc-

165 1895 437 1965 originale
465 1907 767 1968 peccatum,
794 1910 848 1956 et
879 1912 1100 1972 pr0pter
1144 1904 1274 1959 illud
1322 1904 1451 1958 nulli
1479 1919 1650 1974 poena:
1679 1914 1761 1959 est

161 1987 500 2058 subjectus;
558 2007 656 2048 nec
705 2002 881 2062 potest
941 1997 1190 2068 componi
1253 1996 1505 2052 voluntas
1577 1997 1764 2052 remit-

167 2081 324 2137 tendi
378 2094 650 2152 peccatum
704 2101 824 2142 cum
877 2089 1152 2145 voluntate
1207 2090 1514 2156 damnandi,
1546 2101 1598 2146 et
1631 2091 1758 2146 illud

168 2183 437 2230 mternutn
467 2178 744 2247 puniendi.
779 2179 919 2235 Sane
951 2179 1343 2250 Tridentinum,
1373 2184 1424 2237 in
1450 2183 1670 2238 decreto
1693 2183 1758 2238 de

164 2263 401 2319 Peccato
449 2265 728 2338 originali,
780 2269 965 2323 statuit
1012 2269 1142 2324 nihil
1187 2272 1534 2325 damnationis
1556 2288 1675 2326 esse
1705 2273 1754 2326 itt

135 2357 481 2428 _baptizatis;
502 2368 645 2416 esset
672 2371 849 2416 autem
877 2363 1101 2418 multum
1135 2362 1512 2432 damnatioms,
1543 2367 1586 2420 si
1612 2366 1756 2420 ines-

164 2459 254 2506 set
283 2451 482 2522 aliquid
540 2451 757 2523 dignum
781 2456 957 2524 puniri
988 2471 1146 2526 pretia
1187 2466 1407 2514 aeterna.
1442 2459 1555 2524 Hoc
1599 2474 1756 2531 argu-

165 2553 412 2600 mentum
448 2545 650 2613 pariter
680 2547 1131 2618 Serui-Pelagiani
1159 2560 1345 2605 contra
1375 2562 1619 2606 sanctum
1648 2554 1755 2608 Au-

162 2639 439 2708 guStinum
470 2638 836 2704 adducebant;
869 2655 990 2695 nam
1021 2657 1140 2696 cum
1161 2643 1248 2697 ille
1262 2653 1529 2697 assereret
1561 2658 1752 2710 pecca-

163 2739 282 2786 tum
315 2729 576 2800 originale
615 2745 736 2786 esse
782 2747 996 2787 causam
1044 2747 1140 2793 cur
1170 2734 1415 2790 homines
1463 2734 1754 2789 univcrsim

163 2820 370 2877 fuerint
398 2821 686 2892 reprobati,
711 2837 842 2891 quos
866 2822 1045 2878 divina
1072 2823 1470 2892 praedeStinatio
1498 2838 1626 2878 suos
1653 2841 1757 2879 non

167 2910 392 2975 fecerat,
417 2909 723 2966 inferebant
770 2913 870 2966 hoc
898 2912 1189 2970 absurdum
1221 2928 1289 2969 ex
1320 2914 1602 2985 Augustini
1635 2930 1757 2969 scn-

169 3002 356 3066 tentia,
374 3003 539 3069 -qund
568 3004 629 3055 ab
653 3003 724 3055 eis
739 3003 828 3068 qui
846 3019 946 3057 non
968 3016 1084 3056 sunt
1113 3005 1457 3074 piwdestinati
1481 3005 1549 3074 ad
1579 3007 1753 3075 vitam,

168 3109 268 3150 non
296 3092 493 3164 auferat
523 3103 757 3164 percepta
796 3094 1033 3164 baptismi
1071 3097 1239 3164 gratia
1289 3096 1541 3167 originale
1569 3113 1750 3164 pecca-

1865 1903 2028 1956 culto.
2065 1920 2084 1954 ι
2117 1901 2258 1972 Lege
2287 1917 2406 1972 cap.
2440 1902 2508 1957 93
2538 1902 2856 1957 Enchiridii.
2893 1903 2971 1956 Ex
3019 1903 3210 1972 quibus
3253 1902 3452 1972 colligo

1867 1995 2191 2049 taxationem
2234 2009 2408 2064 pinnae
2439 1995 2744 2065 dependere
2783 2011 2814 2050 a
2863 1997 3098 2064 peccatis
3153 1997 3449 2051 actualibus

1864 2088 1917 2141 in
1941 2103 2059 2156 quae
2085 2087 2246 2142 homo
2279 2087 2612 2159 labiturquia
2643 2088 2842 2144 deserit
2877 2091 3073 2154 Deum;
3099 2089 3444 2146 deseritvero

1861 2182 1980 2252 quia
2028 2188 2109 2234 est
2137 2171 2394 2236 dimissus
2419 2181 2588 2237 libero
2634 2181 2856 2235 arbitrio
2878 2221 2893 2247 ,
2921 2196 3025 2236 non
3056 2192 3280 2249 accepto
3307 2180 3450 2235 dono

1861 2271 2299 2340 perseverantiae,
2325 2271 2531 2340 judicio
2573 2271 2668 2326 Dei
2709 2271 2876 2341 justo,
2909 2281 3101 2341 nempe
3149 2274 3205 2327 in
3235 2287 3445 2342 pronam

1862 2363 2063 2430 peccati
2119 2363 2417 2434 originalis.
2449 2362 2713 2419 Caeterum
2767 2364 2926 2418 homo
2978 2364 3295 2433 baptizatus,
3326 2364 3449 2417 licet

1861 2453 2212 2510 habeatillam
2244 2456 2600 2524 privationem
2629 2455 2756 2509 doni
2783 2457 3221 2526 perseverantiae,
3253 2464 3304 2509 et
3342 2469 3444 2508 non

1859 2547 1926 2601 sit
1949 2547 2142 2618 dignus
2174 2548 2313 2603 hanc
2341 2549 2698 2618 habere,quia
2732 2564 2834 2604 non
2859 2549 3014 2604 datur
3044 2548 3334 2603 secundum
3358 2547 3449 2602 de-

1864 2637 2059 2705 bitum,
2093 2655 2200 2691 non
2258 2650 2340 2692 est
2391 2651 2565 2693 tamen
2600 2640 2855 2693 dicendus
2905 2639 2994 2692 illa
3058 2638 3327 2706 indiguus,
3354 2652 3447 2692 seu

1862 2727 2063 2783 habere
2092 2729 2329 2782 debitum
2359 2746 2461 2782 non
2492 2729 2755 2793 habendi,
2780 2728 3046 2797 quomodo
3099 2737 3224 2781 sunt
3255 2741 3443 2796 pecca-

1842 2822 2028 2887 tores,
2059 2819 2152 2874 sed
2183 2829 2386 2873 tantum
2420 2823 2526 2873 nOn
2559 2821 2716 2873 habet
2753 2819 2992 2873 debitum
3035 2818 3283 2887 habendi,
3310 2819 3448 2886 quod

1861 2908 2098 2965 debitum
2163 2911 2393 2966 habebat
2438 2912 2628 2976 Adam,
2685 2911 2825 2966 unde
2863 2926 2966 2966 non
2991 2925 3108 2965 esse
3150 2910 3306 2978 hujus
3355 2924 3450 2979 po-

1862 3005 2042 3058 tentiae
2069 3005 2312 3074 proxime
2333 3005 2600 3075 expeditae
2630 3006 2694 3059 ad
2725 3006 3183 3075 perseverandum
3217 3019 3323 3059 non
3354 3019 3450 3075 po-

1862 3103 1965 3150 test
1993 3095 2096 3151 dici
2127 3097 2240 3151 sola
2267 3099 2500 3166 negatio,
2533 3097 2626 3152 sed
2653 3112 2774 3152 vera
2800 3097 3046 3166 privatio,
3081 3099 3204 3166 quia
3251 3107 3334 3152 est
3361 3112 3450 3152 ca-

167 3190 298 3240 tum.
331 3184 454 3239 llazc
508 3194 588 3239 est
618 3187 762 3242 enim
787 3185 1020 3242 secunda
1050 3186 1276 3256 objecti.)
1304 3187 1610 3254 Gallorum,
1636 3203 1741 3258 qua
1781 3180 1828 3243 C
1862 3188 2031 3241 rentia
2058 3175 2183 3241 deni
2214 3187 2348 3240 alias
2380 3187 2542 3242 debiti
2575 3203 2782 3244 naturae
2821 3195 2978 3256 prout
3032 3189 3254 3244 elevatae
3283 3188 3348 3243 ad
3381 3189 3449 3242 il-

169 3276 464 3331 tloctrinam
496 3276 668 3331 sancti
694 3276 888 3346 Patris,
917 3284 1045 3332 teste
1071 3276 1355 3346 Prospero,
1376 3279 1748 3348 suggillabant.

168 3365 486 3435 Respondeo
525 3379 795 3438 peccatum
830 3367 1089 3440 originale
1125 3368 1365 3423 intulisse
1399 3384 1584 3440 poenas
1631 3385 1754 3440 pro-

167 3461 310 3528 prias
339 3461 506 3532 ipsius
551 3472 777 3530 naturae,
808 3471 861 3516 et
912 3461 1007 3516 has
1038 3478 1131 3540 per
1160 3464 1480 3533 baptismum
1513 3476 1619 3516 non
1670 3477 1755 3516 re-

166 3545 334 3612 mitti,
365 3561 585 3614 quarum
620 3546 905 3615 praecipuae
935 3557 1059 3601 sunt
1088 3547 1515 3616 concupiscentia
1543 3555 1597 3599 et
1650 3546 1756 3614 pri-

165 3637 318 3690 vatio
344 3638 587 3706 potentiae
614 3637 856 3708 proxime
887 3637 1150 3706 expeditae
1199 3637 1264 3691 ad
1297 3636 1750 3706 perseverandum

163 3729 223 3782 in
259 3736 474 3797 accepta
500 3728 725 3797 justitia,
752 3738 805 3784 et
837 3731 913 3784 sic
938 3728 1068 3782 nihil
1114 3729 1475 3783 damnationis
1515 3736 1757 3782 remanet

163 3819 222 3874 in
249 3820 517 3889 baptizato
537 3861 551 3886 ,
579 3830 735 3890 prout
761 3821 1034 3876 damnatio
1077 3822 1284 3892 culpam
1338 3823 1621 3894 signiﬁcat,
1651 3838 1754 3876 non

168 3927 304 3966 vero
359 3922 514 3983 prout
543 3915 669 3972 dicit
702 3931 932 3987 pinnam.
974 3916 1106 3971 Nam
1138 3915 1333 3972 ibidem
1385 3920 1541 3972 docet
1571 3926 1752 3972 sancta
1806 3915 1811 3919 “

164 4008 407 4080 synodus
438 4025 717 4066 remanere
747 4011 1236 4081 concupiscentiam
1257 4057 1269 4081 ,
1299 4029 1416 4083 quae
1464 4029 1526 4066 ex
1555 4022 1756 4081 peccato

166 4112 241 4157 est
270 4110 319 4157 et
342 4105 408 4157 ad
431 4114 689 4175 peccatum
712 4106 945 4160 inclinat.
973 4105 1128 4162 Nullo
1150 4121 1276 4160 vero
1326 4115 1479 4176 pacto
1509 4105 1758 4159 concedi-

173 4203 263 4250 tur
288 4196 557 4254 hominem
602 4197 924 4266 baptizatum
967 4198 1206 4252 damnari
1239 4206 1453 4266 propter
1484 4207 1755 4269 peccatum

170 4289 436 4358 originale
484 4288 800 4358 fortnaliter,
828 4299 880 4344 et
932 4306 1050 4350 esse
1075 4291 1280 4345 ratione
1309 4291 1452 4344 illius
1481 4301 1536 4344 ut
1583 4305 1756 4346 causa:

170 4381 428 4452 proximae
484 4384 847 4451 reprobatum,
879 4382 972 4437 sed
1025 4383 1248 4437 dicimus
1295 4384 1594 4438 radicaliter
1629 4399 1754 4454 pcc-

168 4480 350 4527 catum
378 4473 635 4544 originale
661 4489 780 4530 esse
809 4489 1021 4530 causam
1072 4475 1461 4546 reprobationis
1517 4476 1753 4530 ﬁdelium

1861 3292 1982 3350 nem
2013 3279 2497 3348 snpernaturaletl.

1933 3370 2203 3424 llactenus
2236 3370 2349 3424 lucc
2380 3386 2477 3439 pro
2506 3369 2826 3440 explicanda
2858 3372 3119 3426 sententia
3152 3373 3320 3426 sancti
3343 3373 3446 3427 Att-

1820 3473 1822 3475 ‘
1859 3461 2053 3531 gustini
2097 3461 2363 3514 insinuata
2405 3463 2533 3524 sint,
2577 3462 2820 3530 pluribus
2852 3463 2993 3518 enim
3024 3462 3270 3517 eamdem
3314 3478 3442 3517 sen-

1859 3553 2079 3606 tentiam
2111 3560 2165 3605 et
2190 3561 2464 3621 exponunt
2505 3560 2560 3605 et
2602 3551 2901 3606 defendunt
2927 3553 3275 3608 eruditissimi
3299 3553 3448 3608 theo-

1861 3643 1964 3711 logi
2021 3643 2239 3696 Ruizius
2270 3652 2322 3696 et
2354 3643 2620 3696 Goneltus
2663 3643 2882 3696 laudati.
2917 3641 3074 3698 Unde
3114 3645 3298 3697 nescio
3343 3659 3448 3713 quo

1863 3735 2054 3805 panico
2105 3734 2300 3789 timore
2346 3734 2622 3801 perculsus
2666 3733 2808 3787 illam
2852 3733 3090 3788 Adatnus
3144 3734 3441 3803 horruerit,

1861 3841 2121 3882 accusans
2146 3825 2391 3880 eamdem
2421 3835 2670 3894 tanquam
2703 3833 2927 3880 matrem
2971 3822 3299 3879 Calvinianae
3337 3825 3446 3879 ha:-

1861 3933 2082 3985 reseos;
2117 3919 2256 3987 quod
2288 3916 2501 3988 quidem
2525 3917 2783 3972 attentius
2812 3917 3184 3986 considerans,
3215 3917 3447 3997 arbitror

1861 4010 2006 4064 illum
2058 4010 2383 4067 intellexisse
2430 4024 2670 4064 errorem
2719 4009 2850 4065 satis
2907 4017 3109 4076 notum,
3168 4025 3360 4079 nempe
3394 4013 3443 4064 in

1804 4104 1808 4107 ’
1863 4104 2143 4173 baptizatis
2175 4118 2299 4157 vere
2329 4116 2609 4156 remanere
2641 4108 2921 4170 peccatum
2949 4100 3175 4169 originis
3202 4117 3215 4166 ;
3246 4101 3442 4155 etenim

1861 4196 1905 4251 si
1948 4205 2068 4265 post
2101 4195 2422 4264 baptismum
2453 4194 2627 4248 adhuc
2663 4193 2835 4247 ﬁdelis
2865 4199 3040 4262 potest
3071 4193 3344 4261 reprobari
3375 4195 3443 4247 oh

1863 4297 2138 4357 peccatum
2163 4287 2404 4357 originis,
2423 4301 2527 4340 non
2549 4286 2709 4355 igitur
2724 4287 3048 4341 cstdelctum
3066 4295 3117 4341 et
3134 4288 3439 4351 remissum,

1861 4396 1980 4433 cum
1995 4379 2188 4450 aliquid
2208 4387 2482 4434 remaneat
2497 4380 2547 4432 in
2565 4379 2765 4434 renatis
2780 4381 2848 4431 ob
2863 4380 3002 4449 quod
3018 4389 3276 4433 aeternum
3290 4379 3443 4432 dam-

1863 4479 2073 4526 nentur.
2129 4472 2197 4525 At
2239 4471 2350 4525 haec
2382 4481 2496 4526 erat
2535 4481 2686 4526 vetns
2716 4472 3006 4536 calumnia,
3057 4485 3218 4539 quam
3265 4469 3442 4524 Semi-

169 4563 262 4632 qui
293 4563 631 4633 damnantur,
663 4575 924 4636 quatenus
954 4581 1018 4619 ex
1037 4567 1126 4620 illo
1153 4577 1328 4620 ortum
1361 4565 1544 4622 habuit
1576 4567 1751 4638 priva-
1779 4565 1833 4626 Β
1857 4563 2144 4633 Pelagiani,
2163 4571 2219 4617 ut
2240 4580 2304 4619 ex
2333 4564 2595 4634 Prospero
2617 4565 2872 4633 diximus,
2893 4563 3293 4633 Augustinianaa
3318 4576 3442 4616 sen-

170 4654 247 4710 tio
275 4658 524 4725 p0tentiae
571 4658 811 4726 proxime
864 4659 1128 4728 expedita:
1160 4658 1224 4712 ad
1275 4659 1744 4730 perseverandum,

171 4747 274 4802 sub
323 4763 424 4818 qua
458 4749 683 4818 prazciso
732 4751 932 4804 auxilio
960 4751 1180 4820 speciali
1213 4752 1303 4806 Dei
1338 4751 1495 4806 homo
1525 4752 1748 4806 salutem

169 4854 278 4895 non
325 4844 709 4910 consequitur,
744 4842 836 4896 sed
898 4843 1090 4897 labitur
1141 4845 1194 4897 in
1247 4855 1459 4913 peccata
1509 4846 1578 4898 ob
1633 4861 1750 4915 qua:

170 4932 414 5000 proxime
442 4943 497 4988 et
526 4931 824 4988 formaliter
861 4949 891 4988 a
918 4934 1025 4988 Deo
1056 4934 1356 4987 damnatur.
1400 4935 1579 5002 Neque
1607 4935 1747 4990 enim

169 5035 427 5091 negamus
453 5023 618 5079 Deum
649 5025 940 5096 reprobare
971 5027 1202 5096 aliquem
1226 5025 1294 5080 ob
1329 5036 1542 5094 peccata
1571 5038 1751 5082 actua-

170 5113 261 5180 lia,
286 5129 454 5184 neque
503 5116 732 5170 dicimus
774 5116 940 5170 Deum
998 5117 1144 5186 prius
1198 5116 1484 5185 reprobure
1534 5125 1749 5186 prepter

170 5207 444 5276 originale,
472 5209 667 5264 deinde
689 5211 849 5265 etiam
878 5209 947 5264 ob
980 5211 1230 5274 aetualia,
1257 5222 1311 5263 ut
1340 5210 1564 5279 opponit
1585 5209 1749 5265 Joan-

173 5313 266 5352 nes
295 5313 323 5351 a
343 5299 939 5372 SanctoThoma,disp.
958 5301 1022 5355 l0
1049 5301 1113 5355 de
1134 5301 1573 5369 Reproh,,art.“2,
1601 5318 1747 5356 num.
1795 5309 1800 5313 ’

175 5391 273 5456 50;
298 5392 391 5446 sed
429 5394 721 5449 asserimus
770 5395 934 5450 Deutn
964 5394 1274 5448 immediate
1313 5393 1566 5448 damnare
1596 5410 1749 5462 paena

177 5489 368 5536 aeterna
401 5483 670 5539 hominem
698 5485 766 5539 ob
816 5492 1027 5555 peccata
1053 5484 1300 5550 actualia,
1336 5485 1384 5537 in
1418 5501 1535 5554 qua:
1565 5485 1753 5538 incidit

178 5575 243 5629 ob
273 5573 640 5645 impotentiam
666 5579 1062 5648 perseverandi,
1082 5593 1173 5633 seu
1196 5579 1264 5632 ob
1287 5580 1636 5648 privationem
1661 5596 1756 5649 po-

180 5670 356 5726 tentia:
385 5671 629 5740 proxime
655 5673 918 5742 expeditae
949 5671 1014 5726 ad
1039 5673 1643 5742 perseverandum,qu:n
1675 5681 1756 5727 cst

184 5773 334 5832 poena
363 5759 610 5820 humana:
642 5775 845 5820 naturae
866 5764 1054 5820 relicta
1075 5763 1141 5820 ad
1189 5778 1413 5836 agonem
1441 5778 1506 5820 ex
1537 5772 1756 5836 peccato

1861 4657 2038 4711 tentia:
2069 4655 2395 4720 inferebant,
2429 4672 2455 4708 a
2484 4673 2588 4725 qua
2621 4661 2867 4713 eamdem
2903 4655 3087 4725 procul
3116 4668 3236 4709 esse
3263 4660 3444 4708 osten-

1856 4746 2054 4801 dimus.
2105 4746 2290 4818 Longe
2339 4763 2465 4803 vero
2505 4751 2658 4805 abest
2705 4756 2923 4803 sanctus
2971 4746 3158 4801 doctor
3197 4761 3226 4799 a
3273 4745 3443 4801 Calvi-

1857 4843 2115 4896 nistarum
2161 4844 2431 4898 sententia
2458 4860 2472 4898 :
2499 4845 2582 4898 isti
2617 4844 2759 4896 enim
2805 4847 2991 4910 putant
3039 4840 3209 4908 ipsam
3242 4854 3440 4895 concu-

1855 4932 2171 5000 piscentiam
2214 4948 2335 4988 esse
2381 4934 2676 4986 l‘nrnialiter
2716 4940 2991 5000 peccatum
3040 4930 3278 5002 originis,
3323 4948 3442 5001 tntae

1856 5039 1977 5078 cum
2028 5035 2304 5079 remaneat
2334 5034 2454 5093 post
2491 5027 2836 5095 baptismum,
2890 5025 3076 5080 dicunt
3121 5041 3227 5082 non
3275 5026 3440 5082 fuisse

1857 5115 2089 5170 deletum
2132 5126 2429 5185 peccatum,
2479 5118 2573 5172 sed
2619 5124 2817 5173 tectum
2862 5126 2914 5174 et
2958 5133 3063 5174 non
3095 5119 3439 5189 imputatunt.

1858 5213 1927 5264 At
1952 5216 2167 5264 sanctus
2187 5207 2375 5264 doctor
2404 5224 2509 5265 non
2536 5211 2813 5266 constituit
2837 5210 2889 5267 in
2916 5212 3029 5282 ipsa
3056 5215 3438 5282 concupiscen-

1860 5305 1929 5359 tia
1964 5305 2247 5359 essentiam
2295 5305 2496 5374 peccati
2529 5306 2823 5376 originalis,
2856 5305 2951 5362 sed
2983 5307 3037 5361 in
3064 5315 3216 5363 reatu
3245 5312 3298 5359 et
3325 5320 3440 5359 ma-

1859 5397 2000 5464 cula,
2040 5412 2158 5466 qua:
2205 5405 2312 5451 tota
2355 5396 2563 5452 deletur
2593 5399 2645 5452 in
2674 5399 2960 5468 baptismo.
3006 5397 3158 5453 Unde
3185 5396 3277 5451 lib.
3308 5394 3440 5450 nde

1859 5498 2198 5557 peccatorum
2244 5489 2466 5554 Meritis,
2510 5505 2627 5558 cap.
2669 5490 2760 5555 28,
2808 5491 3032 5559 loquens
3062 5489 3128 5544 de
3160 5488 3440 5557 concupis-

1855 5581 2053 5647 centia,
2087 5585 2159 5635 ait
2186 5599 2200 5638 :
2237 5604 2252 5635 ‹
2276 5583 2391 5637 Νοη
2423 5584 2501 5638 sic
2544 5591 2724 5639 manet
2771 5585 2824 5638 in
2857 5581 3113 5637 membris
3140 5597 3326 5638 eorum
3349 5581 3438 5651 qui

1856 5690 1919 5727 cx
1943 5688 2076 5742 aqua
2104 5685 2156 5729 et
2185 5675 2384 5744 Spiritu
2423 5678 2593 5730 renati
2628 5684 2772 5742 sunt,
2805 5685 3055 5745 tanquam
3087 5690 3192 5730 non
3223 5676 3293 5729 sit
3321 5675 3438 5743 ejus

1859 5765 1997 5821 facta
2036 5767 2306 5835 remissio,
2357 5769 2442 5825 ubi
2488 5770 2706 5825 omnino
2749 5769 2906 5839 plena
2933 5777 2988 5825 et
3011 5769 3245 5840 perfecta
3268 5767 3327 5824 ﬁt
3349 5783 3437 5825 re-
