3930 6306
516 304 620 362 735

1409 296 1971 362 SUPPLEMENTUM
2008 296 2101 356 AD
2138 295 2371 356 OPERA
2411 294 2472 355 S.
2514 291 2907 355 AUGUSTINI.

3702 298 3818 359 756

520 420 708 475 missio
760 426 1105 491 peccatorum
1158 418 1410 475 omnibus
1460 418 1763 475 inimicitiis
1815 417 2113 473 interfectis
2139 420 2192 480 Α
2219 415 2525 485 consultos,
2560 416 2701 485 apud
2731 429 2870 486 quos
2900 412 3022 485 plus
3050 412 3302 483 ponderis
3327 414 3485 470 unius
3522 415 3815 485 Augustini

516 513 711 581 quibus
752 514 1141 581 separabnmnr
1197 527 1227 566 a
1288 513 1416 567 Deo.
1449 529 1466 562 ι
1527 511 1668 580 Lege
1725 510 2113 566 Bellarminum

521 617 652 663 tum.
696 604 781 666 IV,
837 605 927 658 lib.
966 622 1017 670 ν,
1045 605 1112 659 de
1146 604 1449 657 Amissione
1480 605 1688 673 gratiae,
1717 617 1835 672 cap.
1870 602 1923 668 8,
1959 600 2010 656 id
2042 615 2112 657 ex

520 698 818 765 Augustino
841 698 1047 753 erudite
1079 697 1417 766 probantem.
1445 697 1557 751 Hoc
1590 698 1761 765 ipsum
1794 706 1972 751 tamen
2004 709 2115 750 me-

520 792 620 844 lius
647 806 709 845 ac
741 791 911 846 fusius
937 790 1178 859 explicat
1208 789 1265 843 Ρ.
1304 790 1523 844 Macedo
1554 791 1642 845 lib.
1680 806 1733 844 IV
1764 789 1831 845 de
1860 788 2113 844 Clavibus

523 883 682 943 Petri,
726 899 845 953 cap.
875 884 905 934 Pi
933 892 987 938 et
1019 882 1071 935 7.
1119 882 1236 937 Non
1269 893 1353 938 est
1381 882 1546 951 igitur
1574 899 1672 936 cur
1704 883 1941 936 Adamus
1968 882 2113 937 cele-

528 974 813 1032 berrimam
862 974 1031 1029 sancti
1064 973 1239 1029 Patris
1270 976 1593 1030 sententiam
1623 973 1934 1029 Calvinismi
1976 974 2111 1027 insi-

523 1068 705 1128 mulet,
736 1081 853 1119 cum
881 1064 1135 1118 Calvinus
1159 1065 1258 1119 hac
1287 1066 1340 1119 in
1370 1080 1428 1120 re
1450 1066 1662 1134 longius
1695 1066 1760 1118 ab
1788 1064 2109 1133 Augustino,

519 1159 561 1209 si
597 1160 717 1224 quis
749 1157 889 1211 alius
920 1157 1135 1211 abierit.
1168 1156 1275 1211 Sed
1309 1166 1645 1210 transeamus
1671 1155 1737 1209 ad
1769 1154 1896 1219 alia,
1922 1154 2111 1223 suique

519 1251 723 1305 Ctlttsilil
752 1267 941 1307 causas
963 1249 1277 1304 adversario
1300 1249 1651 1304 dimittamus.

521 1360 681 1431 §Xl.
732 1365 811 1415 An
878 1362 1125 1415 erraverit
1181 1360 1499 1431 Augustinus
1558 1359 1747 1412 docens
1791 1356 2109 1431 occisionem

623 1434 937 1503 grassatoris
967 1434 1145 1485 mortis
1174 1429 1472 1485 intentantis
1502 1446 1605 1483 non
1642 1444 1752 1483 esse
1782 1429 1996 1481 licitam.

599 1547 856 1602 Ultimum
899 1562 1055 1616 quem
1085 1553 1276 1599 sancto
1303 1543 1449 1598 Patri
1477 1558 1716 1597 errorem
1753 1539 2010 1612 objiciunt
2052 1540 2105 1595 in

518 1655 749 1694 examen
798 1656 1087 1705 vocamus;
1119 1639 1366 1709 inquiunt
1417 1637 1562 1693 enim
1610 1636 1857 1691 eumdem
1907 1635 2109 1692 dixisse

517 1731 656 1785 haud
699 1732 896 1785 licitum
922 1747 1029 1786 esse
1054 1730 1284 1784 occidere
1311 1740 1653 1808 grassatorem
1680 1728 1765 1797 qui
1804 1726 1949 1781 nobis
1989 1726 2107 1780 velit

2220 509 2515 564 auctoritas
2563 509 2770 572 valuit,
2820 523 2980 577 quam
3040 507 3273 578 vulgaris
3319 508 3551 564 aliorum
3597 511 3809 579 opinio.

2219 603 2519 671 Antequam
2542 610 2718 657 tamen
2735 601 2905 655 sancti
2925 600 3160 655 doctoris
3176 602 3496 656 sententiam
3510 601 3807 671 explicem,

2215 708 2415 749 moneo
2462 693 2603 747 haud
2652 706 2789 762 opus
2843 693 3007 747 fuisse
3036 693 3319 749 nonnullos
3347 702 3495 749 tanta
3526 694 3810 762 diligentia

2216 786 2502 856 utriusque
2526 786 2667 854 juris
2698 784 3005 840 testimonia
3033 786 3373 857 conquirere,
3405 789 3561 857 queis
3590 789 3808 844 invaso-

2214 877 2290 931 ris
2320 879 2520 933 occisio
2565 893 2685 933 cum
2732 878 3102 935 moderamine
3137 876 3424 949 inculpatae
3452 880 3642 935 tutela:
3681 895 3809 935 eon-

2214 968 2444 1036 ceditur,
2474 984 2586 1025 uno
2612 972 2753 1025 enim
2778 974 2943 1027 verbo
2971 972 3081 1039 jam
3109 971 3239 1026 olim
3289 973 3649 1042 responderat
3685 989 3809 1030 san-

2213 1071 2329 1117 ctus
2359 1065 2547 1119 doctor
2572 1079 2690 1135 cap.
2710 1064 2741 1116 5
2760 1065 2981 1120 laudato
3005 1082 3020 1119 :
3052 1084 3071 1117 ι
3100 1065 3294 1136 Legem
3323 1065 3539 1134 quidem
3567 1068 3700 1121 satis
3732 1068 3808 1123 vi-

2214 1155 2316 1210 deo
2339 1170 2457 1211 esse
2481 1158 2737 1211 munitam
2760 1167 2947 1213 contra
2973 1156 3340 1227 hujuscemodi
3372 1161 3799 1223 accusationem,

2212 1262 2331 1317 qua:
2363 1249 2416 1303 in
2438 1262 2506 1304 eo
2537 1250 2732 1319 pupulo
2759 1264 2916 1319 quem
2949 1248 3110 1320 regit,
3145 1249 3447 1305 minoribus
3478 1250 3798 1320 malefactis,

2221 1354 2291 1394 ne
2334 1341 2538 1411 majora
2570 1343 3058 1409 committerentur,
3095 1342 3243 1399 dedit
3279 1343 3549 1399 licentiam
3578 1361 3592 1408 ;
3623 1344 3798 1399 multo

2210 1433 2357 1487 enim
2384 1434 2567 1489 mitius
2587 1442 2673 1489 est
2694 1449 2815 1490 eum
2843 1436 2933 1506 qui
2955 1436 3147 1491 aliena:
3167 1436 3289 1490 vita:
3313 1436 3613 1504 insidiatur,
3640 1452 3801 1507 quam

2211 1541 2331 1581 eum
2365 1528 2457 1593 qui
2501 1543 2653 1583 suam
2684 1536 2886 1594 tuetur,
2912 1530 3107 1584 occidi.
3139 1548 3157 1581 ι
3195 1530 3294 1585 Ubi
3325 1531 3515 1600 quaerit
3538 1544 3605 1585 an
3627 1530 3804 1585 homi-

2210 1631 2305 1674 nes
2341 1619 2533 1689 quibus
2572 1620 2758 1676 civiles
2802 1622 2952 1691 leges
2999 1621 3265 1676 invasoris
3306 1620 3633 1676 occisionem
3679 1637 3803 1690 per-

2210 1713 2463 1776 mittunt,
2518 1714 2693 1784 aliqua
2754 1715 3125 1772 vehementiore
3181 1733 3241 1772 ac
3286 1718 3623 1773 secretissima
3680 1719 3796 1791 lege

516 1828 670 1880 vitam
693 1830 906 1896 eripere.
938 1828 1033 1881 Est
1061 1826 1251 1881 Adami
1283 1832 1469 1881 contra
1490 1801 1853 1892 AuguSIinum
1880 1834 2102 1876 accusa-
2135 1787 2184 1849 Β
2211 1811 2477 1857 “ﬂeam”
2507 1805 2639 1861 tales
2670 1820 2777 1861 ηοη
2804 1808 3077 1865 οεοίάθτθ·

517 1920 592 1973 tio
619 1935 738 1990 cap.
773 1921 825 1983 3,
856 1936 979 1990 pag.
1012 1919 1137 1975 58S.
1173 1919 1415 1988 Disputat
1464 1914 1817 1985 Augustinus,
1865 1912 1960 1967 lib.
1994 1928 2009 1966 ι
2040 1911 2107 1967 de

515 2009 711 2066 Libero
759 2012 1017 2075 Arbitrio,
1062 2024 1183 2081 cap.
1225 2026 1274 2075 v,
1311 2008 1588 2079 possintne
1617 2006 1750 2061 citra
1783 2004 1992 2074 culpam
2025 2004 2107 2059 in-

515 2105 684 2161 terfici
723 2105 882 2160 hostis
920 2107 1137 2171 irruens,
1178 2106 1257 2159 vel
1289 2103 1563 2157 insidiator
1602 2102 1838 2167 sicarius,
1879 2099 1984 2152 sive
2010 2115 2106 2171 pro

515 2198 643 2263 vita,
684 2198 789 2252 sive
817 2214 907 2267 pro
940 2198 1192 2264 libertate,
1224 2196 1327 2249 sive
1354 2211 1447 2265 pro
1480 2192 1771 2265 pudicitia?
1815 2190 2104 2259 Postquam

522 2289 656 2343 dixit
686 2289 800 2354 lege
844 2290 1084 2343 Romana
1111 2297 1443 2360 grassatores
1475 2300 1631 2355 posse
1661 2286 1879 2353 impune
1908 2281 2100 2350 occidi,

520 2381 649 2435 dum
693 2383 857 2436 vitam
904 2384 1061 2438 alteri
1105 2383 1291 2437 stricto
1332 2395 1591 2436 mucrone
1631 2379 1841 2434 auferre
1872 2386 2102 2447 tentant,

516 2470 594 2525 ait
623 2488 637 2526 :
674 2491 691 2523 ι
719 2473 914 2541 Legem
946 2472 1163 2543 quidem
1190 2488 1293 2527 non
1318 2471 1654 2541 reprehendo
1679 2485 1797 2541 qua:
1821 2468 1953 2525 tales
1984 2485 2107 2538 per-

516 2562 681 2616 mittit
729 2564 979 2630 interfici,
1031 2564 1124 2619 sed
1174 2579 1279 2634 quo
1321 2573 1475 2634 pacto
1523 2562 1657 2617 istos
1703 2560 1985 2617 defendam
2015 2559 2104 2630 qui

517 2652 867 2721 interficiunt,
914 2670 1022 2711 non
1072 2655 1307 2711 invenio.
1338 2674 1356 2707 ι
1394 2655 1469 2708 Ex
1505 2653 1587 2707 his
1617 2651 1898 2723 Augustini
1928 2650 2105 2707 verbis

515 2744 569 2801 in
626 2748 803 2802 varias
852 2749 1149 2804 sententias
1202 2746 1503 2820 gravissimi
1556 2746 1848 2814 scriptores
1900 2744 2102 2801 abiere.

516 2835 665 2893 Multi
696 2846 951 2905 putarunt
979 2840 1337 2909 Augustinum
1372 2850 1597 2908 negasse
1625 2850 1747 2890 esse
1778 2835 1982 2891 licitum
2015 2849 2107 2890 oc-

515 2929 700 2986 cidere
728 2931 1030 2988 invasorem
1061 2932 1222 2987 etiam
1253 2946 1376 2987 cum
1414 2930 1785 2985 moderamine
1820 2928 2107 2999 inculpata:

519 3024 720 3086 tutelas,
753 3040 981 3094 quorum
1017 3025 1281 3093 nonnulli,
1311 3025 1460 3095 ,tanti
1503 3023 1741 3079 doctoris
1786 3023 2109 3081 auctoritate

2284 1906 2514 1962 Sanctus
2543 1907 2801 1973 Thomas,
2834 1911 2954 1979 2-2,
2980 1927 3034 1982 q.
3064 1909 3154 1979 64,
3183 1920 3284 1968 art.
3315 1914 3370 1979 7,
3402 1913 3594 1972 nolens
3622 1915 3803 1974 disce-

2210 1999 2341 2056 dere
2365 2018 2394 2056 a
2420 2003 2589 2057 sancti
2618 2004 2900 2074 Augustini
2927 2006 3211 2073 sententia,
3243 2022 3414 2078 neque
3440 2009 3565 2065 item
3594 2026 3623 2063 a
3649 2027 3804 2066 com-

2209 2094 2358 2147 muni
2408 2094 2682 2165 opinione,
2733 2096 3011 2169 distinguit
3052 2114 3212 2155 unum
3238 2110 3294 2155 et
3322 2102 3548 2158 alterum
3576 2104 3803 2160 modum

2209 2203 2314 2258 quo
2344 2189 2462 2259 quis
2504 2205 2565 2245 se
2608 2189 2905 2247 defendens
2952 2202 3125 2264 potest
3177 2194 3480 2251 invasorem
3529 2198 3801 2253 occidere.

2210 2280 2394 2336 Potest
2422 2282 2564 2338 enim
2606 2285 2724 2352 quis
2753 2284 2953 2342 habere
2985 2296 3187 2342 tantum
3221 2288 3565 2345 intentionem
3603 2305 3664 2345 se
3700 2290 3804 2346 de-

2208 2371 2485 2441 fendendi,
2519 2375 2647 2430 licet
2676 2375 2801 2432 inde
2837 2391 2907 2432 ex
2949 2378 3210 2434 accidenti
3252 2389 3511 2451 sequatur
3537 2395 3681 2437 mors
3707 2382 3805 2438 in-

2209 2467 2450 2533 vasoris;
2483 2468 2568 2523 vel
2593 2475 2767 2538 potest
2795 2469 3075 2526 intendere
3096 2472 3420 2528 occisionem
3448 2474 3805 2545 aggressoris,

2209 2558 2295 2615 vel
2328 2568 2581 2628 tanquam
2611 2558 2845 2614 medium
2873 2562 2957 2615 vel
2989 2570 3241 2632 tanquam
3285 2563 3468 2634 finem,
3491 2574 3545 2620 ut
3571 2566 3808 2635 exponit

2211 2651 2283 2708 ibi
2328 2651 2640 2721 Cajetanus.
2697 2651 2885 2708 Potest
2932 2653 3032 2709 hoc
3079 2656 3337 2725 explicari
3375 2658 3617 2729 exemplo
3664 2659 3807 2714 satis

2211 2751 2358 2815 apto.
2407 2743 2656 2815 Praecipit
2697 2744 2939 2800 medicus
2989 2745 3164 2801 scindi
3214 2762 3406 2804 venam
3466 2748 3681 2814 infirmi,
3735 2759 3806 2805 ut

2215 2836 2507 2893 emissiOne
2544 2835 2819 2905 sanguinis
2848 2847 3087 2905 curetur,
3119 2838 3243 2895 licet
3268 2839 3405 2894 sciat
3435 2840 3704 2895 inﬁrmum
3728 2855 3809 2897 ex

2214 2928 2305 2983 tali
2332 2927 2623 2983 emissione
2644 2942 2926 2998 passurum
2950 2929 3265 2999 deliquium,
3296 2932 3436 3001 quod
3468 2946 3649 2988 revera
3681 2933 3808 3003 ipse

2212 3021 2379 3076 nollet
2411 3022 2454 3077 si
2485 3019 2639 3075 aliter
2674 3019 2918 3077 inﬁrmus
2956 3023 3130 3079 curari
3176 3033 3380 3093 posset.
3425 3023 3480 3079 In
3522 3023 3625 3080 hoc
3671 3036 3808 3081 casn

519 3116 653 3171 moti
680 3158 695 3183 ,
730 3119 973 3174 eamdem
1006 3118 1332 3175 sententiam
1360 3115 1752 3185 subscripsere,
1792 3116 1877 3171 vel
1916 3120 2105 3173 saltem
2142 3176 2182 3185 _
2215 3114 2457 3170 medicus
2494 3113 2609 3169 vult
2652 3114 2883 3170 salutem
2921 3114 3119 3171 infirmi
3149 3125 3208 3172 ut
3239 3117 3425 3185 finem,
3455 3117 3808 3174 emissionem

519 3176 850 3276 probabilem
877 3210 1272 3264 existimarunt.
1299 3176 1630 3277 Augustinus
1647 3176 1975 3277 Triumphus
2000 3210 2110 3263 An-
2134 3176 2183 3239 ο
2215 3203 2488 3275 sanguinis
2515 3212 2575 3258 ut
2604 3204 2864 3273 medium,
2896 3205 3196 3278 deliquium
3242 3192 3388 3264 nullo
3424 3218 3579 3279 pacto
3620 3210 3809 3265 inten-

521 3302 827 3369 conitanus,
860 3302 1083 3372 insignis
1114 3301 1392 3372 theologus
1416 3301 1860 3371 Augustinianus,
1893 3303 1946 3358 in
1971 3303 2110 3360 libro

523 3391 595 3447 de
635 3392 905 3448 Potestate
952 3392 1351 3461 ecclesiaStica,
1398 3401 1588 3463 quaest.
1621 3393 1711 3459 52,
1742 3400 1847 3448 art.
1874 3394 1927 3461 5,
1958 3394 2110 3465 ponit

524 3490 579 3538 et
607 3484 796 3553 probat
829 3485 965 3540 hanc
992 3484 1397 3541 conclusionem
1423 3502 1436 3539 :
1475 3504 1493 3538 ‹
1524 3485 1658 3540 Puto
1686 3485 1828 3557 quod
1856 3486 2012 3557 culpa
2042 3488 2111 3543 sit

525 3571 799 3630 hominem
850 3575 1098 3631 occidere
1143 3590 1211 3632 ne
1256 3575 1373 3645 ipse
1422 3575 1734 3643 occidatur,
1791 3590 2111 3648 quacunque

521 3663 815 3722 inevitabili
870 3670 1195 3725 necessitate
1240 3667 1346 3724 hoc
1377 3668 1488 3724 fiat.
1532 3668 1614 3722 Ad
1656 3669 1758 3724 hoc
1798 3678 1884 3724 est
1914 3670 2107 3741 (addit)

521 3761 813 3813 auctoritas
853 3760 1137 3831 Augustini
1167 3760 1217 3814 in
1250 3760 1491 3829 pluribus
1524 3760 1688 3825 locis;
1721 3763 1897 3831 primo
1927 3763 1996 3818 de
2022 3762 2110 3817 Li-

522 3848 654 3904 bero
681 3850 918 3904 Arbitrio
944 3852 1194 3915 dicentis,
1227 3870 1245 3901 s
1278 3860 1383 3904 etc.
1418 3850 1698 3916 Tostatus,
1723 3852 1851 3908 illud
1880 3855 2113 3926 ingenio-

518 3955 635 3997 rum
673 3951 994 4007 monstrum,
1026 3942 1080 3996 in
1111 3955 1231 4007 cap.
1263 3956 1296 3995 v
1321 3941 1579 4009 Matthxi,
1618 3959 1669 3998 v.
1698 3944 1752 4010 9,
1781 3962 1829 4015 p.
1862 3948 1986 4016 109,
2017 3964 2107 4005 re-

522 4030 680 4085 citata
716 4033 983 4086 sententia
1021 4032 1326 4103 Triumphi,
1358 4042 1413 4089 et
1436 4036 1679 4105 Opposita
1709 4053 1827 4107 quze
1855 4051 1937 4095 est
1961 4057 2111 4097 com-

520 4125 753 4191 munior,
789 4127 905 4181 ait:
935 4127 1211 4198 «Utraque
1258 4129 1478 4184 istarum
1527 4130 1851 4201 positionum
1896 4135 2110 4193 videtur

521 4217 827 4285 aliqualiter
876 4220 1230 4287 rationabilis,
1285 4224 1518 4277 maxime
1556 4237 1677 4279 cum
1718 4224 1819 4281 ista
1866 4228 2105 4284 secunda

518 4309 828 4379 aliqualiter
864 4311 1112 4367 videatur
1141 4327 1262 4367 esse
1302 4312 1369 4368 de
1415 4316 1713 4372 intentione
1743 4316 2048 4389 Augustini.
2082 4338 2102 4374 s

524 4402 788 4473 Vasquez,
829 4419 951 4473 cap.
991 4404 1025 4456 2
1053 4405 1119 4459 de
1148 4405 1369 4474 Rcstit,,
1393 4406 1521 4462 dub.
1550 4407 1602 4472 6,
1629 4424 1779 4464 num.
1810 4409 1900 4477 18,
1928 4412 2109 4482 Augu-

518 4499 715 4553 stinum
772 4515 890 4553 eam
938 4499 1259 4554 sententiam
1333 4510 1573 4556 secutum
1629 4502 1796 4557 fuisse
1850 4503 2103 4574 afﬁrmat,
2136 4550 2184 4609 υ

515 4609 689 4662 quant,
721 4590 911 4661 inqttit,
940 4592 1153 4662 quidam
1179 4609 1241 4645 ex
1268 4594 1545 4648 canonistis
1570 4598 1973 4664 amplectuntur.
2004 4597 2106 4652 Mo-

516 4685 644 4745 lina,
677 4684 875 4755 disput.
911 4684 944 4736 5
973 4683 1091 4750 cit.,
1136 4699 1282 4737 num.
1313 4684 1365 4749 5,
1405 4686 1514 4739 ait:
1546 4686 1827 4741 Vehemens
1875 4691 2103 4757 suspicio

514 4785 609 4839 est,
644 4776 990 4845 Augustinum
1013 4777 1125 4846 ejus
1156 4774 1316 4844 fuisse
1335 4776 1615 4830 sententiae.
1650 4776 1855 4832 Gerson
1891 4793 1987 4846 pro
2014 4795 2104 4835 ea-

518 4866 638 4918 dem
698 4868 961 4921 sententia
1022 4866 1252 4921 refertur
1303 4868 1354 4920 in
1407 4877 1561 4923 tract.
1613 4868 1679 4924 de
1725 4867 2099 4936 Eucharistia;

515 4967 665 5010 certe
719 4969 859 5026 part.
920 4975 953 5013 ιι
1001 4959 1300 5029 Compend.
1358 4962 1618 5035 theolog.,
1671 4964 1722 5018 in
1765 4965 2102 5033 expositione

515 5050 682 5117 quinti
743 5054 1016 5123 praecepti,
1045 5055 1120 5110 ait
1156 5073 1169 5109 :
1222 5074 1240 5107 ‹
1267 5056 1463 5113 Dicunt
1506 5059 1717 5128 quidam
1765 5062 1904 5130 quod
1956 5062 2101 5119 nullo

518 5141 680 5197 modo
714 5142 837 5197 licet
868 5144 1116 5200 occidere
1157 5149 1316 5201 etiam
1356 5148 1713 5219 defendendo,
1748 5153 1981 5209 maxime
2007 5170 2103 5211 au-

519 5247 623 5291 tem
658 5234 773 5288 viro
804 5232 1064 5301 perfecto,
1113 5242 1168 5290 et
1208 5236 1324 5293 haec
1370 5241 1580 5295 videtur
1608 5257 1728 5297 esse
1759 5244 1941 5312 opinio
1987 5246 2102 5302 An-

514 5327 690 5382 selini.
722 5343 740 5377 i
790 5324 889 5380 Ubi
944 5327 1102 5380 etiam
1159 5328 1351 5384 recitat
1392 5332 1718 5387 contrariam
1767 5334 2098 5405 opinionem,

444 5462 451 5465 -
517 5432 758 5476 neutram
790 5436 917 5475 vero
948 5417 1139 5489 rejicit.
1179 5422 1493 5491 Sequuntur
1524 5426 1813 5481 Accursius
1835 5437 1890 5482 et
1913 5427 2099 5486 Glossa

512 5528 672 5579 super
695 5512 731 5567 l.
770 5512 885 5567 Vim
923 5516 991 5579 vi,
1025 5512 1081 5567 ff.
1115 5513 1181 5569 de
1204 5513 1342 5570 JuSt.
1376 5524 1431 5569 et
1451 5514 1598 5584 jure.
1632 5516 1932 5574 Richardus
1956 5522 2102 5576 insu-

446 5654 449 5655 ν
516 5617 597 5669 pet
632 5620 658 5657 a
692 5607 890 5660 Sancto
934 5605 1145 5663 Victore
1181 5616 1235 5662 et
1283 5607 1575 5678 Almaynus
1608 5610 1889 5665 citantura
1915 5624 2101 5668 nostro

515 5695 753 5751 Salonio.
783 5700 959 5765 Quare
986 5685 1091 5757 non
1117 5701 1265 5756 solus
1294 5702 1392 5756 fuit
1432 5703 1484 5757 in
1522 5718 1587 5759 ea
1625 5705 1893 5760 sententia
1918 5706 2101 5776 Augu-

518 5783 712 5850 stinus,
744 5782 1053 5844 sedhabuit
1099 5798 1394 5847 sectatores
1428 5800 1485 5849 et
1525 5794 1800 5868 theologos
1847 5806 1902 5854 et
1933 5795 2100 5869 juris-

2211 3296 2309 3362 dit,
2346 3295 2448 3351 nisi
2496 3303 2556 3351 ut
2602 3294 2729 3367 quid
2779 3308 3127 3355 consecutum
3177 3315 3243 3356 ex
3295 3302 3556 3357 accidenti
3605 3309 3809 3371 praeter

2214 3405 2365 3445 suam
2400 3389 2779 3456 intentionem,
2813 3393 2866 3446 in
2896 3392 3037 3462 quod
3068 3402 3273 3449 tantum
3297 3394 3641 3450 materialiter
3670 3409 3811 3450 con-

2214 3483 2397 3539 sentit.
2430 3483 2506 3538 lta
2538 3483 2643 3540 hoc
2669 3483 2905 3540 secundo
2932 3485 3094 3542 modo
3128 3495 3306 3556 potest
3346 3501 3624 3558 aggressus
3653 3487 3805 3543 occi-

2212 3575 2342 3631 dere
2390 3576 2719 3642 invasorem,
2769 3575 2917 3631 nullo
2967 3592 3095 3633 vero
3122 3588 3277 3647 pacto
3309 3587 3485 3648 potest
3520 3579 3807 3637 intendere

2214 3673 2440 3722 mortem
2470 3666 2786 3736 grassatoris
2833 3668 3085 3724 irruentis
3126 3683 3300 3739 neque
3329 3681 3386 3725 ut
3414 3670 3672 3738 medium,
3701 3686 3802 3727 ue-

2212 3773 2317 3827 que
2349 3761 2424 3812 uti
2453 3759 2635 3813 finem.
2669 3759 2733 3812 Et
2765 3758 2906 3816 hanc
2928 3774 3049 3815 esse
3077 3770 3309 3816 mentem
3350 3762 3521 3816 sancti
3565 3761 3802 3817 doctoris

2212 3859 2359 3903 recte
2402 3848 2636 3903 ostendit
2679 3847 2933 3906 Salonius
2976 3851 3030 3907 in
3081 3851 3184 3908 fine
3212 3861 3315 3907 art.
3344 3852 3399 3919 7,
3449 3853 3801 3924 eamdemque

2212 3939 2441 4009 explicat
2469 3940 2724 3995 Tostatus
2752 3941 2968 3997 citatus.
2994 3944 3171 4011 Quare
3199 3952 3414 3999 sanctus
3442 3944 3699 4010 Thomas,
3742 3945 3799 3999 in

2211 4047 2360 4103 resp.
2388 4030 2454 4088 ad
2486 4034 2540 4100 1,
2585 4031 2775 4086 scribit
2822 4035 3181 4104 Augustinum
3229 4035 3635 4106 intelligendum
3682 4051 3801 4093 esse

2212 4126 2279 4181 de
2330 4124 2622 4179 intentione
2652 4124 2931 4180 occidendi
2973 4142 3366 4198 aggressorem,
3420 4144 3526 4183 non
3579 4143 3707 4184 vero
3750 4129 3799 4183 si

2212 4218 2455 4275 intendat
2503 4220 2706 4275 directe
2746 4234 3089 4277 conservare
3130 4223 3400 4293 propriam
3448 4224 3632 4291 vitam,
3678 4237 3800 4281 nam

2211 4312 2331 4367 talis
2357 4319 2509 4367 actus
2538 4328 2637 4366 non
2663 4312 2832 4379 habet,
2857 4314 3049 4383 inquit,
3082 4315 3333 4369 rationem
3349 4314 3542 4382 illiciti,
3570 4332 3685 4369 cum
3706 4315 3801 4370 hoc

2211 4405 2275 4460 sit
2307 4405 2511 4460 cuilibet
2552 4406 2815 4473 naturale,
2860 4406 3001 4477 quod
3029 4423 3082 4461 se
3110 4416 3367 4461 conservet
3400 4410 3452 4461 in
3480 4423 3609 4474 esse,
3634 4424 3803 4477 quan-

2212 4511 2321 4555 tum
2361 4507 2542 4571 potest.
2585 4501 2788 4555 Omitto
2844 4500 2980 4554 hanc
3029 4503 3351 4557 sententiam
3394 4504 3490 4557 vix
3540 4517 3701 4572 posse
3748 4504 3803 4559 in

2214 4594 2424 4661 praxim
2459 4591 2639 4646 reduci
2670 4610 2683 4658 ;
2715 4591 2834 4661 quis
2856 4593 2997 4646 enim
3029 4604 3282 4663 surgente
3306 4596 3403 4661 ira,
3435 4597 3723 4667 animoque
3747 4598 3805 4652 in

2207 4688 2288 4742 sui
2340 4684 2710 4739 defensionem
2761 4686 2939 4740 subito
2988 4696 3195 4753 erecto,
3245 4688 3390 4743 illam
3443 4689 3804 4745 intentionem

2208 4777 2406 4832 habere
2438 4777 2651 4844 potest?
2682 4776 2821 4847 quod
2856 4776 3042 4848 Salon,
3095 4778 3289 4835 Molina
3335 4781 3525 4850 aliique
3568 4778 3807 4835 adnota-

2207 4877 2352 4925 runt.
2383 4869 2540 4923 Certe
2569 4867 2661 4921 illa
2700 4868 2986 4938 explicatio
3036 4884 3142 4924 non
3186 4873 3364 4926 estad
3405 4880 3635 4927 mentem
3690 4875 3803 4928 Au-

2207 4961 2428 5033 gustini,
2461 4975 2582 5015 cum
2616 4970 2814 5027 tamen,
2846 4960 3016 5029 inquit
3048 4961 3246 5016 Molina
3279 4972 3409 5017 tom.
3443 4963 3533 5030 IV,
3570 4964 3713 5030 disp.
3742 4966 3795 5031 5,

2207 5074 2355 5113 num.
2394 5056 2448 5123 5,
2483 5051 2730 5109 Fortasse
2768 5055 3045 5124 Augustini
3086 5055 3379 5110 testimonia
3430 5056 3500 5111 υ.
3549 5056 3799 5112 Thomam

2204 5150 2504 5222 impulerint
2535 5150 2603 5201 ad
2631 5150 2961 5203 asserendum
2994 5167 3294 5222 aggressum
3323 5169 3425 5207 non
3455 5169 3604 5224 posse
3631 5156 3802 5209 inten-

2205 5242 2326 5296 dere
2374 5247 2589 5295 mortem
2631 5242 2950 5312 aggressoris
2980 5255 3000 5295 :
3031 5256 3155 5295 nam
3198 5242 3527 5312 Augustinus
3576 5246 3802 5300 occisio-

2206 5348 2327 5389 nem
2373 5332 2707 5404 aggressoris
2741 5331 2869 5387 inde
2898 5347 3017 5387 esse
3048 5332 3243 5387 malam
3277 5334 3488 5404 probat,
3533 5338 3651 5406 quia
3684 5337 3800 5392 ori-

2210 5438 2295 5484 tur
2340 5444 2403 5484 ex
2434 5427 2727 5497 cupiditate
2772 5425 3021 5481 servandi
3076 5427 3267 5495 vitam,
3317 5443 3437 5497 qua:
3485 5442 3585 5483 non
3632 5428 3805 5485 debet

2205 5520 2395 5585 amari,
2442 5520 2536 5572 sed
2582 5520 2856 5573 contemni
2898 5534 2914 5569 :
2966 5536 2985 5568 ι
3020 5518 3301 5585 Quomodo
3345 5521 3487 5574 enim
3516 5561 3531 5585 ,
3588 5519 3798 5590 inquit,

2204 5610 2343 5679 apud
2375 5624 2489 5665 eam
2524 5609 2781 5682 (divinam
2827 5608 3244 5682 providentiam)
3287 5618 3415 5665 sunt
3443 5611 3529 5666 isti
3574 5622 3802 5680 peccato

2205 5701 2383 5769 liberi,
2428 5701 2517 5771 qui
2545 5716 2639 5772 pro
2670 5702 2735 5757 iis
2762 5700 2923 5757 rebus
2958 5716 3091 5772 quas
3119 5702 3393 5758 contemni
3433 5712 3650 5776 oportet
3691 5703 3794 5759 hu-

2206 5808 2362 5856 mana
2412 5794 2558 5855 caede
2601 5793 2791 5868 polluti
2851 5794 3059 5853 sunt?»
3094 5795 3160 5855 Et
3207 5804 3404 5856 antea:
3438 5815 3459 5852 ‹
3485 5795 3605 5857 Non
3648 5797 3803 5859 enim
