3930 6312
108 5547 129 5586 ς

151 304 250 361 757

1311 300 1637 360 VlNDlCl/E
1677 296 2241 358 AUGUSTINIANAS.

3316 305 3424 363 758

151 433 228 474 .ex
257 431 354 473 eos
382 416 527 489 cogit
563 415 832 482 occidere,
882 414 975 470 sed
1027 413 1285 485 relinquit
1334 415 1386 470 in
1433 422 1734 484 potestate;
1769 419 1812 477 Α
1845 423 1989 470 esset
2013 410 2497 474 ordinatissimum,
2529 417 2586 464 ut
2628 410 3007 480 impotentiora
3039 418 3422 485 potentioribus

149 511 378 567 .iberum
407 513 483 566 eis
511 513 690 581 itaque
715 521 797 566 est
831 513 1101 567 neminem
1131 527 1324 567 necare
1351 527 1446 581 pro
1477 512 1541 565 iis
1576 511 1738 568 rebus

147 618 282 671 quas
315 603 463 658 inviti
493 608 717 672 possunt
749 604 1017 671 amittere,
1052 611 1107 657 et
1143 604 1212 658 ob
1254 605 1356 657 huc
1401 618 1586 658 amare
1630 619 1737 658 non

146 695 367 751 debent.
398 713 418 747 ι
468 695 539 749 At
578 703 800 749 sanctus
849 696 1084 751 Thomas
1113 697 1227 751 vult
1256 711 1318 752 es
1355 696 1608 751 instinctu
1639 711 1737 750 na-

146 798 283 845 tura:
335 805 521 846 amare
578 805 1014 861 unumquemque
1059 806 1211 845 suam
1259 792 1425 845 vitam
1477 799 1737 860 quantum

147 893 347 953 potest,
401 898 467 939 ex
519 898 625 953 quo
672 898 856 938 amore
905 886 1146 954 sequitur
1194 885 1437 940 defensio
1481 885 1548 938 ad
1589 885 1736 939 illam

145 972 576 1029 conservandam
619 973 778 1029 etiam
823 989 944 1028 cum
984 984 1156 1028 morte
1198 974 1522 1030 insidiantis.
1569 974 1740 1029 Porro

146 1064 289 1120 inter
318 1066 408 1120 illa
432 1079 552 1135 qua:
583 1066 856 1120 contemni
887 1065 1108 1132 debent,
1146 1066 1343 1121 ibidem
1375 1067 1538 1120 vitam
1580 1081 1740 1135 repo-

144 1159 226 1214 nit
262 1159 590 1229 Augustinus
610 1199 624 1223 ,
667 1174 733 1214 eo
765 1167 919 1215 utens
950 1159 1263 1215 dilemmate
1293 1160 1361 1214 de
1388 1160 1491 1214 vita
1516 1162 1738 1222 animas.

144 1248 276 1302 dum
322 1263 518 1318 corpus
555 1248 920 1304 interimitur:
953 1249 1014 1305 Si
1048 1251 1242 1317 auferri
1278 1259 1458 1319 potest,
1503 1259 1728 1304 contem-

142 1341 320 1393 nenda
347 1349 452 1404 est;
483 1342 528 1393 si
557 1357 659 1394 non
687 1349 874 1409 potest,
919 1341 1052 1395 nihil
1094 1344 1438 1397 metuendum.
1473 1343 1538 1397 Et
1567 1346 1743 1412 Ange-

141 1429 290 1486 licus
321 1431 513 1486 doctor
545 1431 694 1486 illam
730 1433 1080 1487 intentionem
1109 1448 1170 1487 ex
1199 1435 1273 1487 ira
1305 1443 1488 1488 contra
1532 1433 1740 1489 hostem

141 1521 295 1576 infici
335 1523 540 1577 malitia
574 1524 851 1592 opinatur,
884 1533 939 1578 at
969 1526 1296 1594 Augustinus
1337 1525 1499 1580 nimia
1539 1539 1740 1580 concu-

143 1610 415 1678 piscentia
465 1620 520 1666 et
560 1612 914 1668 immoderato
939 1628 1124 1669 amore
1165 1630 1289 1686 erga
1319 1631 1377 1670 se
1415 1615 1739 1671 occisionem

144 1701 298 1756 illam
324 1701 500 1756 vitiari
529 1703 875 1758 existimavit.

1842 505 2190 575 imperarent.
2222 503 2396 570 Quare
2428 516 2649 558 necesse
2677 504 2910 558 arbitror
2926 520 3046 560 esse
3073 517 3128 559 ut
3151 511 3267 576 plus
3296 527 3396 580 pos

1839 598 1914 653 sit
1943 611 2095 652 mens
2117 611 2274 665 quam
2306 595 2594 664 cupiditas,
2621 611 2686 649 eo
2711 597 2828 664 ipso
2853 613 2957 667 quo
2984 599 3266 668 cupiditati
3288 613 3434 660 recte

1837 688 2090 758 justeque
2139 686 2462 752 dominatur,
2507 706 2524 739 ι
2561 702 2680 758 cap.
2715 688 2800 743 10.
2833 689 2913 743 Ex
2972 689 3055 744 his
3105 693 3434 761 Augustinus

1841 779 2107 833 intentum
2136 778 2354 833 deducit
2387 795 2400 830 :
2425 778 2558 832 Nam
2591 794 2709 832 cum
2741 780 2859 848 quis
2882 796 3255 851 aggressorem
3283 784 3433 838 occi-

1841 870 1939 934 dit,
1967 886 2076 924 non
2099 869 2260 938 ratio,
2292 869 2386 924 sed
2434 869 2698 939 cupiditas
2737 871 2813 926 illi
2843 873 3147 926 dominatur
3180 891 3192 926 :
3229 892 3248 926 ι
3287 874 3435 942 Quo-

1842 963 2005 1018 modo
2030 977 2247 1032 possnm
2277 964 2548 1031 arbitrari,
2581 965 2775 1034 inquit,
2807 981 2993 1021 carere
3028 968 3161 1022 istos
3189 967 3432 1038 libidine,

1842 1057 1932 1125 qui
1962 1071 2056 1124 pro
2088 1056 2153 1109 iis
2175 1055 2335 1111 rebus
2364 1056 2744 1125 digladiantur,
2773 1074 2903 1128 quas
2935 1070 3159 1130 possunt
3185 1064 3435 1119 amittere

1843 1146 2016 1210 inviti,
2047 1155 2140 1200 aut
2169 1146 2214 1200 si
2269 1161 2374 1201 non
2425 1157 2672 1217 possunt,
2719 1151 2846 1220 quid
2902 1167 3037 1220 opus
3082 1166 3162 1208 est
3213 1169 3308 1223 pro
3352 1154 3436 1208 his

1843 1253 2012 1308 usque
2053 1238 2121 1292 ad
2173 1238 2408 1293 hominis
2457 1255 2644 1295 necem
2691 1242 2974 1311 progredi?
3006 1262 3024 1295 ›
3055 1243 3236 1313 Neque
3290 1247 3436 1301 enim

1845 1339 2022 1385 actum
2054 1329 2334 1385 occidendi
2363 1330 2522 1397 ratio,
2559 1331 2652 1384 sed
2675 1331 2938 1402 cupiditas
2971 1334 3128 1403 regit,
3155 1349 3276 1389 cum
3300 1339 3436 1392 ratio

1845 1425 2011 1480 dictet
2041 1424 2206 1478 vitam
2241 1437 2346 1478 non
2378 1439 2499 1479 esse
2524 1439 2707 1479 verum
2749 1425 2947 1479 bonum
2984 1426 3282 1492 hominum,
3309 1431 3435 1499 quia

1843 1521 1986 1576 illam
2016 1529 2227 1591 possunt
2254 1511 2485 1574 amittere
2515 1520 2680 1576 inviti.
2743 1521 2894 1589 Quod
2927 1525 3067 1578 enim
3102 1525 3368 1594 inquiunt,
3403 1542 3433 1582 a

1843 1624 2033 1671 natura
2068 1614 2282 1668 insitam
2312 1628 2432 1669 esse
2478 1615 3073 1686 suiconservationem,
3120 1634 3182 1672 ac
3228 1620 3432 1690 proprii

1845 1707 1972 1762 boni
2001 1707 2390 1774 defensionem,
2417 1706 2548 1761 nihil
2571 1707 2756 1776 juvat;
2781 1723 2902 1762 nam
2931 1709 3041 1762 vita
3062 1711 3302 1778 corporis
3327 1726 3434 1768 non

236 1791 342 1846 Sed
364 1792 474 1860 jam
519 1792 809 1847 videndum
859 1801 943 1848 est
996 1793 1263 1850 undenam
1314 1797 1643 1867 Augustinus
1684 1796 1738 1851 in
1769 1797 1818 1858 B
1844 1809 1922 1852 est
1951 1798 2222 1867 proprium
2277 1799 2474 1852 bonum
2535 1799 2791 1866 hominis,
2832 1800 2924 1854 sed
2959 1800 3178 1854 hominis
3206 1817 3324 1872 pars
3357 1803 3431 1856 vi-

151 1898 276 1939 eam
309 1885 640 1940 sententiam
661 1885 1026 1942 descenderit.
1078 1888 1170 1943 llle
1205 1890 1442 1958 quidem,
1485 1905 1605 1944 cum
1638 1891 1746 1946 ori-

150 1976 337 2046 ginem
368 1976 515 2042 mali,
548 1990 706 2046 quam
733 1990 922 2032 contra
973 1979 1297 2036 Manichazos
1326 1982 1605 2051 disputans
1661 1983 1746 2038 in-

150 2065 405 2135 dagabat,
432 2079 462 2118 a
489 2064 710 2121 libidine
739 2081 833 2122 seu
860 2082 1019 2135 prava
1051 2071 1346 2137 cupiditate
1374 2070 1604 2126 derivari
1637 2083 1746 2127 sta-

151 2157 365 2227 luisset,
390 2159 565 2211 omnia
590 2159 884 2230 malefacta,
912 2160 1155 2229 inquiens
1174 2200 1188 2226 ,
1224 2178 1324 2214 non
1347 2163 1408 2215 ob
1430 2164 1576 2216 aliud
1606 2164 1746 2217 mala

148 2265 258 2304 esse
288 2251 388 2304 nisi
415 2252 551 2321 quod
591 2251 824 2318 libidine,
871 2253 925 2304 id
964 2262 1036 2306 est
1086 2255 1423 2324 improbanda
1463 2259 1746 2326 cupiditate

149 2341 302 2410 ﬁunt,
328 2357 446 2412 cap.
479 2340 534 2407 4,
569 2352 750 2412 postea
775 2343 964 2413 qutcrit
993 2359 1114 2414 cap.
1156 2345 1189 2398 5
1217 2364 1229 2398 :
1268 2345 1454 2400 Utrum
1478 2348 1556 2400 vel
1582 2349 1743 2403 hostis

149 2434 375 2503 irruens,
421 2437 499 2489 vel
539 2436 810 2489 insidiator
853 2437 1066 2490 sicarius
1109 2439 1213 2492 sive
1250 2457 1342 2510 pro
1369 2442 1490 2504 vita,
1522 2441 1623 2494 sive
1650 2458 1743 2509 pro

149 2525 402 2592 libertate,
429 2527 532 2580 sive
557 2543 651 2598 pro
673 2527 926 2596 pudicitia
968 2530 1079 2581 sine
1124 2528 1233 2581 ulla
1255 2530 1598 2596 interﬁciatur
1626 2531 1745 2584 libi-

150 2618 316 2673 dine?
370 2618 680 2686 Respondet
726 2619 997 2673 occisores
1041 2620 1348 2673 invasorum
1381 2635 1488 2673 non
1529 2635 1649 2674 esse
1679 2622 1745 2674 ab

147 2707 252 2765 hac
276 2724 439 2778 prava
461 2709 751 2777 cupiditate
779 2709 1044 2764 immunes
1074 2727 1085 2762 :
1110 2709 1379 2774 Quomodo
1400 2727 1628 2779 possum,
1646 2711 1741 2773 ait,

149 2803 389 2858 arbitrari
417 2819 591 2856 carere
620 2804 742 2856 istos
763 2802 990 2864 libidine,
1023 2802 1112 2872 qui
1139 2817 1233 2871 pro
1281 2803 1342 2855 iis
1388 2803 1537 2854 rebus
1577 2801 1745 2870 digla-

152 2898 380 2961 diantur,
428 2912 555 2964 quas
591 2905 804 2964 possunt
853 2897 1083 2949 amittere
1125 2897 1305 2948 inviti?
1336 2905 1440 2952 etc.
1467 2897 1534 2949 At
1563 2897 1741 2950 statim

155 2990 341 3059 objicit
381 2990 488 3043 sibi
519 2990 788 3043 Romanas
819 2989 967 3059 leges
1013 2990 1327 3056 permittere
1376 3004 1742 3059 aggressorem

155 3083 375 3151 impune
403 3080 600 3146 occidi,
633 3080 776 3150 quod
809 3087 987 3134 autem
1035 3080 1154 3148 lege
1201 3080 1403 3134 licitum
1432 3089 1514 3134 est
1547 3096 1738 3149 pecca-

1849 1891 2066 1954 lissima,
2098 1904 2218 1959 cap.
2248 1889 2336 1944 16.
2364 1891 2505 1944 Bene
2529 1889 2742 1959 quidem
2778 1890 2902 1944 ferae
2925 1890 3154 1946 naturali
3177 1891 3431 1948 instinctu

1849 1982 2010 2036 etiam
2042 1995 2162 2034 cum
2194 1982 2529 2051 aggressoris
2553 1981 2823 2035 occisione
2853 1981 3016 2035 vitam
3053 1991 3283 2046 tuentur,
3311 1985 3434 2054 quia

1847 2073 1962 2128 haec
1994 2075 2208 2128 unicum
2239 2088 2507 2128 summum
2538 2075 2736 2128 bonum
2766 2075 2871 2130 illis
2902 2083 3002 2140 est,
3037 2075 3196 2146 idque
3224 2077 3434 2146 cupidi-

1850 2177 1958 2222 tate
1981 2168 2066 2222 sui
2099 2167 2456 2222 conservandi
2490 2168 2708 2231 faciunt,
2744 2182 2810 2221 ne
2844 2166 3253 2222 amittantesse.
3283 2170 3350 2222 At
3390 2169 3436 2223 si

1849 2257 2032 2322 homo,
2060 2266 2118 2310 ut
2151 2270 2210 2310 se
2241 2255 2509 2318 defendat,
2557 2255 2899 2310 invadentem
2949 2256 3182 2325 perimit,
3222 2256 3436 2325 cupidi-

1849 2359 1955 2402 tate
1985 2358 2228 2403 movetur
2259 2363 2361 2416 qua
2393 2357 2444 2401 et
2477 2347 2670 2402 bellua:
2720 2349 2771 2399 in
2804 2362 2897 2400 eos
2927 2358 3102 2401 motus
3143 2348 3428 2416 impellun-

1851 2450 1958 2508 tur,
2008 2441 2324 2495 cxistimans
2383 2450 2585 2495 tantum
2621 2441 2819 2494 bonum
2866 2441 3029 2494 vitam
3081 2442 3346 2510 corporis,
3380 2450 3438 2497 ut

1847 2548 1946 2600 pro
1979 2532 2064 2586 illa
2096 2547 2319 2586 necesse
2351 2541 2498 2600 putet
2531 2548 2688 2601 usque
2735 2533 2803 2584 ad
2843 2533 3066 2584 hominis
3115 2549 3281 2585 necem
3313 2549 3436 2600 pro-

1847 2622 2012 2691 gredi,
2045 2636 2163 2688 cap.
2192 2622 2246 2674 5.
2272 2621 2580 2675 Belluarum
2614 2623 2756 2674 enim
2791 2625 3065 2690 proprium
3091 2632 3173 2676 est
3200 2636 3438 2692 appetere

1848 2711 2132 2778 voluptates
2161 2712 2415 2779 corporis,
2463 2719 2508 2763 et
2549 2712 2706 2763 vitare
2735 2712 3012 2776 molestias,
3049 2725 3166 2780 cap.
3197 2713 3248 2766 8.
3302 2714 3439 2783 Ergo

1851 2811 1976 2856 tunc
2008 2811 2183 2856 movet
2241 2801 2488 2856 homines
2517 2802 2582 2854 ad
2626 2802 2974 2855 occidendum
3008 2802 3286 2872 cupiditas,
3335 2820 3437 2872 qua

1849 2895 2019 2949 bestiis
2048 2895 2281 2948 meliores
2310 2910 2413 2948 non
2439 2904 2586 2956 sunt,
2617 2909 2790 2962 neque
2837 2904 2964 2948 tunc
3003 2895 3136 2947 ratio
3164 2896 3439 2950 irrationa-

1848 2987 1924 3040 les
1953 2987 2112 3039 animi
2145 2996 2313 3039 motus
2336 2987 2486 3056 regit,
2525 2987 2740 3039 ibidem.
2791 2986 2932 3055 Ergo
2975 2987 3136 3042 homo
3161 3003 3266 3040 non
3295 2989 3440 3041 ordi-

1849 3089 1973 3133 nate
1995 3080 2125 3147 agit,
2161 3088 2215 3132 et
2243 3093 2338 3146 per
2365 3092 2698 3147 consequens
2744 3088 2930 3131 contra
2983 3079 3150 3148 legem
3185 3090 3436 3135 teternam

156 3182 264 3228 tu~n
299 3172 448 3227 nullo
473 3173 632 3225 modo
663 3186 779 3226 esse
806 3179 999 3240 potest.
1025 3170 1336 3239 Respondet
1366 3171 1496 3224 tales
1523 3172 1737 3240 quidem
1770 3169 1816 3231 C
1847 3172 1974 3240 agit,
2018 3187 2136 3238 qua:
2181 3170 2291 3223 vult
2318 3170 2486 3222 omnia
2537 3185 2641 3222 esse
2671 3170 3088 3235 ordinatissima,
3131 3179 3187 3222 ttt
3235 3171 3432 3225 ibidem

158 3282 266 3322 non
297 3265 467 3320 teneri
500 3280 622 3320 reos
647 3265 764 3333 lege
793 3265 1089 3331 principum
1118 3263 1417 3331 temporali,
1451 3263 1543 3317 scd
1567 3265 1739 3333 aliqua

157 3357 510 3412 vehementiori
557 3371 618 3408 ac
640 3355 977 3431 secretissima
1000 3355 1126 3427 lege.
1155 3354 1422 3419 Quomodo
1448 3356 1580 3408 enim
1603 3356 1742 3420 apud

154 3465 267 3503 eam
289 3459 402 3504 sunt
426 3449 511 3502 isti
544 3456 748 3514 peccato
774 3448 940 3511 liberi,
969 3449 1053 3514 qui
1081 3464 1172 3519 pro
1199 3449 1264 3502 iis
1291 3447 1440 3501 rebus
1470 3466 1596 3517 quas
1623 3466 1742 3502 con-

153 3541 313 3594 temni
340 3548 557 3609 oportet,
581 3539 807 3594 humana
829 3539 967 3594 ccede
988 3540 1172 3611 polluti
1203 3542 1364 3593 sunt?
1398 3541 1488 3593 llis
1517 3542 1584 3593 ita
1617 3555 1745 3594 con-

153 3631 389 3697 stitutis,
419 3640 523 3684 tota
556 3633 628 3686 rei
661 3632 946 3686 difficultas
992 3633 1044 3684 in
1091 3646 1155 3685 eo
1187 3640 1301 3684 erat
1333 3639 1387 3682 nt
1415 3629 1745 3701 Augustinus

153 3724 426 3779 rationem
450 3723 600 3777 daret
627 3738 720 3776 cur
745 3721 884 3790 apud
915 3721 1060 3791 leges
1089 3719 1272 3776 civiles
1303 3719 1507 3774 occisor
1530 3719 1746 3773 invaso-

153 3817 234 3871 ris
273 3831 378 3868 non
431 3822 574 3868 esset
616 3813 896 3867 homicidii
940 3825 1082 3875 reus,
1118 3810 1211 3865 sed
1242 3813 1376 3864 bene
1409 3810 1546 3878 apud
1578 3811 1744 3881 legem

150 3917 418 3962 aeternam
479 3916 533 3962 et
563 3904 969 3960 innnutabiletn.
997 3904 1078 3958 Ad
1120 3905 1220 3957 hoc
1261 3919 1386 3958 vero
1415 3904 1744 3972 probandum

151 4007 381 4053 sanctus
403 3997 592 4051 doctor
617 3997 881 4066 reliquum
923 3994 1070 4049 illius
1113 3995 1233 4049 libri
1282 3995 1560 4063 impendit,
1596 3996 1746 4063 cujus

151 4104 371 4145 summa
397 4099 478 4144 est
517 4105 530 4142 ε
566 4089 674 4143 Lex
706 4097 910 4142 aeterna
941 4086 1053 4141 vult
1078 4088 1251 4140 omnia
1279 4102 1382 4140 esse
1422 4088 1749 4140 ordinatissi-

151 4200 264 4252 ma,
291 4198 410 4252 cap.
441 4183 508 4248 6;
540 4181 682 4236 unde
710 4181 769 4236 ﬁt
796 4195 1133 4250 consequens
1177 4190 1234 4233 ut
1277 4180 1437 4234 homo
1468 4186 1520 4234 tn
1559 4198 1610 4236 se
1639 4183 1749 4250 ipso

149 4275 575 4330 ordinatissimus
619 4274 708 4340 sit,
755 4288 876 4342 cap.
913 4274 964 4327 7.
995 4271 1128 4328 Cum
1171 4287 1299 4326 vero
1349 4272 1545 4327 habeat
1586 4275 1748 4329 homo

150 4368 343 4436 plures
383 4375 561 4422 motus
590 4381 710 4421 cum
745 4366 935 4421 belluis
983 4380 1323 4430 communes,
1357 4380 1478 4420 nam
1509 4375 1748 4436 appetere

151 4458 450 4528 voluptates
499 4459 768 4530 corporis,
821 4467 869 4514 et
917 4459 1076 4512 vitare
1114 4457 1372 4512 molestias
1417 4459 1596 4528 ferina:
1638 4460 1749 4512 vita:

1848 3261 2204 3331 przcmiserat.

1920 3383 2073 3436 Dices
2116 3382 2267 3436 :Non
2300 3382 2462 3452 igitur
2507 3383 2637 3436 citra
2683 3383 2866 3436 vitium
2927 3385 3219 3450 poterimus
3248 3400 3431 3441 amare

1846 3473 2008 3526 vitam
2040 3477 2304 3541 corporis.
2340 3473 2654 3541 Respondet
2686 3482 2904 3526 sanctus
2933 3473 3135 3536 doctor,
3189 3490 3309 3541 cap.
3342 3477 3430 3542 15,

1848 3581 1946 3619 nos
1989 3581 2150 3634 posse
2199 3580 2381 3617 amare
2429 3564 2588 3616 vitam
2644 3580 2705 3617 ac
2757 3565 2961 3631 reliqua
3003 3566 3138 3617 bona
3171 3569 3436 3635 corporis,

1853 3655 2051 3709 utendo
2086 3655 2210 3719 illis,
2244 3668 2350 3705 non
2376 3651 2627 3717 fruendo,
2655 3653 2796 3720 quod
2830 3653 3044 3720 egregie
3073 3654 3148 3707 sic
3169 3655 3433 3722 explicat:

1855 3766 1873 3800 ι
1905 3746 2033 3800 Cum
2061 3745 2217 3816 igitur
2243 3743 2446 3798 eisdem
2472 3743 2630 3798 rebus
2653 3742 2789 3796 alius
2814 3742 2972 3808 male,
3003 3746 3135 3796 alius
3166 3744 3299 3798 bene
3325 3757 3442 3800 nta-

1852 3848 1958 3902 tur,
2016 3849 2069 3890 et
2121 3837 2165 3890 is
2215 3834 2435 3905 quidem
2468 3835 2557 3903 qui
2606 3835 2744 3889 male
2781 3849 2966 3889 amore
2999 3835 3252 3890 inhaereat
3283 3848 3442 3906 atque

1853 3931 2174 4000 implicetur,
2207 3930 2415 3984 scilicet
2443 3928 2687 3982 subditus
2718 3928 2797 3982 eis
2838 3927 2997 3982 rebus
3020 3943 3152 3999 quas
3181 3929 3282 3983 sibi
3313 3932 3444 3986 sub-

1854 4024 1994 4078 ditas
2015 4038 2136 4078 esse
2162 4023 2467 4090 Oportebat,
2493 4031 2546 4076 et
2566 4036 2628 4075 ea
2655 4021 2794 4075 bona
2819 4021 2922 4074 sibi
2952 4023 3303 4090 constituens,
3327 4025 3443 4091 qui-

1852 4115 1952 4170 bus
1981 4114 2295 4169 ordinandis
2339 4114 2586 4183 beneque
2623 4112 2913 4166 tractandis
2944 4113 3056 4180 ipse
3098 4130 3218 4170 esse
3262 4115 3442 4185 utique

1851 4206 2080 4260 deberet
2104 4205 2329 4260 bonum.
2361 4205 2452 4260 llle
2475 4217 2652 4258 autem
2677 4208 2765 4272 qui
2790 4215 2935 4258 recte
2965 4204 3045 4260 his
3075 4210 3238 4260 utitur
3260 4217 3430 4263 osten—

1852 4297 1944 4351 dat
1975 4295 2190 4366 quidem
2221 4296 2358 4349 bona
2412 4309 2556 4360 esse,
2582 4298 2673 4349 sed
2708 4311 2814 4348 non
2845 4295 2980 4359 sibi;
3014 4312 3117 4348 ιιοιι
3147 4297 3288 4349 enim
3321 4313 3442 4351 eum

1854 4389 2056 4444 bonum
2101 4388 2448 4442 melioremve
2492 4387 2718 4454 faciunt,
2751 4388 2847 4443 sed
2893 4387 2960 4442 ab
2988 4403 3052 4442 eo
3086 4390 3259 4456 potius
3290 4389 3442 4446 fiunt.

1857 4480 1925 4537 Et
1955 4482 2076 4536 ideo
2120 4495 2228 4536 non
2273 4482 2353 4536 eis
2398 4496 2581 4536 amore
2629 4481 3048 4550 conglutinelur,
3081 4496 3252 4550 neque
3284 4482 3433 4537 velut

157 4553 497 4647 οηνιίεῐιοιίρ
519 4560 622 4618 es"
654 4552 860 4647 (Ἂν-β’
893 4569 912 4603 ⁴
952 4552 1108 4647 Hisce
1143 4551 1594 4647 m°_"ib"5_a"imm
1624 4567 1744 4647 Sum
1777 4552 1826 4612 D
1865 4576 2105 4632 membra
2133 4577 2215 4630 sui
2267 4577 2433 4630 animi
2479 4577 2663 4643 faciat,
2695 4580 2834 4647 quod
2869 4578 2926 4630 tit
2951 4575 3207 4642 amando,
3235 4591 3300 4629 ue
3323 4593 3444 4632 cum

153 4645 302 4700 ratio
325 4643 652 4708 dominatur,
697 4643 979 4698 ordinatus
1007 4644 1174 4698 homo
1213 4643 1472 4699 dicendus
1496 4652 1599 4699 est.
1631 4643 1746 4699 Non

153 4739 308 4794 enim
338 4739 474 4793 ordo
501 4748 705 4807 rectus,
736 4747 829 4792 aut
851 4739 986 4793 ordo
1021 4738 1374 4808 appellandus
1399 4749 1480 4793 est
1510 4737 1749 4808 omnino,

97 4887 100 4890 .
154 4832 255 4887 ubi
272 4832 632 4887 deterioribus
656 4832 882 4887 meliora
906 4831 1286 4900 subjiciuntur.
1305 4831 1460 4884 Ratio
1482 4831 1581 4884 ista
1603 4843 1751 4899 ergo,

159 4926 261 4980 vel
287 4941 457 4992 mens,
493 4928 573 4982 vel
606 4926 828 4997 spiritus
853 4940 974 4980 cum
1026 4925 1363 4980 irrationales
1389 4925 1551 4978 animi
1580 4936 1755 4979 motus

157 5019 328 5089 regit,
359 5019 410 5074 id
442 5019 656 5075 scilicet
686 5019 1063 5073 dominaturin
1085 5017 1323 5084 homine,
1357 5015 1442 5069 cui
1465 5015 1756 5070 dominatio

157 5112 284 5181 lege
327 5111 554 5167 debetur
583 5126 644 5166 ea
674 5126 832 5180 quam
891 5118 1150 5164 aeternam
1207 5122 1328 5163 esse
1375 5105 1752 5176 comperimus.

157 5205 297 5260 Cum
331 5220 464 5274 ergo
495 5206 567 5260 ita
598 5204 760 5259 homo
791 5204 1115 5258 constitutus
1146 5213 1310 5272 atque
1338 5200 1613 5255 ordinatus
1649 5209 1751 5267 est,

159 5311 347 5354 nonne
395 5298 492 5353 tibi
542 5299 757 5368 sapiens
812 5295 1061 5352 videtur?
1098 5315 1117 5347 ›
1163 5309 1281 5364 cap.
1329 5295 1382 5350 8.
1422 5313 1440 5346 ‹
1485 5295 1588 5349 Eos
1617 5294 1756 5347 enim

159 5395 441 5464 sapientes
462 5406 600 5448 voco
621 5405 756 5462 quos
783 5391 982 5446 veritas
998 5390 1179 5445 vocari
1204 5387 1377 5457 jubet,
1409 5387 1462 5441 id
1491 5395 1574 5442 est
1593 5401 1758 5455 regno

164 5486 368 5540 mentis
395 5483 828 5540 omnislibidiuis
844 5482 1221 5552 subjugatione
1248 5480 1473 5550 peccati,
1510 5497 1528 5530 ι
1556 5493 1674 5547 cap.
1700 5477 1753 5531 9.

167 5595 190 5630 α
224 5577 460 5633 Putasne
489 5576 593 5632 ista
618 5584 800 5632 mente
823 5574 911 5630 cui
941 5587 1165 5643 regnum
1199 5572 1250 5626 in
1284 5571 1532 5626 libidines
1557 5578 1757 5624 aeterna

166 5669 292 5739 lege
318 5681 637 5724 concessum
668 5682 787 5722 esse
817 5664 1222 5737 cognoscimus,
1257 5661 1613 5731 potentiorem
1637 5673 1756 5715 esse

167 5761 488 5822 libidinem?
521 5761 635 5832 Ego
681 5760 826 5818 enim
857 5761 1008 5818 nullo
1045 5767 1202 5831 pacto
1230 5765 1388 5830 puto;
1420 5769 1594 5827 neque
1613 5754 1757 5813 enim

1858 4673 2097 4728 resecari
2120 4675 2408 4744 cmperint,
2441 4688 2561 4728 eum
2593 4673 2832 4729 cruciatu
2868 4687 2931 4726 ac
2955 4671 3076 4726 tabe
3106 4670 3326 4738 fmdent,
3354 4675 3446 4730 sed

1858 4765 1938 4818 eis
1971 4772 2113 4819 totus
2139 4765 2529 4834 superferatur,
2553 4775 2606 4818 et
2639 4764 2837 4818 habere
2881 4762 2970 4816 illa
2999 4777 3062 4816 ac
3090 4777 3298 4830 regere,
3326 4780 3447 4820 cum

1859 4877 1996 4931 opus
2027 4873 2108 4916 est
2134 4872 2352 4930 paratus
2379 4871 2432 4915 et
2456 4860 2730 4922 amittere,
2764 4867 2855 4910 aut
2908 4873 3014 4912 non
3065 4857 3265 4914 habere
3297 4876 3448 4930 para-

1863 4954 1984 5006 tior.
2023 4971 2042 5002 ›
2074 4951 2226 5004 Unde
2257 4953 2345 5018 qui
2368 4951 2564 5004 occidit
2590 4961 2960 5018 aggressorem
2988 4965 3093 5004 non
3117 4952 3450 5020 superfertur

1865 5053 2030 5107 totus,
2059 5059 2231 5113 neque
2260 5044 2393 5112 regit
2423 5045 2620 5097 bonum
2640 5043 2762 5097 vita:
2789 5046 3052 5113 corporis,
3071 5047 3162 5100 sed
3187 5047 3236 5102 ei
3266 5062 3451 5102 arnore

1861 5138 2278 5207 conglutinatur,
2321 5152 2384 5192 ac
2429 5139 2726 5192 membrum
2777 5138 2855 5192 sui
2888 5141 3050 5196 animi
3080 5141 3230 5207 facit,
3260 5142 3451 5196 dolens

1862 5255 1982 5294 cum
2017 5239 2257 5293 cruciatu
2299 5253 2418 5292 eam
2466 5237 2570 5292 sibi
2600 5238 2860 5304 resecari,
2895 5256 3064 5310 neque
3115 5243 3349 5309 paratior
3369 5247 3453 5294 est

1865 5343 2006 5396 illam
2040 5355 2144 5396 non
2191 5340 2413 5412 habere,
2465 5341 2560 5396 sed
2591 5342 2718 5396 totis
2769 5341 2971 5397 viribus
3016 5341 3340 5396 colluctatur
3391 5349 3451 5394 ut

1864 5444 2084 5510 habeat,
2111 5451 2303 5514 putans
2325 5458 2442 5499 eam
2473 5457 2626 5497 suum
2658 5443 2857 5499 bonum
2889 5456 3031 5508 esse,
3063 5456 3160 5511 pro
3189 5456 3296 5510 quo
3320 5455 3452 5497 con-

1863 5547 2125 5600 servando
2172 5545 2511 5616 digladiatur,
2568 5559 2686 5614 quae
2730 5554 2908 5597 tamen
2955 5543 3063 5597 vita
3113 5540 3180 5596 ad
3241 5542 3452 5599 beatam

1861 5647 2026 5702 vitam
2060 5646 2194 5701 nihil
2225 5648 2369 5714 facit,
2396 5661 2519 5701 nam
2546 5647 2684 5700 beate
2720 5645 2882 5697 vivere
2923 5652 2996 5698 est
3036 5643 3169 5699 veris
3211 5644 3456 5714 certisque

1863 5749 2008 5805 bonis
2034 5751 2277 5823 gaudere,
2311 5763 2433 5827 cap.
2465 5747 2561 5816 13;
2593 5745 2733 5803 inter
2775 5760 2898 5818 qua:
2939 5744 3046 5802 vita
3076 5746 3320 5819 corporis
3346 5760 3456 5813 non
