3930 6328
125 331 210 388 741
1281 327 1605 388 νΙΝΒΙΟΙΕ
1647 324 2208 387 ΑῸΟΠΒΤΙΝΙᾹΝΕ.

3285 338 3390 397 742

118 463 227 520 gem
249 445 476 502 divinam
505 461 573 502 ex
607 447 906 519 Augustino
934 450 1068 506 citra
1097 460 1373 520 peccatum
1420 447 1695 504 homicidii
1723 453 1772 511 Α
1804 448 2061 514 Thomas,
2092 447 2208 514 2-2,
2235 462 2286 515 q.
2324 445 2448 512 125,
2478 457 2583 501 art.
2614 447 2669 515 6,
2700 451 2842 506 unde
2885 453 2959 507 ait
2979 467 3195 514 sanctus
3231 457 3390 514 Pater

119 538 255 595 illum
282 540 540 605 occidere,
576 543 767 610 potiori
791 543 914 611 jure
944 543 1367 599 eumdem'licite
1396 554 1581 611 potero
1611 541 1694 595 in-

120 633 349 688 terficere
370 633 414 687 si
438 642 638 688 certam
669 636 797 688 mihi
827 641 1052 691 mortem
1101 637 1286 690 stricto
1316 650 1572 689 mucrone
1615 634 1695 687 in-

117 733 295 781 tentct.
326 725 505 795 Neque
535 727 678 782 enim
723 728 804 782 fas
830 737 912 783 est
953 728 1134 783 dicere
1173 726 1342 782 Deum
1386 725 1694 796 permisisse

117 828 377 887 peccatum
401 859 415 881 ,
473 825 529 872 et
570 819 730 873 veluti
761 820 864 874 lata
906 821 1021 889 lege
1065 835 1169 874 non
1206 819 1578 889 improbasse:
1615 829 1696 874 et-

116 907 246 962 enim
278 907 399 961 licet
429 909 511 963 lex
539 909 624 964 illa
657 910 778 964 data
828 919 970 965 esset
1015 911 1079 965 ad
1110 910 1425 965 firmandam
1481 910 1693 965 civilem

113 1001 481 1069 rempublicam
509 1003 875 1068 Hebraeorum,
910 1005 1080 1072 patuit
1111 1013 1283 1057 tamen
1314 1003 1546 1057 divinam
1596 1017 1691 1055 vo-

115 1093 358 1147 luntatem
417 1092 726 1161 permisisse
804 1094 1195 1158 homicidium,
1262 1095 1337 1147 uti
1399 1093 1695 1163 permiSere

115 1186 362 1242 mundani
387 1187 745 1255 legislatores,
780 1197 834 1242 et
878 1189 1031 1242 sicuti
1087 1187 1338 1242 occidens
1390 1188 1695 1240 invasorem

113 1292 213 1332 non
243 1277 352 1348 agit
400 1288 587 1332 contra
640 1279 968 1334 voluntatem
1017 1279 1341 1350 legislatoris
1380 1279 1570 1345 civilis,
1624 1278 1696 1332 ita

109 1382 276 1437 neque
307 1377 493 1424 contra
525 1369 849 1440 legislatoris
902 1371 1005 1426 Dei
1035 1372 1366 1427 voluntatem
1409 1386 1570 1440 agere
1617 1369 1697 1424 di-

105 1459 309 1514 cendus
333 1469 435 1514 est.
468 1460 580 1514 Non
611 1471 693 1516 est
720 1471 900 1516 tamen
924 1475 1146 1518 necesse
1170 1469 1227 1515 ut
1255 1461 1497 1517 dicamus
1540 1475 1697 1517 sanc-

108 1562 219 1614 tum
252 1554 526 1610 doctorem
573 1556 802 1623 priorem
841 1557 1160 1611 sententiam
1192 1562 1530 1619 retraetasse,
1574 1570 1694 1609 cum

104 1646 379 1715 praecipue
405 1647 474 1702 ab
503 1648 704 1716 scripto
733 1647 870 1703 libro
917 1647 1089 1716 primo
1131 1646 1200 1701 de
1238 1647 1430 1702 Libero
1461 1646 1695 1701 Arbitrio

109 1746 227 1805 post
268 1738 486 1808 triginta
515 1747 570 1794 et
593 1741 820 1808 amplius
847 1752 1017 1792 annos
1045 1738 1209 1794 libros
1234 1739 1692 1794 Rctractationum

1797 542 1890 594 cit.
1921 555 2037 609 cap.
2071 541 2174 594 l5:
2216 558 2234 591 r
2272 538 2410 606 Quid
2440 541 2736 597 fortitudo?
2768 545 2953 602 Nonne
2986 550 3168 604 estilla
3198 568 3391 611 ammte

1799 632 2013 686 affectio
2045 647 2146 702 qua
2172 631 2353 685 omnia
2389 632 2728 690 incommoda
2759 645 2814 691 et
2844 637 3034 694 damna
3078 656 3257 696 rerum
3288 660 3392 698 non

1798 722 1854 777 in
1907 731 2086 776 nostra
2120 731 2386 791 potestate
2429 725 2846 781 constitutarum
2888 733 3328 786 contemnimus?
3367 753 3386 786 ι

1799 816 2022 883 Insuper
2051 825 2255 869 certum
2287 827 2368 870 est
2393 816 2705 874 excellentis
2731 820 3008 876 (-liaritatis
3036 833 3211 879 actum
3243 825 3393 880 illum

1801 907 2035 961 futurum
2081 923 2185 979 quo
2214 910 2335 978 quis
2385 920 2612 965 mortem
2665 912 2840 967 libens
2896 924 3173 984 oppeteret
3222 919 3398 985 potiti

1799 1015 1958 1070 quam
1993 1002 2287 1056 irruentem
2321 1002 2531 1057 hostem
2563 1003 2878 1061 interimeus
2918 1005 3160 1075 ejusdem
3209 1025 3396 1082 perpcg

1801 1102 1903 1148 tua:
1936 1092 2298 1148 damnationis
2331 1108 2544 1148 causam
2569 1109 2708 1161 esse,
2740 1106 2794 1151 ut
2824 1099 3016 1154 docent
3036 1100 3269 1171 Aragon,
3301 1103 3398 1158 Sa-

1801 1185 1911 1248 Ion,
1942 1185 2246 1254 Cajetanus,
2277 1186 2474 1256 aliique
2501 1185 2565 1241 ad
2592 1202 2644 1256 q.
2693 1189 2760 1244 (id
2799 1190 2890 1244 cit.
2940 1195 3108 1246 sancti
3156 1193 3395 1249 Thamar.

1802 1276 1983 1330 Potest
2009 1277 2121 1331 haec
2151 1277 2436 1346 explicatio
2483 1280 2656 1349 colligi
2698 1295 2763 1334 ex
2795 1280 2859 1334 iis
2909 1298 3025 1351 quae
3057 1281 3194 1338 idem
3229 1285 3281 1340 in
3331 1302 3398 1342 eo

1803 1367 1938 1423 libro
1993 1370 2165 1436 primo
2218 1369 2283 1423 de
2337 1369 2526 1424 Libero
2573 1369 2813 1426 Arbitrio
2858 1374 3059 1427 scribit.
3109 1375 3240 1429 Nam
3276 1393 3395 1432 cum

1803 1458 2030 1514 dixisset
2059 1460 2383 1514 occisionem
2418 1463 2678 1516 invasoris
2709 1463 2851 1517 nulla
2885 1464 3000 1532 lege
3029 1465 3171 1520 civili
3217 1467 3395 1536 plecti,

1802 1555 1879 1607 ait
1900 1569 2018 1623 cap.
2053 1553 2118 1607 5:
2154 1573 2171 1604 ‹
2205 1554 2312 1608 Illae
2343 1570 2470 1610 vero
2500 1557 2672 1625 culpae
2720 1557 2848 1612 alias
2891 1574 3075 1626 pmoas
3108 1571 3258 1629 aptas
3302 1562 3400 1616 ha-

1804 1646 1953 1710 bent,
1988 1662 2015 1699 a
2048 1646 2240 1715 quibus
2264 1647 2376 1700 sola
2415 1646 2544 1701 mihi
2581 1648 2795 1703 videtur
2828 1665 2985 1718 posse
3033 1650 3263 1707 liberare
3310 1668 3401 1708 sa-

1804 1738 2025 1807 pientia.
2068 1757 2086 1790 ›
2121 1738 2188 1791 At
2211 1753 2315 1792 non
2342 1739 2447 1808 agit
2469 1739 2618 1809 juxta
2651 1743 2860 1810 regulas
2891 1741 3167 1810 sapientiae
3204 1745 3293 1812 qui
3336 1745 3405 1800 ob

101 1830 342 1884 scribens
391 1831 535 1884 illam
567 1832 798 1899 priorem
848 1832 1170 1886 sententiam
1215 1847 1319 1886 non
1353 1847 1697 1901 expungens,
1734 1829 1780 1891 B
1809 1834 2089 1888 vilissima:
2121 1834 2199 1888 rei
2228 1849 2346 1905 qua:
2379 1835 2449 1888 sit
2482 1835 2534 1889 in
2567 1833 2783 1889 homine
2811 1837 3277 1893 conservationem
3321 1840 3404 1894 in-

103 1919 292 1974 iterum
340 1921 671 1990 approbasse
717 1923 1024 1977 censendus
1065 1923 1153 1977 sit.
1202 1921 1382 1992 Itaque
1414 1935 1698 1992 utrumque

102 2014 299 2068 dictum
333 2022 419 2068 est
447 2015 878 2084 componendum
911 2030 978 2069 ex
1026 2015 1266 2084 ejusdem
1313 2014 1483 2070 sancti
1527 2015 1702 2069 Patris

103 2105 255 2160 effato
303 2106 397 2161 lib.
433 2121 452 2160 ι
499 2105 567 2161 de
600 2106 714 2161 Lib.
773 2107 929 2171 Arb.,
977 2120 1028 2161 c.
1073 2103 1129 2171 5,
1164 2105 1251 2160 ubi
1295 2106 1405 2159 ait:
1468 2123 1486 2157 ι
1521 2106 1701 2160 PoteSt

99 2213 221 2268 ergo
246 2199 322 2253 illi
356 2199 483 2270 legi,
512 2215 632 2270 qua:
658 2200 977 2255 tuendorum
1007 2201 1206 2254 civium
1248 2215 1407 2256 causa
1433 2202 1541 2255 vim
1569 2202 1701 2256 hos~

102 2291 243 2345 tilem
273 2295 468 2347 eadem
497 2293 547 2346 vi
572 2293 760 2362 repelli
782 2293 957 2363 jubet,
978 2294 1095 2350 sine
1119 2295 1334 2349 libidine
1363 2295 1702 2366 obtempera-

98 2384 160 2437 ri.
201 2402 219 2435 ι
257 2385 611 2454 Augustinus,
647 2395 704 2440 ut
731 2386 902 2442 hostis
933 2386 1136 2442 occisio
1169 2389 1239 2443 sit
1269 2388 1432 2458 licita,
1461 2388 1562 2443 hoc
1589 2400 1704 2442 tan-

103 2483 207 2529 tum
241 2477 359 2530 vult
392 2486 449 2531 ut
479 2478 620 2532 actio
659 2479 936 2533 occidendi
984 2481 1050 2532 ab
1083 2479 1168 2542 illa
1215 2481 1381 2534 noxia
1413 2480 1703 2551 cupiditate

96 2583 455 2640 sequeretur;
487 2589 652 2644 quare
673 2616 688 2640 ,
735 2579 779 2630 si
811 2579 930 2646 quis
956 2591 1015 2632 se
1043 2577 1338 2633 defendens
1369 2579 1423 2633 id
1448 2589 1570 2650 agat
1600 2595 1703 2634 non

95 2675 273 2718 motus
305 2665 402 2718 illa
446 2667 740 2733 cupiditate
785 2682 885 2737 qua
916 2669 983 2722 ad
1012 2671 1093 2722 sui
1135 2669 1504 2724 defensionem
1550 2671 1708 2725 bruta

91 2757 255 2810 etiam
282 2756 660 2825 impelluntur,
678 2758 771 2812 sed
795 2771 986 2828 pacato
1005 2761 1227 2815 rationis
1246 2761 1494 2833 imperio,
1516 2776 1710 2832 nempe

91 2850 155 2903 ob
186 2850 399 2904 bonum
434 2853 768 2922 reipublicae,
801 2856 887 2909 vel
918 2854 1158 2923 familiae,
1191 2857 1272 2911 vel
1302 2867 1359 2911 ut
1405 2859 1667 2913 moriatur
1691 2896 1707 2920 ,

91 2955 207 2996 cum
233 2941 442 3010 majori
473 2944 847 3011 probabilitate
876 2947 1083 3013 salutis,
1111 2962 1228 3018 quae
1278 2951 1513 3004 maxime
1552 2950 1710 3005 Chri~

93 3033 326 3087 stianum
355 3035 726 3091 consideratio
756 3037 935 3104 decet,
982 3039 1067 3093 vel
1110 3055 1433 3111 quocunque
1475 3043 1582 3098 alio
1623 3042 1707 3098 di-

92 3123 260 3191 gniori
293 3124 405 3179 fine
460 3127 647 3194 procul
677 3126 745 3181 ab
777 3129 869 3182 illo
896 3129 1205 3198 cupiditatis
1242 3133 1569 3189 irrationalis
1611 3133 1711 3188 im—

1805 1923 1950 1994 genti
1972 1937 2029 1977 se
2052 1924 2205 1978 laude
2224 1924 2416 1994 privat,
2449 1924 2588 1979 unde
2619 1925 2912 1980 secundum
2943 1928 3160 1982 easdem
3185 1932 3401 1997 sapien-

1809 2017 1895 2070 tiae
1941 2018 2155 2085 regulas
2203 2015 2514 2071 defectuose
2560 2018 2687 2087 agit,
2722 2019 2862 2086 quod
2896 2028 2977 2073 est
3004 2034 3245 2088 peccare.
3297 2021 3404 2077 Sed

1808 2111 1929 2179 plus
1971 2109 2170 2180 aliquid
2218 2112 2353 2166 velle
2395 2109 2572 2166 fateor
2619 2121 2862 2165 sanetum
2918 2108 3226 2178 doctorem,
3284 2123 3407 2170 nam

1807 2213 1927 2270 cap.
1955 2201 2044 2254 illo
2070 2199 2102 2253 5
2129 2202 2233 2256 ait:
2262 2220 2280 2253 ι
2305 2201 2585 2268 Quomodo
2614 2203 2756 2256 enim
2785 2203 2927 2272 apud
2952 2219 3069 2258 eam
3095 2205 3407 2275 (providen-

1813 2298 1938 2346 tiam
1973 2295 2233 2362 divinam)
2261 2304 2384 2349 sunt
2415 2296 2498 2349 isti
2531 2306 2750 2363 peccato
2773 2297 2949 2364 liberi,
2976 2298 3064 2366 qui
3097 2315 3190 2368 pro
3232 2302 3294 2354 iis
3325 2316 3411 2356 re-

1810 2386 1912 2442 bus
1935 2401 2064 2455 quas
2093 2389 2360 2442 contemni
2385 2394 2599 2456 Oportet
2625 2387 2859 2443 humana
2877 2388 3024 2444 unde
3050 2391 3234 2458 polluti
3261 2393 3411 2448 sunt?

1811 2481 2036 2536 Videtur
2054 2498 2182 2553 ergo
2210 2482 2342 2536 mihi
2368 2493 2420 2537 et
2443 2482 2614 2553 legem
2649 2483 2828 2550 istam,
2855 2500 2974 2555 quae
2998 2484 3196 2555 populo
3218 2499 3413 2555 regen-

1813 2577 1882 2632 do
1910 2578 2184 2639 scribitur,
2220 2590 2364 2633 recte
2397 2580 2495 2633 ista
2549 2580 2882 2647 permittere,
2929 2591 2983 2634 et
3030 2597 3127 2650 per
3174 2581 3414 2636 divinam
3509 2648 3512 2652 I

1816 2666 2209 2736 providentiam
2238 2667 2524 2722 vindicari.
2565 2687 2584 2720 ι
2629 2669 2760 2736 Quae
2790 2685 2919 2725 sane
2951 2671 3114 2726 verba
3146 2672 3416 2743 invasoris

1819 2757 2115 2812 occisorem
2144 2758 2262 2827 plus
2284 2774 2442 2828 quam
2470 2759 2595 2813 dicti
2621 2757 2862 2814 defectus
2890 2764 3110 2816 moralis
3134 2763 3266 2818 citra
3292 2779 3417 2833 pec-

1817 2851 1994 2899 catum
2023 2845 2072 2897 in
2104 2845 2379 2913 Operando
2418 2861 2570 2901 reum
2597 2847 2952 2902 constituunt.
2994 2849 3159 2919 Igitur
3200 2859 3418 2906 senten-

1819 2937 1890 2990 tia
1915 2939 2083 2990 sancti
2108 2938 2345 2992 doctoris
2359 2952 2422 2992 ex
2442 2939 2737 2994 subtilioris
2751 2939 3105 3010 philosophiae
3139 2944 3420 3012 principiis

1819 3027 2048 3083 deducta
2072 3030 2409 3098 generosiori
2448 3030 2636 3100 suique
2683 3032 3010 3090 aestimatore
3048 3035 3229 3088 animo
3261 3036 3422 3106 digna

1818 3134 1930 3174 non
1956 3121 2062 3175 nisi
2087 3121 2285 3188 injuste
2311 3121 2631 3189 reprehendi
2653 3133 2848 3191 potest,
2868 3139 2988 3179 cum
3005 3125 3146 3179 illam
3170 3127 3425 3183 Hebraeo-

95 3215 268 3281 pulsu,
303 3230 607 3284 aggressus
631 3218 766 3272 citra
795 3220 1007 3289 culpam
1040 3232 1208 3290 potest
1235 3222 1380 3278 licite
1405 3223 1705 3278 invaSorem

1820 3223 1964 3274 rum,
2025 3206 2336 3264 Grrecorum
2386 3225 2448 3265 ac
2492 3211 2808 3267 Latinorum
2860 3215 3238 3284 sapientissimi
3297 3227 3424 3274 ante

90 3304 365 3360 occidere.
430 3304 569 3371 Quae
623 3306 839 3376 quidem
894 3310 1277 3380 consideratio,
1329 3311 1457 3367 licet
1503 3312 1609 3367 illis
1653 3314 1706 3368 in

86 3403 342 3470 angustiis
371 3417 494 3457 non
526 3402 597 3457 ita
641 3404 693 3458 in
733 3415 984 3474 promptu
1031 3421 1151 3462 esse
1201 3407 1464 3478 videatur,
1518 3410 1706 3466 eadem

84 3492 485 3559 probabilitate
498 3492 806 3550 defenditur
824 3509 925 3566 qua
951 3507 1166 3552 sanctus
1184 3499 1425 3555 Thomas
1457 3493 1715 3558 intentio?-

84 3599 203 3639 nem
234 3586 540 3641 occidendi
596 3589 764 3643 hostis
797 3590 882 3642 vel
931 3597 989 3642 ut
1037 3590 1198 3644 finem
1232 3591 1316 3645 vel
1369 3601 1426 3644 ut
1473 3594 1709 3648 medium

84 3674 357 3741 distinxit,
393 3675 482 3731 ad
512 3676 612 3732 hoc
641 3687 698 3732 ut
728 3680 846 3748 quis
875 3689 1056 3748 posset
1085 3681 1229 3735 Incite
1275 3682 1578 3737 invasorem
1624 3684 1709 3737 in-

81 3766 366 3830 terimere,
402 3775 476 3821 ul
502 3784 599 3834 per
621 3783 680 3823 se
709 3770 1076 3824 consideranti
1102 3772 1325 3839 patebit.

158 3858 256 3912 Est
282 3859 426 3912 alius
451 3859 624 3914 etiam
657 3860 865 3915 facilior
888 3860 1085 3931 modus
1128 3864 1536 3932 Augustiniantn
1581 3863 1737 3919 seu?

91 3955 266 4007 tentia:
294 3953 670 4022 exponendas,
704 3955 746 4008 si
777 3955 1022 4009 dicamus
1066 3958 1444 4026 Augustinum,
1498 3959 1712 4028 quando

90 4044 414 4100 occisionem
468 4047 815 4116 a’ggressoris
860 4058 1135 4116 peccatum
1181 4051 1509 4118 appellavit,
1553 4051 1714 4105 intel-

91 4137 285 4194 lexisse
312 4141 594 4196 moralem
626 4141 892 4194 defectum
936 4142 1168 4195 actionis
1215 4143 1267 4196 in
1317 4157 1477 4212 quem
1523 4143 1714 4198 incidit

91 4234 196 4298 qui,
230 4235 426 4289 relicto
482 4241 615 4287 actu
661 4233 819 4302 longe
870 4235 1194 4303 perfectiori,
1260 4237 1711 4304 imperfectiorem

92 4327 256 4399 eligit,
314 4331 469 4385 unde
506 4344 582 4384 ex
618 4329 922 4399 insipientia
950 4330 1159 4398 operari
1191 4330 1403 4384 dicitur.
1430 4334 1498 4387 At
1526 4333 1612 4400 qui
1654 4346 1714 4388 se

92 4422 352 4486 permittit
385 4421 601 4485 occidi,
637 4433 737 4474 nec
764 4429 940 4489 curat,
973 4434 1093 4474 cum
1126 4423 1314 4490 possit,
1358 4437 1490 4478 nece
1541 4420 1714 4478 hostis

89 4512 245 4567 vitam
269 4515 579 4579 redimere,
604 4513 1042 4567 excellentiorem
1066 4514 1254 4582 quovis
1277 4513 1567 4570 infortunio
1595 4516 1712 4570 ani-

93 4617 231 4658 mum
266 4607 481 4664 habere
513 4619 580 4661 se
634 4615 918 4672 monstrat,
973 4606 1115 4660 haud
1150 4608 1200 4660 in
1255 4608 1407 4662 bonis
1457 4619 1711 4678 reputans

91 4697 271 4762 vitam,
301 4715 476 4770 quam
507 4699 765 4754 amittere
790 4708 1004 4767 paratus
1035 4710 1135 4766 est,
1169 4710 1221 4754 et
1246 4715 1349 4754 non
1389 4700 1590 4755 habere
1618 4717 1712 4770 pa-

95 4789 290 4855 ratior;
323 4792 475 4846 unde
509 4804 726 4845 summa
759 4790 914 4845 laude
931 4791 1573 4857 commendandusvenit,
1608 4809 1713 4863 quo

94 4889 244 4944 pacto
276 4881 680 4946 Anaxarchus,
717 4880 906 4949 Stilpo,
937 4882 1139 4950 aliique
1175 4893 1412 4935 veterum
1447 4884 1711 4951 pratconia

95 4967 443 5046 demet-uere.
505 4973 682 5027 Sectis
712 4986 842 5026 vero
892 4986 1055 5043 agens
1100 4973 1254 5026 exilis
1296 4974 1456 5028 animi
1509 4989 1566 5029 se
1592 4990 1712 5031 esse

93 5064 355 5133 ostendit,
389 5077 452 5123 ut
477 5080 647 5136 quem
678 5065 928 5120 vilissimi
977 5065 1103 5120 boni
1158 5069 1426 5136 possessio
1466 5069 1707 5137 impleat,

92 5164 152 5206 ac
201 5157 341 5211 tanti
390 5159 572 5213 vitam
604 5157 761 5212 faciat
791 5167 846 5211 ιιι
873 5159 1122 5213 omnibus
1172 5160 1374 5214 viribus
1423 5173 1516 5228 pro
1570 5160 1711 5215 illius

93 5252 525 5307 conservatione
565 5252 665 5304 sibi
707 5251 1066 5305 dimicandum
1119 5262 1289 5320 putet.
1349 5252 1523 5321 Quare
1571 5255 1710 5322 apud

96 5352 277 5397 veram
309 5347 653 5414 sapientiam
684 5347 849 5400 stulte
875 5345 960 5400 hic
985 5347 1248 5414 posterior
1275 5361 1431 5416 agere
1449 5349 1710 5416 indicabi-

95 5439 195 5500 tur,
231 5438 483 5508 vilisque
515 5439 682 5493 animi
711 5452 898 5508 pmnas
929 5439 1059 5504 luet,
1110 5439 1308 5508 ingenti
1346 5441 1438 5495 illo
1489 5441 1705 5494 laudum

92 5528 313 5581 cumulo
342 5530 626 5597 privatus,
654 5545 774 5599 qua:
805 5530 927 5583 vitae
957 5529 1202 5598 corporis
1225 5531 1585 5600 contemptori
1618 5531 1709 5586 de-

86 5616 305 5676 bentur.
329 5622 582 5678 Accedit
609 5621 976 5678 fortitudinem
1021 5622 1285 5692 majorem
1336 5625 1484 5678 exeri
1526 5625 1592 5678 ab
1643 5637 1708 5679 eo

84 5714 171 5779 qui
202 5729 489 5782 generose
522 5719 670 5772 mala
701 5720 920 5788 patitur,
945 5733 1104 5789 quam
1137 5720 1203 5774 ab
1226 5733 1292 5774 eo
1322 5720 1413 5789 qui
1447 5719 1625 5786 infert,
1652 5727 1710 5775 ut

79 5814 202 5870 post
233 5807 615 5864 Aristotelem
648 5824 706 5865 ut
757 5811 934 5866 Ethic.
982 5825 1100 5878 cap.
1152 5811 1206 5874 9,
1250 5811 1440 5880 probat
1493 5820 1708 5866 sanctus

1819 3303 2178 3371 Augustinum
2205 3302 2570 3373 defenderint,
2602 3309 2693 3378 qui
2725 3307 2888 3362 vitam
2919 3307 3064 3365 inter
3089 3312 3422 3382 contempti-

1818 3392 1944 3448 bilia
1971 3394 2108 3450 bona
2133 3396 2397 3466 rejecere,
2422 3398 2563 3452 unde
2591 3400 2762 3454 nostri
2810 3401 2986 3456 Patris
3023 3414 3288 3459 assertum
3331 3405 3425 3461 de-

1819 3489 1982 3557 rivat,
2012 3500 2070 3542 ut
2096 3505 2162 3544 ex
2194 3491 2311 3558 ipso
2341 3491 2640 3544 luculenter
2670 3491 3022 3547 ostendimus.

1891 3583 2017 3635 Hmc
2038 3582 2254 3650 quidem
2278 3584 2626 3650 scripseram,
2651 3598 2771 3650 quae
2797 3583 2881 3636 ubi
2907 3583 3049 3653 typis
3069 3584 3209 3640 edita
3234 3585 3421 3642 Romae

1819 3675 1900 3727 vir
1928 3673 2279 3727 doctissimus
2313 3673 2550 3743 legisset,
2586 3673 2731 3728 illico
2761 3689 2847 3730 me
2876 3677 3148 3742 convenit,
3177 3677 3294 3734 fere
3343 3679 3422 3735 in-

1819 3767 2069 3835 dignatus
2110 3765 2251 3835 quod
2285 3766 2610 3821 sententiam
2643 3767 2962 3836 antiquioris
2998 3767 3254 3822 Ecclesiae
3310 3769 3418 3825 Pa-

1821 3857 1995 3914 tribus
2028 3857 2344 3912 familiarem
2374 3869 2478 3911 tam
2512 3857 2825 3912 meticulose
2855 3858 3212 3914 defenderim.
3247 3859 3423 3917 Simul

1822 3951 2080 4020 pleraque
2117 3951 2338 4005 Patrum
2373 3952 2676 4006 tesrimonia
2708 3951 2963 4007 indicavit
3010 3968 3116 4022 quo
3144 3970 3232 4010 me
3274 3956 3423 4011 inani

1819 4053 1967 4099 metu
1998 4045 2272 4100 liberaret.
2304 4044 2360 4099 ln
2394 4045 2580 4115 primis
2629 4045 2960 4115 Augustinus
3004 4046 3167 4101 etiam
3217 4049 3426 4124 episco-

1821 4154 1920 4208 pus
1964 4140 2016 4192 in
2041 4139 2229 4194 eadem
2255 4140 2520 4194 sententia
2549 4148 2860 4194 constanter
2885 4140 3052 4205 stetit,
3084 4155 3242 4209 quam
3265 4142 3426 4198 etiam

1821 4231 2143 4284 militaribus
2175 4228 2446 4299 prtefectis
2491 4229 2798 4298 persuasit:
2835 4231 3132 4298 Publicola,
3167 4234 3249 4286 vir
3277 4233 3426 4292 illus-

1822 4320 1943 4386 tris,
1975 4322 2065 4389 qui
2095 4319 2146 4372 in
2172 4319 2493 4389 Arzugitana
2524 4321 2743 4390 regione
2764 4320 2949 4378 limitis
2971 4337 3153 4378 curam
3179 4325 3423 4392 gerebat,

1822 4413 2003 4482 plures
2035 4422 2221 4466 sancto
2267 4412 2472 4465 doctori
2521 4414 2850 4482 quzestiones
2884 4414 3167 4470 solvendas
3212 4429 3306 4483 per
3337 4416 3424 4469 lit-

1826 4507 1968 4561 teras
2007 4488 2173 4570 misit,
2205 4521 2427 4574 quarum
2464 4504 2781 4560 duodecima
2822 4507 2872 4560 in
2923 4508 3036 4562 haec
3060 4509 3212 4575 plane
3263 4508 3422 4562 verba

1741 4588 2266 4667 Dcoucipicbatur':
2317 4599 2373 4655 Si
2405 4597 2745 4655 Christianus
2798 4599 2975 4655 videat
3017 4615 3075 4654 se
3120 4616 3148 4653 a
3196 4599 3425 4657 barbaro

1821 4693 1904 4747 vel
1938 4693 2181 4748 Romano
2211 4693 2349 4748 velle
2383 4693 2634 4759 interfici,
2683 4692 2841 4749 debet
2871 4708 2965 4748 eos
2997 4695 3112 4762 ipse
3157 4692 3422 4749 Christia-

1821 4799 1922 4842 nus
1952 4788 2276 4853 interficere,
2311 4805 2376 4844 ne
2404 4789 2472 4843 ab
2501 4789 2607 4842 illis
2628 4787 3002 4840 interficiatur.
3051 4785 3146 4841 Cui
3195 4787 3424 4842 difficul-

1821 4882 1914 4935 tati
1940 4883 2015 4934 sic
2044 4882 2335 4950 respondet
2357 4888 2575 4934 sanctus
2602 4878 2790 4930 doctor
2820 4876 3049 4944 epistola
3077 4879 3142 4932 ad
3175 4879 3424 4935 eumdem

1823 4973 1927 5029 ’fb‘l
1972 4991 1984 5026 :
2025 4991 2042 5022 ι
2087 4975 2161 5028 De
2211 4971 2520 5027 occidendis
2555 4966 2862 5022 hominibus
2890 4984 2956 5024 ne
2983 4969 3052 5024 ab
3105 4971 3169 5026 iis
3199 4974 3426 5043 quisque

1823 5064 2124 5130 occidatur,
2160 5078 2265 5117 non
2301 5061 2432 5115 mihi
2463 5060 2637 5128 placet
2677 5059 2985 5128 consilium,
3018 5063 3120 5118 nisi
3166 5062 3306 5119 forte
3355 5066 3425 5119 sit

1822 5158 1999 5222 miles,
2033 5167 2124 5210 aut
2156 5154 2363 5226 publica
2398 5153 2674 5208 functione
2706 5163 2991 5223 teneatur,
3023 5165 3080 5211 ut
3111 5174 3209 5213 nec
3235 5172 3333 5227 pro
3365 5173 3425 5212 se

1821 5254 1926 5308 hoc
1949 5253 2127 5317 faciat,
2164 5250 2259 5305 sed
2292 5263 2386 5320 pro
2410 5249 2532 5302 aliis
2571 5249 2654 5304 vel
2688 5264 2786 5320 pro
2835 5249 3069 5317 civitate,
3123 5251 3213 5306 ubi
3262 5251 3422 5304 etiam

1818 5347 1935 5416 ipse
1965 5354 2067 5411 est,
2101 5353 2323 5412 accepta
2369 5340 2602 5411 legitima
2640 5350 2923 5410 potestate,
2957 5344 3003 5396 si
3031 5343 3146 5410 ejus
3177 5343 3426 5409 congruit

1822 5450 2089 5506 personae.
2132 5455 2148 5486 ›
2188 5434 2335 5488 Hanc
2385 5433 2543 5502 plane
2589 5431 2887 5487 doctrinam
2919 5433 2986 5486 ab
3017 5430 3282 5486 Africanis
3319 5427 3424 5486 Pa-

1823 5531 1994 5585 tribus
2028 5529 2353 5599 Augustinus
2384 5535 2685 5597 acceperat.
2721 5526 3081 5582 Tertullianns
3123 5526 3176 5580 in
3221 5528 3422 5596 Apolo-

1821 5628 1996 5699 getico
2045 5628 2294 5682 dixerat:
2329 5645 2347 5678 ι
2391 5626 2540 5694 Apud
2585 5627 2764 5688 iStam,
2813 5637 3006 5692 nempe
3055 5623 3420 5684 Christianam

1822 5719 2162 5790 disciplinam
2187 5719 2356 5787 magis
2378 5717 2547 5772 occidi
2577 5716 2706 5772 licet
2729 5731 2886 5785 quam
2913 5715 3179 5772 occidere.
3216 5739 3231 5770 ι
3261 5720 3425 5779 Certe

1822 5814 2069 5878 ChriStus
2091 5820 2368 5869 exarmato
2401 5809 2558 5866 Petro
2596 5825 2810 5867 omnem
2843 5808 3206 5867 Christianum
3236 5815 3319 5868 dor
3343 5818 3417 5869 uit
