3930 6314
480 256 599 328 .713

1386 260 1942 323 SUPPLEMENTUM
1970 258 2063 316 AD
2105 258 2337 318 OPERA
2374 262 2439 321 S.‘
2474 262 2867 325 AUGUSTINI.

3668 274 3791 335 7η

488 408 555 447 ne
593 390 700 446 vim
730 389 780 445 vi
820 387 1129 460 repelleret.
1161 387 1293 445 Cum
1322 387 1650 443 Tertulliano
1696 386 1929 441 concinit
1971 383 2073 453 Cy-
2099 381 2153 443 Λ
2177 387 2556 444 comburendze
2584 404 2723 445 unus
2746 399 2803 446 et
2841 390 3072 447 securim
3118 398 3174 447 et
3220 393 3389 449 facem
3440 395 3785 463 Augustinus

488 486 709 557 prianus
734 485 891 556 epist.
919 484 1012 551 56,
1054 484 1143 539 ubi
1169 484 1365 538 clamat
1398 500 1411 533 :
1444 500 1461 532 ι
1500 481 1757 536 Occidere
1808 495 1912 532 non
1934 478 2077 543 licet,

487 583 578 636 sed
609 580 782 637 occidi
809 594 1030 636 necesse
1056 589 1169 645 est;
1204 597 1224 631 ι
1246 588 1301 633 et
1340 578 1394 631 in
1424 576 1664 647 sequenti
1695 576 1853 646 epist.
1892 572 1982 638 57,
2013 572 2078 627 ad

487 677 835 732 Corneliana:
874 694 892 726 ι
929 674 1189 730 Occidere
1237 672 1612 728 innocentibus
1660 686 1758 728 nec
1793 678 2077 726 nocentem

490 770 666 825 liceat.
706 789 726 822 ι
756 765 1307 825 AcceditLactantius
1332 765 1427 821 lib.
1453 781 1505 820 vr
1535 764 1703 821 divin.
1735 764 1932 831 lnstit.,
1953 779 2075 833 cap.

486 863 576 925 20,
612 862 700 919 ubi
724 877 845 917 cum
869 862 1136 918 dixisset:
1175 879 1195 913 ι
1232 861 1306 916 Ea
1348 876 1558 931 quoque
1587 876 1653 917 ne
1699 861 1847 927 fiant,
1894 870 2079 917 monet

488 971 606 1026 qure
630 957 769 1027 apud
798 956 1044 1011 homines
1074 969 1171 1024 pro
1200 954 1359 1010 licitis
1383 955 1711 1021 habentur»
1749 955 1865 1010 haec
1887 953 2072 1009 addit:

494 1068 511 1101 ι
550 1049 731 1119 Itaque
761 1049 815 1102 in
847 1048 948 1103 hoc
978 1047 1069 1103 Dei
1102 1056 1368 1117 praecepto
1391 1048 1597 1102 nullum
1629 1060 1852 1117 prorsus
1885 1061 2079 1115 exper-

489 1154 595 1199 tem
622 1142 734 1197 fleri
766 1150 999 1211 oportet,
1031 1141 1157 1213 quin
1188 1141 1436 1197 occidere
1464 1140 1732 1195 hominem
1764 1140 1836 1193 sit
1862 1153 2078 1209 semper

487 1235 658 1290 nefas.
698 1251 717 1286 ι
753 1234 863 1288 lmo
889 1232 1028 1288 hanc
1056 1233 1227 1303 ipsam
1254 1232 1552 1287 doctrinam
1581 1232 1842 1288 didicerat
1866 1232 2078 1302 Augus-

489 1326 632 1381 tinus
662 1341 692 1381 a
721 1328 988 1397 magistro
1020 1325 1303 1382 Ambrosio
1332 1324 1743 1392 Mediolanensi,
1782 1324 1877 1379 lib.
1919 1340 1977 1379 ιιι
2006 1323 2076 1379 de

486 1421 716 1490 Officiis,
749 1436 869 1486 cap.
899 1421 954 1488 4,
999 1421 1115 1477 haec
1143 1420 1449 1476 scribente:
1490 1437 1509 1470 ‹
1546 1419 1745 1474 Tamen
1777 1434 1882 1474 non
1928 1418 2078 1473 vide-

488 1521 573 1569 tur
598 1513 743 1584 quod
770 1514 849 1567 vir
876 1512 1232 1578 Christianus,
1264 1524 1319 1568 et
1342 1512 1538 1583 justus,
1582 1520 1634 1569 et
1660 1512 1899 1582 sapiens.
1930 1526 2077 1580 quaa-

485 1620 606 1661 rere
661 1606 761 1660 sibi
812 1604 973 1659 vitam
1026 1604 1197 1659 aliena
1248 1611 1420 1658 morte
1477 1601 1673 1681 debeat
1704 1618 1717 1657 :
1750 1610 1934 1671 utpote
1984 1602 2076 1671 qui

484 1698 698 1754 etiamsi
725 1698 778 1753 in
816 1698 1079 1753 latronem
1106 1706 1369 1751 armatum
1401 1694 1601 1749 incidat
1627 1693 1910 1750 ferientem
1935 1691 2076 1746 refe—

2180 479 2439 535 admovit.
2473 481 2624 537 Nunc
2666 483 2809 538 enim
2839 482 3134 559 Manichaei,
3165 486 3326 539 modo
3356 486 3539 540 Ariani
3588 488 3787 542 confu-

2182 572 2325 627 tandi
2355 582 2535 639 erant;
2569 587 2710 628 nunc
2738 574 2789 628 in
2821 573 3127 629 Donatistas
3175 575 3547 643 scribendum,
3592 579 3780 632 statim

2179 676 2367 722 contra
2404 668 2715 739 Pelagianos
2759 667 3024 733 eundum;
3058 683 3203 738 saepe
3244 669 3405 723 simul
3436 684 3633 724 omnes
3675 670 3779 724 im-

2179 761 2440 831 probandi
2473 779 2485 814 :
2519 778 2691 832 neque
2715 762 2818 818 hoc
2856 762 3075 832 quidem
3102 764 3387 819 commode
3414 764 3531 821 ﬁeri
3564 776 3785 834 poterat

2177 854 2250 911 ob
2278 855 2589 910 innumeras
2617 863 2730 910 tum
2762 870 2896 911 voce
2939 866 3046 911 tum
3089 871 3185 925 per
3226 857 3432 912 litteras
3478 866 3535 911 et
3583 860 3786 926 petitas

2178 954 2234 1005 et
2262 947 2489 1002 subinde
2517 948 2669 1003 datas
2697 949 3137 1004 consultationes.
3170 949 3323 1003 Haud
3353 950 3406 1003 in
3437 965 3646 1005 nonum
3688 967 3784 1006 an-

2179 1055 2308 1096 num
2330 1039 2602 1095 volumina
2632 1056 2879 1110 premere
2904 1042 2981 1096 illi
3011 1042 3179 1108 licuit,
3204 1042 3297 1097 sed
3339 1041 3580 1103 impolita
3612 1052 3779 1112 atque

2178 1130 2493 1203 imperfecta
2544 1134 2794 1189 emittere
2837 1133 3152 1204 cogebatur,
3199 1135 3469 1204 tantisque
3517 1137 3776 1204 temporis

2178 1225 2441 1295 angustiis
2468 1227 2828 1294 premebatur,
2870 1236 2929 1281 ut
2974 1240 3074 1282 nec
3117 1226 3349 1282 dictatus
3398 1226 3566 1282 libros
3607 1232 3779 1285 semel

2180 1318 2423 1389 relegere
2451 1331 2650 1389 posset,
2682 1328 2741 1376 ut
2782 1321 3012 1389 ipsemet
3057 1328 3283 1375 testatur
3329 1322 3380 1375 in
3428 1322 3659 1392 episrola
3713 1324 3777 1378 ad

2183 1410 2575 1467 Marcellinum.
2606 1410 2967 1478 Quamobrem
2990 1412 3037 1468 si
3060 1414 3187 1483 quid
3210 1414 3419 1469 veritati
3450 1414 3633 1469 minus
3652 1430 3781 1471 con-

2180 1503 2355 1559 forme
2376 1504 2549 1560 eidem
2571 1506 2878 1573 excidisset,
2899 1504 2917 1575 j
2926 1521 3022 1563 ure
3040 1508 3234 1563 merito
3249 1509 3590 1563 excusandus
3612 1520 3777 1566 esset.

2181 1596 2314 1653 illud
2336 1613 2465 1653 vero
2488 1598 2723 1655 maxime
2743 1600 3035 1655 notandum
3066 1600 3237 1666 venit,
3261 1601 3403 1671 quod
3425 1604 3775 1673 Augustinus,

2179 1702 2303 1744 cum
2330 1689 2610 1745 universos
2632 1705 2663 1744 a
2699 1705 2760 1747 se
2784 1691 3131 1748 elucubratus
3161 1691 3332 1747 libros
3376 1696 3623 1749 censoria
3653 1711 3780 1764 gra-

483 1791 592 1846 rire
620 1806 721 1845 nos
753 1804 953 1857 POSSIT,
987 1804 1075 1855 ne,
1101 1789 1228 1844 dum
1256 1790 1482 1843 salutem
1528 1787 1791 1851 defendit,
1817 1787 2075 1857 pietatem
2108 1782 2158 1844 B
2183 1784 2347 1837 vitate
2376 1793 2706 1850 recenseret,
2732 1796 2795 1838 ac
2827 1798 2970 1852 smpe
2994 1785 3273 1855 spongiam
3304 1785 3600 1849 adhiberet,
3649 1803 3781 1843 exa-

483 1881 833 1936 contaminet.
877 1899 895 1931 s
933 1879 1062 1947 Quis
1089 1887 1269 1935 autem
1309 1894 1413 1934 non
1447 1879 1624 1934 videat
1665 1886 1922 1949 quantum
1956 1878 2079 1934 huic

483 1972 765 2027 sententia:
796 1970 1129 2026 auctoritatis
1177 1970 1385 2039 pondus
1428 1970 1680 2041 adjiciant
1727 1970 2074 2041 Ambrosius,

482 2064 786 2137 Cyprianus
806 2071 861 2118 et
890 2064 1262 2132 Augustinus?
1287 2064 1474 2119 Nonne
1502 2063 1588 2118 illa
1616 2061 2078 2118 sanctissimorum

485 2170 547 2210 ac
569 2154 1002 2210 doctissimorum
1036 2155 1252 2209 Patrum
1287 2155 1417 2210 trias
1458 2155 1832 2224 prazponderat
1856 2155 2081 2226 integras

483 2249 741 2303 centuria:
801 2247 1189 2313 casuistarum,
1245 2245 1763 2315 quos‘Guimenius,
1826 2246 2077 2313 Pirotus,

483 2338 678 2409 aliique
706 2326 1183 2394 Probabilistarum
1231 2338 1483 2408 primipili
1528 2339 1685 2409 longo
1716 2338 1906 2395 ordine
1942 2337 2083 2394 reci-

485 2437 619 2497 tant,
650 2442 757 2498 quo
788 2429 1025 2495 testium,
1061 2430 1103 2484 si
1134 2444 1242 2483 non
1263 2428 1603 2495 auctoritate,
1627 2430 1819 2485 saltem
1852 2444 2080 2485 numero

484 2536 581 2576 eas
609 2521 891 2590 opiniones
920 2521 1249 2587 suffulciant,
1279 2536 1412 2591 quas
1438 2522 1513 2576 uti
1561 2523 1934 2594 sanguinarias
1976 2537 2079 2577 an-

487 2612 746 2681 tiquiores
775 2612 1029 2667 Ecclesia:
1074 2613 1314 2681 magistri
1360 2614 1786 2683 praescripsere?
1828 2615 2077 2672 Profecto

483 2717 636 2759 novae
684 2703 968 2773 theologiae
1013 2704 1275 2774 magistri,
1328 2705 1420 2777 qui
1474 2721 1578 2761 non
1627 2706 1744 2762 sine
1791 2707 2079 2776 proborum

483 2793 739 2849 seandalo
776 2794 1014 2851 docuere
1045 2796 1249 2851 licitum
1278 2812 1401 2853 esse
1429 2798 1681 2854 occidere
1708 2798 2074 2855 detractorem

481 2892 679 2943 nostras
710 2888 887 2954 famae,
921 2889 1156 2945 immane
1184 2905 1247 2945 ac
1275 2890 1497 2946 crudele
1530 2899 1797 2946 assertum
1825 2891 1949 2946 inde
1979 2892 2076 2947 de-

481 2978 702 3045 ducunt,
732 2980 876 3049 quod
904 2979 1078 3035 honor
1106 2980 1273 3045 pluris
1304 2980 1582 3037 faciendus
1622 2989 1706 3037 est
1736 2997 1892 3050 quam
1942 2984 2070 3049 vita,

480 3080 536 3128 et
563 3086 685 3126 cum
716 3086 811 3142 pro
841 3070 1000 3142 hujus
1031 3071 1346 3127 defensione
1373 3072 1576 3127 licitum
1607 3073 1678 3125 sit
1727 3070 2071 3128 insidiantem

2182 1882 2298 1929 rata
2320 1874 2577 1931 adversus
2602 1875 2920 1947 Pelagianos
2939 1879 3211 1933 volumina
3234 1893 3650 1949 recognoscens,
3670 1880 3781 1934 duo

2183 1965 2301 2021 hac
2358 1976 2560 2021 tantum
2609 1967 2927 2039 corrigenda
2970 1969 3126 2035 dixit,
3182 1985 3375 2041 nempe
3418 1972 3560 2041 quod
3606 1973 3705 2028 lib.
3751 1992 3782 2028 v

2181 2066 2371 2113 contra
2393 2058 2662 2114 lulianum
2689 2059 2881 2116 medici
2910 2062 3189 2131 cujusdam
3227 2063 3391 2118 veluti
3437 2073 3642 2119 certum
3680 2082 3785 2121 no-

2183 2165 2307 2206 men
2337 2152 2627 2219 posuisset,
2673 2152 2817 2222 quod
2846 2162 3024 2209 tamen
3056 2156 3270 2224 penitus
3299 2156 3536 2228 ignotum
3583 2170 3781 2229 postea

2183 2242 2661 2310 animadverterat,
2693 2245 2906 2313 quodve
2935 2246 2987 2302 in
3019 2246 3159 2303 libro
3189 2249 3255 2303 de
3279 2249 3479 2305 Natura
3521 2262 3573 2305 et
3601 2254 3784 2322 gratia

2182 2333 2380 2414 librum
2425 2335 2712 2405 quemdam
2740 2336 2893 2392 Sixto
2934 2338 3176 2409 pontifici
3222 2332 3549 2411 ascripserit,
3574 2343 3785 2413 Pelagii

2183 2424 2347 2481 fidem
2376 2435 2617 2492 secutus,
2643 2429 2731 2498 qui
2761 2437 2940 2485 tamen
2970 2446 3000 2484 a
3035 2432 3201 2489 Sexto
3250 2432 3563 2502 philosopho
3589 2436 3788 2491 editus

2181 2516 2380 2573 fuerat.
2407 2516 2673 2574 Craterum
2702 2520 2906 2576 nullum
2934 2522 3040 2578 illis
3061 2524 3113 2579 in
3142 2523 3294 2582 libris
3319 2535 3498 2581 contra
3526 2526 3791 2597 Pelagia-

2183 2627 2285 2669 nos
2314 2621 2581 2669 assertum
2609 2614 2800 2686 dogma
2829 2619 3163 2687 recantavit,
3196 2618 3397 2675 nullam
3443 2628 3544 2675 non
3589 2619 3789 2677 dicam

2183 2708 2508 2763 sententiam
2538 2710 2798 2775 correxit,
2825 2710 2921 2767 sed
2953 2725 3127 2781 neque
3150 2728 3314 2768 unttm
3342 2711 3559 2769 verbum
3599 2713 3784 2769 veluti

2183 2799 2365 2857 minus
2395 2810 2578 2871 aptum
2600 2804 2786 2871 erasit,
2818 2804 2915 2861 sed
2965 2793 3214 2861 universa
3261 2820 3324 2862 ac
3371 2807 3569 2877 singula
3611 2807 3786 2862 senili

2183 2894 2500 2949 auctoritate
2547 2895 2885 2965 approbavit,
2943 2905 3003 2951 ut
3055 2898 3140 2955 vel
3195 2898 3319 2953 hinc
3368 2898 3544 2953 divina
3574 2899 3783 2967 gratia,

2183 3000 2347 3056 quam
2382 2984 2598 3056 triginta
2627 2995 2682 3043 et
2708 2988 2939 3057 amplius
2971 2989 3124 3046 libris
3152 3000 3341 3046 contra
3371 2990 3786 3061 Pelagianorum

2182 3076 2415 3132 insultus
2440 3079 2703 3134 acerrime
2732 3083 3109 3150 propugnavit,
3150 3082 3365 3153 dignam
3410 3083 3567 3139 veluti
3621 3092 3789 3140 tanto

480 3172 638 3234 atque
668 3164 777 3218 vim
810 3162 1131 3219 inferentem
1161 3162 1431 3229 occidere,
1477 3162 1673 3231 potiori
1715 3163 1921 3218 ratione
1965 3179 2072 3218 non
2105 3167 2150 3230 C
2183 3166 2373 3221 labore
2415 3167 2589 3223 vicem
2619 3169 2942 3238 rependens,
2978 3172 3238 3229 scribenti
3281 3172 3515 3229 adfuisse
3564 3174 3786 3231 credita

481 3257 579 3314 erit
601 3272 726 3313 reus
755 3257 997 3312 criminis
1018 3257 1107 3327 qui
1132 3272 1227 3325 pro
1259 3256 1464 3310 honore
1496 3255 1851 3318 defensando,
1885 3256 1930 3310 si
1954 3258 2072 3309 nul-

481 3352 567 3408 lus
594 3353 664 3407 sit
687 3352 822 3407 alius
870 3350 1133 3407 evadendi
1165 3350 1378 3416 modus,
1408 3350 1818 3405 calumniantem
1848 3348 2073 3403 obtrun-

482 3452 588 3499 cat.
615 3443 741 3499 Htec
762 3443 935 3499 aliave
964 3442 1124 3513 longe
1152 3443 1300 3513 plura
1330 3443 1414 3497 vir
1443 3443 1532 3498 ille
1556 3442 1795 3497 eruditus
1818 3442 2070 3511 protulit,

481 3552 601 3608 quae
631 3536 846 3608 quidem
876 3536 1029 3591 alteri
1061 3536 1221 3591 etiam
1244 3549 1303 3590 sc
1344 3535 1645 3591 insinuasse
1695 3542 1921 3589 testatus
1965 3543 2069 3602 est,

482 3628 571 3694 qui
595 3643 657 3683 ea
690 3640 872 3697 postea
904 3642 1116 3697 quoque
1141 3627 1279 3698 typis
1305 3641 1503 3681 excusa
1534 3623 1787 3693 vulgavit.
1818 3624 2073 3680 Facessat

484 3721 642 3791 igitur
667 3735 927 3774 novorum
948 3720 1299 3773 casuistarum
1319 3718 1498 3781 timor,
1522 3730 1651 3769 suos
1680 3715 1783 3769 illis
1804 3715 2074 3784 relinqua-

482 3826 600 3867 mus
630 3810 987 3865 Tamburinos
1016 3820 1069 3863 et
1102 3809 1353 3874 Bannios,
1382 3821 1477 3860 nos
1502 3806 1843 3860 Ambrosium
1883 3814 1938 3862 et
1965 3808 2074 3861 Au-

482 3905 749 3973 gustinqu
780 3899 1079 3964 audiemus,
1105 3913 1225 3952 cum
1258 3898 1446 3965 quibus
1472 3897 1657 3967 gloria:
1692 3907 1932 3954 vertetur
1966 3916 2073 3954 non

482 3994 642 4049 modo
689 4005 909 4058 sapere,
954 4005 1141 4045 verum
1195 3989 1354 4043 etiam
1385 3988 1655 4059 judicibus
1691 3993 1936 4048 casuistis
1981 4006 2071 4048 er-

482 4094 623 4138 rare.
1666 4082 1669 4083 ⁷

483 4201 509 4272 §
563 4197 679 4272 Xll.
709 4196 932 4272 Sanctus
980 4195 1313 4272 Augustinus
1344 4197 1398 4249 in
1440 4196 1582 4251 libris
1633 4198 2071 4272 Rclroctationum

551 4270 679 4323 nihil
701 4270 789 4323 abs
812 4285 865 4322 se
893 4269 956 4322 de
985 4269 1157 4323 divina
1180 4269 1347 4340 gratia
1369 4276 1620 4324 assertum
1645 4270 1697 4323 in
1727 4269 1869 4322 libris
1891 4280 2070 4325 contra

549 4341 858 4414 Pelagianos
886 4342 1089 4412 scriptis
1114 4341 1383 4412 erpunxit.

550 4458 658 4513 llos
686 4459 983 4525 Augustino
1027 4470 1235 4510 errores
1272 4455 1511 4512 Adamus
1541 4473 1604 4512 ac
1635 4456 1900 4512 Moraiues
1926 4457 2067 4527 obji-

2181 3260 2274 3325 sit,
2308 3258 2411 3331 quo
2442 3264 2627 3332 procul
2656 3278 2686 3318 a
2712 3265 2956 3334 quolibet
2982 3268 3068 3321 vel
3100 3268 3373 3323 levissimo
3398 3283 3580 3326 errore
3614 3271 3789 3327 volta-

2180 3351 2325 3406 mina
2366 3353 2452 3406 illa
2481 3354 2646 3409 cedro
2674 3356 2831 3424 digna
2858 3358 3237 3426 perscriberet.
3285 3360 3351 3415 Et
3399 3370 3569 3416 tamen
3618 3360 3789 3421 hisce

2181 3443 2235 3517 in
2271 3445 2423 3501 libris
2450 3456 2695 3502 recentes
2724 3449 3023 3505 Aristarchi
3050 3461 3128 3507 tot
3155 3467 3428 3515 excessus,
3456 3463 3532 3509 tot
3572 3456 3787 3511 autilo—

2178 3538 2317 3607 gias,
2353 3548 2429 3593 tot
2458 3554 2671 3595 errores
2713 3554 2771 3595 se
2801 3540 3222 3609 deprehendisse
3247 3546 3486 3612 jactant!
3518 3545 3788 3614 Augusti-

2181 3642 2282 3701 nus
2312 3628 2694 3685 modestissimi
2717 3629 2799 3685 vir
2826 3632 3024 3701 ingenii
3049 3647 3177 3689 suos
3212 3633 3375 3690 hosce
3419 3650 3678 3692 censores
3706 3638 3782 3693 ita

2179 3719 2414 3773 monitos
2464 3720 2575 3774 vult
2627 3720 2678 3775 in
2736 3721 2840 3777 fine
2870 3722 2991 3777 libri
3017 3724 3085 3780 de
3129 3725 3282 3781 Dono
3300 3728 3780 3796 perseverantius:

2184 3830 2202 3864 ι
2231 3812 2332 3880 Qui
2363 3829 2490 3869 vero
2516 3829 2701 3871 errare
2728 3831 2815 3871 me
2844 3818 3172 3888 existimant,
3208 3822 3370 3875 etiam
3417 3832 3571 3891 atque
3598 3825 3779 3880 etiam

2177 3920 2300 3974 quae
2326 3915 2448 3960 sunt
2470 3905 2609 3962 dicta
2639 3908 3006 3975 considerent,
3039 3927 3107 3967 ne
3146 3912 3389 3968 fortassis
3416 3914 3513 3982 ipsi
3558 3927 3777 3972 errent.

2178 3996 2295 4068 Ego
2321 4007 2498 4053 autem
2525 4014 2646 4055 cum
2674 4015 2768 4069 per
2789 4016 2882 4057 eos
2907 4004 2998 4072 qui
3022 4019 3173 4060 meos
3196 4005 3407 4062 labores
3436 4006 3631 4077 legunt,
3660 4025 3776 4065 non

2177 4091 2351 4146 solum
2382 4091 2611 4159 doctior,
2645 4109 2831 4148 verum
2861 4096 3023 4150 etiam
3068 4097 3403 4153 emendatior
3448 4099 3539 4167 ﬁo,
3587 4103 3779 4171 propi-

2176 4182 2306 4236 t-ium
2339 4182 2468 4237 mihi
2502 4183 2665 4239 Deum
2693 4199 2944 4255 agnosco.
2975 4196 3030 4242 et
3078 4187 3182 4242 hoc
3214 4203 3307 4255 per
3338 4187 3594 4243 Ecclesiae
3621 4190 3771 4246 doc-

2174 4283 2320 4331 tores
2349 4277 2581 4333 maxime
2607 4288 2860 4347 exspecto
2879 4318 2894 4344 ,
2926 4278 2970 4332 si
3003 4287 3058 4333 et
3087 4278 3139 4333 in
3172 4278 3407 4349 ipsorum
3433 4295 3617 4334 manus
3667 4297 3771 4336 ve-

2174 4366 2273 4434 nit,
2309 4366 2701 4439 dignenturque
2730 4383 2890 4425 nosse
2934 4369 3077 4439 quod
3128 4370 3328 4426 scribo.
3368 4388 3389 4424 ι
3421 4372 3550 4437 Qua:
3592 4371 3770 4428 verba

2173 4474 2296 4514 cum
2358 4460 2576 4531 legisset
2627 4476 2867 4517 summus
2914 4460 3415 4517 Ecclesiasticorum
3469 4461 3767 4517 Annalium

479 4555 646 4619 ciunt,
678 4549 772 4606 sed
802 4564 938 4604 vano
967 4562 1184 4618 prorsus
1214 4560 1449 4615 eventu;
1480 4565 1602 4605 nam
1632 4564 1698 4606 eo
1720 4550 1961 4618 improbo
1990 4551 2068 4605 la-
2093 4549 2150 4612 D
2176 4552 2430 4627 scriptor,
2462 4567 2526 4606 ac
2560 4552 2801 4608 Vaticani
2832 4561 3053 4608 senatus
3084 4553 3387 4609 immortale
3416 4553 3596 4618 decus,
3642 4552 3769 4610 Cas.
3800 4602 3803 4605 ,

478 4645 609 4701 bore
648 4658 754 4698 non
782 4639 1139 4711 Hipponensis
1166 4640 1407 4708 prresulis
1435 4639 1631 4694 famam
1661 4640 1744 4695 vel
1773 4641 2067 4697 auctorita-

479 4750 584 4795 tem
635 4740 1004 4801 decurtarunt,
1052 4733 1145 4791 sed
1188 4748 1346 4805 quam
1384 4735 1615 4788 maxime
1662 4745 2065 4803 promoverunt.

478 4834 606 4899 Quis
648 4841 824 4886 autem
856 4828 1011 4885 initio
1039 4843 1214 4885 causa:
1245 4842 1353 4883 non
1402 4825 1586 4883 fuisset
1616 4827 1814 4882 veritus
1846 4842 1913 4885 ne
1954 4828 2067 4885 Au-

477 4925 739 4995 gustinus,
772 4926 826 4979 in
872 4926 1118 4980 ducentis
1156 4935 1209 4980 et
1254 4922 1484 4995 amplius
1522 4922 1673 4980 libris
1700 4938 1835 4995 quos
1866 4923 2033 4980 edidit

479 5020 530 5073 in
567 5025 644 5072 tot
671 5017 913 5086 epistolis
934 5032 1067 5089 quas
1091 5018 1400 5088 publicavit,
1433 5018 1483 5072 in
1516 5017 1813 5074 inn-umeris
1840 5018 2062 5074 concio-

480 5110 637 5165 nibus
690 5121 822 5177 quas
852 5106 917 5161 ad
947 5109 1200 5176 populum
1234 5110 1440 5175 habuit,
1474 5110 1524 5164 in
1558 5121 1631 5166 tot
1664 5111 2065 5167 commentariis

476 5219 538 5261 ac
560 5199 942 5274 quaestionibus
965 5200 1159 5267 quibus
1188 5216 1368 5258 sacras
1396 5204 1599 5258 litteras
1625 5206 1899 5275 explicuit,
1929 5220 1960 5259 a
1987 5208 2063 5261 ri-

476 5295 773 5369 gidioribus
801 5291 948 5347 hisce
975 5291 1289 5347 censoribus
1314 5294 1544 5363 alicujus
1573 5298 1734 5350 errati
1760 5312 1883 5352 reus
1916 5307 2067 5355 tene-

476 5401 646 5458 retur,
674 5404 795 5446 cum
837 5388 921 5444 vel
947 5387 1143 5443 bonum
1187 5389 1360 5456 ipsum
1407 5390 1696 5445 Homerum
1743 5395 2066 5465 quandoque

476 5483 766 5537 dormitare
810 5479 865 5536 in
909 5479 1113 5549 adagiis
1163 5478 1271 5536 sit?
1317 5480 1501 5550 Neque
1531 5483 1672 5538 enim
1702 5487 1881 5541 omnia
1920 5488 2062 5545 dicta

478 5572 568 5627 illa
597 5573 747 5627 licuit
775 5573 1135 5645 perpendere;
1168 5572 1454 5644 aliquoties
1496 5577 1654 5631 etiam
1697 5580 1914 5650 scripsit
1941 5582 2060 5635 ani-

477 5675 569 5714 mo
594 5661 868 5730 distracto,
894 5681 958 5721 ac
984 5666 1192 5721 calamo
1232 5666 1299 5721 ad
1327 5667 1435 5722 alia
1482 5681 1825 5739 properante.
1875 5674 2061 5742 Adjice

478 5751 795 5807 immensam
816 5754 955 5811 illam
984 5757 1247 5819 haeresum
1271 5761 1461 5816 silvam
1484 5764 1567 5820 cui
1596 5766 1976 5826 exscindenda:
1994 5782 2060 5828 ac

2179 4659 2271 4698 sar
2299 4643 2581 4709 Barouius,
2611 4643 2666 4698 in
2715 4644 2832 4700 haec
2858 4645 3229 4714 Augustiniani
3261 4646 3455 4716 ingenii
3495 4648 3774 4714 prwconia

2177 4736 2392 4806 erupit:
2433 4753 2452 4787 ι
2492 4736 2615 4790 Haec
2656 4735 2774 4806 ipsa
2802 4736 2961 4808 digna
2992 4737 3208 4809 quidem
3257 4740 3430 4795 sancti
3474 4737 3767 4806 Augustini

2176 4826 2462 4894 modestia,
2488 4825 2762 4897 animique
2790 4828 2908 4898 ejus
2928 4829 3232 4885 admirabili
3256 4846 3379 4886 cum
3405 4828 3770 4887 submissioue

2175 4918 2523 4988 verecundia,
2553 4928 2611 4974 ut
2632 4922 2790 4990 plane
2815 4922 2916 4976 nisi
2944 4923 3181 4979 aliunde.
3213 4940 3282 4980 ex
3324 4926 3406 4978 his
3435 4925 3627 4979 saltem
3675 4924 3764 4979 in-

2174 5016 2419 5086 telligere
2449 5017 2648 5081 valeas,
2672 5015 2909 5071 afflatum
2933 5017 3024 5072 illo
3045 5018 3226 5074 divino
3264 5018 3461 5089 Spiritu
3504 5019 3591 5074 illa
3617 5020 3731 5074 seri

2174 5107 2367 5175 psisse,
2397 5123 2517 5162 cum
2549 5121 2656 5161 non
2685 5121 2849 5177 super
2887 5110 3191 5180 quempiam
3222 5111 3387 5167 alium
3416 5127 3574 5182 quam
3597 5126 3770 5179 super

2172 5200 2453 5266 humilem,
2476 5201 2714 5271 quietum
2739 5210 2793 5256 et
2824 5211 3147 5265 trementem
3175 5220 3509 5261 sermonem,
3532 5204 3625 5260 Dei
3679 5206 3769 5261 di-

2170 5293 2352 5348 vinum
2375 5292 2540 5348 afl'ore
2566 5309 2787 5361 numen,
2810 5294 2951 5351 Deus
2975 5312 3074 5367 per
3099 5300 3413 5368 prophetam
3444 5300 3604 5356 fuerit
3629 5314 3767 5355 cono

2172 5392 2418 5441 testatus.
2454 5403 2470 5435 ι
2507 5385 2579 5439 At
2606 5384 2867 5440 Ecclesiae
2894 5387 3144 5445 doctores
3173 5398 3377 5446 tantum
3408 5390 3565 5447 abest
3594 5400 3646 5445 ut
3670 5392 3762 5447 vel

2172 5492 2272 5531 una
2304 5477 2461 5532 litura
2490 5478 2659 5532 sancti
2697 5478 2977 5551 Augustini
3003 5481 3071 5536 de
3117 5481 3294 5538 divina
3343 5486 3514 5553 gratia
3557 5483 3769 5539 docui-

2170 5591 2291 5631 nam
2319 5577 2677 5645 emendarint,
2702 5589 2761 5635 ut
2781 5582 2945 5637 veluti
2975 5598 3004 5637 e
3026 5585 3306 5640 sacratiori
3333 5587 3543 5642 cortina
3574 5588 3759 5644 datam

2168 5677 2409 5734 eamdem
2435 5690 2776 5748 venerantes,
2809 5692 2995 5739 contra
3023 5681 3517 5754 SemiPelagianos
3572 5686 3766 5743 defen-

2169 5770 2364 5841 derint,
2397 5786 2458 5827 ac
2490 5771 2728 5833 Romana
2762 5774 2875 5845 ipsa
2922 5776 3169 5836 Ecclesia
3221 5779 3467 5838 fidelibus
3518 5797 3763 5855 sequen-
