3930 6312
203 308 300 362 7-ἱῦ

1370 303 1691 364 νιΝῡιοιιΕ
1732 306 2287 366 ΑυΟΠΞἸῚΝΙΑΝΑῑί.

3357 316 3459 368 illi

199 419 316 474 dam
345 417 699 486 proposuerit.
732 417 886 485 Quod
913 419 960 473 si
992 404 1344 484 recentiores,
1370 425 1448 472 tot
1475 427 1620 473 retro
1669 433 1772 473 sas-
1799 424 1849 482 Α
1876 435 1940 474 ea:
1974 419 2250 488 Hispania,
2297 435 2362 473 ex
2390 417 2666 474 Germania
2693 437 2710 485 ;
2743 425 2910 478 miror
2935 439 3030 480 cur
3061 442 3164 480 non
3196 431 3353 484 etiam
3396 446 3462 486 ex

202 509 437 563 culorum
482 508 864 575 approbatione
910 509 1227 576 repudiata,
1286 521 1379 562 eos
1423 521 1482 560 se
1534 506 1779 560 Ecclesiae

201 601 425 653 doctores
456 597 656 662 dicant,
688 596 882 665 quibus
924 612 1022 651 sua
1052 597 1248 664 scripta
1274 595 1629 650 examinanda
1660 608 1783 663 per-

201 689 703 756 tuisitAugusrinus,
727 687 909 742 smculi
940 689 1158 756 hujusce
1187 688 1353 741 nostri
1379 695 1650 741 tantorum
1682 686 1782 742 lto-

201 779 392 833 minum
418 779 692 831 nu:ritoris
723 778 959 833 felicitati
985 777 1422 848 adgratulandum
1454 776 1578 843 erit,
1604 777 1648 831 si
1672 777 1784 830 Au-

200 869 388 938 gustini
421 876 596 923 tamen
627 883 840 923 errores
883 869 1077 923 melius
1133 869 1452 937 persuadere
1497 875 1779 938 poterunt,

201 973 353 1027 quam
386 958 659 1028 hucusque
706 959 901 1014 fecere.
933 959 1001 1013 At
1037 960 1314 1014 meliorem
1346 959 1474 1028 ipsis
1525 969 1781 1024 mentem,

201 1048 470 1102 meliorem
505 1049 558 1102 in
587 1049 945 1119 Augustinum
976 1063 1152 1103 meum
1199 1050 1438 1104 animum
1497 1064 1526 1102 a
1575 1049 1782 1117 superis

199 1151 407 1204 precor,
441 1148 496 1190 ut
521 1139 819 1208 praedicatio
849 1153 1009 1192 suum
1041 1154 1092 1192 IN
1138 1138 1402 1192 Ecccasu
1431 1153 1538 1190 vim
1591 1138 1782 1208 (Pros-

197 1226 311 1294 peri
347 1225 506 1279 verba
537 1237 661 1280 sunt
686 1227 750 1282 de
782 1227 1013 1296 antiquis
1057 1227 1337 1297 Augustini
1389 1227 1783 1281 calumniatori-

196 1315 294 1368 bus
309 1314 374 1367 ad
407 1314 656 1369 Rufinum
689 1317 1026 1386 scribentis),
1052 1318 1206 1371 etiam
1233 1317 1295 1370 ab
1325 1317 1426 1382 his,
1454 1332 1484 1369 a
1511 1315 1690 1385 quibus
1717 1316 1785 1369 ad

196 1420 418 1474 prcesens
450 1408 739 1475 reocllitur,
771 1407 1061 1477 adjuvetur.

814 1521 1043 1576 CAPUT
1091 1523 1156 1576 V.

198 1631 528 1686 Recentiores
597 1633 807 1702 triginta
875 1633 1096 1702 quinque
1148 1635 1411 1687 doctorum
1469 1633 1779 1698 testimonia,

264 1715 446 1770 netnpe
472 1706 797 1771 pontiﬁcum,
831 1704 1193 1769 cardinalium,
1243 1705 1620 1771 episcoporum,
1649 1706 1782 1755 alio-

1677 1449 1724 1514 ε

1884 509 2107 578 Japonia
2131 511 2144 562 ἰ
2168 508 2301 563 Cum
2331 509 2682 580 Augustinum
2711 528 2741 566 a
2775 513 2984 570 Baianis
3013 517 3334 574 vindicatum
3364 537 3463 576 tto-

1884 599 1966 652 bis
1995 608 2331 654 ostensurum
2357 600 2642 668 promittis,
2669 602 2914 659 eumdem
2947 605 3142 660 misere
3173 606 3464 663 laceratum

1884 690 2126 744 exhibes.
2155 691 2296 744 Sane
2325 706 2574 759 magnum
2623 692 2771 746 illum
2822 693 3012 750 ducem
3065 695 3466 763 llipponensem

1883 779 1950 832 ab
1983 779 2228 833 hostibus
2253 788 2342 833 tua
2374 781 2569 835 virtute
2595 782 2874 837 defensum
2909 785 2960 838 in
2983 786 3246 854 Capitolio
3272 788 3465 842 trium-

1885 868 2136 938 phantem
2160 883 2386 926 cernere
2425 873 2798 941 Sperabamus,
2846 876 2920 929 illi
2952 877 3165 945 quidem
3203 879 3464 944 lauream,

1885 961 1980 1017 tibi
2009 977 2134 1016 vero
2163 964 2386 1018 civicam
2416 979 2669 1019 coronam
2701 968 2972 1036 intexturi,
3005 983 3124 1024 cum
3154 983 3375 1040 repente
3399 986 3467 1026 ex

1882 1051 2167 1108 defensore
2196 1053 2364 1107 hostis
2391 1057 2706 1120 acerrimus,
2753 1073 2783 1112 a
2812 1059 3066 1114 Jansenio
3116 1063 3166 1116 in
3212 1063 3466 1130 Augusti-

1886 1160 2012 1199 num
2053 1147 2222 1200 aciem
2254 1145 2517 1210 dedecus,
2557 1163 2620 1201 ac
2662 1149 2973 1203 innumeros
3024 1159 3197 1205 tecum
3246 1152 3468 1208 trahens

1884 1238 2130 1294 eumdem
2151 1252 2448 1307 Oppugnas.
2479 1238 2630 1293 Scire
2648 1241 2835 1294 vellem
2860 1258 2978 1311 quae
3007 1251 3058 1296 te
3079 1244 3235 1310 ratio,
3263 1246 3469 1299 Annate

1887 1326 1952 1397 (si
1981 1342 2098 1397 qua:
2120 1329 2174 1382 in
2206 1327 2352 1381 hisce
2383 1328 2486 1380 ulla
2517 1343 2638 1383 esse
2662 1330 2882 1398 potest),
2913 1332 2979 1385 ad
3013 1333 3302 1400 longiorem
3330 1334 3466 1388 hanc

1885 1424 1940 1470 et
1969 1418 2299 1472 acerbiorem
2318 1432 2600 1472 censuram
2625 1420 2958 1474 scribendam
2991 1421 3303 1488 impu'eritl
3336 1423 3468 1478 Res-

1885 1509 2089 1578 pondes
2115 1524 2233 1579 cap.
2263 1509 2320 1573 4,
2351 1525 2471 1579 pag.
2501 1512 2602 1565 877
2628 1528 2641 1565 :
2669 1529 2688 1562 ‹
2722 1513 2846 1566 [hnc
2866 1513 2990 1566 duxi
3012 1515 3384 1584 proponenda,
3409 1527 3468 1572 ut

1823 1598 1832 1614 ⁴
1884 1600 2246 1670 intelligamus
2276 1617 2380 1656 non
2413 1604 2573 1657 nimis
2603 1604 2991 1658 inverecundus
3013 1605 3126 1659 fore
3151 1608 3195 1660 si
3220 1608 3308 1676 qui
3332 1608 3467 1663 forte

1885 1705 1990 1743 non
2021 1691 2092 1743 ita
2119 1707 2176 1744 se
2207 1690 2391 1746 faciles
2422 1691 2708 1746 exhibeant
2729 1693 2782 1746 in
2813 1694 2876 1746 iis
2900 1694 3150 1748 omnibus
3174 1697 3468 1751 admitten-

264 1788 481 1840 ηιηιφλε
530 1785 714 1855 fotum
766 1782 996 1855 sanffum
1053 1775 1399 1844 Augustinum
1447 1778 1781 1839 Ρνοιλιιευηίὶ
1814 1785 1860 1844 Β
1887 1782 1968 1836 dis
1996 1798 2113 1851 qua!
2140 1783 2308 1838 videri
2346 1784 2572 1853 cuipiam
2607 1785 2810 1854 possint
2862 1786 3134 1855 proposita
3188 1787 3349 1842 fuisse
3397 1788 3467 1843 ab

262 1856 479 1909 quorum
518 1843 648 1910 ﬁdes
675 1844 1001 1911 expenditur.

265 1950 616 2006 Recentiores
645 1952 908 2016 nonnulli,
935 1966 1003 2006 ne
1039 1953 1208 2007 sancti
1241 1951 1522 2021 Augustini
1553 1951 1785 2005 auctoris

188 2048 358 2095 latent
391 2041 584 2095 alit-ubi
609 2040 946 2106 deserentes,
993 2041 1253 2096 bonorum
1280 2041 1515 2094 omnium
1544 2040 1784 2109 indigna-

196 2132 394 2186 tionem
445 2132 705 2195 subirent,
751 2131 803 2185 in
845 2132 895 2185 id
936 2132 1148 2186 consilii
1191 2131 1607 2194 descenderunt,
1653 2132 1783 2186 scri-

197 2231 406 2289 ptorum
435 2223 671 2276 omnium
703 2221 932 2276 schedas
962 2222 1063 2278 sibi
1094 2222 1445 2276 excutiendas
1475 2235 1618 2287 esse,
1643 2230 1697 2275 et
1732 2221 1783 2274 si

189 2312 318 2382 quid
349 2314 400 2368 in
433 2314 536 2368 illis
568 2315 745 2368 minus
770 2314 1067 2369 honorifice
1095 2315 1161 2369 de
1189 2315 1484 2385 Augustino
1516 2324 1781 2370 assertum

189 2407 281 2469 sit,
327 2406 382 2458 ir.
428 2405 695 2472 publicum
742 2404 1142 2474 proferendum.
1191 2405 1323 2459 Nam
1373 2405 1463 2459 ubi
1505 2419 1570 2459 eo
1606 2405 1782 2459 stadio

192 2498 418 2550 aliorum
445 2496 684 2565 vestigiis
714 2511 774 2552 se
798 2497 1074 2550 inhaesisse
1099 2495 1536 2561 moustraverint,
1561 2510 1777 2549 omnem

186 2587 316 2642 facti
348 2587 599 2641 invidiam
643 2602 704 2640 se
732 2587 1094 2641 declinamros
1120 2587 1515 2641 existimarunt.
1547 2587 1782 2639 Joannes

190 2680 432 2732 Adamus
462 2693 523 2731 ac
554 2677 870 2731 Franciscus
897 2678 1138 2731 Annatus
1171 2677 1219 2730 id
1263 2690 1455 2745 magno
1499 2675 1678 2738 studio
1719 2687 1784 2728 ao

190 2767 396 2835 ingenti
429 2767 608 2821 labore
653 2767 892 2821 exsecuti
932 2775 1097 2819 sunt:
1145 2765 1235 2819 ille
1278 2774 1415 2834 part.
1471 2780 1525 2818 Ill
1577 2762 1782 2818 Calvini

189 2859 477 2923 destructi,
514 2874 632 2929 cap.
670 2860 723 2926 7,
750 2873 800 2926 p.
835 2859 930 2910 651
957 2875 970 2922 ;
1001 2858 1088 2912 hic
1118 2867 1292 2912 autem
1326 2872 1390 2912 eo
1409 2857 1512 2912 loci
1541 2857 1629 2912 ubi
1653 2870 1780 2926 erga

190 2949 552 3019 AuguStinum
584 2950 844 3002 debuerat
874 2963 993 3003 esse
1037 2952 1392 3003 revereut‘or.
1429 2947 1643 3002 Etenim
1671 2950 1781 3002 An-

187 3050 368 3107 natus,
408 3049 466 3094 ut
494 3039 918 3094 Jauseuistarum
945 3040 1283 3108 jactantiam,
1314 3039 1402 3107 qui
1461 3048 1629 3094 totum
1677 3037 1779 3092 sibi

1885 1877 2201 1944 Augusuno.
2242 1895 2260 1928 ι
2306 1878 2473 1932 Addis
2517 1893 2637 1948 pag.
2684 1880 2879 1934 874:1
2915 1881 3046 1948 Quae
3087 1881 3325 1950 plerique
3361 1896 3468 1936 non

1885 1969 2132 2023 videntur
2181 1970 2312 2024 satis
2359 1969 2695 2036 advertisse,
2751 1970 2877 2024 dum
2934 1971 3142 2026 Molinze
3189 1972 3468 2026 audaciam

1883 2070 2225 2128 exaggerant,
2257 2060 2546 2115 indicantis
2585 2061 2784 2131 aliquid
2815 2061 2950 2117 lucis
2977 2063 3234 2126 defuisse,
3260 2063 3467 2132 Augus-

1886 2150 1998 2204 tino
2031 2152 2082 2204 in
2118 2150 2452 2205 concilianda
2483 2167 2605 2205 cum
2646 2160 2822 2206 creata
2877 2152 3123 2208 libertate
3165 2153 3468 2209 divinorum

1883 2241 2220 2295 decretorum
2251 2248 2306 2295 et
2331 2241 2650 2296 auxiliorum
2680 2241 2943 2297 efficacia.
2975 2260 2994 2295 ι
3028 2243 3240 2313 Ergone
3269 2253 3327 2299 ut
3359 2245 3467 2300 Mo-

1884 2333 2006 2388 liua:
2027 2334 2318 2398 audaciam,
2344 2349 2501 2404 quam
2525 2344 2856 2406 exaggerant,
2882 2352 3190 2405 excusares,
3211 2338 3469 2410 Augusti-

1882 2439 2002 2490 nus,
2046 2425 2280 2480 eximius
2304 2425 2395 2480 ille
2434 2425 2691 2481 Ecclesiae
2718 2426 2928 2497 doctor,
2964 2437 3042 2483 tot
3082 2443 3328 2484 errorum
3369 2445 3470 2500 pu-

1875 2511 2018 2568 blice
2047 2529 2226 2570 coram
2251 2515 2382 2569 orbe
2403 2515 2670 2570 catholico
2697 2517 2894 2586 ingenti
2923 2518 3140 2572 testium
3167 2520 3319 2575 turba
3339 2534 3470 2576 con-

1881 2603 2036 2657 ducta
2067 2606 2398 2658 accusandus
2426 2607 2629 2660 fuerat?
2676 2608 2741 2661 Et
2786 2609 3001 2677 qu'dem
3043 2611 3286 2664 Anuatus
3334 2626 3469 2665 nou-

1885 2693 2028 2745 nulla
2057 2701 2244 2747 contra
2280 2695 2628 2762 Augustinum
2664 2697 2969 2750 testimonia
3001 2698 3243 2765 producit
3272 2700 3467 2768 quibus

1885 2793 1984 2835 nec
2016 2780 2129 2849 ipse
2173 2781 2435 2851 integram
2471 2781 2628 2836 fidem
2670 2792 2925 2852 pratstare
2972 2785 3118 2840 dicit.
3163 2787 3299 2842 llinc
3345 2799 3470 2846 sunt

1885 2873 1983 2940 piae
2011 2874 2115 2928 illae
2154 2873 2397 2942 ejusdem
2429 2889 2587 2929 voces
2618 2875 2770 2931 initio
2798 2891 2913 2946 cap.
2948 2879 3001 2943 ὅ,
3054 2895 3169 2949 pag.
3203 2880 3328 2936 864.
3375 2883 3471 2938 Re-

1879 2965 1991 3031 fero
2045 2973 2266 3030 tantum,
2311 2981 2411 3018 non
2452 2965 2645 3033 probo;
2692 2981 2810 3036 ane
2851 2971 3047 3036 repetit
3088 2985 3205 3040 cap.
3237 2973 3299 3037 4,
3343 2987 3466 3045 pag.

1883 3055 1986 3110 8'76
2018 3074 2030 3107 :
2065 3056 2191 3122 Qua:
2230 3058 2435 3126 quidem
2481 3073 2573 3128 ego
2600 3059 2790 3128 refero,
2838 3060 2927 3112 sed
2972 3077 3073 3114 non
3105 3064 3264 3131 probo
3285 3080 3307 3130 ;
3360 3065 3470 3120 imo

190 3132 548 3202 Augustinum
581 3130 944 3194 vindicabant,
975 3139 1360 3198 compesceret,
1409 3131 1544 3185 satis
1568 3130 1772 3198 jusmm

1882 3148 2098 3213 alicubi,
2126 3149 2256 3203 dum
2288 3150 2520 3218 pessime
2549 3151 2850 3220 Augustino
2870 3153 3221 3224 obloquentes
3264 3159 3467 3228 produ-

189 3226 437 3279 volumen
472 3223 738 3293 procudit,
762 3238 866 3291 quo
890 3223 1239 3292 Augustinum
1260 3231 1442 3276 contra
1464 3221 1777 3276 tansenium

188 3327 325 3371 stare
355 3317 737 3371 demonstrare
768 3325 1011 3378 Conatus,
1063 3313 1221 3367 unius
1268 3312 1548 3381 Augustini
1598 3312 1774 3366 verbis

184 3418 362 3463 contra
394 3408 772 3462 adversarium
801 3407 1053 3476 loquitur,
1084 3414 1137 3458 et
1169 3405 1327 3459 sicuti
1347 3419 1498 3458 vente
1527 3403 1620 3458 toti
1650 3417 1774 3458 cor-

185 3500 299 3567 pori
331 3500 601 3569 inspersa:
632 3506 778 3563 sunt,
807 3498 874 3550 ita
904 3505 956 3550 et
987 3496 1073 3549 illa
1103 3504 1213 3549 toto
1235 3511 1300 3548 eo
1331 3509 1491 3562 opere
1521 3495 1778 3548 oberrant

189 3604 578 3662 rrsonantque.
603 3591 718 3657 Quo
741 3603 867 3643 vero
895 3587 1167 3656 Augustini
1197 3601 1254 3640 se
1283 3587 1546 3640 vindicem
1567 3600 1628 3638 ac
1655 3600 1777 3652 pro-

191 3696 541 3754 pugnatorum
569 3685 900 3744 ostenderet,
954 3683 1093 3734 hunc
1137 3679 1348 3732 titulum
1400 3678 1537 3731 libro
1584 3676 1773 3730 dedit:

189 3775 529 3830 Aecusrmus
550 3792 578 3829 Α
604 3775 694 3828 ΒΜ
711 3789 817 3827 \MS
840 3769 1173 3835 vthtcarus,
1198 3768 1528 3824 Jansen-istas
1551 3767 1776 3822 Baianos

189 3867 499 3934 ignominia:
538 3881 701 3921 eiusa
732 3879 951 3928 vocans,
1000 3862 1139 3932 quod
1184 3861 1456 3916 Michaelis
1505 3862 1611 3914 Boii
1657 3875 1779 3929 pro-

188 3959 411 4026 scriptas
441 3974 468 4010 a
508 3958 638 4010 sede
668 3956 961 4026 apostolica
994 3955 1173 4008 theses
1199 3953 1335 4008 defe.
1361 3954 1488 4007 dere
1521 3953 1779 4006 diceban-

190 4056 288 4099 tur.
322 4047 433 4113 Qua
466 4047 579 4100 fide
613 4047 662 4099 id
703 4055 906 4112 septem
949 4043 1217 4113 prioribus
1261 4044 1409 4097 libris
1439 4043 1775 4113 praestiterit,

189 4139 418 4193 viderint
448 4140 527 4193 illi
563 4151 745 4192 contra
768 4153 900 4206 quos
931 4137 1000 4190 ibi
1030 4137 1289 4199 decertat,
1313 4149 1342 4187 a
1365 4148 1591 4203 quorum
1616 4147 1776 4192 causa

191 4230 366 4296 procul
395 4246 546 4284 sum.
592 4228 823 4282 Octavus
865 4225 1104 4294 ejusdem
1137 4225 1421 4277 voluminis
1453 4223 1589 4277 liber
1636 4230 1778 4277 totus

191 4335 366 4379 contra
400 4324 761 4394 Augustinum
787 4333 863 4376 e5t
892 4331 945 4374 ut
973 4321 1199 4373 alterum
1223 4333 1352 4372 sane
1373 4327 1530 4386 atque
1559 4316 1777 4371 omnino

190 4416 486 4484 Oppositum
527 4415 690 4482 priOri
721 4413 930 4466 titulum
967 4424 1188 4480 poscere
1217 4408 1486 4473 videatur,
1516 4407 1774 4476 siquidem

1878 3240 1972 3303 cit,
1996 3240 2146 3308 quasi
2205 3240 2378 3294 sancti
2407 3240 2644 3296 doctoris
2693 3243 2841 3298 vices
2867 3244 3078 3312 dolens,
3115 3245 3229 3303 haec
3259 3250 3468 3319 publica

1880 3331 2028 3384 initio
2050 3345 2172 3400 cap.
2198 3333 2231 3387 5
2259 3341 2590 3388 contestatur
2614 3352 2629 3389 ε
2671 3334 2866 3390 Vellent
2891 3346 2940 3391 et
2969 3338 3085 3406 hoc,
3116 3348 3163 3393 et
3192 3342 3297 3396 alia
3322 3359 3467 3411 qua.»

1879 3420 2019 3483 dam,
2050 3435 2164 3486 quoe
2195 3420 2549 3491 subjungam,
2571 3424 2744 3476 mitius
2773 3435 3057 3492 concepta;
3082 3438 3135 3482 et
3165 3444 3287 3498 pag.
3337 3429 3467 3500 8'46,

1879 3525 1996 3577 cap.
2027 3509 2083 3574 4,
2116 3510 2340 3564 dicteria
2374 3510 2544 3579 Pighii
2579 3513 2629 3565 in
2663 3513 3020 3581 Augustinum
3063 3518 3316 3582 recitans,
3343 3523 3419 3574 ait
3447 3539 3463 3574 :

1885 3599 2075 3651 Omitto
2122 3599 2334 3651 honoris
2358 3615 2538 3664 causa,
2570 3603 2708 3669 quod
2736 3603 2799 3654 de
2825 3604 3113 3673 Augustino
3159 3609 3423 3680 subjungit
3444 3654 3461 3677 ,

1880 3695 2061 3757 etpng.
2084 3688 2382 3756 insequenti
2407 3706 2419 3741 :
2445 3688 2566 3743 Non
2594 3691 2810 3757 referant
2837 3693 3089 3760 quasdixit
3119 3696 3209 3752 lib.
3234 3713 3308 3763 Vl,
3330 3709 3462 3769 etc.,

1880 3781 2019 3848 quod
2067 3779 2188 3832 mihi
2231 3780 2500 3834 videantur
2551 3783 2603 3835 in
2659 3791 2889 3837 sanctum
2936 3786 3191 3842 doctorem
3234 3790 3465 3846 acerbius

1880 3886 2032 3940 quam
2059 3871 2238 3923 vellem
2264 3887 2372 3925 esse
2401 3873 2559 3925 dicta.
2592 3871 2779 3927 Mirum
2825 3875 2941 3930 haec
2990 3878 3200 3932 Annato
3246 3882 3296 3935 in
3340 3883 3466 3936 reli-

1882 3963 2093 4032 gionem
2139 3966 2379 4018 venisse!
2421 3964 2530 4032 Ego
2557 3964 2770 4031 quidem
2819 3966 2974 4035 huius
2999 3970 3276 4038 scriptoris
3302 3988 3463 4029 voces

1882 4055 2043 4109 surda
2071 4071 2198 4111 aure
2241 4055 2570 4125 pertransire
2599 4056 2948 4112 decreveram
2973 4075 2985 4124 ;
3015 4061 3133 4128 quis
3158 4064 3298 4117 enim
3325 4065 3463 4120 adeo

1882 4161 2003 4215 erga
2044 4161 2266 4214 superos
2294 4146 2622 4217 irreligiosus
2653 4161 2772 4201 esse
2795 4157 2986 4216 potest,
3013 4161 3064 4206 ut
3104 4153 3299 4209 dicenti
3325 4159 3463 4212 vello

1883 4251 1941 4291 se
1957 4247 2139 4291 coptra
2164 4238 2515 4307 Augustinum
2546 4238 2910 4294 testimonium
2933 4241 3133 4312 dicere,
3157 4227 3314 4300 aures
3331 4263 3466 4315 pra:-

1883 4326 2026 4391 beat,
2075 4343 2136 4381 ac
2168 4343 2272 4380 non
2305 4329 2480 4395 potius
2507 4326 2677 4381 audax
2713 4330 2942 4384 hominis
2986 4334 3268 4388 consilium
3311 4353 3465 4393 exsc-

1883 4429 2080 4483 cratus,
2107 4421 2288 4488 procinl
2313 4420 2461 4473 abire
2489 4434 2608 4474 eum
2628 4419 2845 4489 jubeat?
2873 4422 2948 4476 Ne
2991 4435 3166 4478 tamen
3213 4429 3465 4495 Augusti-

192 4518 463 4571 postremo
488 4506 591 4559 illo
625 4504 760 4556 libro
785 4504 1033 4555 Universa
1068 4501 1118 4553 in
1151 4510 1392 4554 sanctum
1425 4498 1773 4568 Augustinum

1883 4525 1979 4563 nus
2000 4512 2446 4580 qual’umcunque
2468 4511 2744 4566 hominum
2771 4514 3092 4569 testimoniis
3110 4518 3460 4575 succumbere

191 4593 402 4648 dicteria
435 4595 570 4648 hinc
593 4594 714 4645 inde
745 4606 930 4661 magna
975 4589 1232 4644 industria
1258 4604 1318 4642 ac
1347 4589 1530 4642 labore
1554 4588 1775 4642 collecta

191 4684 450 4747 producit.
481 4682 839 4750 Augustinum
870 4681 1127 4746 judicem,
1162 4680 1389 4743 Aunate,
1419 4677 1678 4747 appellas,
1711 4676 1776 4731 ad

191 4775 302 4840 ejus
329 4775 567 4829 tribunal
597 4789 715 4826 cum
739 4772 1073 4829 Janscnianis
1104 4771 1296 4840 litigas,
1331 4770 1472 4824 illius
1498 4769 1777 4824 sententia:

194 4873 332 4918 stare
360 4878 408 4917 te
435 4866 598 4930 dicis,
631 4880 749 4919 cum
775 4865 845 4918 nil
879 4863 1029 4917 nobis
1060 4863 1124 4915 de
1157 4873 1242 4914 tua
1266 4861 1368 4915 lide
1397 4860 1772 4924 metuentibus,

201 4954 550 5020 Augustinum
577 4970 683 5007 non
718 4962 980 5022 su~pectze
1011 4950 1223 5020 quidem
1253 4949 1375 5002 fidei
1396 4948 1628 5016 iudicem
1655 4964 1775 5016 pro-

197 5044 404 5097 nuntias
436 5045 565 5115 (ltoc
592 5045 735 5098 enim
784 5051 1052 5110 utcunque
1081 5039 1297 5094 tolerari
1328 5039 1551 5107 posset),
1586 5040 1676 5093 sed
1708 5055 1772 5094 ex

196 5132 366 5199 judice
395 5151 550 5189 reum
585 5136 732 5200 facis,
767 5149 829 5187 ac
856 5144 1038 5188 contra
1071 5133 1316 5185 eumdem
1343 5129 1556 5198 triginta
1581 5139 1634 5183 et
1663 5145 1774 5182 am-

198 5223 330 5289 plius
356 5235 525 5279 te~tes
567 5226 836 5293 producis,
867 5224 1164 5276 vocilerans
1197 5231 1249 5275 te
1281 5221 1559 5275 nominare
1589 5221 1772 5288 prccci-

200 5329 320 5376 puos
363 5314 612 5368 Ecclesia!
659 5315 910 5385 principes
939 5323 1264 5381 pastoresque
1311 5312 1676 5376 celeberrimos,
1728 5319 1776 5364 et

199 5404 424 5458 doctores
453 5407 818 5460 scientissimos
843 5419 1079 5456 sensuum
1111 5403 1595 5468 ecclesiasticarum,
1627 5402 1777 5454 νηίδα·-

201 5505 369 5558 meque
398 5501 683 5561 suspectos,
720 5493 812 5546 lib.
863 5508 975 5557 vut,
1027 5491 1198 5545 initio.
1256 5491 1323 5545 Et
1367 5507 1433 5546 ne
1484 5506 1771 5560 paucorum

200 5603 378 5646 contra
410 5595 758 5663 Augustinum
785 5607 847 5648 ea
888 5592 1212 5662 conspiratio
1237 5601 1538 5656 censeatur,
1571 5601 1774 5662 protes-

202 5691 328 5744 taris
356 5708 474 5762 cap.
501 5696 537 5747 5
562 5701 610 5747 te
636 5695 924 5746 advocasse
948 5700 1110 5747 testes
1152 5708 1214 5746 ex
1245 5691 1434 5761 Gallia,
1485 5708 1546 5748 ex
1595 5692 1771 5760 Italia,

482 5803 756 5864 PATnOL.
787 5801 1037 5861 XLVII.
1111 5843 1116 5847 -

1885 4600 2147 4665 videatur,
2180 4602 2340 4656 libeat
2380 4601 2565 4657 eadem
2597 4615 2876 4672 repetere;
2930 4607 3122 4659 ctenim
3165 4609 3458 4665 adversarii

1885 4694 2188 4748 testimonia
2237 4693 2509 4749 infirmare
2549 4694 2634 4748 vel
2660 4695 2901 4762 rejicere,
2951 4693 3072 4746 boni
3119 4695 3358 4752 advocati
3407 4711 3460 4753 et

1883 4783 2036 4837 bona:
2065 4798 2264 4850 causae,
2298 4785 2591 4852 praesertim
2620 4798 2738 4837 cum
2773 4781 3028 4849 plurimos
3050 4794 3232 4837 contra
3260 4786 3460 4858 Augns.

1881 4873 2050 4926 tinum
2083 4882 2243 4928 testes
2277 4874 2540 4940 producit,
2570 4872 2660 4939 qui
2693 4869 3059 4937 Augusuuiani
3093 4874 3321 4932 nominis
3349 4893 3462 4933 s'u-

1882 4964 2172 5018 diosissimi
2205 4978 2414 5030 semper
2447 4960 2616 5014 fuere.
2650 4959 2807 5012 luitio
2839 4968 3013 5014 autvm
3041 4978 3135 5018 eos
3166 4971 3327 5022 testes
3360 4986 3456 5023 uo-

1878 5053 2044 5107 miuat
2093 5051 2285 5120 quibus
2327 5050 2537 5117 judices
2589 5049 2685 5118 ipsi
2741 5061 3062 5121 assurgunt,
3107 5055 3453 5115 (ςωιεειίηυη,

1878 5161 2090 5214 papam,
2138 5143 2224 5212 qui
2273 5144 2323 5197 in
2371 5142 2595 5208 epistola
2639 5143 2704 5196 ad
2753 5143 3034 5213 episcopos
3083 5149 3322 5216 Callim,’
3351 5169 3453 5204 non

1881 5237 2204 5302 unitersam,
2236 5241 2292 5287 ut
2336 5240 2504 5300 putat,
2546 5231 2823 5302 Augustini
2855 5235 3147 5292 doctrinam
3191 5241 3455 5307 approba-

1879 5325 1970 5388 vit,
2003 5324 2095 5378 sed
2127 5339 2172 5377 ο.
2193 5334 2301 5377 rtas
2331 5331 2533 5375 tantum
2562 5324 2814 5392 quasdam
2841 5325 3132 5380 sententias
3160 5328 3226 5381 de
3264 5329 3457 5396 quibus

1879 5415 2019 5468 nulla
2065 5415 2224 5468 modo
2265 5415 2630 5470 controversia
2662 5426 2762 5471 est.
2813 5417 3007 5472 Verum
3060 5419 3298 5485 pluribus
3341 5421 3456 5477 lucc

1880 5522 1978 5561 suo
2003 5507 2219 5561 inferius
2243 5507 2360 5560 loco
2387 5521 2506 5575 cap.
2532 5505 2564 5559 8
2588 5507 2739 5562 nobis
2761 5509 3117 5564 examinanda
3142 5524 3282 5564 sunt.
3313 5512 3452 5568 Idem

1882 5608 2068 5667 postea
2089 5600 2356 5654 subnectit
2385 5605 2702 5668 purpuratos
2733 5599 2970 5653 Vaticani
2994 5610 3208 5655 senatus
3249 5603 3453 5672 Patres,

1884 5705 2075 5760 nempe
2108 5691 2414 5756 Barouium,
2444 5689 2778 5759 Sadaletum,
2827 5690 3270 5760 Bonavonturam,
3303 5695 3456 5767 Caie-

2981 5801 3057 5864 2h
