3930 6314
508 313 608 366 747

1394 307 1956 364 SUPPLEMENTUM
2001 305 2089 362 AD
2127 306 2352 363 OPERA
2395 308 2452 365 S.
2494 308 2885 368 AUGUSTINI.

3665 311 3778 363 ’ἱᾼῖ

510 436 721 487 tonum,
759 420 1069 476 Petronium
1098 427 1152 474 et
1185 416 1447 473 Valerium
1469 435 1481 481 ;
1506 418 1571 472 de
1602 418 1792 486 quibus
1815 414 2082 485 sigillatim
2116 422 2165 479 Α
2199 430 2274 471 ser
2290 426 2360 481 te,
2389 419 2702 487 clarissime,
2747 420 2879 474 citra
2928 418 3175 487 ambages
3204 418 3495 472 cardinalis
3522 432 3776 487 pronum

505 511 851 583 iudicandum
882 518 982 565 est.

508 631 535 701 §
568 630 606 701 l_.
633 627 843 701 Baronii
862 640 921 678 ac
943 622 1189 701 _Saaoleti
1236 620 1520 674 testimonia
1548 636 1793 701 expensa.
1827 618 2084 701 Ludgvici

574 699 735 752 Deuii
786 711 879 766 pro
935 693 1178 747 Sadoleto
1226 701 1405 744 contra
1456 700 1689 744 sanctum
1742 692 2082 758 Augustinum

570 769 711 821 dicta
732 763 1056 835 refelluntur.

574 903 739 972 Igitur
780 901 1040 961 Annatus,
1089 895 1177 949 lib.
1206 911 1317 959 vnt,
1362 908 1482 964 cap.
1528 896 1584 961 2,
1641 895 1716 949 ait
1771 894 2078 958 Baronium,

502 1004 785 1067 postquam
817 1002 961 1046 tomo
993 989 1055 1053 V,
1080 988 1143 1041 ad
1176 1002 1373 1041 annum
1406 987 1533 1054 451,
1565 988 1749 1043 retulit
1787 988 1876 1041 illa
1919 987 2079 1041 verba

502 1082 775 1142 Caelestini
806 1082 857 1135 in
882 1080 985 1133 fine
1010 1079 1252 1145 epistola:
1280 1077 1347 1132 ad
1372 1077 1557 1134 Gallia:
1594 1080 1874 1148 ep'scopos
1902 1094 1913 1129 :
1951 1076 2082 1130 Pro-

505 1174 765 1243 fundiores
793 1177 979 1232 autem,
1005 1176 1131 1231 etc.,
1150 1164 1330 1220 dicere
1358 1183 1370 1217 :
1407 1185 1424 1217 ι
1447 1166 1558 1232 His,
1589 1168 1825 1236 inquam,
1858 1166 2080 1235 profite-

504 1276 589 1319 tur
620 1260 991 1331 profundiores
1014 1257 1337 1329 quaestiones
1367 1256 1485 1311 illas
1510 1257 1576 1310 de
1605 1258 2080 1326 prmdestinatione

502 1363 806 1410 sanctorum
850 1360 1185 1419 nequaquam
1214 1347 1282 1401 ab
1311 1346 1603 1416 apostolica
1631 1347 1758 1401 sede
1805 1345 2077 1411 detinitas,

502 1445 723 1513 illasque
750 1450 952 1495 tantum
974 1451 1094 1493 esse
1117 1436 1398 1503 stabilitas,
1422 1451 1546 1506 quas
1572 1436 1637 1488 ad
1672 1436 2080 1491 condemnatio-

501 1549 623 1589 nem
654 1546 897 1588 errorum
925 1528 1053 1584 satis
1079 1541 1235 1595 posse
1262 1526 1509 1581 sufficere
1535 1526 1871 1583 viderentur.
1898 1547 1915 1580 ι
1951 1527 2080 1596 Qui-

500 1627 601 1679 bus
630 1623 865 1679 recitatis
910 1618 1057 1673 addit
1096 1619 1336 1673 Annatus
1361 1610 1389 1670 :‘
1414 1608 1557 1672 (llic
1606 1633 1734 1687 ergo
1760 1634 1941 1688 quero
1962 1634 2080 1689 qua:

502 1717 609 1770 sint
639 1714 745 1769 illa:
775 1720 1049 1765 aucturum
1099 1708 1424 1777 qumstiones
1467 1707 1536 1763 de
1584 1708 2075 1778 praadestioatione,

2186 507 2301 571 tiet,
2325 509 2634 576 appellanda
2658 522 2739 563 ρει
2769 509 2856 563 hic
2883 510 3076 562 Annati
3101 508 3259 575 fides,
3286 510 3371 577 qui
3398 509 3483 562 vel
3506 507 3561 561 in
3592 509 3777 577 primo

2184 604 2324 651 teste
2356 600 2696 665 prouucendo
2726 600 3062 668 apertissime
3101 608 3263 653 errat.
3297 601 3586 669 Augustini
3619 600 3772 652 salva

2183 697 2272 738 res
2314 695 2416 752 est,
2440 687 2748 743 adversario
2798 688 2950 744 initio
3002 702 3177 745 causa:
3209 689 3459 744 falsitatis
3490 691 3773 745 convicto.

2185 774 2240 829 In
2266 776 2445 833 limine
2475 779 2693 849 impegit
2721 780 2996 845 A‘unatus;
3034 782 3323 835 infaustum
3364 796 3571 836 omen-

2255 867 2402 921 Alter
2432 870 2580 923 testis
2611 880 2931 939 purpuratus
2962 872 3274 939 producitur
3313 871 3548 926 Jacobus
3594 872 3773 926 Sado-

2184 954 2343 1021 letus,
2375 959 2464 1027 qui
2487 958 2581 1014 lib.
2613 976 2652 1013 tt
2685 962 2737 1014 in
2765 962 2933 1030 Epist.
2960 963 3025 1016 ad
3061 963 3240 1026 tiom.,
3272 963 3647 1028 interpretans
3687 964 3769 1016 illa

2185 1044 2371 1101 Pauli:
2407 1049 2549 1112 Quos
2600 1053 2875 1119 praesciuit,
2914 1060 3046 1119 etc.,
3090 1052 3201 1107 haec
3231 1053 3304 1106 ait
3343 1052 3617 1107 referente
3666 1060 3772 1106 An-

2184 1144 2309 1189 nato
2341 1152 2459 1206 pag.
2486 1137 2589 1195 860
2614 1157 2628 1192 :
2664 1159 2682 1192 ι
2706 1142 2782 1195 Ex
2811 1142 2976 1196 altera
3020 1158 3231 1214 quoque
3261 1152 3435 1215 parte,
3468 1153 3526 1197 et
3548 1146 3589 1197 si
3618 1146 3683 1198 ab
3703 1160 3765 1199 ea

2182 1238 2291 1283 stat
2328 1229 2517 1285 doctor
2560 1234 2844 1296 maximus,
2878 1236 3125 1304 idemque
3155 1236 3504 1304 gravissimus
3551 1248 3607 1291 et
3651 1251 3771 1290 san-

2182 1321 2450 1375 ctissimus
2472 1325 2553 1377 vir
2585 1325 2604 1394 (
2629 1326 3022 1395 Augustinus),
3051 1335 3231 1381 tamen
3260 1327 3451 1381 durum
3479 1327 3769 1381 admodum

2186 1410 2313 1464 mihi
2346 1413 2576 1479 videtur,
2608 1416 2857 1485 quodque
2888 1416 3032 1471 illabi
3066 1431 3171 1471 non
3203 1418 3356 1473 faciie
3378 1426 3540 1487 queat
3559 1419 3629 1471 ad
3654 1434 3768 1472 sen-

2182 1518 2274 1558 sus
2307 1514 2536 1571 tiestros,
2573 1508 2614 1560 si
2648 1508 2867 1563 omnino
2889 1523 2919 1563 a
2957 1511 3112 1562 nobis
3144 1508 3275 1563 nihil
3304 1510 3374 1563 sit
3400 1510 3545 1578 quod
3596 1510 3769 1563 valeat

2184 1593 2250 1647 ad
2297 1596 2641 1652 obtinendam
2672 1600 2896 1667 gratiam
2940 1600 2992 1653 in
3042 1601 3155 1670 pari
3202 1601 3511 1656 conditione
3539 1611 3766 1656 cuncto-

2145 1700 2322 1751 rrum,
2377 1686 2447 1739 ita
2491 1689 2749 1756 quosdam
2801 1690 2924 1758 eligi
2958 1700 3016 1744 ut
3043 1692 3221 1745 caeteri
3258 1693 3308 1747 in
3356 1693 3671 1747 calamitate
3718 1700 3770 1746 et

501 1823 727 1875 quarum
761 1807 980 1862 liberam
1029 1776 1329 1861 affirmandi
1361 1815 1456 1861 aut
1505 1776 1726 1877 negandi
1772 1807 2073 1863 facultatem
2112 1781 2156 1840 Β
2186 1776 2381 1877 fiam“?
2403 1779 2782 1877 ἀθειίξυίίηξυτζ
2807 1790 2949 1877 Ἴδα
2978 1783 3171 1877 Verum
3204 1785 3287 1837 ubi
3321 1784 3371 1877 ίει
3402 1784 3614 1877 Βπθθῆ
3636 1876 3639 1877 ν
3661 1794 3766 1840 “is”

500 1897 819 1952 Cwlestinus
866 1895 1008 1961 facit,
1053 1896 1345 1966 interprete
1386 1897 1636 1952 Baronio.
1665 1915 1683 1949 ι
1719 1898 2077 1954 Allucinatum

499 1996 629 2055 puto
668 1988 805 2041 hunc
847 1988 1221 2057 recentiorem,
1265 1990 1354 2059 qui
1399 2005 1462 2044 ea
1490 1989 1557 2045 de
1589 1991 1818 2046 Baronio
1848 1992 2080 2060 publicat

464 2086 618 2148 qua:
669 2079 755 2133 ille
803 2094 1065 2150 nusquam
1116 2081 1368 2136 asseruit.
1422 2081 1631 2136 Etenim
1684 2083 2078 2137 eruditissimus

506 2170 735 2237 scriptor
763 2169 933 2237 capita
965 2169 1054 2223 illa
1082 2169 1354 2224 leestini
1381 2171 1622 2239 epistolae
1644 2184 1848 2225 annexa
1879 2184 1945 2224 ne
1968 2185 2078 2238 tua-

464 2266 658 2328 'quaut
700 2260 991 2315 Caelestino
1042 2259 1143 2328 ipsi
1190 2260 1456 2329 ascripsit,
1512 2259 1608 2315 sed
1667 2260 1912 2330 ProSperi
1958 2275 2079 2315 esse

507 2350 661 2414 dixit,
696 2354 765 2403 ita
792 2351 933 2404 enim
979 2350 1049 2403 ibi
1095 2350 1212 2403 ait:
1264 2369 1282 2401 ι
1314 2350 1569 2405 Putantur
1600 2351 1688 2404 illa
1737 2352 1907 2419 capita
1957 2366 2080 2407 esse

458 2452 469 2458 '
498 2440 895 2509 ProSperi,qui,
916 2450 969 2494 ut
989 2441 1226 2510 profiteri
1248 2442 1476 2509 videtur,
1492 2457 1554 2497 ea
1569 2443 1781 2512 collegit
1797 2460 1859 2499 ex
1892 2445 2080 2501 decre—

500 2532 569 2585 tis
600 2530 961 2584 Romanorum
1001 2531 1331 2600 pontificum.
1365 2532 1632 2601 simulque
1660 2534 1902 2589 conciliis
1933 2534 2076 2590 Afri-

460 2630 465 2635 ‘
499 2623 670 2687 canis,
698 2621 785 2675 ubi
836 2622 975 2676 idem
1007 2632 1191 2676 auctor
1231 2622 1347 2677 haec
1385 2622 1542 2677 habet
1574 2623 1625 2676 in
1660 2622 1764 2677 fine
1793 2641 1805 2676 :
1842 2623 2076 2694 Profun-

501 2713 666 2766 diores
691 2728 806 2766 vero
830 2712 1247 2783 difﬁcilioresque
1275 2723 1462 2784 partes,
1494 2721 1634 2770 etc.)
1668 2714 1733 2767 Et
1762 2723 1936 2768 tamen
1965 2716 2077 2769 An-

461 2827 465 2830 ν
499 2810 655 2856 natus
684 2800 844 2856 audet
890 2799 1161 2856 aﬂirmare
1201 2801 1489 2857 Baronium
1515 2804 1585 2857 ita
1608 2803 1884 2859 leestini
1918 2803 2076 2858 verba

500 2893 926 2962 interpretatum,
958 2910 1078 2949 cum
1103 2893 1291 2949 eadem
1323 2893 1587 2964 Prospero
1616 2893 1939 2958 attribuerit,
1969 2894 2077 2949 imo

463 3008 468 3012 -
498 2998 596 3039 nec
635 2985 765 3039 citra
808 2985 1025 3040 dubium
1073 2984 1215 3039 illius
1244 2985 1434 3053 capitis
1481 2984 1621 3037 hunc
1654 2998 1773 3038 esse
1801 2992 2074 3038 auctorem

498 3088 741 3129 asserere
794 3090 955 3129 ausus
1003 3075 1093 3139 sit,
1153 3074 1321 3143 putari
1352 3084 1554 3128 tantum
1594 3073 1755 3127 dixit.
1818 3076 1899 3126 An
1948 3086 2076 3126 vero

2183 1868 2409 1925 timonio
2454 1872 2728 1927 recitando
2759 1871 2949 1928 falsum
2992 1876 3258 1928 Anuatum
3305 1876 3555 1938 vidimus,
3588 1876 3683 1930 hic
3726 1878 3769 1931 si

2184 1979 2288 2018 non
2331 1962 2588 2029 invidum,
2637 1965 2827 2020 saltem
2870 1965 3221 2037 negligentem
3274 1967 3430 2021 liceat
3471 1968 3769 2036 appellare,

2184 2058 2272 2124 qui
2325 2056 2592 2133 delatasa
2633 2057 2887 2114 Sadoleto
2931 2061 3226 2128 Augustino
3271 2058 3455 2113 laudes
3495 2059 3767 2121 decurtat,

2187 2147 2335 2199 testis
2360 2146 2531 2215 ipsius
2562 2148 2740 2203 verbis
2772 2148 2909 2202 haud
2936 2148 3166 2203 ﬁdeliter
3193 2151 3452 2218 repetitis.
3479 2150 3601 2203 llac
3634 2151 3771 2203 scri-

2148 2254 2149 2257 η
2185 2232 2260 2287 bit
2293 2233 2573 2289 Sadoletus
2607 2253 2619 2289 ε
2652 2237 2756 2291 Sed
2785 2252 2848 2290 ex
2868 2240 3032 2291 altera
3055 2253 3255 2307 quoque
3281 2250 3442 2306 par:e.
3467 2249 3515 2291 et
3543 2240 3585 2291 si
3614 2240 3681 2291 ab
3710 2256 3771 2291 ea

2185 2332 2283 2375 stat
2308 2338 2510 2379 uocron
2552 2339 2753 2379 oumuu
2808 2342 3061 2393 MAXIMUS,
3102 2327 3336 2397 idemque
3361 2328 3692 2397 gravissimus
3720 2341 3773 2381 et

2184 2415 2532 2468 sanctissimus
2576 2417 2672 2481 vir,
2700 2426 2804 2472 etc.
2842 2417 3001 2471 Vides
3027 2419 3173 2471 verbi
3206 2418 3345 2473 illius
3376 2434 3567 2473 ouxtvu
3600 2435 3772 2475 ener-

2187 2503 2350 2573 giam,
2371 2520 2474 2575 qua
2507 2505 2786 2563 Sadoletus
2818 2507 3026 2562 cancris
3051 2508 3304 2564 Ecclesiae
3342 2511 3643 2565 doctoribus
3664 2512 3775 2566 Au-

2184 2595 2455 2662 gustinum
2487 2597 2799 2665 anteponit?
2832 2599 2895 2651 At
2930 2599 3056 2652 illud
3082 2600 3276 2653 Anuati
3323 2602 3523 2655 calamo
3570 2601 3765 2668 haesit,

2183 2683 2325 2752 quod
2350 2698 2485 2739 sane
2525 2700 2671 2752 casu,
2705 2700 2810 2741 non
2844 2688 3069 2741 consilio
3098 2688 3361 2748 accidisse
3385 2691 3772 2763 concederem,

2184 2776 2285 2829 nisi
2325 2776 2614 2831 adversarii
2644 2776 2696 2832 in
2724 2780 3081 2849 Augustinum
3131 2782 3339 2838 animus
3386 2784 3436 2837 in
3481 2785 3638 2837 aliam
3676 2803 3769 2841 me

2184 2866 2505 2920 sententiam
2553 2866 2809 2923 traheret.
2842 2869 3158 2935 Enimvero,
3198 2873 3245 2926 si
3273 2872 3477 2928 diceres
3508 2874 3773 2931 Suarium

2184 2954 2459 3010 doctorem
2503 2956 2818 3023 maximum,
2869 2960 3223 3030 eumdemque
3263 2965 3659 3033 gravissimum,
3698 2968 3775 3020 li-

2182 3044 2371 3100 benter
2418 3043 2469 3099 id
2512 3046 2810 3103 audiretur.
2843 3052 2909 3104 At
2940 3052 2984 3104 si
3029 3050 3256 3106 adderes
3302 3068 3421 3108 esse
3471 3054 3614 3108 illum
3664 3070 3778 3111 ost-

500 3165 728 3234 Prosper
748 3173 803 3220 et
832 3137 1086 3219 Baronius
1108 3137 1461 3233 qumstionem
1509 3164 1655 3218 illam
1700 3163 1768 3217 de
1797 3162 2074 3232 praedesti-
2103 3142 2149 3207 (ἶ
2180 3152 2308 3234 ΨΜ
2344 3137 2634 3193 ωδχίωυω
2665 3154 2728 3195 ac
2764 3141 3160 3234 εῗθνίδδῖητυητν
3192 3144 3458 3214 ingentem
3500 3146 3569 3200 mi
3616 3146 3778 3204 im'i'

499 3257 712 3312 natione
739 3257 803 3311 ad
834 3257 1059 3328 gloriam
1091 3256 1207 3311 sine
1240 3256 1551 3310 meritorum
1586 3254 1903 3325 prmisiOne
1942 3270 2073 3310 con-

502 3355 580 3402 tra
639 3355 882 3402 sanctum
939 3346 1289 3416 Augustinum
1349 3344 1544 3400 resolvi
1596 3345 1764 3415 possit
1806 3346 1933 3399 citra
1986 3360 2071 3400 re~

496 3438 910 3506 prehensionem
938 3436 1277 3501 afflrmarint,
1321 3435 1481 3491 iidem
1534 3450 1628 3491 nos
1656 3435 1904 3490 doceant.
1936 3436 2076 3490 San-

497 3537 616 3582 ctus
666 3528 914 3598 Prosper,
944 3527 1010 3583 ad
1040 3527 1166 3583 dub.
1213 3526 1273 3583 ιο
1304 3526 1689 3591 Genuensium,
1719 3528 1795 3579 ait
1821 3542 1832 3577 :
1866 3526 2078 3596 Augus-

470 3621 643 3673 .tinus
671 3638 689 3671 ι
718 3619 799 3688 pia
832 3628 1009 3675 tamen
1051 3622 1424 3687 constantique
1469 3615 1710 3672 doctrina
1742 3615 2079 3671 abundanter

501 3712 749 3782 probavit
775 3711 1166 3780 praedicandam
1200 3725 1318 3766 esse
1353 3710 1611 3764 Ecclesia:
1650 3709 2075 3776 praedestinatio-

465 3818 644 3869 ~uem,
679 3804 731 3856 in
761 3815 862 3869 qua
894 3809 978 3857 est
1029 3799 1214 3869 gratiae
1263 3798 1603 3865 praeparatio,
1651 3805 1705 3850 et
1751 3800 1976 3865 gratiam
2024 3799 2075 3850 in

501 3907 603 3961 qua
624 3898 706 3946 cst
734 3888 1213 3958 praadestinationis
1250 3886 1497 3949 effectus,
1530 3897 1583 3939 et
1616 3890 1948 3954 pr.cscicntia
1986 3888 2077 3942 Dei

500 3996 606 4047 qua
634 3990 757 4033 ante
786 3979 978 4031 saecula
1022 3985 1220 4031 aeterna
1265 3975 1459 4046 quibus
1488 3985 1630 4031 esset
1659 3977 1951 4032 collaturus
1980 3993 2076 4033 sua

501 4072 636 4123 dona
666 4065 953 4135 praescivit,
983 4065 1136 4135 cujus
1164 4066 1555 4136 praedicationis
1585 4068 1824 4137 quisquis
1866 4077 1948 4122 est
1980 4070 2077 4122 int-

500 4170 781 4229 pugnator,
806 4158 1177 4226 apertissimus
1207 4172 1288 4215 est
1318 4160 1617 4231 Pelagiana:
1644 4160 1890 4215 elationis
1920 4161 2074 4231 adju-

502 4259 604 4304 tur.
639 4267 654 4300 t
689 4247 943 4302 Baronius
969 4263 1116 4315 vero,
1153 4259 1285 4304 tum.
1322 4250 1404 4313 Vl,
1440 4250 1505 4303 ad
1527 4264 1724 4303 annum
1771 4249 1894 4318 490,
1929 4257 2077 4317 post-

504 4357 661 4411 quam
708 4339 844 4396 dixit
882 4355 1069 4396 omnes
1111 4342 1293 4397 Patres
1344 4342 1603 4397 adversus
1653 4341 1830 4397 Fausti
1879 4342 2076 4412 scripta

503 4434 859 4501 conspirasse,
894 4431 1008 4486 haec
1045 4431 1229 4486 addit:
1267 4450 1285 4483 ι
1306 4432 1437 4485 Cum
1466 4431 1623 4502 igitur
1653 4433 1829 4487 Fausti
1860 4441 2074 4487 senten-

2180 3232 2323 3287 diam
2355 3234 2642 3299 conflares,
2670 3233 2824 3301 quasi
2853 3233 3134 3302 Aquinale,
3171 3234 3351 3299 Scoto,
3384 3236 3624 3303 Alberto,
3658 3254 3779 3296 ca-

2180 3326 2414 3393 terisque
2440 3324 2764 3393 principibus
2800 3322 3140 3381 scholasticis
3176 3326 3501 3397 superiorem
3528 3325 3775 3386 faceres.

2183 3414 2291 3471 Sed
2317 3414 2383 3469 ad
2412 3415 2722 3471 Sadoletum
2755 3418 3050 3472 veniamus.

2253 3527 2349 3582 llic
2376 3528 2608 3595 scriptor
2655 3543 2760 3581 non
2811 3528 2985 3583 solum
3034 3538 3220 3585 contra
3252 3533 3624 3602 Augustinum,
3668 3541 3774 3593 sed

2180 3626 2235 3673 et
2259 3627 2443 3673 contra
2475 3620 2741 3673 Anuatum
2768 3619 2938 3687 ipsum
2971 3623 3287 3676 sententiam
3318 3624 3469 3678 dicit.
3492 3626 3775 3695 Annatus,

2181 3723 2297 3775 cap.
2330 3710 2347 3761 l
2378 3721 2431 3764 et
2456 3708 2509 3773 2,
2544 3710 2706 3765 tradit
2734 3710 3373 3780 homines.prtedestinari
3398 3716 3512 3770 sine
3544 3722 3775 3775 meritis

2179 3798 2247 3853 ad
2272 3803 2521 3869 gratiam,
2566 3801 2914 3869 dicamusque,
2962 3801 3132 3870 inquit
3182 3819 3303 3873 pag.
3335 3806 3458 3874 860,
3484 3818 3598 3861 ante
3630 3828 3781 3877 ρνσ-

2179 3890 2284 3943 visa
2332 3890 2512 3942 merita
2561 3890 2789 3944 homines
2838 3892 2907 3944 ad
2954 3894 3172 3962 gratiam
3225 3897 3595 3967 prwdestinari,
3652 3916 3779 3968 prs!

2180 3982 2448 4052 prwvisum
2491 3992 2658 4035 auttm
2689 3986 2877 4037 bonum
2908 4002 3056 4039 usum
3088 3988 3270 4056 gratia:
3300 3992 3656 4057 pra-destinari
3708 4000 3779 4048 ad

2180 4075 2421 4144 gloriam,
2453 4084 2556 4127 etc.
2584 4078 2652 4128 At
2682 4074 2972 4130 Sadoletus
3001 4078 3199 4147 aliquid
3229 4082 3403 4135 meriti
3434 4083 3497 4136 ad
3528 4084 3776 4141 obtinen-

2190 4163 2312 4217 dam
2344 4164 2567 4232 gratiam
2599 4166 2762 4236 exigit
2790 4183 2804 4231 ;
2839 4167 3032 4222 fatetur
3055 4169 3198 4224 enim
3224 4170 3416 4225 durum
3439 4173 3537 4226 sibi
3562 4174 3774 4243 videri,

2187 4253 2231 4304 si
2262 4254 2468 4307 omnino
2494 4270 2523 4305 a
2547 4256 2690 4308 notis
2715 4258 2844 4310 nihil
2869 4259 2933 4311 sit
2970 4260 3104 4328 quod
3152 4261 3317 4315 raleat
3343 4264 3411 4314 ad
3440 4263 3777 4321 obtinendam

2182 4357 2437 4397 coartant.
2471 4346 2685 4414 Audin,
2733 4350 2953 4419 gratiam
3004 4349 3157 4415 dixit,
3199 4366 3303 4406 nou
3349 4354 3581 4423 gloriam,
3640 4376 3777 4427 qua:

2183 4450 2312 4492 sane
2341 4438 2512 4493 fuerat
2551 4440 2798 4495 damnata
2848 4442 3432 4513 Semi-I’elagianorum
3475 4448 3679 4515 opinio,
3712 4453 3775 4506 in

504 4523 592 4578 tia:
621 4524 815 4592 ubique
842 4522 909 4575 ab
952 4522 1191 4577 Ecclesia
1239 4521 1398 4577 fuerit
1424 4525 1832 4587 contradictum,
1862 4524 2078 4578 videant
2106 4506 2157 4568 Ῐ)
2183 4542 2339 4595 quam
2393 4529 2677 4585 Sadoletus
2725 4532 2904 4585 minus
2944 4544 3101 4588 caute
3145 4506 3383 4604 impegit.
3420 4539 3485 4589 At
3510 4506 3772 4605 quoniam

503 4624 700 4681 quanto
750 4611 984 4680 periculo
1033 4610 1246 4680 quidam
1293 4625 1357 4665 ex
1399 4613 1808 4675 recentioribus,
1855 4612 1980 4666 dum
2022 4613 2074 4667 in

502 4713 783 4759 novatores
823 4702 1102 4772 insurgunt
1130 4712 1189 4756 ut
1217 4716 1311 4757 eos
1351 4701 1647 4766 confutent,
1675 4717 1703 4754 a
1750 4703 1919 4755 sancti
1970 4708 2074 4755 Au-

504 4794 696 4860 gustini
726 4792 793 4847 de
836 4792 1306 4861 przedestinatione
1351 4790 1616 4845 sententia
1646 4790 1920 4855 recedunt,
1955 4806 2074 4845 cum

508 4887 694 4952 alioqui
720 4898 863 4938 arma
896 4899 1002 4939 non
1034 4884 1213 4941 desint
1241 4884 1431 4953 quibus
1458 4882 1749 4937 adversarii
1793 4882 2075 4951 profligan-

478 4998 481 5001 η
507 4982 608 5025 tur.
635 4990 653 5022 ι
686 4974 749 5025 Et
781 4981 956 5027 tamen
987 4974 1053 5028 de
1084 4974 1346 5029 sententia
1380 4973 1549 5028 sancti
1580 4972 1818 5027 doctoris
1846 4972 1912 5025 de
1943 4986 2076 5041 pra:-

525 5060 863 5116 l:stinatione
889 5062 954 5116 ad
983 5064 1203 5133 gloriam
1236 5064 1603 5119 btecAnnatus
1632 5064 1821 5120 tradit:
1842 5082 1858 5114 ι
1880 5064 2077 5129 Quatr-

503 5157 579 5208 vis
623 5150 955 5222 Augustinus
1004 5153 1059 5206 in
1107 5156 1431 5209 contrarium
1480 5156 1825 5224 propendeat,
1861 5154 2079 5222 permit-

503 5244 657 5302 teuda
689 5252 868 5299 tamen
909 5240 1011 5296 erit
1050 5241 1212 5313 hujus
1251 5246 1563 5312 quiestiouis
1604 5246 1983 5300 determinatio
2012 5244 2075 5297 li-

500 5342 641 5396 bera:
670 5334 1055 5405 disputantium
1084 5336 1354 5397 electioni,
1374 5336 1517 5404 quod
1540 5337 1747 5389 censuit
1771 5337 1930 5389 etiam
1959 5348 2075 5387 ear-

498 5431 693 5488 dinalis
724 5428 1004 5494 Batonius,
1028 5444 1047 5478 ι
1080 5440 1198 5495 cap.
1226 5427 1277 5492 1,
1311 5441 1429 5495 pag.
1459 5427 1584 5481 857.
1614 5427 1668 5481 Si
1708 5427 1859 5479 nobis
1896 5426 2073 5479 nullus

497 5532 642 5579 esset
669 5522 947 5577 oculorum
992 5531 1142 5582 usus,
1177 5530 1241 5572 ac
1268 5530 1330 5571 ea
1355 5524 1559 5570 tantum
1590 5517 1656 5571 de
1702 5518 1927 5569 Baronio
1957 5531 2070 5570 cre-

497 5613 750 5666 deremus
786 5627 902 5678 qua:
930 5609 997 5665 de
1026 5594 1214 5666 eodem
1261 5609 1528 5662 recentior
1552 5609 1641 5663 ille
1672 5608 1928 5677 publicat,
1960 5609 2069 5662 Au-

495 5697 745 5770 gustinus
768 5699 901 5755 forte
927 5712 1086 5755 causa
1115 5698 1351 5769 caderet,
1377 5699 1468 5757 sed
1493 5715 1611 5758 cum
1643 5697 1946 5769 oppositum
1980 5701 2070 5755 di-

2183 4619 2468 4674 Sadoletus
2500 4630 2622 4688 post
2650 4620 2850 4674 editum
2887 4622 3080 4676 Annati
3116 4625 3309 4679 librum
3337 4628 3623 4698 elegantem
3656 4632 3773 4683 atl-

2181 4716 2422 4762 vocatum
2456 4709 2676 4774 invenit,
2711 4709 3036 4766 Ludovicum
3084 4714 3307 4767 Dunium
3358 4726 3481 4770 tom.
3506 4716 3566 4769 flf
3605 4717 3764 4776 Hist.

2180 4798 2247 4853 de
2269 4798 2661 4867 Cardinalibus,
2691 4816 2808 4869 pag.
2840 4801 2966 4868 206,
3001 4804 3089 4873 qui
3121 4822 3225 4860 non
3257 4809 3416 4863 modo
3444 4808 3765 4866 Sadoletum

2179 4886 2437 4951 defendit,
2472 4902 2658 4942 verum
2690 4890 2848 4944 etiam
2893 4908 3040 4945 num.
3076 4893 3178 4946 fit)
3224 4906 3463 4951 sanctum
3504 4897 3767 4966 Augusti-

2186 4993 2312 5030 nuzu
2340 4977 2514 5047 arguit
2536 4979 2675 5046 quod
2702 4979 2784 5033 hic
2811 4998 2830 5031 ‹
2852 4981 2975 5034 dum
3007 4992 3116 5037 tcto
3147 4985 3370 5052 spiritus
3392 5002 3453 5040 ac
3474 4987 3767 5044 verborum

2184 5068 2377 5123 ardore
2424 5084 2520 5137 pro
2549 5069 2865 5124 defensione
2893 5072 3092 5127 divinae
3118 5076 3302 5143 gratia:
3333 5086 3532 5146 pugnat
3568 5078 3768 5134 adrer-

2184 5174 2274 5213 sus
2327 5160 2639 5228 Pelagianos
2691 5160 2919 5215 liberum
2965 5166 3243 5219 arbitrium
3276 5181 3398 5222 cum
3444 5167 3634 5235 injuria
3678 5171 3767 5223 di-

2184 5252 2321 5303 vina:
2369 5251 2551 5319 gratiae
2602 5251 2945 5319 extollentes,
2981 5254 3032 5307 in
3079 5256 3299 5309 alteram
3355 5258 3508 5327 quasi
3554 5258 3767 5313 foveam

2185 5339 2360 5418 delabi
2399 5340 2627 5404 videtur,
2660 5340 2943 5412 minusque
2992 5345 3257 5400 interdum
3304 5348 3555 5409 tribuere.
3602 5368 3765 5418 quam

2178 5443 2273 5497 par
2302 5417 2389 5493 sit,
2424 5430 2604 5484 libera:
2634 5430 2865 5486 hominis
2905 5435 3183 5488 voluntati.
3208 5454 3226 5487 ι
3258 5437 3428 5503 Quam
3479 5417 3766 5495 censuram

2176 5520 2240 5571 ad
2287 5522 2503 5574 verbum
2563 5522 2761 5575 Donius
2812 5525 3094 5592 exscripsit
3137 5541 3199 5580 ex
3252 5528 3403 5582 Sixto
3448 5530 3672 5585 Senensi
3714 5536 3764 5585 iu

2179 5611 2385 5678 praefat.
2417 5612 2509 5668 lib.
2545 5628 2573 5664 v
2603 5613 2737 5667 Bibl.
2771 5623 3002 5679 sanctae;
3028 5616 3134 5669 imo
3164 5631 3229 5670 ex
3271 5615 3480 5673 Juliano
3512 5620 3758 5674 infensis

2174 5704 2313 5758 simo
2361 5704 2449 5759 illo
2498 5705 2775 5775 Augustini
2810 5706 2961 5761 hoste
3002 5707 3137 5762 aoud
3185 5717 3428 5765 sanctum
3478 5710 3765 5768 doctorem
