3930 6304
183 361 278 416 749

1346 349 1662 412 riualem;
1705 333 2264 410 AUGUSTINIANE.

3330 354 3432 408 '2in

184 476 271 528 lib.
305 469 444 527 n-de
470 466 627 541 Nupt.
653 479 706 526 et
725 484 971 540 concup.,
1007 485 1126 539 cap.
1156 472 1206 524 5.
1242 473 1442 538 Quare,
1482 481 1541 524 ut
1584 472 1743 538 hujus
1775 470 1822 530 Α
1850 465 2017 517 lnstit.
2069 459 2341 523 mouacln,
2391 471 2509 526 cap.
2562 458 2645 517 18.
2680 459 2767 513 ubi
2814 461 2887 514 ait
2917 477 2928 513 :
2979 481 2995 511 ‹
3022 463 3134 517 Non
3182 471 3429 524 omnibus

184 563 329 618 testis
370 561 435 615 ab
471 564 678 615 Aunato
720 561 970 614 condireti
1002 570 1056 615 et
1085 577 1113 614 a
1155 562 1323 614 llunio
1351 562 1553 614 defensi
1595 575 1747 614 error

182 653 457 720 aperiatur,
488 651 724 718 ejusdem
763 651 1026 706 sententia
1081 651 1146 705 de
1170 651 1332 704 initiis
1365 650 1486 704 fidei
1527 664 1590 703 ac
1620 650 1748 704 reli-

182 758 397 813 quarum
424 742 674 795 virtutum
725 742 878 796 nobis
910 741 1254 796 monstranda
1303 752 1385 795 est
1412 760 1422 793 :
1456 755 1576 794 nam
1610 740 1655 794 si
1685 754 1747 793 ea

181 835 230 888 in
277 832 524 901 opinione
554 831 802 886 eumdem
834 832 899 886 ad
933 831 1416 900 Semi-Pelagiaiios
1457 829 1748 884 accessisse

180 923 611 989 monstrabimus,
638 923 756 993 quis
782 925 962 977 statim
988 934 1092 976 non
1117 923 1375 993 intelliget
1404 923 1598 976 nullius
1625 922 1748 975 fidei

177 1013 412 1082 ejusdem
467 1013 836 1076 testimonium
891 1012 1097 1076 haberi,
1131 1013 1324 1081 quippe
1371 1013 1457 1081 qui
1490 1026 1609 1065 cum
1637 1011 1748 1064 An-

176 1103 364 1169 κυδιῑηί
402 1104 650 1159 hostibus
678 1103 1042 1172 conSpiravit?
1070 1104 1298 1172 Scripsit
1323 1105 1553 1158 Jacobus
1581 1104 1751 1159 Sado-

177 1195 310 1247 letus
337 1193 766 1247 Commentarios
796 1193 846 1246 in
872 1193 1160 1262 Epistulam
1192 1194 1337 1246 Pauli
1369 1195 1433 1246 ad
1460 1193 1746 1259 Romanos,

175 1285 261 1338 tibi
297 1298 419 1338 cum
448 1284 516 1338 ab
551 1285 832 1354 Augustini
864 1285 1132 1338 sententia
1177 1283 1244 1337 de
1283 1283 1752 1352 praedestinatione

169 1374 424 1429 recedere
448 1374 632 1440 vellet,
661 1376 727 1428 ad
756 1374 1245 1443 Serui-Pelagianos
1289 1374 1482 1428 misere
1512 1373 1750 1429 declina—

170 1465 265 1518 vit.
299 1465 359 1518 ln
405 1466 531 1519 illud
563 1466 804 1534 Aposwli
858 1481 975 1535 cap.
1018 1482 1136 1531 vni,
1171 1482 1311 1522 vers.
1354 1467 1462 1520 29:
1499 1468 1752 1531 Quoniam

171 1569 300 1622 quos
327 1555 570 1621 prmanavit
605 1564 650 1607 et
677 1555 1036 1622 prtrde/inivt't,
1067 1564 1197 1624 etc.,
1225 1556 1338 1612 hac
1365 1557 1590 1613 scribit:
1617 1577 1635 1609 ‹
1657 1558 1747 1614 Sic

169 1645 299 1698 illud
325 1646 486 1711 addo,
516 1662 582 1702 ne
603 1648 657 1700 in
687 1648 876 1702 eodem
909 1649 1118 1717 quidem
1153 1650 1293 1703 facto
1336 1650 1558 1720 intelligi
1589 1666 1620 1705 a
1648 1666 1748 1706 no-

170 1735 252 1787 bis
275 1733 391 1802 ejus
423 1737 761 1804 sapientiam,
791 1737 832 1792 si
862 1738 1002 1791 nulla
1045 1753 1207 1793 causa
1239 1754 1299 1794 ac
1323 1742 1529 1794 ratione
1559 1741 1748 1795 discri-

1851 570 1952 608 una
1982 554 2148 622 gratia
2182 551 2412 620 Spiritus
2448 552 2621 604 sancti
2667 552 2934 616 tribuitur,
2963 555 3053 608 sed
3094 556 3158 609 ad
3189 574 3344 626 quam
3373 580 3431 617 se

1851 644 2211 712 unusquisque
2237 642 2412 695 studio
2443 644 2522 696 vel
2558 643 2817 698 industria
2851 660 2943 698 sua
2970 645 3187 715 dignum
3211 660 3425 718 aptum-

1850 750 1951 803 que
1977 735 2279 801 przebuerit.
2312 754 2328 785 ι
2367 733 2631 788 Praeterea
2655 735 2938 790 Sadoletus
2968 737 3017 791 in
3044 749 3203 807 caput
3229 757 3280 793 ιχ
3312 757 3425 795 me-

1851 835 2115 880 moratum
2145 827 2262 879 haec
2283 824 2482 880 habet:
2525 845 2543 877 ‹
2573 826 2702 880 Nam
2734 842 2854 882 cum
2895 828 2993 882 sub
3022 831 3278 886 servitute
3310 848 3433 900 pec—

1851 918 1953 972 cati
1979 918 2084 970 nati
2123 933 2220 971 nos
2253 917 2441 982 simus,
2471 933 2643 988 neque
2672 929 2853 974 nostra
2877 934 2976 988 ope
3002 936 3066 975 ex
3096 923 3186 975 illo
3210 925 3431 978 uostris-

1851 1023 1954 1077 que
2003 1008 2205 1060 viribus
2279 1021 2554 1077 emergere
2622 1019 2782 1077 atque
2833 1011 3026 1079 ejicere
3077 1013 3432 1081 nosmetipsos

1852 1113 2126 1167 queamus,
2162 1099 2408 1151 volumus
2448 1100 2662 1168 quidem
2706 1117 2769 1156 sx
2802 1117 2952 1155 NttBlS
2979 1104 3162 1170 etiam,
3192 1115 3246 1158 et
3274 1105 3432 1158 adni—

1855 1190 2036 1252 timur,
2067 1199 2436 1241 verumtamen
2484 1190 2549 1243 ad
2574 1191 3000 1259 consurgendum
3043 1190 3135 1246 Dei
3161 1210 3262 1262 ope
3294 1195 3434 1248 indi-

1852 1294 2058 1347 gemus,
2099 1278 2187 1347 qui
2237 1291 2542 1333 TENDENTES
2591 1291 2814 1334 unacuu
2862 1282 2926 1335 ad
2969 1296 3092 1336 sese
3138 1299 3435 1354 corpusque

1854 1369 2137 1437 agitantes,
2191 1379 2245 1421 ut
2278 1370 2611 1436 evolvantur,
2649 1370 3015 1425 misericordia
3062 1386 3156 1426 sua
3197 1373 3433 1442 adjuvat,

1853 1455 2072 1525 ignavos
2115 1470 2243 1510 vero
2271 1465 2325 1510 et
2366 1456 2599 1522 desides,
2645 1473 2819 1528 neque
2863 1460 3152 1528 quidquam
3195 1475 3435 1530 agentes,

1851 1547 2200 1616 quamobrem
2231 1547 2464 1601 debeant
2506 1549 2796 1616 sublevari,
2829 1549 2881 1603 in
2924 1549 3039 1618 ipso
3081 1552 3190 1605 luto
3223 1553 3434 1616 infixos,

1854 1636 2193 1702 perditosque
2237 1635 2556 1704 relinquit.»
2605 1636 2660 1689 ln
2711 1637 2903 1705 quibus
2947 1639 3162 1707 egregie
3203 1642 3437 1695 concinit

1855 1725 2050 1777 Fausto
2081 1723 2657 1793 Semi-Pelagianorum
2694 1729 3000 1795 curyplueo,
3035 1727 3124 1780 lib.
3158 1744 3170 1780 ι
3210 1729 3278 1783 de
3306 1731 3436 1784 Gra-

171 1839 290 1878 men
337 1825 584 1891 faciente,
618 1828 752 1880 alios
784 1827 1049 1896 improbet
1093 1827 1406 1898 rejiciatque
1451 1830 1516 1884 ad
1564 1831 1748 1885 interi-

1858 1817 1925 1868 tia
1956 1825 2008 1870 et
2049 1815 2218 1869 libero
2246 1814 2388 1881 arb.,
2423 1830 2541 1884 cap.
2573 1817 2634 1869 17
2666 1833 2680 1871 :
2721 1835 2738 1866 ι
2769 1817 2831 1870 Et
2879 1816 2948 1870 ita
2998 1833 3078 1878 se,
3110 1817 3299 1886 inquit,
3333 1819 3438 1873 duo

170 1923 300 1979 tum,
335 1915 470 1968 alios
493 1915 557 1968 ad
589 1916 816 1971 salutem
845 1926 897 1970 et
923 1918 1147 1987 gratiam
1178 1933 1329 1973 suam
1361 1922 1602 1988 recipiat,
1628 1936 1748 1975 cum

168 2006 268 2059 isto
311 2021 469 2075 agere
514 2007 672 2061 modo
720 2017 879 2076 atque
925 2010 1143 2077 operari
1173 2021 1329 2064 casus
1368 2013 1546 2080 po:ius
1592 2028 1750 2082 quam

167 2097 369 2150 c0usilii
401 2113 528 2152 esse
564 2099 829 2153 videatur.
857 2118 876 2152 ›
906 2100 982 2154 lta
1013 2102 1126 2155 vult
1153 2118 1214 2156 ex
1249 2114 1397 2170 parte
1427 2105 1578 2160 liberi
1610 2106 1751 2160 arbi-

168 2189 253 2241 trii
306 2190 510 2258 aliquid
546 2191 670 2244 boni
715 2192 1044 2261 prmcedere,
1080 2203 1138 2248 ut
1184 2197 1354 2261 gratia
1405 2196 1527 2251 huic
1577 2197 1752 2264 potius

165 2292 320 2345 quam
347 2279 506 2333 alteri
531 2280 779 2334 donetur.
805 2281 930 2335 llaec
955 2282 1113 2350 plane
1142 2283 1432 2339 Cassianus
1463 2287 1748 2351 sentiebat,

166 2365 316 2434 cujus
357 2367 424 2422 de
478 2368 586 2423 Deo
629 2368 791 2424 verba
822 2381 946 2424 sunt
993 2373 1178 2426 collat.
1214 2374 1299 2439 15,
1328 2390 1448 2443 cap.
1492 2375 1596 2427 1‘2:
1635 2395 1652 2425 ‹
1677 2377 1750 2431 Ne

167 2458 377 2522 penitus
407 2458 696 2513 dormienti
736 2469 827 2514 aut
855 2461 1014 2516 inerti
1047 2461 1158 2515 otio
1199 2463 1459 2517 dissoluto
1491 2479 1581 2517 sua
1612 2467 1749 2518 dona

163 2547 413 2602 conferre
439 2549 706 2615 videatur,
735 2549 1048 2605 occasiones
1078 2553 1475 2619 quodammodo
1506 2570 1751 2622 quaerens

161 2638 357 2702 quibus
389 2639 635 2692 humanae
665 2641 909 2708 segnitiei
941 2656 1162 2708 corpore
1188 2643 1430 2696 discusso
1471 2659 1575 2696 ηοιι
1609 2627 1750 2697 irra-

157 2729 378 2781 tionalis
426 2730 811 2784 munificentia:
860 2746 971 2785 suae
1023 2735 1241 2801 largitas
1289 2735 1571 2802 videatur,
1625 2737 1749 2791 dum

162 2834 281 2871 eam
309 2821 411 2872 sub
438 2823 617 2876 colore
648 2823 923 2888 cujusdam
957 2823 1206 2878 desiderii
1237 2840 1299 2879 ac
1331 2825 1530 2880 laboris
1559 2829 1752 2897 imper-

165 2911 243 2963 tit.
275 2929 293 2960 ι
346 2911 599 2965 Affirmat
647 2922 825 2967 tamen
876 2914 1072 2968 ibidem
1129 2915 1415 2971 Sadoletus
1445 2917 1558 2972 haec
1605 2919 1751 2972 initia

163 3003 317 3058 bonae
361 3005 674 3071 voluntatis,
707 3021 824 3075 quae
876 3022 974 3061 nos
1020 3022 1114 3076 per
1160 3024 1254 3063 nos
1296 3009 1442 3079 ipsos
1484 3013 1747 3080 ponimus,

167 3108 281 3149 esse
306 3095 448 3150 bona
490 3097 734 3164 quaedam
770 3098 1102 3166 imperfecta,
1138 3116 1260 3154 nam
1291 3103 1540 3157 concedit
1585 3105 1750 3158 virtu-

1850 1906 1953 1959 ista
2002 1905 2353 1974 conjungunt,
2399 1905 2718 1960 attrahentis
2747 1907 2916 1961 virtus
2947 1916 2999 1960 et
3027 1906 3322 1962 obedientis
3357 1910 3437 1962 af-

1854 1996 2047 2061 fectus,
2079 1997 2348 2064 quomodo
2377 1999 2422 2051 si
2454 2012 2596 2067 mger
2645 1998 2838 2068 aliquis
2864 2013 3145 2068 assurgere
3194 2012 3436 2062 conetur.

1853 2097 1905 2142 et
1935 2089 2156 2142 facultas
2201 2090 2436 2142 animum
2485 2104 2589 2142 non
2622 2099 2894 2158 sequatur,
2925 2100 2976 2144 et
3007 2102 3287 2160 propterea
3338 2093 3436 2147 sibi

1854 2178 2049 2248 porrigi
2077 2179 2352 2233 dexteram
2382 2182 2718 2250 deprecetur.
2747 2199 2765 2232 ι
2799 2181 2992 2235 Addit:
3035 2200 3051 2232 ι
3075 2182 3362 2238 Assistenti
3385 2196 3438 2238 et

1856 2270 2063 2322 vocanti
2100 2269 2326 2324 Domino
2357 2271 2587 2324 famulus
2611 2286 2790 2324 manu
2819 2270 2961 2333 fidei,
2988 2287 3093 2340 qua
3116 2273 3437 2340 attrahatur,

1853 2376 2138 2427 nxrsuotr,
2159 2372 2262 2417 etc.
2292 2381 2309 2413 ι
2336 2366 2399 2416 At
2430 2362 2737 2426 Sadoletus,
2769 2378 2834 2416 ne
2868 2363 3056 2431 positis
3085 2363 3254 2417 initiis
3288 2365 3441 2418 bonae

1853 2450 2142 2505 voluntatis
2187 2469 2252 2506 ex
2287 2453 2488 2506 viribus
2533 2463 2733 2506 natura:
2765 2463 2960 2522 praeter
3025 2452 3115 2508 Dei
3158 2455 3439 2518 auxilium,

1853 2550 2088 2595 statuere
2129 2542 2417 2605 videretur,
2450 2546 2672 2610 gratiam
2718 2543 3055 2611 perfectioris
3088 2544 3299 2598 virtutis
3326 2545 3440 2598 dari

1854 2647 1916 2684 cx
1967 2634 2193 2696 meritis,
2238 2635 2428 2686 addit:
2469 2635 2595 2686 «Sic
2642 2644 2884 2687 nostrum
2941 2636 3163 2688 credere
3213 2637 3440 2704 simplex

1855 2720 1982 2773 illud
2011 2731 2064 2773 et
2107 2721 2434 2791 inchoatum,
2465 2737 2569 2790 quo
2598 2723 2663 2775 ad
2705 2723 3060 2777 obedicndum
3107 2726 3215 2778 Deo
3246 2727 3436 2794 incipi-

1855 2827 1974 2865 mus
1998 2812 2268 2876 inclinari,
2304 2829 2408 2866 non
2433 2814 2687 2867 continuo
2713 2812 2906 2868 mereri
2930 2824 3031 2881 est,
3057 2815 3149 2869 sed
3181 2825 3304 2870 tunc
3335 2832 3438 2870 me-

1853 2917 2033 2956 remur
2053 2917 2173 2956 cum
2199 2904 2389 2958 firmati
2408 2904 2458 2958 in
2484 2905 2620 2958 bona
2637 2905 2912 2960 voluntate
2929 2907 2994 2959 ab
3015 2906 3129 2975 ipso
3157 2908 3285 2972 Deo,
3302 2919 3408 2963 etc.
3423 2929 3440 2961 ι

1855 2994 1966 3046 lloc
2001 2996 2199 3062 pariter
2233 2995 2680 3065 Semi-Pclagiani
2713 2997 3013 3060 tradebant,
3044 3014 3266 3065 quorum
3301 3002 3442 3069 prin-

1852 3097 1998 3150 ceps,
2018 3083 2198 3137 cullat.
2231 3082 2312 3150 i5,
2333 3099 2451 3153 cap.
2477 3085 2558 3139 l5.
2584 3087 2686 3139 ait:
2712 3105 2729 3138 ι
2751 3086 2884 3140 Dum
2915 3102 3030 3140 eam
3055 3089 3324 3159 (gratiam)
3345 3092 3443 3146 sub

168 3196 267 3240 tem
317 3187 615 3242 secundum
647 3189 730 3242 sui
768 3189 1148 3256 perfectionem
1201 3193 1318 3246 sine
1361 3193 1528 3262 gratia
1564 3192 1747 3247 haberi

1858 3175 2036 3230 colore
2065 3173 2340 3244 cujusdam
2366 3175 2613 3230 desiderii
2645 3187 2699 3231 et
2727 3179 2922 3232 laboris
2948 3180 3013 3232 im
3026 3185 3204 3248 partit,
3229 3193 3280 3236 et
3307 3183 3444 3237 nihi-

166 3290 264 3328 non
291 3289 474 3343 posse.
514 3295 531 3328 ‹
558 3276 696 3330 Nihil
720 3277 886 3343 enim,
915 3278 1105 3346 inquit,
1131 3279 1421 3346 perfectum
1452 3295 1570 3335 esse
1600 3295 1629 3334 a
1656 3297 1749 3333 no-

166 3367 250 3442 bis
272 3364 474 3435 potest.
507 3369 609 3424 Sed
640 3384 842 3424 uosrna
866 3379 988 3422 sunt
1014 3385 1177 3423 nuru
1202 3379 1253 3423 et
1283 3370 1551 3438 cogitandi
1578 3381 1631 3425 et
1659 3388 1747 3426 vo-

161 3456 318 3510 lendi.
351 3460 535 3525 Atque
566 3459 635 3512 ita
681 3474 885 3525 neStra,
927 3469 984 3513 ut
1025 3475 1268 3528 magnam
1301 3476 1512 3530 quoque
1545 3473 1747 3530 partem

159 3545 210 3598 in
253 3548 356 3600 illis
380 3547 628 3602 obtineat
652 3548 815 3603 Deus.
851 3549 1025 3617 Ipsum
1055 3550 1194 3604 enim
1220 3552 1530 3605 necessario
1563 3569 1754 3621 propo-

157 3633 312 3686 situm
342 3636 510 3688 nobis
541 3635 820 3701 habemus,
852 3651 972 3689 cum
1019 3636 1191 3703 ipsum
1240 3637 1485 3690 volumus
1515 3648 1568 3692 et
1603 3643 1751 3708 cogi-

159 3729 352 3786 tamus,
380 3733 449 3778 ul
469 3727 540 3778 sit
567 3723 680 3792 ipse
711 3725 857 3792 prius
899 3734 1204 3779 nostrarum
1243 3727 1626 3795 cogitationum
1659 3745 1752 3783 vo-

163 3811 540 3884 luntatumque
571 3817 1001 3877 invitamentum,
1027 3815 1092 3868 ad
1125 3830 1281 3884 quem
1314 3832 1433 3870 cum
1467 3818 1755 3874 inclinave-

166 3904 350 3970 rimus,
383 3907 534 3976 quod
583 3907 779 3960 bonum
813 3908 1146 3976 propositum
1173 3916 1333 3961 vocat
1374 3908 1590 3977 Paulus,
1616 3911 1756 3965 velle

167 3992 354 4050 deinde
393 4007 449 4050 et
480 3998 696 4063 operari
727 4011 792 4052 ex
833 3997 925 4050 illo
951 3997 1091 4051 bono
1121 4000 1393 4067 proposito
1435 4016 1756 4056 psnrucnus

167 4099 198 4137 a
227 4087 330 4142 Deo
365 4089 527 4144 nobis
560 4098 665 4158 est,
700 4107 818 4146 cum
845 4092 1009 4161 ipsius
1031 4108 1130 4161 ope
1158 4101 1212 4148 et
1247 4096 1488 4149 subsidio
1515 4097 1579 4150 ad
1612 4109 1758 4154 recte

168 4181 426 4247 agendum
488 4189 908 4253 constanterque
958 4185 1242 4239 volendum
1285 4198 1337 4239 et
1380 4186 1664 4242 fulciamur
1704 4198 1759 4243 et

167 4283 663 4334 praemoveamur.»
711 4275 823 4329 Hoc
873 4277 1044 4344 ipsum
1098 4276 1360 4331 docebant
1422 4279 1756 4335 Semi-Pela-

171 4362 328 4430 giaui,
361 4370 448 4435 qui
504 4367 658 4421 initia
709 4379 765 4420 et
796 4368 918 4421 boni
961 4375 1167 4420 tantum
1215 4369 1511 4436 imperfecti
1543 4370 1759 4426 inchoa-

171 4454 365 4511 tionem
414 4459 629 4514 viribus
677 4459 831 4514 liberi
879 4459 1085 4514 arbitrii
1118 4460 1464 4528 deputabant.
1499 4463 1760 4517 Atidiatur

1855 3264 2086 3318 lominns
2127 3265 2297 3332 gratia
2333 3265 2425 3319 llei
2469 3282 2735 3321 GRATUITA
2785 3279 3116 3338 perseveret,
3151 3272 3274 3324 dum
3323 3276 3440 3327 cxi-

1851 3355 1971 3425 ‘guis
2003 3357 2322 3426 quibusdam
2353 3360 2633 3430 parvisque
2669 3364 2899 3415 conatibr
2924 3377 2950 3416 s
2989 3372 3190 3417 tantam
3225 3366 3445 3420 immor-

1854 3446 2076 3499 talitatis
2119 3447 2367 3516 gioriam,
2413 3456 2556 3502 tanta
2608 3455 2861 3518 perennis
2903 3451 3249 3507 beatitudinis
3304 3455 3445 3510 dona

1855 3535 2207 3588 inaestimabili
2265 3536 2452 3588 tribuit
2499 3537 2762 3604 largitate.
2788 3558 2806 3590 ι
2848 3539 3017 3592 lrrisit
3049 3542 3146 3595 hoc
3175 3543 3446 3597 subterfu-

1855 3624 1997 3690 gium
2023 3625 2350 3691 Augustinus
2389 3625 2482 3677 liii.
2511 3626 2577 3679 de
2610 3628 3082 3685 Praedestinatione
3112 3642 3440 3702 sanctorum,

1857 3729 1975 3782 cap.
2006 3714 2042 3765 2
2073 3728 2087 3765 :
2118 3730 2137 3764 t
2160 3714 2288 3779 Quis
2306 3724 2515 3779 autem,
2547 3717 2740 3784 inquit,
2767 3717 2907 3771 dicat
2937 3734 3056 3772 eum
3089 3721 3176 3788 qui
3204 3723 3312 3790 jam
3336 3738 3445 3778 εαξ-

1857 3805 1932 3873 pit
1961 3804 2201 3869 credere,
2247 3804 2435 3858 abillo
2485 3805 2537 3860 in
2575 3822 2731 3874 quem
2765 3807 2992 3862 credidit
3041 3810 3168 3863 nihil
3212 3812 3446 3866 meret-ii

1863 3896 2011 3950 Unde
2040 3897 2090 3949 fit
2121 3905 2177 3948 ut
2199 3896 2309 3965 jam
2351 3899 2577 3952 merenti
2606 3907 2799 3952 caetera
2828 3899 3081 3954 dicantur
3126 3902 3246 3956 addi
3291 3905 3447 3958 retri-

1861 3986 2078 4040 butione
2126 3987 2324 4051 divina,
2364 4001 2426 4042 ac
2469 4003 2564 4057 per
2593 3989 2692 4043 hoc
2736 3991 2956 4059 gratiam
3010 3991 3103 4045 Dei
3151 3995 3446 4050 secundum

1862 4077 2049 4130 merita
2097 4087 2276 4131 nostra
2310 4078 2445 4132 dari.
2471 4097 2490 4130 ι
2526 4079 2658 4133 Vide
2691 4080 2937 4134 eumdem
2967 4081 3060 4135 lib.
3090 4099 3142 4137 tv
3181 4085 3244 4139 ad
3290 4086 3448 4139 Beni-

1865 4168 2082 4232 facium,
2111 4183 2231 4238 cap.
2267 4169 2319 4220 6.
2355 4171 2428 4223 Ex
2463 4170 2545 4224 his
2578 4179 2720 4239 patet
2742 4173 3073 4240 Sadoletum,
3096 4177 3219 4231 dum
3247 4179 3448 4247 impru-

1863 4259 2055 4313 denter
2095 4260 2162 4312 ab
2205 4261 2485 4329 Augustini
2527 4264 2787 4316 sententia
2833 4264 3088 4329 deﬂectit,
3117 4268 3447 4324 Semi~Pela-

1863 4351 2032 4417 gianis
2072 4351 2382 4414 adhzesisse,
2412 4354 2499 4421 qui
2550 4353 2697 4406 initia
2742 4358 2984 4423 quautam
3019 4358 3136 4410 fi'iei
3189 4373 3249 4413 ac
3295 4361 3446 4413 boum

1866 4439 2152 4492 voluntatis
2185 4441 2235 4492 in
2267 4441 2417 4494 nobis
2461 4457 2526 4495 ex
2560 4443 2712 4496 nobis
2745 4445 3074 4509 asserebant,
3107 4461 3240 4514 quos
3272 4449 3446 4500 Arau-

173 4545 306 4601 idem
329 4549 626 4604 Cassianws
656 4550 748 4604 lib.
774 4565 846 4603 xu
887 4549 955 4603 de
1001 4549 1176 4604 lnstit.
1211 4555 1483 4616 monacb.,
1514 4566 1634 4622 eap.
1669 4554 1753 4605 lxi:
1790 4543 1842 4602 D
1866 4531 2045 4584 Sicana
2092 4533 2328 4601 sY"°‘-'“3
2353 4548 2390 4585 ”
2425 4533 2525 4587 hoc
2564 4549 2772 4588 οθηοηθ
2797 4536 2828 4588 5
2852 4536 3126 4589 (ίθῐηητλνίι
3155 4555 3165 4587 ί
3206 4555 3222 4585 ‘
3243 4537 3296 4590 Si
3327 4541 3446 4608 ‘P'is

181 4651 198 4682 ι
223 4636 324 4690 Sed
365 4640 528 4705 plane
556 4640 988 4693 conSIantissime
1016 4655 1120 4692 non
1171 4655 1310 4703 mea,
1344 4643 1436 4696 sed
1483 4644 1756 4699 seniorum

174 4730 429 4782 sententia
457 4730 685 4792 definio,
717 4745 1119 4785 renrscriosuu
1151 4733 1364 4799 quidem
1394 4734 1508 4788 sine
1536 4735 1617 4788 his
1642 4751 1755 4789 om-

177 4815 296 4870 nino
321 4822 438 4889 capi
473 4835 582 4875 non
614 4833 792 4888 posse,
826 4820 907 4874 his
937 4833 1114 4876 autem
1145 4824 1276 4878 Solis
1309 4824 1426 4880 sine
1459 4829 1627 4896 gratia
1661 4828 1752 4882 Dei

179 4923 330 4973 posse
365 4929 482 4966 eam
518 4929 547 4966 a
589 4913 801 4967 nemine
831 4917 1212 4967 consummari.
1247 4913 1313 4967 Ut
1344 4915 1486 4968 enim
1527 4917 1756 4970 dicimus

179 5012 394 5057 conatus
423 5015 641 5060 nostros
670 5005 1074 5075 apprehendere
1108 5019 1224 5059 eam
1256 5019 1350 5072 per
1381 5020 1438 5059 se
1466 5007 1608 5074 ipso;
1641 5011 1756 5063 sine

181 5089 267 5144 Dei
291 5094 558 5162 adjutorio
586 5112 691 5150 non
717 5111 895 5164 posse,
924 5097 992 5149 ita
1025 5097 1433 5164 pronuntiamus
1470 5098 1759 5154 laboranti-

180 5179 271 5235 bus
300 5192 505 5240 tantum
533 5202 596 5241 ac
638 5187 1023 5241 desudantibus
1049 5188 1472 5242 misericordiam
1517 5189 1609 5244 Dei
1634 5205 1756 5259 gra—

183 5272 409 5343 tiamque
459 5279 717 5333 conferri.
749 5298 766 5331 ι
795 5278 926 5344 Qua:
952 5293 1068 5347 cap.
1112 5278 1180 5329 23
1216 5279 1284 5333 de
1315 5280 1463 5333 Dono
1507 5297 1760 5349 perseve-

186 5367 362 5420 rantia:
387 5380 608 5425 sanctus
640 5371 799 5425 Pater
829 5369 1090 5438 explodit.
1118 5368 1262 5423 Idem
1285 5369 1567 5424 Sadoletus
1601 5371 1649 5424 in
1671 5372 1759 5425 illa

185 5470 297 5524 cap.
330 5477 406 5525 ix,
436 5479 577 5519 vers.
628 5465 740 5520 22:
776 5465 838 5521 Si
884 5474 1053 5518 autem
1099 5467 1266 5518 volens
1321 5465 1461 5519 Deus
1497 5469 1761 5520 ostendere

185 5546 329 5616 iram,
361 5565 492 5624 etc.,
525 5559 706 5612 scribit
736 5575 750 5612 :
790 5577 808 5608 ‹
832 5561 870 5612 A
905 5558 1056 5612 nobis
1080 5558 1249 5627 aliqua
1283 5559 1433 5612 initia
1471 5561 1622 5614 bona:
1664 5575 1757 5615 vo—

191 5637 418 5710 luntatis,
450 5656 511 5699 ut
540 5649 824 5717 pra-parari
861 5650 926 5701 ad
978 5648 1396 5702 miscricordiam
1425 5650 1534 5717 apti
1568 5651 1753 5715 simus,

193 5730 614 5793 proficiscuntur.
645 5759 662 5790 ›
700 5738 812 5794 Non
857 5739 1106 5794 dissentit
1133 5754 1161 5791 a
1193 5739 1445 5793 Cassiano
1485 5740 1576 5793 lib.
1614 5757 1658 5793 Vl
1689 5741 1758 5796 de

1867 4625 2004 4679 sicut
2032 4631 2399 4693 augmentum,
2442 4626 2510 4678 ita
2553 4627 2713 4681 etiam
2756 4643 2957 4680 lNlTIUM
2994 4628 3134 4692 fidei,
3164 4628 3448 4698 ipsumque

1866 4728 2249 4770 CREDULITATIS
2295 4730 2597 4778 arrecruu,
2633 4733 2736 4786 quo
2782 4718 2833 4770 in
2879 4732 2998 4769 eum
3030 4717 3318 4785 credimus,
3355 4723 3446 4788 qui

1862 4806 2118 4874 justificat
2153 4807 2393 4874 impium,
2426 4815 2479 4860 et
2511 4807 2575 4859 ad
2605 4807 3064 4874 regenerationem
3117 4808 3448 4876 baptismatis

1867 4898 2226 4965 pervenimus,
2259 4912 2364 4949 non
2406 4913 2500 4964 per
2526 4897 2711 4963 gratim
2743 4896 2962 4963 denum,
2990 4897 3039 4951 id
3064 4908 3144 4952 est
3165 4914 3259 4967 per
3284 4904 3448 4971 inSpi-

1865 4990 2123 5041 rationem
2183 4987 2414 5053 Spiritus
2478 4988 2644 5038 sancti
2706 4986 3060 5055 corrigentem
3119 4992 3445 5047 voluntatem

1864 5089 2097 5134 nostram
2141 5079 2207 5131 ab
2249 5060 2564 5130 infidelitate
2607 5079 2670 5131 ad
2720 5079 2900 5143 fidem,
2957 5082 3022 5134 ab
3060 5082 3333 5150 impietate
3381 5085 3449 5137 ad

1863 5172 2135 5237 pietatem,
2157 5167 2249 5221 sed
2281 5154 2653 5220 mrunxciren
2680 5170 2832 5221 nobis
2858 5173 3032 5225 inesse
3056 5173 3203 5236 dicit,
3232 5185 3450 5241 aposto-

1864 5260 1978 5312 licis
2007 5257 2345 5327 dogmatibus
2375 5257 2714 5313 adversarius
2747 5261 3093 5329 approbatur,
3121 5281 3138 5312 ι
3161 5272 3265 5314 etc.

1935 5372 2030 5425 llic
2063 5386 2189 5425 vero
2232 5369 2383 5424 nobis
2427 5385 2509 5423 res
2540 5372 2641 5424 erit
2667 5387 2785 5426 cum
2819 5373 3004 5437 Donio,
3043 5374 3128 5441 qui
3163 5388 3308 5425 num.
3344 5373 3446 5428 106

1864 5463 2048 5516 scribit
2079 5480 2088 5512 :
2122 5479 2140 5511 ‹
2177 5461 2370 5514 Verum
2402 5461 2519 5529 quis
2549 5471 2750 5516 tantum
2783 5463 2954 5516 virum
3005 5472 3217 5531 tamque
3264 5463 3449 5520 ortho-

1863 5553 2058 5607 dOXllitl
2105 5552 2656 5622 Semi-Pelagianismi
2711 5553 2914 5620 laqueis
2946 5553 3204 5606 irretitum
3240 5554 3444 5622 credat,

1862 5657 1952 5701 aut
1985 5648 2252 5700 volentem
2296 5654 2385 5698 aut
2423 5647 2850 5712 imprudentem?
2887 5665 2904 5697 ι
2945 5646 3106 5698 Miror
3138 5646 3275 5699 hunc
3313 5650 3448 5702 scri-

1864 5750 2068 5808 plorem
2098 5739 2233 5794 adeo
2265 5739 2622 5808 perfunctorie
2654 5753 2701 5807 ej
2723 5738 2906 5793 istotas
2935 5738 3074 5809 ipsas
3106 5737 3343 5793 Sadoleti
3371 5739 3445 5793 le-
