3930 6312
462 324 559 379 751

1318 316 1879 374 SUPPLEMENTUM
1920 315 2013 372 AD
2051 309 2280 369 OPERA
2323 307 2385 363 S.
2426 305 2814 364 AUGUSTINI.

3636 304 3745 358 7.33

464 438 625 505 gisse,
669 441 725 486 ut
762 445 866 486 non
918 432 1041 486 inde
1091 428 1413 485 intellexerit
1454 427 1764 482 Sadoletum
1807 427 1878 481 ob
1928 440 2045 480 eam

2154 427 2277 474 sunt
2317 418 2406 472 illa
2456 417 2800 471 Arausicana:
2849 412 3042 483 synodi
3090 427 3212 469 can.
3245 412 3277 469 9
3305 430 3318 467 :
3348 412 3561 478 Quoties
3608 418 3743 470 enim

461 524 784 581 sententiam
806 522 873 576 de
922 520 1085 577 initiis
1109 521 1383 583 virtutum,
1414 532 1571 586 quam
1600 517 1713 571 suis
1743 516 1794 570 in
1827 515 2048 570 Paulum

459 614 871 672 Commentariis
897 614 1214 673 inseruerat,
1251 625 1281 663 a
1324 608 1639 663 doctissimo
1666 620 1729 662 ac
1768 607 2051 676 sapientis-

460 708 597 761 simo
626 701 895 761 cardinale
926 701 1164 769 Gaspare
1186 697 1486 752 Contareno
1514 711 1610 766 per
1635 697 1840 751 litteras
1870 710 2052 764 repre-

462 798 687 853 hensum
719 795 898 848 fuisse.
934 792 1059 846 Haec
1081 790 1220 844 enim
1249 788 1496 843 rescribit
1526 786 1810 843 Sadoletus
1854 786 1948 841 lib.
1973 800 2045 849 rs,

460 874 617 955 epist.
634 884 675 938 ‘9
700 901 716 940 :
737 901 758 935 t
781 882 933 950 Quod
959 891 1136 936 autem
1166 879 1373 947 parcior
1395 878 1467 932 iui
1493 877 1544 931 in
1570 875 1926 945 praeveniente
1955 875 2048 930 Dei

461 980 629 1047 gratia
654 973 988 1045 explicanda,
1017 984 1174 1041 quam
1221 985 1316 1039 par
1340 980 1511 1033 esset,
1551 983 1785 1039 agnosco
1807 983 1929 1022 eum
1960 982 2049 1023 er-

460 1082 662 1129 rorem,
704 1078 824 1119 cum
864 1061 957 1116 tibi
1008 1060 1079 1116 ita
1120 1059 1383 1115 videatur.
1422 1077 1444 1112 ι
1478 1058 1683 1113 Rursus
1725 1067 1905 1113 tamen
1958 1056 2051 1112 ibi-

463 1156 585 1209 dem
620 1152 855 1220 repetit:
893 1167 914 1201 ι
953 1150 1293 1219 Pelagianum
1333 1163 1454 1205 esse
1494 1163 1600 1203 non
1643 1156 1768 1215 puto
1797 1147 1841 1201 si
1869 1147 1922 1201 in
1954 1146 2053 1201 ini-

464 1248 553 1301 tiis
581 1243 781 1310 aliquid
806 1242 1154 1305 retineamus,
1187 1240 1326 1310 quod
1354 1239 1425 1295 sit
1453 1246 1748 1294 nostrum.)
1778 1236 2050 1306 Conqnes-

465 1346 552 1389 tus
581 1334 751 1387 amice
789 1329 957 1386 fuerat
989 1329 1324 1385 Contarenus
1364 1328 1506 1398 quod
1540 1343 1645 1382 non
1676 1326 1808 1383 satis
1853 1340 1948 1395 pro
1976 1325 2052 1381 di-

462 1426 664 1495 gnitate
691 1423 759 1478 de
788 1421 1067 1491 Augustini
1097 1419 1363 1475 sententia
1404 1419 1459 1473 in
1497 1416 1699 1473 eisdem
1732 1417 2052 1485 interpreta-

461 1516 694 1570 tionibus
747 1514 957 1568 locutus
1019 1510 1478 1566 iuerat:vidcbat
1531 1510 1674 1566 enim
1719 1509 2051 1564 Contarenus

462 1621 580 1659 eam
613 1602 919 1674 opinionem
964 1603 1032 1657 de
1064 1602 1233 1657 initiis
1274 1601 1530 1656 virtutum
1582 1616 1649 1655 ex
1680 1601 1811 1656 solis
1851 1600 2050 1654 viribus

460 1694 670 1749 arbitrii
703 1695 755 1748 in
786 1693 987 1764 Pelagii
1018 1695 1262 1763 reliquiis
1306 1694 1373 1749 ab
1401 1692 1700 1761 Augustino
1728 1693 2053 1749 solidissime

2154 510 2285 562 bona
2313 510 2529 579 agimus,
2566 505 2702 560 Deus
2728 506 2783 557 in
2819 504 2963 557 nobis
2986 516 3137 573 atque
3162 504 3445 571 nobiscum,
3478 515 3533 558 ut
3562 522 3747 573 apere-

2152 615 2285 664 mur,
2330 607 2589 665 operatur.
2639 595 2821 665 Neque
2871 592 3320 665 Semi-Pelagiani
3362 594 3637 663 negabant
3678 597 3745 653 ad

2155 691 2299 745 initia
2327 690 2416 745 illa
2446 691 2705 744 bonorum
2742 702 2963 757 operum
2995 686 3165 742 Deum
3195 701 3416 742 movere
3444 688 3497 741 iu
3531 688 3745 744 ratione

2156 782 2300 849 ἠώς,
2354 784 2493 837 Deus
2531 782 2673 837 enim
2715 790 2831 835 erat
2877 779 3144 848 obiectum
3195 777 3595 848 apprehensum
3647 783 3746 835 sub

2154 874 2363 929 ratione
2386 874 2496 928 veri
2526 885 2581 927 et
2609 870 2758 937 boni,
2791 870 2876 925 cui
2916 870 3222 925 incltoative
3251 870 3567 933 credebant,
3603 871 3744 940 quod

2154 962 2567 1027 desiderabant,
2613 960 2755 1031 quod
2810 960 3081 1029 petebant.
3149 960 3275 1015 ideo
3318 974 3448 1016 vero
3501 959 3744 1016 damnati

2153 1063 2279 1110 sunt
2315 1054 2439 1123 quia
2485 1067 2591 1107 non
2635 1052 2765 1107 satis
2820 1059 2902 1107 est
2945 1050 3113 1105 Deum
3166 1064 3388 1106 movere
3435 1060 3641 1105 tantum
3690 1061 3746 1105 ut

2153 1144 2447 1215 obiectum,
2481 1143 2575 1198 sed
2604 1157 2822 1198 movere
2865 1128 3027 1197 debet
3058 1150 3309 1210 tanquam
3340 1157 3507 1211 agens
3544 1143 3608 1196 ad
3638 1142 3747 1198 hoe

2155 1247 2211 1291 ut
2239 1236 2523 1290 credamus
2552 1244 2606 1289 et
2631 1234 2861 1289 velimus
2891 1248 2986 1303 per
3013 1232 3332 1287 inlusionem
3362 1235 3535 1290 sancti
3570 1232 3743 1302 Spiri-

2156 1335 2265 1390 tus,
2318 1340 2383 1381 ex
2428 1324 2619 1380 eodem
2669 1323 3002 1379 Arausicano
3043 1336 3165 1378 can.
3218 1324 3271 1390 6,
3304 1334 3357 1378 et
3396 1339 3516 1378 can.
3552 1325 3612 1387 5,
3657 1324 3744 1378 ubi

2153 1398 2407 1472 statuitur
2433 1414 2636 1468 initium
2663 1414 2810 1483 ﬁdei,
2841 1414 3108 1483 ipsumque
3147 1414 3466 1467 credulitatis
3505 1414 3745 1480 affectum

2155 1507 2271 1562 ﬁeri
2300 1507 2352 1561 in
2385 1506 2543 1562 nobis
2587 1521 2680 1575 per
2712 1504 2901 1574 gratia:
2945 1503 3160 1569 denum,
3193 1503 3246 1555 id
3287 1513 3360 1557 est
3402 1519 3494 1575 per
3523 1504 3744 1572 inspira-

2155 1601 2347 1654 tiouem
2378 1598 2606 1667 Spiritus
2635 1598 2821 1651 sancti.
2869 1595 3099 1651 Aliunde
3137 1596 3297 1651 etiam
3341 1595 3547 1649 Donius
3591 1594 3745 1651 Sado-

2156 1687 2247 1742 leti
2279 1701 2518 1741 errorem
2571 1685 2871 1754 intelligere
2912 1691 3139 1751 poterat,
3173 1682 3299 1738 dum
3351 1683 3493 1737 idem
3530 1684 3651 1737 base
3682 1682 3748 1737 de

459 1793 811 1855 expugnatam
843 1785 1028 1840 fuisse.
1061 1783 1142 1839 llli
1174 1798 1301 1838 vero
1332 1784 1386 1839 in
1416 1782 1640 1853 epistola
1675 1783 1762 1850 l0,
1791 1798 1933 1838 anno
1970 1784 2049 1837 in-
2082 1776 2128 1834 Β
2155 1779 2454 1848 Augustino
2480 1777 2667 1831 scribit
2696 1792 2709 1830 :
2736 1773 3051 1829 Libertatem
3093 1787 3281 1828 nostra:
3321 1774 3606 1827 voluntatis
3639 1790 3748 1844 per-

458 1877 706 1946 sequenti
748 1877 892 1939 data,
925 1876 1041 1930 haec
1072 1874 1353 1931 Sadoletus
1393 1874 1635 1943 reposuit
1665 1892 1677 1928 :
1711 1893 1729 1927 ι
1760 1875 1893 1930 Cum
1926 1876 2053 1930 scri-

458 1966 688 2035 psissem
732 1964 797 2017 ad
838 1963 1062 2018 Paulum
1112 1978 1197 2018 me
1223 1963 1455 2033 quadam
1504 1964 1651 2019 iure
1699 1964 1889 2019 leviter
1917 1977 1947 2017 a
2002 1972 2055 2018 te

458 2054 739 2119 dissidere,
780 2054 931 2121 isque
978 2052 1105 2107 mihi
1148 2054 1345 2108 dixerit
1372 2068 1570 2122 cupere
1602 2063 1653 2108 te
1702 2055 1842 2109 scire
1870 2055 1961 2109 ubi
2003 2067 2056 2112 et

459 2159 562 2210 qua
593 2144 662 2199 de
693 2160 752 2198 re
789 2145 858 2198 sit
893 2143 1178 2208 dissensio,
1220 2145 1450 2214 primum
1482 2144 1574 2198 tibi
1616 2144 1851 2213 praedico
1882 2159 1968 2198 me
2000 2144 2051 2197 in

458 2240 546 2291 illa
578 2236 643 2292 de
672 2236 841 2292 libero
870 2236 1093 2290 arbitrio
1117 2236 1380 2290 sententia
1410 2251 1515 2290 non
1547 2236 1769 2290 omnino
1797 2236 2046 2291 assentiri

461 2327 784 2394 Augustino,
825 2327 910 2395 qui
956 2325 1257 2379 libertatem
1301 2332 1498 2379 nostra:
1522 2326 1809 2379 voluntatis
1846 2340 2054 2379 pessm-

464 2431 565 2469 cca
596 2414 800 2479 aufert;
845 2414 1080 2482 dumque
1121 2412 1213 2466 Dei
1255 2412 1479 2482 gloriam
1508 2413 1739 2468 maxime
1767 2415 2051 2484 complecti

460 2510 599 2565 vult,
628 2505 837 2559 videtur
870 2504 998 2557 mihi
1043 2503 1114 2557 illi
1162 2503 1421 2572 derogare
1463 2502 1658 2573 aliquid
1698 2505 1872 2571 potius
1894 2520 2054 2574 quant

460 2596 603 2665 quod
652 2594 896 2649 videatur
942 2593 1198 2650 tribuere.
1252 2595 1398 2661 llaec,
1429 2594 1474 2648 si
1519 2608 1761 2649 essemus
1813 2609 1938 2661 una,
1994 2596 2057 2649 li-

459 2684 771 2753 brosquein
799 2686 1044 2741 manibus
1078 2686 1419 2759 haberemus,
1468 2684 1627 2740 facile
1674 2699 1759 2741 me
1788 2685 1882 2741 tibi
1928 2700 2053 2756 pro-

462 2776 713 2829 baturum
741 2774 1088 2831 coiitiderem.
1128 2793 1146 2827 ι
1184 2776 1309 2830 llaec
1335 2775 1378 2829 si
1405 2776 1647 2831 Annatus
1676 2774 1913 2846 legisset,
1956 2777 2059 2832 du-

464 2866 554 2921 bio
587 2867 772 2935 procul
805 2871 943 2922 inter
982 2867 1244 2923 nobiliora
1284 2879 1473 2923 contra
1500 2878 1743 2923 sanctum
1774 2868 2051 2925 doctorem
2081 2896 2084 2899 η

464 2957 771 3012 testimonia
816 2957 1195 3013 recensuisset.
1222 2957 1326 3012 Sed
1357 2973 1455 3013 nec
1486 2958 1684 3012 Donius
1724 2968 2052 3014 commenta-

460 3050 570 3102 rios
624 3045 854 3101 Sadoleti
904 3047 1053 3115 legit;
1098 3062 1219 3100 nam
1258 3048 1302 3099 si
1347 3047 1565 3101 eosdem
1597 3048 1679 3101 vel
1735 3049 1924 3104 leviter
1966 3053 2052 3104 in~

2154 1872 2326 1940 spicue
2370 1870 2560 1939 aufert.
2610 1868 2746 1923 Sunt
2786 1866 2868 1921 lite
2915 1867 3113 1936 putidas
3158 1866 3745 1935 Semi-Pelagianorum

2157 1971 2268 2016 tum
2330 1969 2571 2015 veterum
2618 1968 2730 2014 tum
2788 1959 3147 2033 recentiorum
3196 1974 3376 2014 voces.
3428 1959 3507 2013 De
3561 1960 3747 2028 primis

2155 2052 2343 2107 scribit
2381 2060 2601 2105 sanctus
2641 2049 2873 2117 Prosper
2901 2049 2966 2103 ad
2997 2047 3247 2103 Rufinum
3274 2066 3287 2102 :
3318 2067 3336 2099 ι
3366 2048 3583 2118 Scripta
3630 2048 3747 2120 ejus

2158 2142 2373 2214 (nempe
2404 2138 2706 2211 Augustini)
2733 2137 2926 2209 quibus
2955 2154 3107 2194 error
3138 2139 3549 2210 Pelagianorum
3573 2139 3748 2208 impn-

2156 2243 2351 2303 gnatur
2395 2231 2679 2297 infamant,
2730 2230 2971 2286 dicentes
3020 2245 3142 2286 eum
3186 2228 3415 2284 liberum
3465 2228 3748 2284 arh'trium

2159 2324 2371 2394 penitus
2412 2323 2753 2378 submovere.
2790 2340 2808 2373 ›
2848 2322 3082 2378 Easdem
3130 2322 3286 2376 tibias
3332 2330 3519 2376 contra
3561 2321 3747 2389 Augu-

2159 2415 2358 2469 stinum
2404 2413 2656 2469 inﬂarunt
2698 2411 3022 2479 Arminiani,
3068 2427 3204 2467 nova
3254 2410 3752 2481 Semi-Pelagianoc

2158 2522 2274 2561 rum
2307 2503 2609 2575 progenies,
2636 2518 2868 2573 quorum
2898 2519 3032 2557 unus
3057 2502 3208 2572 llug‘i
3238 2500 3480 2566 Grotius,
3514 2502 3613 2556 lib.
3644 2518 3750 2556 xvu

2159 2597 2361 2651 llistor.
2392 2595 2639 2663 Belgicae,
2672 2594 2747 2648 ait
2776 2611 2791 2648 :
2830 2613 2849 2646 ι
2880 2594 3090 2649 Primus
3125 2597 3363 2648 omnium
3388 2593 3749 2662 Augustinus,

2159 2704 2225 2746 ex
2268 2703 2374 2758 quo
2404 2688 2516 2759 ipsi
2559 2701 2679 2741 cum
2722 2686 2936 2756 Pelagio
2987 2694 3042 2741 et
3069 2700 3192 2740 eum
3222 2684 3420 2741 secutis
3466 2693 3746 2739 certamen

2161 2784 2307 2851 (nam
2358 2788 2483 2832 ante
2512 2777 2671 2833 aliter
2719 2784 2775 2831 et
2819 2776 2935 2845 ipse
2978 2774 3248 2845 senserat)
3279 2789 3406 2830 acer
3431 2774 3749 2843 disputandi

2162 2873 2231 2925 ita
2266 2868 2525 2925 libertatis
2556 2882 2741 2923 vocem
2791 2867 3116 2937 relinquere,
3166 2875 3223 2922 ut
3252 2865 3302 2922 ei
3352 2865 3575 2921 decreta
3600 2881 3751 2936 qua:-

2161 2962 2280 3016 dam
2317 2960 2407 3014 Dei
2440 2967 2795 3029 prmponeret,
2829 2973 2948 3029 quae
2995 2958 3102 3015 vim
3150 2956 3319 3027 ipsam
3350 2957 3639 3013 destruere
3677 2958 3756 3013 vi.

2157 3050 2433 3105 derentur.
2476 3069 2492 3102 ο
2529 3050 2662 3117 Quis
2689 3049 2848 3127 igitur
2880 3049 3105 3118 posthac
3133 3045 3443 3102 Sadoletum
3474 3062 3543 3102 eo
3571 3048 3631 3101 in
3669 3064 3752 3103 er-

459 3140 749 3206 spexisset,
778 3137 1017 3205 proiecto
1070 3138 1421 3192 intellexisset
1451 3149 1624 3194 semet
1652 3155 1873 3208 operam
1922 3156 2045 3210 per-
2077 3127 2122 3189 C
2154 3156 2277 3197 rore
2294 3156 2413 3196 cum
2437 3139 2941 3209 Semi—Pelagianis,
2966 3141 3175 3194 incaute
3191 3138 3406 3209 quidem
3429 3151 3483 3195 et
3508 3139 3752 3195 inscienc

458 3227 590 3282 dere
627 3225 751 3279 dum
806 3224 1116 3280 Sadoletum
1153 3227 1221 3280 ab
1251 3242 1436 3283 errore
1482 3239 1706 3283 conatur
1752 3230 2047 3298 vindicare,

460 3317 611 3385 quasi
642 3315 733 3371 ille
780 3317 881 3371 hoc
913 3325 1116 3371 tantum
1148 3318 1395 3386 voluerit,
1431 3338 1450 3372 ι
1482 3330 1536 3374 ut
1561 3321 1613 3375 in
1641 3321 1808 3376 initiis
1846 3337 1910 3378 ex
1942 3324 2051 3391 spi-

461 3410 570 3462 ritu
598 3409 781 3479 gratize
810 3394 1083 3476 operantis
1114 3410 1269 3465 factis
1303 3410 1501 3481 aliquid
1536 3420 1781 3468 nostrum
1812 3414 2047 3483 reperia-

460 3506 566 3564 tur,
598 3498 718 3569 quia
773 3499 949 3553 anima
989 3501 1070 3555 vel
1101 3504 1216 3570 ejus
1255 3505 1506 3571 potentia:
1556 3503 1783 3559 inﬂuunt
1829 3506 2050 3576 physice

463 3592 515 3644 in
556 3601 703 3647 actus
749 3592 940 3648 vitales
982 3596 1433 3665 supernaturales.
1467 3614 1488 3649 ι
1518 3600 1585 3651 At
1622 3597 1902 3653 Sadoletus
1946 3598 2048 3653 du-

464 3683 579 3737 rius
610 3684 847 3754 loquitur
874 3702 1032 3757 quam
1065 3696 1125 3742 ut
1163 3703 1227 3742 eo
1260 3701 1413 3757 pacto
1454 3691 1689 3745 emolliri
1730 3695 1898 3761 possit
1927 3711 1937 3743 :
1966 3702 2048 3749 et-

460 3776 602 3828 enim
634 3776 752 3831 loco
782 3779 1029 3847 superius
1059 3778 1272 3833 laudato
1310 3779 1459 3833 Pauli
1503 3780 1660 3837 Rom.
1692 3797 1804 3848 vui,
1840 3792 1897 3837 ut
1933 3786 2053 3839 uni-

463 3881 669 3921 versam
703 3870 1055 3936 quaestionem
1110 3869 1343 3936 tolleret,
1389 3884 1556 3939 seque
1586 3872 1657 3926 ob
1705 3873 1853 3929 initia
1885 3875 2053 3931 virtu-

460 3962 571 4008 tum
616 3956 926 4011 naturaliter
974 3957 1143 4025 posita
1187 3972 1215 4011 a
1256 3972 1571 4029 quacunque
1619 3965 1821 4019 erroris
1873 3968 2049 4036 suspi-

460 4046 613 4097 cione
649 4043 919 4111 liberaret,
955 4046 1144 4100 scribit
1181 4047 1321 4116 quod
1358 4067 1378 4101 ι
1414 4065 1536 4105 eum
1579 4052 1718 4108 Deus
1766 4055 2051 4125 duplic'ter

459 4147 618 4187 Causa
667 4132 926 4189 bonarum
980 4152 1158 4195 rerum
1201 4140 1306 4208 sit,
1338 4141 1421 4197 vel
1467 4151 1526 4197 ut
1585 4144 1806 4200 ell‘ector
1834 4155 1888 4202 et
1938 4149 2051 4217 ipse

460 4237 645 4293 agens,
676 4225 762 4279 vel
792 4234 851 4280 ut
882 4228 1002 4284 linis
1042 4245 1235 4302 resque
1280 4232 1608 4303 desiderata,
1645 4255 1664 4289 ι
1703 4238 1861 4306 priori
1891 4240 2051 4297 modo

461 4317 535 4368 ait
580 4318 743 4371 Deum
795 4335 1012 4378 movere
1058 4324 1121 4384 ad
1172 4333 1325 4379 actus
1352 4326 1645 4384 nobiliores
1683 4339 1738 4385 et
1784 4331 2049 4399 perfectos

460 4405 717 4460 virtutum
762 4407 903 4472 ﬁdei,
934 4414 1134 4466 amoris
1182 4413 1301 4480 Dei,
1352 4416 1646 4487 religionis,
1702 4432 1830 4488 etc.;
1866 4436 2047 4493 postea

2156 3242 2277 3299 ter,
2334 3232 2551 3301 negabit
2608 3231 2995 3300 conspirasse,
3056 3231 3182 3286 dum
3234 3231 3448 3286 illorum
3497 3231 3753 3286 convicia

2156 3333 2210 3387 in
2263 3330 2618 3402 Augustinum
2647 3331 2851 3401 jactat'i
2891 3329 3093 3386 Donius
3121 3346 3269 3388 num.
3320 3332 3444 3397 108,
3492 3332 3647 3402 quod
3696 3334 3751 3388 in

2152 3422 2299 3478 calce
2339 3422 2660 3488 litterarum,
2704 3430 2760 3475 ut
2804 3428 2974 3491 putat,
3021 3419 3297 3477 leestini
3338 3422 3550 3492 legitur,
3601 3421 3749 3476 Pra-

2156 3512 2419 3581 {undiores
2466 3527 2618 3576 vero,
2667 3520 2815 3577 etc.,
2863 3526 3170 3582 magnOpere
3222 3512 3751 3568 animadvertendum

2153 3603 2304 3658 dicit.
2353 3600 2551 3654 Verum
2597 3608 2651 3653 et
2702 3598 2754 3653 id
2799 3599 2941 3669 quod
2998 3614 3116 3668 cap.
3148 3599 3182 3652 5
3227 3603 3487 3656 asseritur
3525 3619 3751 3675 magna-

2152 3712 2276 3767 pere
2332 3692 2843 3749 animadvertendum
2892 3693 2969 3749 illi
3026 3696 3235 3763 luerat,
3300 3697 3387 3751 ubi
3435 3697 3503 3755 de
3570 3699 3750 3756 Semi-

2154 3787 2453 3859 Pelagianis
2515 3796 2704 3841 contra
2749 3787 3104 3857 Augustinum
3158 3789 3558 3858 scribentibus,
3630 3791 3752 3850 hac

2157 3880 2507 3934 recitantur:
2565 3897 2583 3932 ι
2636 3879 2773 3935 Cum
2854 3881 3125 3951 Pelagium
3195 3894 3353 3955 atque
3430 3883 3753 3943 Caelestium

2154 3968 2606 4024 anathematizare
2690 3986 2796 4026 non
2871 3972 3149 4040 dubitent,
3227 3977 3494 4045 magistris
3561 3987 3747 4035 tamen

2158 4061 2363 4115 ﬂOSll‘lS
2417 4075 2668 4124 TANQUAM
2708 4077 3071 4119 NECESSABIUI
3124 4081 3302 4120 ιιουωι
3354 4082 3751 4136 εκεεεθειιιιςτ,

2158 4166 2561 4215 uncommon.
2596 4171 2614 4206 ι
2650 4152 2780 4220 Quae
2823 4155 3035 4224 quidem
3066 4156 3111 4211 si
3156 4173 3463 4228 magnOpere
3505 4163 3747 4216 animad-

2148 4244 2403 4311 uertisset,
2461 4244 2601 4299 haud
2641 4246 2887 4313 equidem
2937 4251 3335 4318 pronuntiasset
3378 4251 3521 4320 quod
3566 4258 3745 4325 Augu-

2156 4332 2331 4386 stinus
2358 4334 2409 4385 in
2439 4333 2655 4389 atteram
2685 4336 2828 4405 quasi
2867 4338 3067 4404 foveant
3106 4339 3275 4393 delabi
3300 4340 3516 4408 videtur,
3552 4346 3743 4399 minus-

2154 4438 2250 4490 que
2289 4426 2546 4479 interdum
2599 4429 2820 4483 tribuere
2863 4445 3018 4496 quam
3056 4446 3150 4500 par
3192 4432 3258 4485 sit
3302 4432 3475 4487 libera
3520 4435 3744 4490 hominis

461 4514 591 4551 vero
620 4498 803 4594 addit:
841 4518 858 4551 t
899 4499 1090 4556 Verum
1124 4518 1226 4572 qua
1268 4505 1410 4561 Deus
1442 4506 1615 4563 linalis
1657 4525 1836 4567 rerum
1884 4529 2044 4571 causa
2078 4496 2128 4555 Ι)
2153 4516 2425 4581 voluntati,
2470 4533 2618 4570 num.
2675 4517 2794 4572 no.
2842 4518 2920 4573 Ex
2967 4496 3244 4591 hucusque
3290 4522 3460 4577 iusius
3502 4526 3743 4594 probatis

459 4600 565 4657 νει,
599 4600 653 4645 et
681 4591 749 4646 ad
794 4606 916 4646 eum
961 4603 1018 4646 ut
1061 4594 1125 4647 ad
1155 4610 1420 4652 summum
1470 4598 1669 4653 bonum
1714 4611 1919 4658 mentes
1949 4622 2046 4661 no-

459 4689 589 4737 ttrze
620 4688 921 4748 moventur,
954 4694 1133 4740 nostra
1178 4686 1436 4743 hactenus
1464 4690 1729 4756 voluntas,
1759 4703 1811 4746 et
1839 4696 2044 4763 cogita-

456 4773 558 4834 tio,
600 4782 653 4827 et
697 4774 865 4839 prima
913 4775 1003 4830 illa
1048 4788 1207 4845 atque
1243 4777 1486 4833 inchoata
1534 4781 1800 4836 actionum
1834 4794 2047 4837 nostra-

463 4880 579 4917 rum
613 4868 834 4923 consilia
864 4883 928 4923 ex
978 4868 1087 4925 Deo
1112 4885 1326 4941 quoque
1374 4880 1517 4927 sunt.
1549 4890 1569 4923 ι
1600 4871 1878 4929 Rationem
1914 4877 2047 4929 assi~

462 4964 591 5021 ειμι
620 4972 634 5007 :
670 4974 687 5006 σ
721 4957 837 5013 Non
864 4961 1005 5015 enim
1037 4970 1162 5017 tunc
1192 4972 1248 5018 ut
1285 4978 1503 5019 movens
1537 4973 1592 5019 et
1628 4964 1907 5033 impellens
1954 4980 2048 5021 au-

465 5053 582 5096 ctor
613 5042 727 5110 ipse
751 5056 834 5099 est
862 5056 918 5101 et
944 5050 1260 5121 principium
1294 5055 1600 5111 universum
1632 5064 1830 5110 nostra:
1858 5056 2047 5111 volun-

464 5134 610 5199 tatis,
639 5134 734 5189 sed
777 5144 834 5190 ut
862 5140 1124 5206 appetitus
1162 5152 1217 5197 et
1252 5145 1625 5201 desideratus:
1656 5162 1905 5216 magnum
1931 5150 2048 5218 qui—

463 5224 585 5280 dem
618 5232 730 5280 tum
781 5240 993 5297 quoque
1038 5242 1366 5289 momentum
1403 5236 1633 5299 atterens
1676 5237 1743 5292 ad
1782 5239 2045 5294 inclinan-

463 5319 588 5373 dum
630 5333 727 5373 nos
770 5327 927 5388 atque
970 5320 1331 5379 alliciendum.
1372 5346 1390 5380 ι
1426 5327 1539 5382 Non
1597 5344 1727 5399 ergo
1770 5331 1927 5399 primi
1975 5330 2048 5385 illi

463 5410 591 5466 boni
636 5421 813 5467 motus
860 5410 914 5466 in
965 5412 1130 5468 Deum
1174 5430 1237 5470 ex
1283 5416 1536 5474 Sadoleto
1586 5420 1720 5475 ﬁunt
1751 5438 1813 5476 ea:
1860 5426 2049 5491 spiritu

464 5501 646 5571 gratia:
693 5505 980 5572 operantis,
1024 5514 1082 5559 ut
1133 5506 1333 5563 Donius
1376 5508 1624 5578 dicebat,
1679 5528 1851 5583 neque
1903 5517 2047 5570 enim

466 5587 608 5642 Deus
639 5600 764 5649 tunc
784 5604 961 5651 movet
994 5605 1047 5650 ut
1072 5596 1276 5663 effector
1301 5609 1348 5654 et
1370 5601 1477 5673 ipse
1499 5618 1675 5671 agens,
1709 5620 1808 5674 qua
1841 5607 2050 5663 ratione

464 5690 676 5740 δοίημεν
705 5695 889 5739 movet
926 5702 1019 5753 per
1061 5690 1302 5759 spiritum
1336 5693 1523 5762 gratia:
1557 5696 1829 5764 operantis
1862 5715 1873 5748 ε
1905 5699 2046 5752 unde

2154 4607 2431 4662 evidenter
2475 4617 2693 4663 constat
2730 4609 2986 4665 Jacobum
3031 4612 3341 4669 Sadoletum
3401 4630 3521 4671 cum
3565 4620 3743 4673 Semi-

2154 4699 2454 4769 Pelagiauis
2499 4709 2686 4755 contra
2732 4705 3087 4772 Augustinum
3131 4708 3342 4763 incaute
3391 4708 3644 4774 sensisse,
3677 4721 3735 4763 ct

2154 4805 2345 4858 reapse
2372 4791 2425 4844 in
2457 4800 2739 4847 extremam
2773 4803 2819 4847 et
2849 4799 3245 4852 remotissimam
3274 4802 3570 4856 sententiam
3610 4819 3736 4857 cou-

2155 4881 2376 4935 temione
2405 4882 2726 4950 disputandi,
2769 4887 2926 4956 magis
2955 4904 3110 4956 quam
3140 4893 3461 4945 considerata
3489 4903 3536 4947 et
3565 4896 3737 4963 quieta

2155 4974 2355 5027 ratione
2405 4976 2682 5030 adductum
2726 4994 2785 5034 se
2830 4981 3144 5047 contulisse,
3194 4999 3313 5054 qua:
3352 4988 3515 5042 verba
3546 4988 3621 5043 ita
3656 4991 3735 5044 ille

2156 5062 2348 5116 merito
2377 5064 2560 5119 audire
2587 5066 2763 5131 debet,
2822 5068 2899 5120 uti
2944 5068 3141 5138 injuste
3188 5072 3378 5127 eadem
3408 5090 3456 5140 θ,
3480 5076 3642 5131 ἰηιοιςι
3678 5077 3738 5132 lo

2154 5148 2219 5201 ad
2248 5150 2515 5206 laudatum
2543 5150 2901 5211 Caritarenum
2950 5171 3135 5214 contra
3179 5175 3423 5220 sanctum
3455 5166 3733 5224 doctorem

2157 5238 2364 5317 illcmet
2410 5244 2703 5311 usurpavit.
2759 5245 2975 5303 interim
3028 5252 3271 5308 Annatus
3315 5257 3492 5311 videat
3522 5262 3731 5324 qualem

2155 5341 2343 5386 contra
2370 5333 2724 5403 Augustinum
2758 5349 2945 5395 testem
2974 5344 3349 5412 appellaverit,
3380 5363 3577 5415 nempe
3606 5351 3734 5405 seri-

2126 5434 2362 5505 .ptorem
2399 5431 2495 5494 ,qui
2541 5438 2727 5484 contra
2774 5434 3020 5490 eumdem
3070 5452 3192 5490 cum
3245 5436 3731 5511 Semi-Pelagianis

2152 5516 2293 5585 quod
2321 5515 2473 5571 initia
2493 5519 2745 5576 virtutum
2778 5527 2988 5591 attinet,
3013 5529 3399 5597 conspiraverit
3422 5546 3437 5594 ;
3468 5541 3524 5585 et
3551 5542 3730 5586 tamen

2153 5609 2474 5675 promiserat
2503 5610 2659 5666 initio
2709 5619 2888 5670 statim
2922 5619 3038 5673 libri
3084 5623 3258 5675 octavi
3290 5636 3351 5676 se
3382 5624 3435 5677 in
3466 5622 3732 5691 judicium

2154 5711 2336 5755 contra
2368 5703 2717 5771 Augustinum
2766 5709 3151 5765 conductorum
3194 5721 3360 5769 testes
3404 5716 3617 5769 minime
3644 5732 3723 5769 su-
