3930 6312
190 352 290 409 753

1349 355 1671 414 VINDICIAS
1710 356 2270 416 AUGUSTINIANIE.

3340 376 3446 427 τδε

182 475 390 535 spectes.
414 465 683 523 Hactenus
705 467 771 523 de
791 467 1068 534 Sadoleto,
1095 470 1247 542 cujus
1273 469 1484 540 quidem
1505 478 1743 524 erratum
1778 473 1828 532 Α
1854 470 2054 525 nefaria
2084 479 2138 523 et
2166 469 2487 524 damnabilia
2530 472 2778 543 dogmata
2827 476 2878 530 in
2920 476 3019 532 hac
3065 479 3324 548 tripartita
3362 485 3442 538 di-

184 558 425 613 libentius
451 560 738 624 siluissem,
769 560 864 614 sed
897 561 1091 615 Annali
1121 569 1175 615 et
1225 560 1379 614 Donii
1416 575 1480 614 ex
1512 560 1754 615 Sadoleti

183 649 355 703 verbis
369 649 601 702 instituta
617 659 800 704 contra
822 661 1061 704 sanctum
1077 650 1286 704 Patrem
1303 651 1571 706 accusatio
1587 652 1752 705 invito

183 739 383 806 penitus
433 753 496 792 ac
542 739 820 794 reluctanti
868 739 1144 808 hucusque
1191 741 1335 796 dicta
1386 749 1748 796 extorserunt.

177 848 272 918 θη.
300 848 476 902 Sancti
497 847 868 904 Beneventum
887 860 935 904 et
953 850 1189 921 Cajetani
1211 851 1344 903 dicta
1367 851 1745 904 examinantur.

243 940 478 993 Tertium
525 949 716 995 testem
765 942 987 1010 Opponit
1024 949 1270 996 sanctum
1320 941 1746 996 Bonaventuram

172 1032 221 1084 in
248 1029 280 1082 Ξ
307 1028 729 1096 Sententiarum,
753 1030 878 1084 dist.
912 1029 1002 1095 55,
1027 1040 1218 1101 quaest.
1240 1031 1300 1097 2,
1330 1039 1435 1085 art.
1468 1029 1521 1092 ὅ,
1564 1029 1751 1085 dicen-

171 1132 274 1176 tem
309 1139 320 1173 :
361 1139 378 1170 ‹
421 1121 499 1175 Ad
532 1121 657 1175 illud
690 1122 830 1191 quod
863 1123 1034 1188 primo
1055 1122 1306 1191 obiicitur
1336 1122 1390 1176 in
1419 1122 1747 1176 contrarium

167 1213 231 1266 de
254 1212 430 1266 verbis
465 1212 772 1282 Augustini,
821 1213 1108 1268 dicendum
1140 1214 1283 1283 quod
1337 1213 1670 1282 Augustinus
1696 1213 1748 1268 in

164 1304 344 1359 verbis
371 1304 475 1358 illis
502 1319 607 1358 non
638 1304 867 1360 intendit
887 1305 1070 1360 dicere
1093 1305 1236 1374 quod
1276 1305 1481 1374 parvuli
1512 1303 1746 1359 sensibi-

162 1396 284 1450 liter
305 1397 635 1460 crucientur,
665 1397 759 1451 sed
790 1397 1018 1450 intendit
1045 1411 1235 1452 eorum
1267 1411 1479 1465 pugnam
1522 1394 1748 1450 manife-

157 1497 304 1540 stare
335 1497 588 1556 quantum
614 1488 678 1540 ad
706 1488 998 1543 carentiant
1019 1488 1243 1542 visionis
1275 1489 1392 1554 Dei,
1419 1497 1473 1542 et
1493 1497 1746 1557 quantum

155 1577 320 1629 etiam
373 1578 438 1630 ad
477 1577 758 1631 utilitatem
807 1579 931 1645 luci,
972 1589 1026 1633 et
1067 1580 1169 1634 hoc
1216 1579 1372 1633 valde
1412 1579 1745 1633 abundanter

156 1668 426 1735 exprimit,
477 1669 595 1737 plus
643 1670 848 1734 dicens,
897 1678 950 1724 et
1004 1669 1181 1724 minus
1225 1671 1410 1725 volens
1443 1670 1686 1739 intelligi.
1720 1688 1740 1722 ι

161 1759 355 1811 Verum
407 1758 682 1827 negotium
732 1759 888 1813 nobis
939 1774 1043 1813 non
1093 1759 1313 1815 lacessit
1360 1761 1785 1815 Bonaventuraeo

1856 563 2063 618 visione
2117 564 2359 632 quisquis
2417 575 2596 619 mente
2647 569 2911 623 catholica
2961 573 3240 636 exhorret,
3299 577 3441 630 illius

1853 654 2297 722 quinquepartita:
2349 657 2581 713 latebras
2636 659 2962 731 insidiasque
3006 662 3240 729 devitet,
3285 675 3445 733 atque

1853 744 1924 798 ita
1971 746 2113 798 inter
2139 758 2424 817 utrumque
2474 751 2542 804 sit
2576 760 2787 816 cautus,
2829 766 2886 806 ut
2934 753 3012 808 sic
3052 754 3284 809 declinet
3335 756 3445 809 Ma-

1853 833 2143 902 nicbatum,
2178 851 2244 891 ne
2275 852 2334 892 se
2376 839 2593 894 inclinet
2625 841 2674 894 in
2709 842 2997 912 Pelagium,
3050 860 3338 915 rursusque
3371 847 3440 899 ita

1852 937 1912 977 se
1937 923 2181 994 sejungat
2208 941 2237 980 a
2271 928 2590 998 Pelagianis,
2621 948 2687 987 ne
2721 947 2779 986 se
2807 934 3092 1002 conjungat
3116 936 3437 1002 Man‘cbaeis,

1851 1024 1947 1070 aut
1982 1017 2027 1071 si
2060 1019 2113 1072 in
2145 1019 2419 1074 alterutris
2446 1022 2555 1090 jam
2589 1032 2820 1090 tenetur,
2855 1042 2950 1080 uec
2981 1029 3056 1082 sic
3085 1043 3141 1081 se
3171 1043 3199 1080 a
3226 1030 3440 1097 quibus.

1853 1109 1982 1164 libet
2014 1110 2196 1164 alteris
2224 1123 2422 1178 servet,
2474 1124 2529 1168 ut
2563 1116 2612 1168 in
2657 1117 2858 1170 alteros
2903 1119 3094 1174 irruat.
3133 1138 3149 1170 ι
3183 1119 3310 1185 Quis
3348 1120 3457 1186 igi-'

1855 1209 1941 1253 tur
1956 1199 2209 1268 Cajetano
2259 1203 2312 1256 in
2345 1203 2447 1259 hoc
2475 1205 2679 1270 credat,
2712 1222 2772 1260 ac
2802 1223 2907 1260 non
2940 1211 3116 1276 potius
3146 1210 3442 1278 Augustino

1850 1302 2031 1344 coram
2082 1291 2376 1358 apostolica
2432 1294 2560 1347 sede
2611 1295 2711 1349 hoc
2752 1299 3113 1363 protestanti?
3147 1299 3250 1353 Sed
3295 1301 3441 1354 dices

1851 1387 2053 1455 impetu
2082 1387 2458 1458 disputationis
2492 1391 2844 1459 Augustinum
2889 1403 3042 1446 extra
3093 1393 3306 1448 sibimet
3337 1406 3444 1447 sta-

1849 1485 1993 1532 tutos
2025 1494 2054 1532 a
2087 1495 2145 1533 se
2200 1479 2398 1534 limites
2429 1495 2743 1546 excurrere,
2781 1483 2881 1538 hoc
2927 1494 3011 1538 est
3057 1493 3207 1539 extra
3257 1486 3444 1538 tineam

1848 1568 2148 1622 necessaria:
2179 1568 2425 1633 veritatis,
2477 1578 2534 1623 ut
2585 1570 2822 1640 loquitur
2869 1575 3085 1628 testium
3129 1575 3441 1628 conductor.

1848 1657 2012 1712 Miror
2033 1660 2319 1723 Annatum,
2345 1660 2435 1729 qui
2459 1659 2629 1727 capita
2657 1663 2897 1728 epistola:
2923 1663 3196 1718 leestini
3230 1665 3292 1717 ad
3315 1663 3446 1718 Gal-

1849 1749 1931 1804 los
1959 1764 2190 1814 annexa.
2222 1752 2390 1820 ipsius
2414 1752 2693 1807 C(Blcslin't
2719 1767 2840 1809 esse
2870 1764 3037 1820 putat,
3063 1755 3192 1819 imo,
3217 1770 3334 1823 quae
3363 1765 3451 1808 est

158 1859 342 1903 contra
374 1849 732 1916 Augustinum
759 1849 1152 1912 testimonium,
1184 1865 1306 1902 nam
1341 1864 1408 1904 eo
1440 1850 1542 1904 loci
1578 1851 1748 1920 loqui-
1780 1845 1827 1903 B
1857 1842 2088 1896 boutinis
2120 1841 2394 1912 diligentia
2438 1851 2598 1912 atque
2628 1845 2880 1910 eruditio,
2923 1861 2988 1900 ne
3030 1845 3292 1898 dubitavit
3322 1845 3443 1912 qui—

156 1949 241 1992 tur
264 1939 334 1992 de
366 1938 506 1992 libro
533 1939 600 1993 de
629 1938 761 1995 Fide
799 1940 866 1993 ad
894 1938 1114 1994 Petrum
1161 1940 1466 2003 diaconum,
1513 1953 1632 2006 cap.
1654 1939 1742 2004 27,

156 2029 242 2082 ubi
285 2031 510 2097 legimus
542 2044 736 2098 pueros
776 2030 1102 2086 decedentes
1133 2031 1252 2092 sine
1303 2031 1575 2100 baptismo
1615 2031 1746 2099 ignis

153 2124 330 2175 a’trrui
370 2124 682 2192 sempiterno
730 2124 983 2192 supplicio
1025 2125 1312 2191 puniendos
1327 2140 1345 2188 ;
1371 2123 1458 2193 qui
1503 2123 1639 2177 liber
1663 2129 1748 2177 est

157 2213 444 2283 Fulgentii,
490 2230 595 2268 non
625 2214 928 2285 Augustini.
978 2216 1178 2280 Quare,
1211 2216 1254 2267 si
1299 2215 1572 2268 communi
1602 2213 1744 2269 illius

150 2305 328 2356 saeculi
358 2303 612 2373 opinione
640 2304 834 2357 ductus
864 2303 1188 2371 Seraphicus
1229 2303 1419 2357 doctor
1462 2302 1744 2371 Augustini

148 2394 234 2447 illa
261 2396 426 2448 verba
465 2409 586 2450 esse
615 2398 841 2463 putavit,
870 2409 992 2448 cum
1040 2395 1260 2448 alterius
1288 2394 1417 2456 sint,
1451 2393 1568 2462 ejus
1597 2394 1743 2448 testi-

147 2488 328 2540 monio
362 2503 467 2541 non
511 2495 837 2556 perstamus,
868 2502 970 2542 non
1012 2488 1154 2541 enim
1186 2487 1334 2541 illius
1357 2487 1557 2541 dictum
1600 2485 1740 2554 apud

145 2577 355 2632 iudices
385 2579 676 2647 quidquam
707 2578 957 2647 ponderis
991 2577 1174 2642 habet,
1207 2591 1312 2645 quo
1345 2591 1442 2643 per
1470 2575 1745 2643 deceptio-

145 2683 270 2720 ncm
318 2667 389 2720 de
432 2670 681 2734 quopiam
734 2666 936 2734 aliqttid
989 2665 1286 2719 afﬁrmatur
1331 2665 1475 2734 quod
1516 2678 1619 2716 non
1675 2662 1743 2715 ab

147 2757 269 2818 ille,
303 2755 402 2809 sed
437 2757 502 2808 ab
532 2755 704 2810 altero
736 2763 1004 2810 assertum
1025 2762 1256 2809 constat.
1285 2753 1418 2808 llinc
1441 2752 1608 2806 sancti
1639 2751 1746 2806 Do.

148 2846 316 2899 cteris
349 2845 616 2899 modestia
648 2844 850 2910 elucet,
879 2845 969 2912 qui
992 2843 1278 2912 Augustini
1308 2843 1656 2906 sententiam,
1689 2849 1744 2896 ut

153 2934 400 3004 putabat,
460 2935 601 2991 haud
667 2935 925 2990 severiori
963 2949 1190 2990 censura
1250 2934 1586 3005 perstrinxit,
1646 2935 1740 2988 sed

151 3025 253 3080 leni
291 3025 738 3094 interpretatione
770 3025 1052 3095 mitigavit.
1097 3024 1168 3080 At
1196 3026 1440 3079 Annatus
1468 3025 1616 3093 gravi
1663 3039 1746 3078 su-

149 3115 369 3183 pcrcilio
396 3116 643 3170 eamdem
675 3117 726 3170 in
753 3116 1071 3170 sententiam
1096 3124 1244 3170 tonat
1264 3116 1364 3170 lib.
1384 3130 1497 3180 vni,
1526 3128 1642 3183 cap.
1675 3115 1694 3166 l
1725 3131 1740 3167 :

1848 1929 1973 1985 dem
2004 1930 2143 1986 hanc
2171 1932 2441 1986 crambem
2477 1931 2669 1985 iterum
2704 1934 2999 1987 recoxisse.
3037 1934 3197 1987 Vetus
3231 1934 3316 1987 illa
3348 1932 3445 1986 fuit

1847 2021 2111 2075 calumnia
2135 2037 2164 2075 a
2189 2020 2664 2089 Semi-Pelagianis
2688 2023 2985 2091 Augustino
3009 2025 3274 2090 opposita,
3303 2021 3444 2074 unde

1845 2113 2065 2166 eosdem
2117 2110 2367 2166 lalsarios
2417 2110 2758 2165 oblocutores
2810 2110 3047 2180 pontifex
3101 2113 3326 2180 rejecit,
3383 2110 3446 2164 ιιι

1849 2201 1876 2273 §
1920 2203 2191 2270 superiori
2224 2201 2479 2270 diximus,
2516 2201 2667 2270 cujus
2707 2215 2838 2255 sane
2871 2204 3055 2267 verba,
3089 2217 3207 2256 cum
3241 2202 3318 2256 illi
3350 2217 3445 2256 ac-

1846 2294 2181 2347 cusationem
2238 2301 2519 2360 repetant,
2568 2305 2662 2360 pro
2719 2291 3030 2346 defensione
3079 2293 3232 2346 nob's
3281 2294 3443 2346 etiam

1844 2385 2139 2454 repetenda
2171 2391 2323 2446 sunt;
2359 2384 2473 2437 hzec
2503 2383 2645 2438 enim
2694 2385 2914 2438 scribit:
2947 2403 2963 2433 ι
2997 2383 3129 2450 Quia
3181 2384 3442 2446 nonnulli,

1843 2477 1932 2545 qui
1966 2475 2238 2531 catholico
2271 2475 2488 2530 nomine
2534 2475 2851 2545 gloriantur,
2887 2474 2939 2527 in
2972 2475 3238 2528 damnatis
3267 2482 3444 2527 autem

1847 2569 2220 2622 Iuereticorum
2269 2567 2542 2631 sensibus,
2579 2580 2672 2620 seu
2716 2569 2993 2634 pravitate,
3028 2568 3140 2619 sive
3181 2565 3443 2632 imperitia

1846 2657 2212 2718 demorantur,
2245 2655 2498 2725 piissimis
2538 2655 2957 2720 disputatoribus
2983 2655 3198 2708 obviare
3243 2670 3442 2721 prtem-

1848 2754 2019 2810 munt,
2053 2755 2252 2799 etcum
2293 2745 2562 2814 Pelagium
2599 2755 2757 2812 atque
2788 2742 3101 2799 leestium
3134 2745 3446 2798 anathema-

1850 2840 2016 2893 tizare
2063 2851 2172 2891 non
2219 2827 2486 2901 dubitent,
2538 2834 2806 2903 magistris
2851 2843 3028 2888 tamen
3075 2833 3292 2897 nostris,
3328 2844 3444 2886 tan-

1847 2944 2006 3002 quam
2057 2928 2421 2984 necessarium
2473 2927 2690 2980 modum
2735 2926 3094 2994 excesserint,
3143 2926 3444 2996 obloquen-

1850 3030 1955 3077 tur.
1990 3040 2008 3072 ι
2038 3019 2143 3074 Sed
2173 3022 2434 3083 Annatus,
2468 3017 2556 3086 qui
2598 3017 2765 3070 solam
2796 3016 3145 3083 appendicem
3177 3017 3442 3085 epistolae,

1853 3108 2225 3175 Profundiores
2270 3124 2410 3173 vero,
2445 3116 2576 3172 etc.,
2614 3116 2739 3161 ante
2775 3107 2962 3161 oculos
2993 3107 3210 3173 habuit,
3249 3107 3363 3162 hzec
3391 3109 3446 3165 in

151 3206 416 3278 Negamus
470 3207 731 3262 crudelem
771 3214 1202 3275 consequentiam.
1234 3206 1441 3260 Rursus
1487 3219 1554 3260 eo
1591 3205 1734 3260 dicto
1766 3207 1810 3270 C
1843 3202 2100 3258 anteriori
2131 3201 2320 3270 pagina
2354 3201 2532 3269 legere
2562 3213 2665 3254 non
2700 3199 2882 3261 valuit,
2932 3200 3014 3254 vcl
3045 3199 3223 3270 legere
3252 3216 3314 3254 ac
3347 3215 3441 3256 ne-

149 3301 475 3370 Augustinus
524 3301 640 3370 plus
678 3300 808 3352 dixit
856 3300 1025 3353 minus
1067 3297 1238 3352 volens
1274 3297 1516 3368 intelligi,
1568 3298 1731 3352 semel

148 3393 523 3449 Bonaventura
565 3407 692 3447 usus
721 3401 823 3454 est,
859 3401 912 3446 et
940 3407 1004 3445 ea
1035 3393 1088 3445 in
1120 3391 1410 3454 sententia,
1442 3405 1560 3459 qua:
1599 3403 1628 3442 a
1659 3389 1736 3441 la-

149 3493 258 3539 tere
277 3492 466 3538 contra
517 3481 854 3550 Pelagianam
893 3481 1145 3534 haeresim
1179 3479 1374 3533 tradita
1406 3488 1512 3532 est.
1540 3478 1735 3532 Verum

147 3578 406 3642 Annatus,
442 3590 570 3645 pag.
603 3573 730 3641 893,
755 3573 967 3627 laudata
1003 3570 1174 3625 sancti
1207 3571 1592 3624 Bonaveoturze
1624 3584 1738 3623 mo-

141 3669 423 3722 deratione
449 3667 692 3722 abutitur
736 3665 802 3719 ad
834 3662 1155 3732 mitigandas
1201 3660 1487 3731 Augustini
1520 3669 1737 3714 sentt-n-

145 3760 243 3813 tias
286 3761 338 3813 itt
368 3759 676 3826 quaestione
732 3756 799 3812 de
842 3755 1080 3812 ellicacia
1121 3754 1316 3809 divina:
1360 3754 1587 3823 gratiae;
1623 3752 1739 3806 haec

141 3852 278 3905 enim
310 3851 502 3905 scribit
535 3866 548 3903 :
587 3867 606 3900 ‹
638 3849 769 3902 Etsi
802 3847 918 3915 quis
941 3847 1102 3902 instet
1129 3845 1483 3914 Augustinum
1509 3843 1630 3896 aliis
1662 3843 1738 3894 Io-

139 3941 214 3993 cis
247 3941 296 3994 id
329 3943 670 4009 exprimere,
708 3938 827 4008 quis
858 3953 962 3992 non
994 3936 1161 4002 videt,
1192 3938 1236 3989 si
1280 3937 1382 3990 hoc
1407 3943 1571 3999 esset,
1603 3932 1736 3986 nihil

142 4031 277 4086 aliud
321 4041 643 4087 secuturum
706 4045 864 4100 quam
917 4037 974 4083 ut
1017 4029 1150 4083 dicit
1204 4038 1420 4082 sanctus
1461 4025 1738 4079 Bonaven—

144 4130 278 4186 tura,
312 4123 418 4176 illis
469 4121 616 4176 locis
666 4119 1021 4190 Augustinum
1071 4119 1189 4188 plus
1218 4119 1422 4182 dicere,
1454 4117 1516 4169 iis
1557 4124 1735 4168 autem

142 4226 254 4279 qua:
283 4223 408 4268 sunt
435 4229 467 4269 a
507 4211 666 4266 nobis
697 4212 878 4276 allata,
901 4214 1078 4264 minus
1105 4208 1287 4263 velle?
1315 4225 1336 4259 ι
1372 4210 1455 4262 An
1483 4219 1612 4260 vero
1641 4205 1730 4258 illa

142 4304 190 4358 in
224 4307 492 4361 sententia
535 4304 602 4359 de
631 4303 803 4372 pinnis
829 4302 1172 4371 parvulorum
1197 4298 1355 4353 fuerit
1382 4297 1734 4367 Augustinus,

142 4396 264 4450 nihil
287 4399 353 4451 ad
379 4413 496 4454 rem
537 4404 854 4464 praesentem
888 4392 1054 4445 facit?
1087 4406 1208 4445 nam
1240 4390 1308 4444 de
1342 4389 1477 4441 libro
1508 4388 1575 4441 de
1606 4387 1740 4440 Fide

143 4487 204 4540 ad
243 4489 458 4544 l‘etrum
519 4488 730 4542 locutus
779 4495 859 4539 est
905 4485 1297 4546 Bonaveutura,
1345 4479 1498 4548 cujus
1549 4477 1737 4543 verba,

1836 3296 2037 3366 gligere
2059 3294 2199 3349 idem
2218 3293 2335 3346 luit.
2367 3291 2530 3364 Igitur
2552 3291 2901 3362 Augustinus,
2926 3291 3218 3348 leesﬁno
3238 3293 3438 3361 judice,

1840 3385 1926 3440 vel
1954 3385 2000 3440 si
2044 3384 2272 3454 negatis,
2303 3383 2493 3436 saltem
2535 3391 2691 3447 teste,
2725 3383 2921 3437 lineam
2954 3385 3274 3438 necessaria:
3303 3385 3441 3439 veri.

1840 3477 1964 3531 tatis
1996 3491 2101 3529 non
2145 3475 2395 3528 excessit.
2431 3474 2563 3540 Quis
2601 3484 2780 3526 autem
2824 3472 2982 3525 unius
3010 3473 3249 3540 Cajetani
3293 3475 3442 3527 testi~

1839 3565 2076 3618 monium
2104 3563 2276 3617 sancti
2317 3561 2593 3616 Ctelestini
2640 3575 2790 3630 papae
2820 3563 3196 3616 contestationi
3231 3577 3442 3631 p'mpog

1845 3655 2082 3710 nendum
2111 3653 2314 3708 ducat?

1841 3767 1868 3838 §
1901 3766 1985 3821 Ill.
2028 3765 2329 3838 Qardinalcs
2356 3761 2656 3838 Perronius,
2697 3760 2929 3814 Valerius
2952 3777 3015 3813 ac
3051 3773 3257 3838 sanctus
3282 3761 3441 3838 Caro-

1915 3838 1993 3890 lus
2022 3835 2346 3888 Borromazus
2375 3834 2542 3886 minus
2572 3843 2705 3885 recte
2731 3841 2908 3884 contra
2937 3840 3165 3884 sanctum
3195 3835 3438 3901 Augusti-

1915 3923 2033 3960 num
2064 3905 2296 3960 adducti.

1913 4017 2167 4086 Sequitur
2195 4016 2413 4085 quintus
2441 4014 2737 4069 accersitus
2771 4029 2837 4068 ex
2863 4015 3034 4071 Gallia
3067 4016 3352 4072 Perronius
3381 4029 3436 4073 et

1843 4123 2114 4177 purpura,
2167 4115 2222 4161 et
2280 4105 2474 4162 erectis
2530 4121 2594 4160 ex
2649 4106 2905 4160 continuo
2978 4123 3098 4162 cum
3167 4108 3437 4165 hatretieis

1842 4198 1984 4254 bello
2027 4198 2284 4266 trephaeis
2335 4196 2691 4262 clarissimus,
2738 4196 2891 4266 cujus
2932 4207 3059 4252 sunt
3105 4199 3219 4254 haec
3250 4200 3433 4265 verba,

1843 4290 2016 4358 inquit
2045 4290 2286 4343 Aunatus
2316 4303 2330 4340 :
2366 4305 2385 4337 ‹
2422 4286 2516 4342 Sat
2546 4287 2726 4341 monui
2758 4289 2808 4341 in
2840 4300 3028 4358 quarta
3062 4305 3300 4344 mearum
3341 4294 3438 4345 ob-

1844 4381 2207 4436 servationem
2240 4393 2337 4434 nos
2366 4377 2653 4432 admodum
2680 4378 3011 4449 distinguere
3041 4382 3282 4447 proprias
3311 4394 3437 4442 san-

1844 4472 1916 4526 cti
1956 4471 2236 4540 Augustini
2291 4472 2593 4540 opiniones,
2641 4471 2766 4526 dum
2807 4473 3038 4541 loquitur
3091 4481 3149 4526 ttt
3196 4472 3435 4540 privatus

145 4592 292 4645 quam
337 4594 538 4648 parum
593 4576 929 4630 adversarios
970 4574 1180 4644 juvent,
1225 4570 1438 4625 abunde
1497 4567 1743 4637 superius
1773 4575 1820 4636 υ
1849 4561 2060 4629 ductor,
2099 4573 2152 4617 et
2194 4562 2437 4631 ejusdem
2484 4565 2839 4628 narrationes,
2872 4566 3064 4633 quibus
3092 4562 3345 4631 loquitur,
3378 4573 3438 4618 ttt

143 4669 367 4725 diximus
389 4688 518 4741 cap.
553 4669 604 4733 5,
639 4669 665 4739 §
696 4671 744 4721 l.

209 4763 510 4818 Audiamus
541 4767 788 4830 quartmn
825 4758 1150 4812 cardinalem
1183 4755 1519 4825 Cajetanum,
1544 4753 1632 4823 qui
1664 4751 1742 4806 sic

144 4850 373 4921 loquitur
404 4862 553 4922 part.
590 4868 627 4920 ι,
660 4860 852 4920 quaest.
890 4850 978 4914 70,
1027 4859 1131 4902 art.
1171 4850 1204 4901 5
1239 4866 1250 4902 :
1289 4867 1306 4899 (
1341 4849 1616 4902 Sustinent
1647 4861 1741 4899 au-

147 4952 250 4996 lem
275 4947 435 4999 verba
473 4946 620 5000 hanc
650 4943 911 5011 glossam,
946 4942 1065 5009 quia
1105 4939 1318 5009 quando
1348 4947 1534 4991 contra
1564 4937 1736 4990 Aver-

148 5050 288 5088 roem
313 5046 429 5091 erat
452 5050 662 5101 sermo,
695 5035 773 5088 las
799 5045 911 5088 erat
942 5033 1212 5087 declinare
1238 5032 1290 5085 in
1321 5031 1648 5099 oppositum,
1680 5037 1737 5082 ιιι

149 5129 472 5193 Augusunus
516 5135 702 5180 contra
748 5124 1061 5192 Pelagianos
1102 5123 1246 5177 facit.
1283 5140 1302 5175 ο
1332 5151 1397 5162 ——
1430 5139 1449 5172 t
1479 5120 1591 5174 Hoc
1629 5127 1732 5183 est,

149 5217 214 5267 ait
246 5220 492 5272 Anttatus
538 5233 658 5287 pag.
693 5215 820 5280 862,
863 5214 1122 5270 excedere
1175 5214 1368 5268 lineam
1419 5212 1735 5267 necessaria:

151 5305 388 5361 veritatis
418 5326 430 5359 :
457 5317 522 5360 ut
549 5309 619 5361 sit
665 5307 825 5360 nimia
875 5305 1118 5374 quaedam
1165 5306 1425 5359 severitas
1461 5312 1514 5358 et
1556 5305 1735 5372 iniqua

152 5398 379 5463 vexatio,
431 5413 557 5467 quae
611 5397 844 5473 medium
883 5395 1034 5462 illud,
1086 5395 1137 5448 in
1174 5409 1278 5464 quo
1320 5396 1518 5449 veritas
1563 5394 1732 5458 sedet,

153 5490 449 5559 transgredi
480 5492 650 5560 jubet,
680 5490 724 5544 si
755 5497 953 5560 prrceat
984 5489 1327 5555 Augustinus.
1359 5505 1378 5539 ι
1408 5486 1473 5540 At
1502 5485 1734 5541 medium

153 5591 209 5631 se
234 5589 417 5636 tenere
444 5582 645 5636 clamat
679 5579 1026 5650 Augustinus,
1059 5587 1216 5646 atque
1248 5577 1348 5632 hoc
1376 5577 1575 5645 primus
1600 5591 1740 5630 mor-

156 5668 334 5722 talium
378 5671 566 5724 docuit
609 5671 702 5725 lib.
743 5686 794 5725 tv
832 5679 1019 5725 contra
1063 5667 1196 5722 duas
1247 5667 1503 5735 epistolas
1533 5666 1738 5733 Pelag,

155 5773 268 5829 cap.
312 5762 369 5829 '5,
403 5760 470 5815 ad
503 5761 829 5818 Donil‘acium
864 5774 1077 5832 papam,
1109 5758 1225 5815 haec
1247 5757 1537 5828 ,scribens:
1583 5774 1600 5808 ι
1638 5757 1743 5811 Ista

1854 4657 2006 4711 testis
2046 4671 2172 4711 usus
2225 4658 2528 4712 communis
2579 4656 2862 4723 Ecclesize,
2909 4656 2991 4708 vel
3031 4669 3093 4708 ea
3136 4654 3262 4707 dicit
3317 4669 3437 4722 qua:

1850 4746 2128 4801 ductorum
2159 4748 2330 4802 :rtatis
2361 4762 2472 4802 suae
2515 4746 2784 4801 communi
2813 4744 3096 4798 consensui
3139 4742 3435 4797 conformia

1849 4851 2011 4906 sunt;
2037 4840 2104 4894 ab
2130 4841 2248 4894 uuis
2278 4839 2537 4908 siquidem
2568 4836 2928 4906 argumentari
2962 4849 3057 4887 nos
3087 4843 3288 4893 tantum
3313 4849 3435 4904 pro-

1848 4933 2116 4996 babiliter,
2149 4933 2217 4984 ab
2243 4932 2364 4984 aliis
2403 4928 2842 4984 demonstrative.
2880 4946 2898 4979 ι
2935 4928 3076 4982 Bene
3106 4928 3191 4982 ille
3218 4928 3430 4996 quidem

1844 5039 1909 5079 ac
1945 5024 2105 5091 digne
2149 5022 2216 5076 de
2258 5021 2554 5090 Augustino
2602 5019 2808 5081 sensit;
2846 5019 2963 5088 quis
3009 5019 3149 5074 enim
3201 5019 3432 5087 privatas

1843 5116 2123 5186 Augustini
2172 5114 2467 5168 sententias
2507 5112 2561 5167 in
2609 5127 2800 5178 sacrm,
2834 5128 2884 5164 v.
2918 5128 2991 5182 g.,
3021 5113 3223 5182 paginze
3253 5113 3432 5179 expli-

1843 5208 2054 5261 catione
2080 5205 2215 5257 intra
2243 5201 2365 5258 ﬁdei
2395 5216 2630 5258 canones
2668 5201 2874 5256 refert?
2906 5206 2975 5256 At
3006 5203 3089 5255 hic
3123 5211 3433 5256 controver-

1846 5298 1972 5351 titur
2001 5295 2123 5365 quid
2155 5295 2221 5350 de
2253 5294 2534 5364 Augustini
2571 5295 2888 5348 auctoritate
2922 5292 3207 5346 l’erronius
3235 5291 3434 5346 sentiat

1846 5390 1900 5443 in
1939 5388 2237 5456 quaestione
2267 5385 2333 5438 de
2372 5384 2842 5452 praedestinatione
2879 5391 2934 5438 et
2975 5380 3165 5450 gratia.
3205 5377 3334 5430 Nam
3367 5378 3431 5431 de

1847 5478 2126 5548 Augustini
2174 5478 2492 5531 auctoritate
2538 5477 2589 5530 in
2640 5477 2706 5530 iis
2734 5492 2852 5546 qua:
2891 5473 2956 5527 ad
3010 5470 3244 5524 divinam
3289 5469 3430 5524 circa

1852 5570 2094 5624 homines
2126 5569 2511 5637 providentiam
2552 5575 2817 5637 spectant,
2861 5561 3158 5618 testimonia
3203 5569 3254 5614 te
3303 5575 3430 5627 pro-

1849 5664 2134 5718 ducturum
2186 5665 2240 5717 in
2290 5665 2406 5732 ipso
2443 5663 2597 5715 titulo
2649 5659 2767 5712 libri
2821 5655 2992 5711 octavi
3041 5651 3426 5724 spoponderas.

1854 5755 2033 5812 Liceat
2060 5755 2187 5809 tnihi
2226 5751 2504 5824 Augustini
2544 5750 2646 5806 huc
2690 5747 2852 5803 verba
2904 5745 3215 5802 inﬂectere:
3250 5740 3430 5816 Ingre-
