3930 6342
502 366 565 380 ’δ’
578 366 602 379 ,9

510 386 603 417 [UO

459 413 464 439 ,
502 366 603 417 75:3
1351 370 1909 425 SUI‘I‘Llilll‘EN'l‘Ull
1952 370 2041 422 so
2080 366 2309 421 ovum
2348 367 2401 421 s.
2449 352 2839 426 AUCUSTINI.
3658 356 3768 413 756

458 454 463 473 ⁷
498 479 646 545 dere,
703 478 920 535 Perroni
944 524 956 545 ,
1008 483 1263 552 ingredere
1316 494 1362 536 et
1402 486 1609 537 conside
1676 502 1791 538 cum
1843 484 2084 554 fratribus
2113 482 2158 537 A
2193 479 2255 532 lis
2283 480 2383 534 sub
2405 482 2703 537 lustiniano
2730 480 2965 550 scripsit,
3000 477 3051 532 in
3083 477 3224 532 libro
3248 484 3432 531 contra
3457 468 3767 530 Mucianum

496 572 618 633 tuis,
651 588 681 622 a
728 571 909 640 quibus
935 574 1080 624 nulla
1104 576 1256 639 ratio,
1294 576 1436 626 nulla
1473 577 1679 627 tentatio
1720 586 1766 628 te
1807 576 2081 641 separavit,

499 677 627 727 rrpus
668 670 741 714 est
788 670 907 727 tua,
938 671 984 714 et
1020 662 1237 715 maxime
1278 669 1367 713 tua
1398 665 1663 728 sententia,
1707 664 1801 717 lib.
1846 680 1860 717 ι
1902 674 2084 718 contra

491 749 623 816 .lul.,
649 766 768 817 cap.
787 750 838 804 6.
859 752 1067 820 Arrige,
1089 752 1317 815 Annate,
1341 766 1519 816 aures,
1546 753 1830 808 Perronius
1848 770 2001 809 suum
2018 754 2086 808 de

494 841 787 906 Augustino
817 839 1180 894 testimonium
1209 839 1444 905 profert:
1470 843 1803 912 Augustinus,
1829 844 2083 896 maximus

492 938 605 993 post
626 934 885 996 apostolos
906 931 1365 1000 pra'destinationis
1388 934 1586 999 doctor,
1614 934 1717 987 imo
1738 950 1797 988 os
1820 946 1864 987 et
1895 950 2083 989 uncus

496 1037 718 1077 γετειιις
753 1025 1049 1083 Ecetssm.
1073 1034 1319 1094 quantum
1342 1027 1411 1078 ad
1441 1025 1584 1080 illam
1612 1027 1673 1079 de
1701 1027 1865 1096 gratia
1894 1027 2084 1079 doctri-

493 1132 631 1179 nam,
668 1116 759 1168 lib.
789 1131 804 1168 ι
833 1115 994 1185 Resp.
1024 1116 1089 1169 ad
1129 1132 1308 1185 regem
1342 1118 1565 1185 Anglim,
1602 1134 1720 1185 cap.
1751 1118 1831 1171 12.
1868 1117 2083 1183 Quid‘te

490 1208 671 1275 igitur,
702 1206 849 1261 addit
880 1209 1225 1277 Augustinus,
1266 1211 1461 1279 adjuvit
1491 1211 1626 1279 quod
1673 1209 1935 1272 Perronii,
1969 1218 2082 1262 tan-

487 1313 640 1363 quam
685 1297 773 1350 tibi
819 1297 1215 1369 suffragantur,
1274 1301 1639 1360 testimonium,
1693 1300 1949 1367 posuisti?
1994 1298 2080 1352 Vis

488 1389 626 1442 scire
656 1403 722 1441 an
755 1403 903 1442 suam
929 1389 995 1444 de
1024 1390 1498 1458 praedestinatione
1536 1394 1857 1443 sententiam
1887 1388 2079 1444 deone-

487 1478 558 1531 rit
592 1479 944 1548 Augustinus,
988 1489 1041 1532 ut
1087 1482 1316 1550 privatus
1345 1482 1543 1548 doctor,
1585 1494 1649 1533 an
1685 1490 1737 1532 ut
1778 1480 1915 1532 testis
1958 1494 2078 1532 usus

486 1587 767 1626 communis
821 1572 1098 1627 Ecclesia?
1138 1573 1272 1627 Audi
1326 1574 1613 1641 ipsummet
1657 1571 1771 1625 haec
1812 1573 2075 1624 dicentem

488 1662 583 1716 lib.
626 1662 694 1717 de
741 1663 890 1717 Dono
934 1679 1166 1733 persev.,
1211 1679 1329 1731 cap.
1366 1662 1468 1728 25,
1517 1664 1568 1717 in
1617 1660 1720 1717 fine
1753 1679 1767 1714 :
1802 1680 1823 1713 ι
1860 1662 1936 1715 Ac
1983 1675 2077 1731 per

488 1753 590 1809 hoc
623 1754 1106 1822 przedcslinatiouis
1141 1756 1297 1825 hujus
1325 1756 1504 1822 tidem,
1543 1769 1663 1822 qua:
1693 1762 1879 1808 contra
1907 1767 2073 1807 novos

2188 569 2261 623 ait
2290 585 2303 623 :
2334 588 2351 619 ι
2386 570 2520 637 Quid
2550 584 2752 636 autem,
2783 570 2976 638 inquit,
3022 569 3075 623 in
3126 571 3226 622 hoc
3268 569 3549 629 miremur,
3591 581 3768 634 neque

2186 661 2328 714 enim
2355 661 2546 715 melius
2575 663 2713 731 loqui
2746 661 2915 730 potuit
2942 659 3263 728 Augustinus
3283 671 3438 724 quam
3464 655 3745 724 prophetae

2186 764 2344 817 quam
2382 751 2607 819 apostoli
2639 760 2693 803 et
2721 749 3081 817 evangelista,
3113 760 3338 815 quorum
3380 744 3658 799 mentibus
3694 745 3751 797 si

2186 840 2385 894 utiliter
2414 842 2554 895 male
2600 840 2889 895 intellectis
2921 848 2975 894 et
3006 838 3294 905 incongrue
3336 834 3619 899 adhibitis,
3655 845 3767 889 tam

2185 931 2332 982 multi
2360 944 2491 983 suos
2521 929 2815 985 defendere
2844 936 3104 983 conantur
3134 940 3362 980 errores.
3395 943 3414 976 ι
3481 957 3487 962 -

2252 1018 2414 1072 Notat
2459 1018 2656 1074 ibidem
2700 1021 2937 1074 Annatns
2975 1008 3219 1072 sanctum
3266 1014 3512 1070 Carolum
3564 1015 3748 1069 Burro-

2184 1123 2378 1162 mmum
2408 1108 2681 1164 Valerium
2706 1108 2770 1164 ad
2796 1107 2923 1163 illud
2955 1123 3087 1176 opus
3113 1104 3450 1160 scribendum
3474 1104 3758 1165 excitasse,

2182 1198 2433 1267 idemque
2475 1199 2773 1254 absolutum
2830 1199 3173 1267 approbasse,
3202 1194 3342 1250 unde
3380 1195 3455 1248 uti
3486 1194 3750 1260 Valerius,

2180 1290 2254 1345 ita
2302 1300 2357 1345 et
2408 1301 2629 1347 sanctus
2690 1291 2912 1347 Carolus
2966 1298 3149 1344 contra
3204 1285 3557 1356 Augustinum
3615 1296 3756 1340 stare

2178 1381 2391 1435 Annato
2416 1382 2561 1435 visus
2583 1391 2667 1437 est
2702 1399 2715 1433 :
2750 1399 2769 1433 ι
2809 1381 2877 1436 Ut
2903 1380 3045 1445 ideo,
3080 1379 3270 1447 inquit,
3302 1376 3467 1431 videri
3499 1376 3673 1444 possit
3698 1389 3757 1428 ac

2177 1471 2372 1525 debeat
2403 1488 2565 1526 unum
2597 1472 2697 1526 hoc
2730 1472 3091 1526 testimonium
3123 1482 3242 1523 esse
3282 1468 3515 1522 duorum
3559 1468 3755 1520 virtute

2177 1584 2241 1623 ac
2298 1571 2583 1624 sanctitate
2627 1568 3168 1624 eminentissimorum
3215 1563 3588 1619 cardinalium.
3624 1580 3645 1613 ι
3688 1562 3756 1615 lta

2174 1661 2503 1715 contrarium
2550 1670 2736 1715 sancto
2774 1658 2983 1715 doctori
3023 1666 3265 1711 sanetum
3312 1653 3563 1708 Carolum
3610 1652 3752 1713 facit,

2174 1751 2263 1819 qui
2315 1750 2366 1805 id
2415 1766 2481 1805 ne
2520 1750 2807 1805 somniavit
2846 1748 3080 1817 quidem.
3111 1747 3179 1800 At
3215 1759 3335 1799 cum
3370 1742 3619 1796 Valerius
3663 1757 3756 1809 pro

486 1846 772 1900 hrcrcticos
801 1860 936 1900 nova
979 1845 1337 1900 sollicitudine
1382 1859 1523 1899 nunc
1565 1844 1886 1909 defenditur,
1935 1859 2072 1897 nun-
2107 1832 2150 1891 Β
2179 1839 2476 1908 Augustino
2506 1841 2781 1909 loquatur,
2828 1851 3025 1905 suppar
3068 1836 3145 1889 illi
3178 1835 3515 1889 Borromteus
3545 1831 3749 1883 addca-

484 1951 643 2004 quam
693 1935 933 1989 Ecclesia
974 1935 1169 1989 Christi
1220 1950 1324 1989 non
1378 1934 1581 1989 habuit.
1616 1952 1633 1985 ι
1661 1933 1774 1987 Νοιι
1815 1934 1973 2003 igitur
2010 1946 2073 1986 ea

487 2026 539 2078 in
580 2040 636 2079 re
667 2024 873 2081 locutus
894 2034 979 2080 est
1003 2028 1327 2096 Augustinus
1364 2038 1419 2081 ut
1452 2028 1690 2097 privatus
1718 2025 1925 2089 doctor,
1954 2024 2069 2090 sed,

485 2127 545 2171 ιιι
580 2117 739 2172 tradit
767 2117 1075 2183 Perronius,
1107 2129 1164 2173 ut
1205 2136 1261 2174 os
1296 2129 1341 2174 et
1383 2120 1559 2191 lingua
1599 2120 1778 2175 veteris
1808 2118 2068 2172 Ecclesia.

484 2206 662 2272 Quare
701 2209 821 2277 quis
864 2223 969 2263 non
1019 2208 1320 2279 indignetur
1351 2212 1592 2272 Annato,
1626 2212 1715 2279 qui
1763 2226 1856 2265 eos
1886 2220 2073 2265 contra

484 2297 841 2366 Augustinum
874 2307 1039 2354 testes
1075 2303 1313 2354 nominat
1345 2300 1433 2367 qui
1475 2302 1646 2355 sancti
1685 2301 1919 2358 doctoris
1950 2317 2072 2357 sen-

484 2386 680 2440 tentias
710 2388 775 2441 ad
803 2389 1000 2443 cmlum
1032 2403 1199 2459 usque
1238 2389 1483 2444 laudibus
1511 2389 1775 2445 ederunt?

574 2477 722 2534 Itane
745 2490 953 2535 sextum
983 2490 1167 2535 contra
1194 2481 1543 2552 Augustinum
1577 2490 1765 2537 testem
1790 2481 1937 2537 dabit
1965 2482 2069 2536 Ve-

485 2581 615 2623 rona
664 2578 845 2623 nostra
885 2571 1261 2639 Augustinum,
1303 2582 1360 2624 ut
1390 2569 1492 2634 ais,
1543 2573 1881 2627 recentiorem
1911 2572 2070 2627 Vale-

483 2657 624 2711 rium
680 2658 941 2714 Venetum
987 2659 1359 2715 cardinalem?
1426 2660 1523 2716 llic
1574 2661 1667 2715 lib.
1726 2677 1785 2717 ιιι
1842 2662 2066 2717 Rhetor.

486 2747 696 2803 Eceles.
726 2788 740 2813 ,
783 2764 901 2818 cap.
946 2747 1057 2814 42,
1104 2750 1291 2804 horum
1344 2750 1572 2806 clericos
1620 2761 1843 2806 monet:
1875 2772 1892 2803 ι
1925 2752 2068 2808 Beati

486 2837 773 2905 Augustini
798 2839 999 2906 scripta
1030 2838 1212 2894 clerici
1241 2849 1394 2895 caute
1424 2840 1710 2895 admodum
1755 2842 1955 2911 legant.
1994 2842 2068 2895 Ita

485 2928 629 2981 enim
660 2929 906 2983 acumine
934 2928 1126 2997 ingenii
1159 2930 1425 2998 praestitit,
1458 2937 1515 2985 et
1543 2929 1611 2985 de
1634 2930 1793 2986 rebus
1824 2930 2062 2985 dilﬁcili-

496 3020 593 3070 bus
626 3026 731 3072 tam
759 3019 1027 3073 subtiliter
1055 3018 1370 3087 disputavit,
1403 3029 1458 3073 ιιι
1489 3037 1592 3075 non
1628 3012 1884 3076 mediocri
1921 3024 2067 3092 inge-

489 3110 580 3162 nio
610 3110 817 3175 praediti
860 3110 959 3163 viri
989 3111 1107 3176 ejus
1148 3110 1311 3162 libros
1345 3111 1582 3177 legentes
1614 3110 1665 3163 in
1710 3127 1922 3165 errores
1965 3113 2066 3165 ali-

2175 1928 2276 1983 dus
2304 1938 2406 1983 est.
2440 1928 2547 1984 Sed
2579 1944 2676 1997 age
2696 1970 2712 1995 ,
2745 1928 2911 1997 ipsius
2949 1926 3120 1981 sancti
3149 1923 3322 1979 Caroli
3358 1924 3425 1977 de
3452 1921 3756 1990 Augustino

2175 2019 2539 2073 testimonium
2570 2020 2923 2088 proferamus.
2978 2018 3069 2072 ille
3107 2018 3157 2071 in
3187 2015 3415 2084 epistola
3451 2013 3518 2068 ad
3555 2013 3749 2067 civita-

2176 2115 2281 2161 tem
2337 2108 2789 2163 biediolanenscm
2843 2108 2964 2161 ait:
3005 2125 3025 2158 ι
3057 2106 3224 2161 Nemo
3264 2114 3347 2160 est
3393 2103 3483 2173 qui
3539 2103 3753 2171 ignoret

2173 2209 2434 2268 quantum
2463 2200 2711 2255 utilitatis
2743 2210 2796 2255 et
2837 2199 3041 2254 fructus
3070 2197 3310 2252 attulerit
3356 2194 3611 2250 Ecclesia:
3658 2193 3753 2246 Dei

2173 2304 2399 2358 magnus
2428 2289 2570 2342 illius
2594 2289 2781 2344 doctor
2799 2289 3150 2359 Augustinus.
3190 2285 3455 2342 Exstinxit
3482 2286 3531 2338 in
3558 2284 3751 2337 Africa

2172 2383 2511 2449 Manicbaaos,
2545 2385 2747 2453 expulit
2778 2385 3104 2453 Donatistas,
3147 2383 3199 2438 in
3247 2383 3465 2437 nihilum
3497 2379 3751 2449 Pelagia-

2175 2488 2272 2527 nos
2321 2472 2600 2529 haereticos
2648 2474 2885 2545 redegit,
2940 2475 3284 2530 Fortunatum
3338 2473 3761 2529 breresiatcham

2170 2562 2486 2628 confutavit,
2536 2575 2611 2631 et,
2657 2576 2711 2620 ut
2744 2568 2988 2621 universa
3030 2568 3211 2636 paucis
3241 2565 3583 2635 complectar,
3630 2580 3758 2619 om.

2172 2654 2260 2706 nia
2295 2668 2502 2708 venena
2531 2656 2788 2711 adversus
2813 2658 3125 2712 orthodoxa:
3162 2655 3430 2725 religionis
3461 2654 3759 2723 puritatem

2171 2755 2201 2795 a
2232 2740 2477 2798 daemone
2499 2755 2740 2801 eructata
2790 2750 3020 2803 sustulit.
3069 2748 3202 2802 liinc
3232 2749 3424 2803 factum
3472 2754 3549 2801 est
3592 2757 3653 2801 ut
3680 2764 3758 2802 ex

2171 2830 2316 2887 illius
2342 2832 2608 2900 doctrina,
2641 2845 2695 2890 et
2721 2851 2750 2889 a
2784 2836 3031 2891 Patrihus
3064 2837 3312 2891 eumdem
3343 2835 3665 2902 subsecutis,
3696 2850 3760 2892 et

2170 2922 2466 2990 asynodis,
2519 2937 2548 2975 a
2590 2924 2851 2992 theologis
2898 2940 2961 2980 ac
2999 2927 3282 2980 catholicis
3329 2925 3616 2980 academiis
3671 2937 3760 2981 tot

2172 3010 2429 3067 Ecclesia:
2450 3012 2700 3081 dogmata
2730 3014 3092 3071 fulcimentum
3115 3027 3168 3071 et
3197 3017 3362 3071 robur
3381 3017 3716 3085 acceperint.
3738 3038 3759 3069 ι

2171 3099 2235 3153 Ει
2256 3099 2371 3156 haec
2393 3103 2606 3172 quidem
2630 3105 2726 3157 luit
2746 3107 3073 3161 sanctissimi
3103 3107 3503 3164 blediolanensis
3527 3108 3762 3162 antisti~

474 3196 703 3261 quando
744 3197 873 3266 lapsi
910 3197 1036 3249 sint.
1078 3216 1096 3248 ι
1136 3198 1247 3251 Hoc
1282 3198 1551 3267 egregium
1580 3199 1823 3253 scholion
1856 3200 2064 3270 afﬁngit

2172 3190 2239 3244 tis
2268 3190 2334 3245 de
2362 3202 2545 3246 sancto
2571 3195 2867 3263 Augusﬁno
2896 3198 3179 3252 sententia.

489 3289 733 3339 Armatus
765 3300 884 3354 pag.
917 3285 1021 3339 865
1049 3304 1062 3339 :
1101 3305 1120 3338 ι
1155 3287 1221 3341 Ει
1252 3288 1351 3341 hoc
1376 3288 1502 3355 quid
1544 3287 1685 3343 aliud
1713 3298 1796 3342 est
1824 3304 1979 3358 quam
2014 3292 2065 3345 id

486 3374 661 3443 ipsum
708 3375 847 3444 quod
898 3386 1202 3431 monentem
1251 3377 1549 3433 audivimus
1601 3379 2061 3449 Bonaventuram,

487 3467 841 3538 Augusﬁnum
873 3468 986 3536 plus
1026 3469 1204 3525 dicere
1246 3469 1553 3538 aliquando,
1600 3479 1655 3527 et
1701 3472 1877 3526 minus
1922 3473 2062 3528 velle

490 3556 738 3626 intelligi.
775 3575 794 3609 ι
827 3558 871 3612 0
897 3559 1211 3627 prteclarum
1252 3559 1418 3614 nostri
1449 3562 1887 3617 commentatoris
1915 3575 2064 3615 com-

488 3650 757 3702 mentum!
789 3647 1088 3705 Cardiualis
1122 3650 1365 3705 Valerius
1390 3652 1674 3707 nonnullos
1702 3651 2062 3721 Augustiuen-

486 3739 623 3792 sinm
679 3740 933 3795 librorum
992 3741 1222 3796 lectores
1276 3743 1448 3810 lapsos
1502 3743 1552 3795 in
1601 3757 1811 3796 errores
1858 3743 2059 3808 scribit,

486 3830 626 3896 quod
657 3831 1063 3884 subtilissimum
1096 3832 1374 3898 Augustini
1405 3845 1620 3883 sensum
1653 3831 1872 3886 minime
1912 3847 2060 3887 asse-

488 3922 593 3975 cuti
651 3928 792 3973 sunt.
843 3920 1085 3973 Annatus
1135 3934 1199 3972 ex
1252 3920 1465 3973 Valerio
1511 3920 1633 3973 inde
1676 3923 1854 3991 lapsos
1901 3923 2059 3989 dicit,

485 4007 627 4075 quod
674 4008 1004 4075 Augustinus
1049 4007 1326 4075 disputans
1374 4008 1494 4076 plus
1538 4011 1855 4078 quandoque
1886 4014 2063 4067 verbis

486 4094 735 4159 excurrit,
780 4095 917 4163 quod
957 4111 1060 4150 non
1093 4105 1177 4151 est
1218 4098 1285 4152 de
1315 4097 1619 4154 difﬁcilibus
1650 4110 1755 4153 tam
1782 4103 2057 4170 subtiliter,

488 4193 545 4236 ut
565 4183 637 4236 ait
664 4183 925 4251 Valerius,
955 4186 1048 4240 sed
1080 4197 1181 4240 tam
1211 4188 1433 4258 incaute,
1463 4198 1522 4244 ut
1550 4189 1813 4260 interpres
1838 4202 2059 4247 conten—

483 4274 581 4342 dit,
610 4274 930 4344 diSputasse.
970 4275 1016 4331 Ο
1044 4279 1222 4346 superi
1252 4282 1405 4336 mites
1434 4281 1673 4337 animos!
1708 4282 1928 4353 Magnus
1967 4285 2059 4341 ille

485 4367 671 4435 patriae
722 4383 855 4422 inea:
898 4369 1121 4425 antistes
1167 4372 1534 4440 Augustiniani
1587 4375 1780 4445 ingenii
1831 4391 2054 4432 acumen

486 4464 646 4525 atque
693 4456 745 4510 in
797 4457 1117 4528 disputando
1161 4461 1527 4530 subtilitatem,
1577 4480 1736 4534 quam
1777 4465 2053 4535 p'crique,

2170 3299 2197 3370 §
2234 3299 2323 3381 IV_.
2358 3301 2522 3381 _Falli
2570 3309 2776 3381 sesqui
2812 3320 3042 3360 sanctum
3098 3312 3433 3381 Augustinum
3478 3311 3757 3369 interdum

2294 3373 2593 3441 iniquiorem
2616 3373 2773 3431 libero
2792 3381 3001 3432 arbitrio
3024 3373 3609 3448 {uissevcaluumiantun

2234 3460 2362 3517 Post
2392 3475 2712 3532 purpuratos
2752 3476 2915 3523 testes
2950 3470 3217 3539 ingentem
3245 3471 3466 3526 aliorum
3506 3474 3759 3543 scripto.

2174 3565 2294 3605 rum
2325 3561 2591 3608 catervam
2629 3565 2818 3611 contra
2846 3570 3084 3612 sanctum
3122 3562 3467 3629 Augustinum
3499 3561 3755 3626 trahunt,

2171 3656 2306 3708 quos
2330 3643 2601 3712 sigillatim
2632 3657 2878 3715 repetere
2918 3666 3019 3704 non
3051 3662 3218 3717 vacat,
3250 3667 3343 3707 eos
3374 3668 3499 3708 vero
3521 3653 3588 3706 ad
3627 3670 3756 3712 cer-

2167 3739 2246 3786 tas
2273 3733 2437 3789 veluti
2473 3736 2674 3792 classes
2706 3739 2968 3809 redigam,
3010 3740 3054 3796 si
3082 3743 3167 3812 qui
3210 3743 3385 3810 plures
3410 3743 3463 3799 in
3490 3748 3755 3802 eamdem

2163 3821 2230 3875 de
2255 3821 2553 3891 Augustino
2577 3829 2883 3896 Opinionem
2908 3831 3152 3887 coierint.
3186 3834 3249 3887 Et
3278 3836 3448 3903 primo
3477 3835 3593 3889 loco
3632 3853 3746 3906 0p-

2163 3920 2369 3981 ponunt
2412 3914 2656 3971 Annatus
2702 3919 2838 3974 libro
2884 3936 3004 3989 vm,
3063 3923 3296 3979 Adamus
3338 3936 3469 3994 part.
3521 3942 3576 3980 ιιι
3616 3930 3751 3985 Cal.

2162 4006 2367 4075 destr.,
2417 4023 2536 4080 cap.
2587 4012 2660 4079 7,
2717 4022 2773 4068 et
2831 4015 3175 4086 Decampsius
3227 4019 3365 4074 libro
3422 4036 3475 4074 ut
3521 4019 3749 4079 Har-cs.

2163 4096 2412 4168 Jansen.,
2443 4101 2641 4171 disput.
2676 4106 2729 4173 l,
2759 4121 2879 4174 cap.
2912 4109 2966 4177 5,
3002 4107 3401 4165 Genebrardum
3431 4114 3749 4182 Aquensem

2162 4191 2475 4257 antistitem,
2509 4196 2561 4249 in
2609 4197 2835 4266 epistola
2887 4201 3102 4268 prastixa
3144 4203 3394 4271 Operibus
3444 4184 3699 4274 Origenis
3729 4252 3746 4274 ,

2164 4280 2445 4337 Albertum
2477 4285 2719 4355 Pighium
2746 4288 2837 4342 lib.
2879 4305 2935 4345 ιιι
2965 4291 3029 4346 de
3064 4291 3255 4348 Libero
3283 4292 3479 4360 Arbit.,
3519 4302 3570 4349 et
3602 4296 3747 4351 Six-

2163 4379 2272 4425 tum
2302 4373 2601 4435 Senensem
2625 4379 2679 4432 in
2712 4381 2915 4445 puniat.
2965 4382 3057 4437 lib.
3089 4398 3120 4435 ν
3151 4383 3511 4452 Bibliotheca,
3541 4386 3745 4441 dicen-

2162 4470 2241 4517 tes
2268 4466 2622 4534 Augustinum
2661 4468 2927 4524 interdum
2972 4472 3137 4527 libero
3176 4473 3397 4527 arbitrio
3436 4473 3593 4528 fuisse
3632 4477 3745 4531 ini-

485 4546 609 4603 licet
639 4548 801 4603 nobili
828 4550 1039 4616 ingenio
1067 4550 1294 4618 prtcditi,
1328 4556 1538 4623 assequi
1573 4557 1878 4625 nequivere,
1905 4573 2052 4611 cum-
2077 4541 2132 4601 Β
2156 4552 2422 4621 quiorem.
2453 4555 2619 4611 Vetus
2646 4574 2705 4612 ea
2736 4560 2952 4628 quidem
2984 4576 3047 4616 ac
3077 4562 3287 4617 rancida
3326 4564 3743 4634 Pelagianorum

482 4640 732 4705 mendat;
787 4642 1026 4695 Annatus
1064 4639 1188 4694 inde
1230 4652 1414 4695 contra
1462 4646 1812 4711 Augustinum
1861 4662 2049 4701 exces-

480 4745 635 4784 suum
667 4733 1059 4787 accusationem
1087 4731 1264 4796 struit,
1290 4747 1350 4786 ac
1372 4741 1560 4787 testem
1586 4743 1772 4787 contra
1800 4747 2047 4790 sanctum

477 4827 752 4883 doctorem
783 4828 929 4883 illum
960 4845 1019 4884 se
1048 4828 1177 4883 dare
1207 4828 1379 4898 lingit,
1426 4830 1515 4896 qui
1547 4836 1629 4883 est
1655 4828 1893 4898 ejusdem
1937 4834 2050 4885 Au-

476 4916 672 4980 gustini
698 4917 924 4971 eximius
953 4917 1217 4975 laudator.
1270 4919 1385 4975 Eos-
1404 4934 1535 4973 sane
1564 4919 1632 4973 de
1670 4919 1863 4987 quibus
1896 4919 2050 4975 Vale-

479 5004 588 5058 rius
634 5004 867 5073 loquitur
895 5009 946 5061 in
994 5021 1209 5064 errores
1256 5011 1430 5075 lapsos
1475 5008 1659 5073 fuisse,
1701 5010 2051 5077 Augustinine

479 5111 544 5150 an
596 5094 832 5164 ipsorum
893 5100 984 5167 qui
1044 5102 1398 5170 Augustinum
1463 5118 1566 5155 non
1634 5102 2045 5171 intellexerunt,

475 5185 630 5256 culpa
658 5187 773 5240 est?
810 5187 938 5253 Quis
983 5201 1160 5245 autem
1201 5193 1403 5246 nesciat
1450 5192 1711 5260 plurimos
1754 5193 2048 5260 profundos

477 5279 832 5346 quorumdam
882 5295 1050 5336 sacrae
1104 5284 1307 5350 paginae
1358 5285 1640 5339 verborum
1695 5300 1886 5339 sensus
1941 5301 2045 5339 non

474 5378 821 5438 assequentes
848 5370 899 5423 in
930 5371 1160 5441 hasreses
1183 5374 1386 5427 ruisse?
1430 5373 1573 5428 Itane
1600 5373 1651 5427 in
1670 5376 1819 5430 sacri
1845 5376 2042 5445 eloquii

476 5467 748 5513 auctorem
780 5458 1036 5526 Spiritum
1074 5471 1313 5516 sanctum
1341 5463 1548 5529 culpam
1578 5462 1940 5529 devolremus,
1974 5481 2042 5520 an

477 5559 580 5597 non
613 5548 665 5598 in
690 5546 925 5614 ipsorum
956 5551 1129 5616 potius
1160 5550 1531 5619 petulantiam,
1564 5554 1653 5621 qui
1684 5553 1819 5607 ultra
1849 5555 2044 5624 ingenii

479 5632 621 5685 vires
641 5648 761 5687 sese
782 5636 1011 5692 evehere
1040 5643 1214 5694 conati
1248 5642 1402 5696 sunt!
1438 5641 1570 5697 llinc
1597 5644 1803 5699 erudite
1836 5645 2044 5700 Facun-

479 5715 593 5787 tius,
621 5718 1015 5780 llermtauensis
1042 5729 1343 5796 episcopus,
1392 5732 1477 5798 qui
1511 5746 1606 5799 pro
1640 5732 1807 5786 tribus
1829 5733 2045 5805 Capitu-

2160 4644 2821 4716 etSemi-l’elagianorum
2863 4636 3258 4723 calumniaest.
3288 4653 3535 4713 Julianus,
3576 4654 3685 4709 lib.
3725 4673 3742 4712 ι

2160 4734 2349 4804 Operis
2380 4736 2615 4804 impcrf.,
2647 4753 2768 4807 cap.
2797 4739 2887 4804 Si,
2913 4741 3303 4811 scribitcontra
3336 4740 3678 4811 Augustinum
3716 4766 3732 4798 :

2166 4844 2183 4875 ι
2223 4824 2472 4880 Liberum
2503 4828 2779 4883 arbitrium
2812 4830 2863 4883 iu
2898 4840 3083 4886 natura
3124 4832 3356 4887 hominis
3394 4845 3735 4903 perseverat,

2159 4920 2301 4988 quod
2334 4930 2387 4972 ut
2416 4929 2470 4974 tu
2500 4936 2625 4978 ιιιιιιι
2650 4922 2956 4977 blanicbaais
2989 4938 3170 4992 negas,
3218 4926 3288 4979 ita
3315 4940 3410 4979 nos
3438 4939 3552 4978 cum
3587 4936 3735 4993 apo-

2156 5012 2311 5065 stolis
2339 5020 2393 5065 et
2420 5013 2671 5067 omnibus
2697 5013 2972 5067 catholicis
3002 5015 3337 5069 conﬁtemur.
3378 5033 3396 5066 ι
3452 5014 3522 5067 De
3549 5013 3730 5068 Serui-

2154 5101 2453 5172 Pelagianis
2502 5112 2650 5171 patet
2680 5117 2745 5156 ex
2786 5104 3012 5171 epistola
3056 5105 3300 5173 PrOSperi
3343 5105 3407 5158 ad
3450 5102 3728 5169 Rufinum,

2151 5192 2301 5261 cujus
2341 5190 2500 5247 verba
2547 5192 2667 5245 data
2713 5202 2836 5245 sunt
2868 5191 2896 5263 §
2932 5193 3212 5258 LQuanta
3262 5204 3439 5248 autem
3491 5192 3727 5247 veritate

2151 5282 2288 5336 hanc
2317 5297 2347 5335 a
2393 5296 2451 5336 se
2484 5281 2801 5336 calumniam
2834 5282 3160 5351 AuguStinus
3212 5283 3557 5351 propulsavit,
3600 5283 3732 5337 illos

2150 5376 2319 5433 Solum
2351 5372 2561 5427 nescire
2591 5374 2820 5427 arbitror
2849 5373 2941 5442 qui
2970 5374 3141 5429 sancti
3171 5374 3406 5427 doctoris
3432 5372 3589 5426 libros
3625 5390 3734 5427 nec

2152 5475 2180 5514 a
2206 5461 2371 5515 limite
2400 5460 2768 5515 salutaverint.
2801 5461 2966 5516 Totus
2994 5462 3128 5516 liber
3161 5461 3228 5517 de
3258 5462 3441 5517 Gratia
3469 5472 3521 5516 et
3552 5459 3735 5516 libero

2152 5552 2371 5606 arbitrio
2404 5568 2497 5619 pro
2521 5551 2749 5605 humana
2783 5552 3030 5606 libertate
3059 5553 3325 5618 decertat;
3363 5552 3511 5607 initio
3539 5553 3729 5605 statim

2154 5642 2267 5695 Innc
2302 5642 2485 5695 scribit
2519 5658 2532 5695 :
2569 5660 2587 5693 ι
2624 5643 2881 5707 Quoniam
2903 5642 3259 5711 suntquidam
3283 5642 3470 5710 quisic
3496 5640 3731 5710 gratiam

2158 5733 2247 5799 Dei
2280 5732 2561 5799 defendunt
2594 5742 2649 5789 ut
2679 5743 2872 5802 negent
2902 5732 3131 5795 hominis
3162 5734 3385 5791 liberum
3414 5732 3729 5800 arbitrium,
