3930 6318
230 354 328 411 737

1396 360 1716 419 VlNDlCiJi
1757 359 2324 419 AUGUSTINIANE.

3394 370 3515 426 758»

229 485 319 530 aut
350 477 562 548 quando
603 479 769 548 gratia
811 476 1127 545 defenditur,
1183 481 1363 549 negari
1401 479 1708 534 existiment
1744 479 1808 532 li-
1841 479 1892 538 Α
1921 478 2061 546 quod
2095 480 2145 532 in
2186 479 2526 548 Enchiridio,
2561 495 2676 552 cap.
2727 483 2796 538 30
2818 527 2832 551 ,
2876 485 2961 541 his
2988 490 3291 556 expressit:
3318 490 3504 548 Libero

228 567 414 624 baratr-
469 569 770 634 arbitrium,
805 568 926 624 hinc
957 570 1155 639 aliquid
1196 570 1435 626 scribere
1480 571 1546 624 ad
1580 579 1812 628 vestram
1848 630 1856 636 ,

219 655 565 724 eherl‘atem,
623 657 902 712 Valentino
956 659 1138 725 frater,
1182 668 1234 713 ct
1283 659 1464 714 caeteri
1517 660 1609 728 qui
1656 659 1813 714 simul

221 745 382 804 itit-eos
403 750 608 815 ervitis,
639 752 993 820 compellente
1018 763 1197 806 mutua
1239 753 1519 818 cbaritate,
1550 752 1755 808 curavi.
1788 771 1806 803 ι

299 837 678 895 Geta'brardus
729 841 845 895 ait:
877 844 1192 912 Augustinus
1240 844 1336 913 fuit
1377 845 1601 914 iniquior
1655 844 1815 896 inter-

189 931 352 1003 ,dttm
397 932 555 985 (ibe-ro
583 934 810 987 arbitrio.
861 934 1044 988 Sixtus
1094 936 1375 1000 Senensis,
1410 951 1528 1005 pag.
1571 935 1697 1002 875,
1734 946 1814 990 te-

191 1001 406 1080 Istatur
432 1034 678 1076 sanetum
733 1023 1006 1078 doctorem
1061 1027 1228 1079 minus
1284 1029 1544 1079 interdum
1594 1028 1816 1081 tribuere

219 1127 380 1179 quam
427 1128 521 1178 par
570 1114 633 1165 sit
678 1112 848 1166 libera:
897 1114 1119 1169 hominis
1168 1114 1438 1169 voluntati.
1490 1116 1550 1170 lli
1599 1117 1814 1186 quidem

222 1218 497 1257 INTERDUI
558 1204 730 1258 libero
785 1204 1008 1259 arbitrio
1065 1205 1242 1259 minus
1298 1221 1508 1276 aequum
1571 1216 1814 1262 sanctum

218 1293 510 1347 doctorem
542 1295 703 1350 fuisse
735 1295 1025 1349 affirmant.
1071 1300 1141 1350 At
1185 1297 1529 1366 Decampsius
1575 1299 1816 1366 proxime

219 1388 535 1439 nominatus
566 1385 632 1439 de
686 1386 874 1440 iisdem
923 1385 1427 1442 scribit:Sanctum
1475 1390 1815 1459 Augustinum

219 1493 478 1530 veneram:
536 1479 692 1532 libero
735 1479 950 1531 arbitrio
998 1479 1166 1532 minus
1208 1496 1410 1550 (equum
1461 1482 1620 1549 fuisse
1666 1482 1817 1551 afﬁr-

217 1580 391 1623 mant.
437 1570 617 1639 Neque
666 1571 749 1624 hic
802 1571 1034 1625 fideliter
1088 1572 1298 1627 testium
1348 1574 1489 1629 dicta
1535 1575 1810 1631 exhibent.

221 1658 349 1710 lmo
403 1674 501 1711 nec
549 1660 703 1714 Sixto
757 1660 982 1716 Senensi
1041 1664 1366 1731 Augustinus
1424 1665 1811 1735 indignaretur,

214 1747 316 1815 qui
344 1757 525 1816 aperte
547 1749 664 1802 hace
697 1750 854 1803 habet
883 1751 977 1804 lib.
1007 1751 1073 1805 de
1104 1752 1281 1806 Gratia
1305 1751 1525 1822 Christi,
1557 1772 1674 1826 cap.
1711 1755 1810 1810 ωε

1917 570 2128 623 arbitrio
2158 571 2292 625 mals
2319 581 2461 626 utens
2489 574 2662 640 homo,
2694 584 2741 631 et
2784 593 2836 631 se
2865 579 3089 647 perdidit
3138 590 3183 633 et
3211 583 3398 650 ipsum.
3432 589 3503 640 At

1917 661 2104 716 eadem
2139 663 2312 717 ferula
2361 666 2689 733 vapulabunt
2725 670 2915 740 synodi
2956 685 3024 726 ac
3065 673 3381 742 pontifices',
3410 677 3502 744 qui

1917 754 2106 808 iisdem
2139 756 2318 810 verbis
2348 760 2672 815 sanctissimi
2699 763 2935 832 magistri
2968 778 3184 820 sensum
3218 765 3501 822 definiere.

1919 843 2146 900 Sanctus
2175 846 2422 902 Gelasius
2454 863 2610 918 papa,
2645 851 2696 905 in
2727 855 2951 920 epistola
2979 855 3045 910 ad
3075 857 3361 926 episc0pos
3409 873 3506 927 per

1918 932 2194 999 Picenum,
2225 936 2338 990 ait:
2370 957 2388 987 ί
2427 939 2620 995 Dicunt
2648 944 2788 1011 quod
2831 944 2992 999 homo
3021 960 3117 1015 per
3148 947 3376 1003 liberum
3410 963 3503 1003 ar-

1917 1026 2154 1093 bitrium,
2191 1030 2333 1096 quod
2377 1033 2618 1102 corrupit
2642 1075 2656 1100 ,
2690 1035 2908 1090 foedavit
2937 1052 2999 1092 ac
3050 1053 3320 1102 PEBDIBIT,
3359 1040 3502 1095 bono

1916 1116 2243 1188 suffragante
2290 1130 2496 1177 natura:
2544 1123 2732 1180 beatus
2781 1127 3066 1184 efficiatur.
3125 1150 3145 1185 ι
3200 1132 3502 1188 Concilium

1918 1211 2076 1266 etiam
2108 1211 2494 1269 Arausicanum
2517 1256 2534 1282 ,
2573 1233 2692 1273 can.
2723 1220 2821 1285 15,
2873 1219 2990 1277 haec
3035 1224 3260 1279 definit:
3293 1245 3312 1277 ι
3350 1225 3504 1281 Arbi-

1919 1301 2077 1355 trium
2109 1304 2400 1359 voluntatis
2448 1308 2501 1360 in
2529 1309 2704 1376 primo
2756 1309 2972 1366 homine
3001 1312 3327 1369 infirmatum
3352 1356 3367 1381 ,
3399 1317 3502 1372 nisi

1920 1407 2014 1461 per
2056 1396 2279 1463 gratiam
2339 1398 2590 1467 baptismi
2641 1414 2745 1454 non
2796 1409 2972 1469 potest
3031 1406 3303 1472 reparari,
3358 1407 3502 1473 quod

1918 1497 2163 1550 AMISSUM,
2199 1485 2303 1539 nisi
2337 1501 2366 1540 a
2399 1503 2507 1556 quo
2536 1491 2706 1556 potuit
2735 1490 2889 1557 dari,
2922 1506 3027 1547 non
3058 1500 3236 1562 potest
3264 1494 3436 1549 reddi.
3477 1513 3498 1546 ι

1916 1572 2046 1640 Quis
2069 1575 2210 1630 enim
2248 1585 2407 1646 neget
2435 1578 2699 1634 Adamum
2731 1582 2978 1638 amisisse
3007 1593 3330 1652 potestatem
3358 1585 3500 1641 bene

1917 1679 1980 1719 ac
2033 1667 2308 1722 meritorie
2367 1670 2629 1737 operandi
2681 1673 2749 1726 ob
2797 1682 3072 1742 peccatum
3119 1677 3504 1730 commissum?

1917 1751 2056 1808 Sane
2082 1755 2194 1809 haec
2219 1765 2302 1810 est
2321 1761 2492 1812 sancti
2514 1759 2810 1817 lnnocentii
2831 1763 3072 1819 deﬁnitio
3102 1765 3155 1818 in
3184 1766 3409 1834 epistola
3433 1768 3503 1821 ad

223 1858 246 1889 ‹
279 1839 383 1894 Seti
409 1840 527 1907 quia
559 1841 658 1894 ista
684 1841 929 1909 quaestio,
974 1844 1060 1898 ubi
1092 1844 1160 1898 de
1182 1846 1403 1900 arbitrio
1437 1848 1727 1902 voluntatis
1759 1859 1812 1905 et
1841 1837 1891 1898 Β
1918 1844 2104 1900 Pall'es
2132 1848 2584 1918 (Σπιῒιεείηεηεεε
2613 1870 2625 1904 ε
2662 1871 2681 1905 (
2718 1853 2970 1910 Liberum
3009 1857 3154 1912 enim
3189 1858 3503 1923 arbitrium.

217 1920 324 1984 Dei
355 1933 525 2000 gratia
569 1932 892 2002 disputatur,
927 1934 998 1989 ita
1032 1944 1117 1990 est
1142 1936 1204 1988 ad
1237 1936 1646 1994 discernendum
1673 1940 1812 1994 difﬁ-

212 2020 367 2084 cilis,
420 2032 473 2076 ut
508 2023 721 2089 quando
751 2023 1056 2079 defenditur
1098 2026 1322 2081 liberum
1366 2029 1666 2095 arbitrium,
1716 2047 1811 2087 ne-

214 2111 338 2178 gari
390 2111 480 2166 Dei
518 2115 687 2182 gratia
743 2114 1004 2182 videatur,
1067 2118 1284 2185 quando
1326 2128 1502 2174 autem
1556 2123 1814 2178 asseritur

225 2201 326 2255 Dei
355 2203 540 2270 gratia,
571 2204 796 2257 liberum
824 2206 1101 2261 arbitrium
1131 2217 1345 2277 putetur
1374 2212 1593 2266 auferri.
1633 2233 1650 2266 ι
1681 2213 1813 2269 Cum

227 2306 363 2343 Vero
417 2291 660 2348 Julianus
713 2296 1003 2364 objecisset
1061 2299 1359 2369 Augustino
1407 2303 1587 2360 dicere
1640 2305 1812 2375 ipsum

224 2382 460 2436 liberum
508 2384 602 2438 arb
626 2386 789 2440 trittm
835 2387 926 2442 Dei
971 2391 1199 2460 gratiam
1246 2397 1676 2454 commendando
1722 2415 1814 2456 ne.

216 2475 364 2541 gari,
413 2477 699 2544 re-pondet
750 2479 842 2533 lib.
896 2495 948 2535 tv
994 2494 1178 2537 contra
1231 2488 1501 2556 eumdem,
1554 2504 1672 2558 cap.
1730 2490 1812 2546 8:

220 2562 354 2616 Non
387 2566 497 2617 dixi
540 2569 712 2635 negari
746 2570 1015 2625 arbitrium
1082 2575 1314 2640 liberum,
1352 2581 1428 2632 vel
1470 2582 1682 2648 auferri,
1731 2585 1818 2637 sed

219 2658 366 2722 dixi,
416 2669 470 2711 ut
515 2670 717 2728 putetur
745 2667 961 2732 auferri.
995 2668 1243 2723 Albet'tus
1291 2671 1504 2741 Pighius
1552 2674 1820 2742 ineptissi-

220 2765 356 2803 snus
394 2753 564 2805 sancti
598 2754 832 2810 doctoris
862 2772 1052 2812 censor
1084 2767 1184 2824 est,
1219 2776 1338 2814 nam
1369 2763 1504 2817 lihro
1546 2779 1604 2818 nt
1637 2766 1704 2820 de
1732 2765 1821 2819 Li-

222 2843 366 2896 bero
415 2845 648 2900 Arbitrio
692 2848 804 2902 haec
836 2850 886 2903 in
917 2860 1159 2905 sanctum
1210 2853 1563 2922 Augustinum
1609 2857 1820 2915 effutire

225 2948 341 2986 non
364 2935 611 2989 extimuit
640 2955 652 2989 :
684 2955 703 2989 ι
740 2938 932 2994 Libero
961 2941 1184 2996 arbitrio
1225 2943 1422 2998 alicubi
1470 2946 1676 3002 videtur
1704 2949 1819 3002 ini-

227 3025 406 3092 quior,
454 3028 613 3081 etiam
644 3043 829 3098 parum
865 3031 958 3096 illi,
1007 3049 1165 3103 quam
1197 3044 1408 3104 potest,
1445 3038 1633 3094 tribuit
1662 3058 1673 3093 :
1703 3041 1819 3110 ejus

230 3114 540 3171 facultatem
568 3119 649 3172 vel
698 3131 970 3186 extenuat,
1015 3125 1094 3178 vel
1145 3124 1465 3193 dissimulat,
1499 3130 1582 3183 vel
1614 3130 1812 3198 eludit;

230 3217 380 3263 certe
418 3211 664 3265 omnibus
713 3212 913 3268 viribus
963 3213 1165 3283 dejicit.
1206 3234 1224 3267 ι
1256 3217 1386 3283 Quis
1428 3228 1608 3276 autem
1646 3223 1816 3292 impu-
1843 3187 1891 3251 Ο

231 3302 412 3358 όθηῑτε
439 3304 666 3361 hominis
699 3308 1004 3363 testimonio
1033 3310 1237 3375 credat,
1290 3327 1409 3366 cum
1439 3325 1656 3370 sanctus
1684 3318 1818 3372 llor—

235 3393 435 3447 misdas
477 3411 607 3464 papa
663 3398 715 3452 in
763 3399 985 3468 epistola
1035 3402 1101 3456 ad
1140 3402 1512 3460 Possessorem
1567 3410 1811 3464 scribat:

238 3500 260 3536 ι
299 3482 374 3536 De
406 3485 628 3541 arbitrio
669 3497 842 3542 tamen
895 3489 1063 3545 libero
1101 3499 1154 3546 et
1197 3493 1363 3561 gratia
1405 3495 1500 3549 Dei
1537 3497 1662 3564 quid
1712 3499 1818 3553 Ro-

235 3588 417 3638 mana,
454 3577 552 3631 hoc
580 3587 661 3631 est
685 3579 942 3633 catholica
971 3591 1226 3650 sequatur
1255 3592 1309 3637 et
1338 3594 1517 3639 servet
1556 3587 1816 3652 Ecclesia,

238 3665 368 3718 licet
416 3665 467 3719 in
514 3667 670 3724 variis
710 3671 858 3725 libris
899 3673 957 3725 Β.
1008 3674 1310 3742 Augustini,
1367 3685 1422 3729 et
1479 3677 1711 3733 maxime
1751 3680 1818 3734 ad

239 3754 563 3821 Prosperum
595 3768 649 3812 et
679 3759 932 3815 Hilarium
956 3762 1164 3816 abunde
1189 3765 1353 3832 possit
1379 3769 1650 3836 cognosci,
1669 3787 1684 3818 ι
1713 3779 1816 3824 etc.

236 3843 419 3911 Itaque
450 3846 728 3915 Augustini
758 3850 1000 3905 doctrina
1029 3853 1095 3906 de
1125 3853 1294 3908 libero
1325 3855 1547 3910 arbitrio
1578 3858 1819 3912 dot-trina

240 3934 497 3990 Ecclesite
529 3947 628 3991 est.
671 3939 784 3993 Non
820 3942 980 4010 igitur
1023 3943 1237 4013 iniquus
1277 3954 1359 4000 est
1401 3948 1726 4016 Augustinus
1759 3950 1822 4003 li-

238 4028 370 4082 bero
401 4030 648 4097 arbitrio,
704 4049 807 4087 non
856 4034 984 4088 illud
1038 4035 1205 4100 elidit,
1239 4051 1345 4091 non
1395 4047 1680 4104 extenuat,
1713 4057 1819 4097 non

236 4118 499 4185 suffocat;
533 4138 652 4175 nam
684 4124 969 4190 pessimum
1002 4125 1199 4196 alioqui
1233 4128 1472 4183 Ecclesia
1508 4133 1818 4200 magistrum

235 4219 572 4275 sequeretur.
620 4212 750 4279 Quis
785 4214 943 4268 etiam
979 4231 1085 4285 non
1124 4227 1344 4286 spernat
1376 4219 1612 4288 ineptum
1648 4221 1818 4290 Pighii

235 4300 548 4366 consilium,
601 4317 707 4371 quo
754 4314 935 4358 monet
964 4296 1030 4359 ad
1059 4321 1240 4360 veram
1281 4307 1348 4363 de
1391 4309 1559 4364 libero
1597 4311 1820 4368 arbitrio

233 4390 533 4444 doetrinam
567 4384 962 4461 percipiendam
1007 4397 1262 4464 legendos
1293 4411 1411 4452 esse
1448 4400 1621 4466 potius
1655 4402 1820 4457 libros

235 4481 407 4533 sancti
449 4483 684 4536 doctoris
726 4485 789 4537 ad
827 4485 1122 4540 catholicos
1152 4487 1325 4550 datos,
1376 4503 1532 4556 quam
1581 4489 1819 4559 reliquos

1919 1937 2114 2006 inquit,
2148 1939 2237 1994 ille
2268 1955 2558 2009 perpessus
2581 1985 2594 2009 ,
2630 1944 2756 1998 dum
2787 1945 2900 2000 suis
2947 1947 3300 2003 inconsultius
3337 1948 3505 2003 utitur

1915 2028 2093 2097 bonis,
2126 2031 2324 2087 cadens
2355 2033 2407 2089 in
2438 2035 2895 2104 praevaricationis
2925 2038 3187 2108 profunda
3217 2039 3505 2096 demersus

1916 2129 2020 2182 est,
2051 2127 2103 2173 et
2133 2119 2264 2173 nihil
2296 2123 2746 2190 quemadmodum
2775 2126 2972 2183 exinde
2999 2142 3288 2198 exsurgere
3317 2143 3503 2198 posset

1918 2208 2138 2275 invenit,
2171 2225 2375 2280 suaque
2406 2212 2459 2266 in
2490 2223 2752 2272 aeternum
2780 2215 3028 2273 libertate
3058 2220 3314 2289 deceptus
3338 2221 3500 2291 hujus

1919 2301 2074 2354 ruina
2100 2302 2359 2370 jacuisset
2387 2320 2698 2375 Oppressus,
2729 2307 2829 2364 nisi
2867 2325 2988 2366 eum
3021 2324 3144 2381 post
3178 2313 3378 2370 Christi
3408 2330 3505 2384 pro

1916 2405 2011 2444 sua
2045 2394 2213 2461 gratia
2266 2396 2566 2453 relevasset
2611 2399 2896 2456 adventus.
2939 2423 2957 2454 ι
2990 2404 3252 2460 Audiatur
3293 2408 3504 2462 interim

1917 2483 2000 2535 sui
2032 2483 2303 2552 interpres
2340 2488 2700 2558 Augustinus,
2747 2494 2887 2562 apud
2935 2498 3281 2563 apostolicam
3321 2501 3506 2556 sedem

1920 2585 2014 2623 sua
2044 2571 2184 2626 dicta
2219 2590 2534 2643 exponens:
2568 2597 2586 2629 ι
2625 2581 2851 2636 Peccato
2882 2585 3010 2638 Adae
3041 2586 3323 2641 arbitrium
3365 2589 3506 2644 libo.

1921 2672 2038 2712 rum
2069 2660 2136 2714 de
2166 2663 2661 2739 hominum'natura
2691 2672 2922 2736 periisse
2970 2688 3075 2727 non
3109 2675 3338 2729 dicimus
3363 2719 3378 2742 ,
3411 2680 3508 2732 sed

1924 2747 1989 2800 ad
2020 2750 2343 2816 peccandum
2374 2751 2556 2809 valere
2580 2756 2633 2809 in
2668 2757 2974 2814 hominibus
3019 2762 3244 2817 subditis
3272 2763 3511 2840 diabolo,

1931 2837 1996 2891 ad
2037 2839 2176 2894 bene
2223 2851 2402 2897 autem
2436 2845 2632 2915 pieque
2676 2848 2961 2904 vivendum
3009 2865 3112 2905 non
3155 2854 3371 2921 valere,
3407 2837 3509 2911 nisi

1926 2926 2038 2995 ipsa
2071 2931 2318 2986 voluntas
2360 2932 2597 2989 hominis
2639 2937 2733 2994 Dei
2775 2941 2946 3010 gratia
2979 2941 3140 2998 fuerit
3171 2945 3427 3012 liberata,
3456 2957 3512 3000 et

1923 3018 1989 3072 ad
2014 3033 2173 3076 omne
2201 3022 2398 3078 bonum
2426 3028 2681 3093 actionis,
2709 3033 2996 3099 sermonis,
3044 3035 3381 3103 cogitationis
3413 3038 3512 3092 ad-

1923 3107 2032 3175 juta
2066 3110 2205 3178 (Lib.
2237 3129 2274 3166 ιι
2301 3116 2369 3167 ad
2393 3116 2595 3187 Boni/2,
2625 3136 2739 3190 cap.
2764 3120 2817 3188 5,
2849 3133 2896 3177 et
2923 3125 3012 3178 lib.
3040 3141 3078 3193 ι,
3107 3143 3224 3196 cap.
3249 3127 3326 3199 2).

1924 3225 1950 3298 §
1980 3228 2039 3282 V.
2083 3229 2370 3322 Ij’alli‘item
2413 3241 2629 3322 ευρ.ρηὶ
2655 3242 2855 3322 dicunt
2891 3256 3124 3301 sanctum
3147 3248 3513 3322 .Augustinum

1997 3311 2175 3380 (antra
2204 3303 2384 3380 Arium
2412 3307 2482 3358 ad
2508 3303 2814 3380 sabellium,
2850 3325 2898 3367 et
2925 3324 3106 3372 contra
3135 3303 3511 3379 Sabé’lli—uin‘ati

1992 3369 2174 3424 Arium
2213 3375 2513 3430 declinasse.

2001 3481 2147 3536 Duos
2186 3483 2318 3538 alios
2351 3495 2516 3540 testes
2539 3497 2726 3541 contra
2767 3490 3118 3559 Augustinum
3151 3496 3234 3550 vel
3265 3500 3508 3554 nolentes

1925 3571 2089 3624 trahit
2111 3573 2374 3637 Annatus,
2401 3573 2705 3629 Cornelium
2732 3577 2965 3633 Mussum
2989 3582 3299 3651 episcopum
3327 3586 3511 3640 Bitun-

1925 3660 2118 3724 tinum,
2168 3676 2292 3730 pag.
2327 3663 2454 3726 8L5,
2501 3672 2556 3716 et
2604 3680 2849 3732 magnum
2902 3668 3204 3740 theologum
3247 3674 3509 3731 Joannem

1927 3751 2168 3820 Scotum,
2202 3767 2320 3820 pag.
2355 3754 2478 3808 872.
2504 3755 2598 3811 llle
2626 3757 2837 3825 quidem
2875 3761 2926 3814 in
2959 3776 3079 3832 cap.
3107 3761 3138 3815 5
3169 3764 3410 3833 epistola:
3431 3769 3503 3823 ad

1925 3840 2194 3898 Romanos
2222 3846 2295 3898 ait
2323 3862 2336 3896 :
2374 3865 2390 3897 ι
2425 3845 2540 3901 Νοη
2564 3863 2691 3918 ergo
2714 3865 2806 3904 vos
2831 3865 3038 3907 moveat
3067 3856 3395 3926 Augustinus
3421 3862 3508 3916 vel

1928 3935 2215 3989 tantillum.
2247 3936 2357 3991 Hoc
2380 3947 2461 3992 est
2489 3939 2631 3992 enim
2666 3939 2736 3994 illi
2765 3942 3036 4010 peculiare
3059 3956 3246 4001 utcum
3269 3949 3504 4018 aliquem

1926 4036 2192 4094 expugnat
2238 4042 2474 4082 errorem
2503 4069 2516 4092 ,
2550 4038 2694 4084 tanta
2724 4033 3060 4089 vehementia
3092 4037 3238 4092 illum
3281 4055 3512 4111 exagge-

1927 4125 2027 4177 ret,
2067 4125 2122 4169 ut
2147 4116 2304 4171 alteri
2337 4120 2583 4186 opposito
2609 4135 2824 4175 causam
2854 4125 3093 4191 praebere
3117 4128 3377 4185 videatur.
3409 4131 3506 4198 ita,

1926 4219 2048 4258 cum
2079 4206 2263 4260 Arium
2299 4208 2615 4276 insectatur,
2646 4211 2854 4266 videtur
2879 4213 3057 4270 favere
3086 4218 3349 4284 Sabellio.
3383 4237 3506 4277 cum

1926 4297 2216 4351 Sabellium
2250 4301 2398 4365 Ario,
2430 4317 2550 4378 cum
2583 4301 2854 4372 Pelagium
2887 4306 3214 4374 Manichseis,
3248 4326 3370 4363 cum
3399 4313 3511 4368 hia--

1929 4385 2166 4439 nichmos
2196 4386 2429 4457 Pelagio.
2472 4408 2490 4441 ι
2528 4391 2627 4445 Iste
2661 4407 2788 4447 vero
2821 4394 2872 4447 in
2915 4394 2972 4462 2,
3007 4396 3128 4450 dist.
3164 4396 3264 4460 55,
3297 4411 3489 4465 quaest.

1927 4473 1983 4540 2,
2018 4476 2082 4528 ad
2119 4477 2166 4540 1,
2196 4479 2390 4532 'scribit
2419 4472 2482 4534 ε’(
2525 4481 2588 4535 Et
2619 4484 2691 4562 ita
2719 4485 2941 4563 multum
2973 4486 3372 4554 ponderandum
3406 4500 3509 4556 est,

235 4580 423 4624 contra
459 4571 773 4641 Pelagianos
803 4576 1071 4644 scriptos?
1120 4577 1292 4632 Stulte
1337 4579 1489 4648 quasi
1524 4579 1730 4634 diversa
1765 4583 1817 4636 in

1932 4573 2113 4620 contra
2149 4582 2282 4636 quos
2313 4567 2593 4627 haereticos
2622 4559 2793 4629 sancti
2842 4587 2966 4650 sunt
3002 4577 3194 4641 locuti,
3228 4578 3365 4632 sicut
3403 4580 3509 4636 Au-

235 4660 513 4716 alterutris
543 4663 621 4716 via
651 4664 862 4719 abierit.
911 4666 1080 4720 lrrisit
1116 4667 1216 4721 hoc
1242 4667 1651 4724 Massiliensium
1687 4671 1818 4726 etfu-

236 4754 404 4822 gium,
446 4770 553 4822 quo
584 4758 755 4810 sancti
797 4757 1030 4812 doctoris
1061 4759 1224 4812 libros
1258 4761 1534 4815 universos
1577 4763 1817 4831 recipere

236 4848 572 4912 recusabant,
604 4857 818 4903 sanctus
850 4849 1076 4916 Prosper
1105 4848 1158 4901 in
1189 4849 1291 4902 fine
1320 4849 1442 4904 libri
1471 4860 1657 4904 contra
1688 4853 1820 4907 Col-

233 4938 461 4992 latorem
497 4959 508 4992 :
542 4960 560 4991 ε
597 4941 837 5007 Maneat,
889 4943 1171 5012 inquiens,
1236 4943 1397 5010 plane
1448 4953 1664 4998 maneat
1717 4946 1816 4999 ista

236 5028 498 5095 Conditio,
526 5040 580 5083 ut
611 5032 799 5084 horum
833 5032 1088 5087 librOrum
1112 5033 1321 5088 novitas
1347 5034 1628 5101 repudiata
1649 5036 1822 5090 vidca-

240 5125 330 5170 tur
356 5118 399 5170 si
420 5119 470 5171 in
487 5120 671 5174 eadem
687 5136 844 5176 causa
869 5123 1110 5190 ejusdem
1137 5125 1230 5178 \il‘i
1252 5124 1818 5193 dissentitantiquitas,

240 5219 294 5262 ct
321 5217 374 5262 ut
405 5210 587 5266 inutile
625 5224 713 5267 aut
743 5215 1094 5284 incongruum
1123 5217 1421 5286 judicetur,
1448 5219 1588 5288 quod
1633 5220 1699 5275 ab
1738 5221 1823 5276 his

237 5315 360 5367 quae
407 5311 590 5357 contra
642 5304 960 5373 Pelagianos
1014 5307 1272 5374 condidit,
1333 5308 1618 5363 dissonans
1675 5312 1822 5365 inve-

238 5390 403 5443 nitur.
439 5409 459 5442 ι

314 5478 511 5546 Porro,
564 5483 608 5535 si
657 5498 958 5551 quazramus
1004 5483 1276 5538 .undeuam
1319 5485 1477 5540 iidem
1519 5487 1824 5555 scriptores

238 5567 375 5620 muti
408 5570 515 5623 sint
544 5571 610 5624 ad
632 5572 984 5641 Augustinum
1012 5581 1153 5625 tanta
1183 5573 1444 5628 calumnia
1470 5578 1824 5644 onerandum,

244 5661 530 5713 resoondet
568 5663 911 5732 Decampsius
941 5665 1132 5718 citatus
1162 5667 1300 5734 quod
1335 5669 1661 5738 Augustinus
1695 5672 1829 5726 dixit

241 5758 462 5818 peccato
493 5752 618 5808 Adet:
648 5756 889 5810 amissum
917 5770 974 5804 ac
1008 5753 1256 5810 perditum
1289 5755 1495 5812 liberum
1525 5759 1826 5826 arbitrium;

1925 4657 2170 4725 gustinus
2198 4669 2382 4715 contra
2429 4662 2614 4717 Arium
2656 4665 2867 4721 videtur
2912 4666 3062 4734 quasi
3108 4665 3377 4722 declinare
3435 4670 3505 4725 ad

1927 4746 2238 4815 Sabellium,
2289 4760 2343 4805 et
2393 4767 2422 4806 e
2466 4768 2758 4818 converso;
2790 4755 3037 4807 similiter
3066 4753 3277 4808 videtur
3321 4767 3510 4815 contra

1929 4835 2199 4906 Pelagium
2230 4840 2506 4896 declinare
2546 4844 2611 4895 ad
2644 4843 2848 4895 Arium.
2889 4861 2905 4892 ι
2940 4841 3105 4896 Recte
3134 4843 3356 4914 corrigit
3399 4846 3512 4903 An-

1929 4939 2084 4984 natus
2107 4930 2393 4985 dicendum
2424 4932 2562 4986 forte
2595 4933 2963 4986 Manicltwum.
3002 4932 3123 4987 [lare
3151 4935 3362 5004 quidem
3399 4939 3509 4995 ille.

2000 5025 2068 5077 At
2101 5025 2240 5077 enim
2267 5026 2508 5079 modeste
2561 5027 2794 5095 loquitur
2842 5028 3086 5099 Mussus;
3120 5033 3197 5086 ait
3225 5033 3374 5094 enim
3404 5036 3512 5090 Au.
3597 5030 3607 5045 '

1928 5113 2198 5182 gustinum
2230 5122 2416 5167 contra
2448 5116 2632 5170 Arium
2681 5117 3040 5185 disputantem
3069 5127 3230 5182 videri
3276 5130 3510 5184 Sabellio

1929 5200 2137 5267 favere;
2171 5203 2350 5257 mitius
2381 5204 2599 5260 Subtilis
2641 5208 2744 5262 hoc
2785 5210 2954 5278 ipsum
2982 5219 3278 5285 expressit,
3305 5219 3511 5274 addidit

1933 5293 2075 5347 enim
2107 5295 2255 5362 quasi
2282 5297 2493 5349 videtur.
2527 5298 2677 5362 Quod
2711 5316 2815 5354 non
2857 5303 2927 5356 ob
2956 5305 3188 5374 ineptam
3231 5308 3512 5376 Augustini

1933 5384 2267 5450 methodum,
2293 5387 2384 5440 sed
2423 5388 2492 5442 ob
2534 5392 2773 5457 mysterii
2816 5393 3212 5460 difficultatem,
3244 5411 3308 5451 ac
3348 5399 3513 5454 lecto-

1931 5496 2047 5535 rum
2077 5485 2429 5550 quorumdam
2461 5487 2635 5540 minus
2665 5489 2943 5556 perspicax
2983 5491 3250 5559 ingenium
3277 5492 3463 5549 dixere
3485 5535 3502 5561 ,

1931 5587 2048 5640 qua:
2082 5571 2342 5636 libenter,
2377 5576 2449 5627 uti
2477 5576 2801 5641 notavimus,
2848 5579 3095 5636 concedit
3137 5583 3465 5651 Augustinus
3492 5629 3507 5652 ,

1932 5677 1986 5720 et
2035 5675 2209 5720 tamen
2241 5669 2482 5722 Annatus
2519 5675 2592 5725 ait
2620 5671 2806 5727 eadem
2836 5675 3022 5743 pagina
3054 5675 3192 5729 872:
3230 5695 3248 5728 ι
3285 5677 3402 5744 Quo
3433 5680 3509 5732 fas

1933 5769 2073 5815 ctum
2100 5760 2164 5815 sit
2193 5761 2638 5831 quemadmodum
2671 5776 2825 5820 antra
2855 5781 2916 5822 ex
2949 5769 3066 5825 aliis
3110 5771 3472 5827 referebamus
3500 5809 3508 5821 .
