3930 6348
436 424 547 479 759

1300 406 1857 470 SUPPLEMEN'IUM
1895 404 1991 460 AB
2028 402 2257 458 OPEBA
2299 400 2359 456 S.
2406 398 2797 456 AUGUSTINI.

3608 389 3714 445 7C0

436 552 494 599 ιιι
528 539 853 612 Augustinus
878 535 1162 594 declinarit
1188 532 1238 588 in
1270 530 1610 601 Oppositum;
1648 545 1665 578 ι
1698 540 1818 580 cum
1849 535 2021 575 tamen
2053 524 2101 579 Α
2129 516 2256 571 solis
2305 496 2523 569 currum
2571 513 2823 567 ductante
2870 509 3163 612 “lactente
3205 514 3357 610 extra
3403 504 3713 612 eeliptieam

440 636 517 691 illi
558 635 729 689 visum
776 631 964 696 fuisse,
1013 629 1093 682 vel
1140 624 1291 695 quasi
1322 623 1494 675 visum
1545 616 1711 671 fuisse
1750 614 2023 669 declinare

2130 608 2458 678 praecipitem
2491 616 2693 671 actum,
2737 617 2898 674 quam
2937 601 3041 657 illis
3080 596 3360 669 Augustini
3398 597 3716 652 excessibus

440 728 701 784 scribant.
745 726 813 780 At
842 722 981 791 quod
1005 716 1338 775 recentiores
1369 711 1492 765 inde
1516 710 1681 764 velint
1702 706 2025 762 convincere
2127 706 2375 768 praestem
2406 695 2567 750 ﬁdem

438 830 685 874 sanctum
720 815 1071 887 Augustinum
1103 817 1288 865 contra
1325 803 1510 859 Arium
1542 801 1905 867 disputantem
1954 796 2021 850 ad

441 910 736 965 Sabellium
761 906 1080 964 declinasse,
1110 908 1300 969 patens
1325 891 1591 950 calumnia
1614 898 1733 955 est;
1757 902 2025 957 nunquam

444 1003 588 1056 enim
619 1010 808 1055 contra
833 996 1018 1051 Arium
1041 991 1341 1059 disputans,
1370 995 1529 1055 atque
1561 983 1817 1037 unitatem
1844 991 2028 1033 essen-

447 1093 535 1147 tice
578 1099 859 1153 astruens,
903 1085 1048 1138 visus
1088 1089 1170 1137 est
1207 1092 1466 1150 personas
1498 1077 1551 1130 in
1594 1090 1759 1130 unum
1799 1070 2029 1127 confun-

449 1182 604 1246 dere,
636 1188 692 1234 ut
716 1178 899 1231 favere
930 1173 1168 1231 Sabellio
1212 1170 1475 1226 dicendus
1506 1168 1595 1223 sit.
1630 1166 1910 1236 Augustini
1952 1162 2032 1217 di-

457 1282 604 1328 ctum
638 1273 723 1326 vel
764 1285 925 1324 unum
962 1266 1277 1336 producant,
1307 1273 1358 1318 et
1388 1275 1603 1318 causam
1630 1261 1888 1330 integram
1930 1254 2034 1310 illis

456 1364 721 1419 cedimus.
771 1362 882 1416 lmo
934 1358 1110 1415 nullus
1152 1355 1453 1410 mortalium
1507 1351 1641 1406 adeo
1685 1357 1871 1405 exacte
1918 1360 2033 1401 me-

456 1455 599 1509 diam
628 1455 764 1507 inter
805 1452 987 1505 Arium
1014 1460 1068 1505 et
1099 1447 1387 1505 Sabellium
1413 1430 1549 1498 viam
1577 1442 1746 1498 tenuit
1769 1449 1826 1494 ut
1857 1441 2037 1508 Augu-

460 1546 636 1599 stinus
660 1583 677 1609 ,
722 1542 811 1611 qui
863 1540 1034 1595 media
1082 1538 1249 1608 ipsius
1291 1537 1389 1590 vim
1421 1534 1562 1589 linea
1593 1532 1831 1587 incessit.
1864 1528 2036 1584 Unum

470 1644 527 1690 et
574 1636 803 1688 alterum
842 1631 1205 1687 testimonium
1256 1625 1523 1697 proferam
1549 1666 1564 1691 ,
1607 1636 1713 1693 quo
1742 1619 2036 1675 adversarii

460 1726 709 1782 falsitatis
738 1724 948 1791 penitus
971 1723 1376 1777 convincuntur.

534 1818 757 1875 Sanctus
782 1817 993 1885 doctor,
1024 1824 1180 1870 tract.
1224 1814 1289 1865 57
1322 1814 1374 1866 in
1400 1810 1684 1870 Joannem,
1729 1808 1799 1862 ita
1842 1806 2040 1876 Hippo-

2132 809 2281 881 §VL
2320 806 2699 881 Expeuduntur
2740 805 2952 881 illm-unt
2993 805 3297 881 testimonia,
3343 803 3431 872 qui
3479 808 3721 857 unctum

2473 878 2811 947 Augustinum
2838 878 3075 929 nov'tatis
3104 884 3365 927 accusant.

2206 991 2297 1046 Isti
2323 990 2540 1060 quidem
2574 1000 2682 1042 tres
2720 987 2974 1056 prmsules
3006 996 3130 1041 sunt
3163 999 3387 1054 quorum
3423 983 3724 1036 auctorita-

2137 1090 2245 1137 tem
2273 1096 2336 1136 ac
2373 1080 2674 1135 doctrinam
2718 1082 2962 1133 Annatus
3003 1080 3133 1132 satis
3168 1087 3457 1155 exaggerat
3486 1093 3499 1129 :
3527 1089 3726 1142 nempe

2136 1169 2389 1225 Claudius
2417 1168 2635 1223 Xaintes
2674 1169 2724 1221 in
2760 1166 2852 1221 lib.
2888 1165 3148 1220 Atlteisuti
3189 1163 3327 1227 Cal.,
3360 1164 3443 1217 tit.
3475 1161 3543 1216 de
3576 1161 3723 1217 Phe-

2140 1259 2533 1324 destinatione;
2563 1258 2875 1313 Ambrosius
2897 1255 3236 1320 Catbarinus,
3256 1254 3308 1308 in
3332 1253 3516 1309 libello
3538 1254 3728 1308 itidem

2139 1350 2208 1408 de
2232 1349 2740 1415 Prtedestinatione;
2777 1347 3132 1417 Hieronymus
3158 1344 3402 1410 Osorius,
3436 1343 3529 1398 lib.
3584 1358 3636 1396 tx
3664 1346 3731 1398 de

2140 1444 2371 1509 Iustitia,
2401 1443 2491 1514 qui
2530 1442 2698 1497 sancti
2750 1438 3028 1510 Augustini
3056 1437 3355 1493 doctrinam
3401 1434 3471 1491 de
3519 1433 3733 1504 praede-

2144 1539 2437 1594 stinatione
2483 1543 2538 1590 et
2567 1532 2949 1603 reprobatione
2979 1528 3230 1585 novitatis
3268 1536 3546 1591 accusant,
3580 1528 3733 1596 quasi

2146 1631 2375 1686 senserit
2402 1640 2591 1685 contra
2612 1628 2933 1683 sententiam
2958 1626 3196 1680 omnium
3223 1624 3434 1677 Patrum
3462 1622 3557 1691 qui
3582 1636 3736 1675 eum-

2148 1722 2269 1778 dem
2305 1729 2713 1791 praecesserunt.
2749 1719 2914 1774 Vetus
2941 1733 3075 1773 sane
3114 1724 3299 1771 contra
3334 1722 3585 1769 sanctum
3626 1713 3737 1767 Au-

2150 1813 2421 1885 gustinum
2445 1810 3025 1880 Semi-Pclagianorum
3055 1807 3322 1861 cantilena
3348 1814 3453 1869 est,
3475 1815 3537 1858 ut
3562 1820 3633 1858 ex
3660 1805 3740 1857 lit-

464 1922 665 1963 nenses
682 1922 804 1962 suos
830 1883 1235 1975 alloquebatur:
1265 1921 1284 1954 ι
1318 1900 1375 1955 In
1402 1915 1588 1956 errore
1614 1896 2040 1953 Sabellianorutu
2073 1883 2121 1944 B
2150 1883 2277 1960 (eris
2306 1901 2553 1973 prosperi
2578 1910 2743 1972 ρθιθι,
2771 1902 2855 1955 ωε
2899 1909 3118 1954 sanctus
3160 1898 3348 1952 doctor
3380 1896 3495 1951 tunc
3522 1898 3743 1966 τεμοηίι

466 2015 604 2053 unus
630 2008 711 2052 est
734 1998 881 2052 solus
907 1998 1021 2066 ipse
1044 1996 1204 2051 Pater
1225 1994 1313 2064 qui
1350 1993 1535 2047 Filius.
1569 1992 1627 2046 In
1663 2004 1850 2045 errore
1887 1989 2039 2043 Aria-

466 2106 682 2155 norum,
712 2092 850 2145 alius
870 2099 951 2145 est
974 2090 1192 2159 quidem
1219 2089 1395 2155 Pater,
1423 2086 1558 2140 alius
1583 2085 1771 2150 Filius,
1804 2084 1897 2139 sed
1928 2081 2044 2153 ipse

469 2184 636 2239 Filius
667 2199 770 2237 non
810 2184 980 2239 solum
1009 2183 1169 2248 alius,
1204 2182 1297 2237 sed
1324 2182 1485 2236 etiam
1506 2180 1671 2233 aliud.
1700 2178 1781 2231 Tu
1811 2192 1859 2230 IN
1887 2188 2049 2230 uento

467 2274 636 2343 quid?
661 2274 945 2330 Exclusisti
971 2274 1335 2329 Sabellianum
1355 2310 1371 2333 .
1401 2269 1628 2325 exclude
1672 2280 1724 2324 et
1766 2269 2046 2322 Ariannm.

469 2362 627 2417 Pater
658 2362 817 2417 Pater
843 2373 942 2428 est,
974 2362 1140 2415 Filius
1185 2358 1355 2414 Filius
1381 2368 1485 2427 est,
1521 2359 1659 2413 alius
1680 2399 1695 2425 ,
1727 2374 1833 2413 non
1860 2357 2003 2412 aliud
2028 2396 2045 2422 ,

467 2455 591 2522 quia
624 2452 737 2524 Ego
759 2463 805 2506 et
842 2453 1019 2521 Pater,
1054 2454 1245 2521 inquit,
1280 2468 1438 2505 unum
1464 2467 1678 2517 sumus,
1707 2451 1846 2505 sicut
1885 2450 2049 2504 etiam

470 2543 724 2597 hesterno
749 2542 859 2607 die,
890 2553 1148 2612 quantum
1184 2541 1329 2612 potui
1369 2540 1764 2597 commendavi.
1791 2539 1921 2594 Cum
1956 2554 2052 2593 au-

471 2631 554 2688 dit
576 2649 771 2699 auritus,
798 2633 1053 2688 abscedat
1076 2634 1331 2689 confusus
1369 2632 1728 2695 Sabellianus,
1754 2646 1875 2686 cum
1902 2629 2056 2687 audit

469 2739 651 2789 unum,
681 2724 937 2778 abscedat
965 2724 1224 2778 confusus
1261 2723 1514 2778 Arianus.
1568 2721 1841 2779 Gubernet
1870 2721 2058 2777 catho-

469 2814 608 2869 licus
634 2829 800 2869 lit'ltllt
832 2829 1117 2877 orsusque
1156 2813 1275 2868 ﬁdei
1314 2829 1428 2869 sum
1464 2813 1765 2882 navigium,
1804 2812 2076 2881 quoniam.

472 2904 768 2958 cavendum
798 2910 882 2957 est
918 2903 969 2955 in
1002 2912 1229 2971 utroque
1265 2902 1620 2973 naufragium.
1664 2921 1683 2955 ι
1715 2901 1851 2970 Quid
1880 2901 2057 2956 erudi-

472 2992 601 3058 tius,
634 2993 760 3063 quid
790 2993 1067 3059 subtilius,
1100 2992 1227 3063 quid
1257 2994 1436 3048 verius
1463 2993 1565 3047 dici
1615 2993 1825 3063 potuit?
1854 2991 2057 3047 Passim

476 3086 581 3141 hoc
610 3084 807 3154 populo
837 3085 1154 3150 inculcabat,
1187 3099 1292 3154 quo
1331 3082 1477 3155 regia
1516 3083 1657 3138 inter
1685 3083 1977 3139 Sabellium
2008 3092 2061 3138 et

475 3176 664 3232 Arium
696 3178 782 3230 via
804 3177 1138 3246 procederet.
1171 3176 1404 3231 Omnino
1429 3176 1727 3231 audiendus
1752 3184 1835 3231 est
1864 3175 2058 3231 iterum

2150 1995 2248 2050 lib.
2273 1995 2338 2050 de
2367 1993 2840 2050 Prtedestiuatione
2868 2001 3177 2045 sanctorum
3198 2030 3213 2055 ,
3242 2004 3358 2058 cap.
3397 1987 3464 2042 14
3495 2006 3510 2042 :
3539 2006 3559 2040 ι
3602 1990 3743 2054 Quid

2149 2087 2313 2155 igitur
2353 2099 2488 2155 opus
2527 2094 2609 2138 est
2650 2091 2710 2137 ut
2746 2097 2935 2137 eorum
2970 2089 3271 2135 scrutemur
3311 2079 3575 2147 Opuscula
3612 2081 3743 2149 qui,

2151 2176 2459 2245 priusquam
2502 2176 2600 2229 ista
2634 2171 2854 2228 haeresis
2893 2172 3149 2235 oriretur,
3176 2185 3281 2225 non
3312 2171 3620 2225 habuerunt
3648 2187 3745 2227 ne-

2150 2264 2461 2320 cessitatem
2510 2264 2562 2318 in
2612 2262 2711 2317 ltac
2738 2262 2942 2318 difﬁcili
2975 2262 3042 2316 ad
3084 2261 3399 2316 solvendum
3444 2266 3749 2331 quastione

2150 2356 2389 2422 versari,
2420 2355 2560 2424 quod
2588 2355 2771 2425 procul
2815 2354 2982 2408 dubio
3024 2353 3291 2418 facerent,
3322 2352 3366 2407 si
3409 2354 3752 2420 respondero

2159 2451 2354 2507 talibus
2377 2459 2717 2520 cogerentur.
2752 2465 2771 2499 ι
2808 2445 2916 2502 Sed
2963 2445 3064 2500 hac
3111 2445 3180 2500 de
3226 2460 3288 2501 re
3327 2444 3577 2516 pluribus
3621 2446 3751 2503 alibi

2153 2545 2351 2600 dictum
2379 2553 2480 2598 est.
2506 2541 2649 2599 Sane
2672 2541 2922 2597 Clemens
2953 2535 3089 2603 Vlll,
3117 2538 3170 2591 in
3197 2536 3660 2606 disputationibus
3682 2538 3753 2593 de

2156 2633 2389 2691 Auxiliis
2414 2633 2649 2702 Molinae,
2677 2630 2999 2686 sententiam
3030 2628 3095 2682 ad
3118 2628 3496 2697 Augustiniani
3525 2627 3750 2698 dogma-

2158 2726 2225 2781 tis
2276 2724 2340 2781 de
2378 2721 2851 2795 prasdestinatione
2892 2719 3150 2774 amussim
3182 2720 3391 2788 exegit,
3422 2727 3478 2773 et
3515 2717 3750 2774 Faustus

2159 2818 2413 2874 Reioruut
2444 2817 2726 2887 episcOpus
2754 2812 2877 2869 inde
2908 2812 3175 2883 prtecipue
3199 2811 3433 2881 reiectus
3463 2822 3570 2878 eet,
3603 2810 3753 2882 quod

2159 2910 2329 2965 sancti
2360 2909 2601 2965 doctoris
2624 2908 2692 2962 de
2724 2905 3197 2976 praedestinatione
3223 2904 3544 2959 sententiam
3572 2904 3751 2971 impu-

2158 3001 2362 3074 gnavit,
2388 3014 2547 3071 quam
2572 2997 2763 3053 Patres
2784 2997 3142 3067 Augustinum
3168 2994 3463 3065 subsecuti,
3490 2994 3754 3065 Prosper,

2165 3092 2496 3163 Fulgentius,
2526 3089 2792 3146 Caesarius
2816 3095 2974 3158 atque
3003 3086 3239 3143 Africani
3271 3086 3511 3156 episcopi
3537 3087 3593 3140 in
3621 3086 3750 3141 Sar-

2164 3182 2309 3237 dinia
2339 3182 2574 3245 exsules,
2605 3181 2841 3249 itemque
2863 3179 3115 3235 monachi
3143 3178 3380 3251 Scythae,
3409 3178 3751 3247 llltemigius,

474 3269 800 3339 Augustinus
826 3276 1053 3324 tractatu
1083 3269 1141 3320 71
1171 3268 1224 3322 in
1247 3268 1531 3333 Joannem,
1552 3265 1643 3320 ubi
1662 3266 2058 3336 elegantissime
2087 3250 2134 3314 Ο
2170 3273 2491 3330 Prudentius
2533 3273 2729 3342 aliique
2772 3279 3175 3341 propugnarunt
3200 3250 3227 3335 ,7
3264 3270 3459 3340 quibus
3524 3280 3753 3325 sanctus

479 3359 555 3413 ita
584 3358 863 3412 hatreticos
894 3356 1170 3413 confutat:
1206 3376 1223 3408 ι
1258 3356 1539 3411 Contraria
1570 3356 1778 3422 dicitis,
1813 3357 1907 3412 sed
1952 3374 2058 3413 non

480 3448 672 3502 eodem
702 3450 865 3503 modo
890 3448 1027 3503 sicut
1057 3456 1142 3503 est
1177 3446 1369 3501 falsum
1395 3445 1723 3502 contrarium
1767 3462 1893 3501 vero
1917 3487 1932 3511 ,
1963 3450 2058 3503 sed

478 3541 620 3595 sicut
646 3551 771 3596 sunt
801 3542 938 3597 inter
985 3556 1046 3597 se
1084 3541 1193 3596 duo
1221 3539 1353 3594 falsa
1398 3540 1690 3596 contraria.
1724 3540 1963 3596 Errando
2007 3543 2062 3597 in

476 3631 689 3687 diversa
721 3634 839 3698 itis,
877 3650 928 3688 ts
957 3648 1118 3691 ntimo
1142 3643 1224 3690 est
1252 3634 1336 3688 via
1368 3648 1525 3703 quam
1570 3634 1888 3703 relinquitis.
1919 3636 2062 3693 inter

482 3740 582 3780 vos
612 3727 755 3796 ipsos
786 3728 1028 3796 longiore
1065 3726 1349 3782 intervallo
1388 3726 1622 3796 separati
1651 3728 1781 3780 estis
1807 3741 1964 3793 quam
1994 3727 2062 3782 ab

477 3817 595 3887 ipsa
628 3820 731 3881 via,
764 3820 916 3889 cujus
946 3821 1248 3875 desertores
1276 3819 1430 3872 estis.
1455 3816 1562 3871 Vos
1582 3816 1729 3880 hinc,
1757 3832 1852 3872 vos
1880 3828 2057 3873 autem

480 3911 629 3966 illinc
657 3912 758 3965 ltue
783 3912 979 3973 venite,
1003 3910 1155 3964 alteri
1181 3910 1246 3962 ad
1274 3909 1474 3962 alteros
1498 3908 1727 3963 transire
1757 3911 1938 3976 nolite,
1964 3909 2059 3966 sed

478 4003 604 4057 hinc
627 4011 786 4069 atque
814 3999 961 4054 illinc
989 4000 1055 4053 ad
1087 4012 1185 4073 nos
1216 3998 1503 4064 veniendo,
1533 3998 1764 4055 invicem
1788 4016 1883 4055 vus
1912 4005 2061 4057 iuve-

480 4090 609 4143 nite.
660 4085 966 4151 Sabelliani,
1040 4088 1315 4158 agnoscite
1387 4104 1543 4155 quem
1608 4092 2055 4159 prartermittitis;

480 4179 685 4244 Ariani,
716 4185 922 4245 aequate
953 4195 1111 4250 quem
1142 4180 1392 4248 subditis,
1422 4190 1477 4237 et
1512 4183 1567 4237 in
1599 4183 1679 4237 via
1708 4199 1831 4238 vera
1872 4184 2059 4237 nobis-

480 4285 602 4325 cum
633 4268 977 4327 ambulabitis
1005 4290 1017 4323 :
1041 4281 1125 4326 est
1156 4273 1297 4328 enim
1330 4273 1472 4343 quod
1522 4273 1747 4329 invicem
1796 4289 1862 4328 ex
1906 4275 2058 4330 vobis

480 4361 635 4419 alteri
665 4376 729 4416 ex
752 4360 937 4417 alteris
964 4362 1238 4419 admoneri
1263 4365 1444 4435 utique
1466 4364 1727 4420 debeatis.
1759 4364 1927 4431 Audi,
1961 4365 2061 4421 Sa-

479 4455 713 4512 belliane
736 4470 751 4509 :
777 4454 956 4533 Usque
983 4457 1121 4510 adeo
1151 4470 1255 4510 non
1297 4457 1414 4524 ipse
1458 4458 1638 4522 Pater,
1667 4457 1761 4512 sed
1815 4457 1952 4511 alter
1977 4464 2061 4510 est

478 4544 680 4613 Filius,
729 4552 787 4600 ut
835 4559 956 4599 eum
1010 4547 1235 4600 Arianus
1284 4546 1597 4614 inaequalem
1636 4556 1845 4601 asserat
1888 4546 2055 4601 Patri.

2168 3366 2404 3423 Thomas
2424 3379 2545 3419 cum
2572 3362 2782 3419 meliori
2811 3362 3255 3417 scholasticorum
3280 3369 3427 3431 parte
3450 3361 3751 3415 consensit.

2234 3457 2367 3514 Illud
2399 3465 2575 3512 tamen
2606 3456 2898 3511 notandum
2928 3458 3094 3519 venit,
3119 3453 3309 3507 horum
3338 3453 3496 3507 trium
3529 3455 3745 3522 episeo-

2163 3534 2354 3619 porum
2413 3556 2603 3602 contra
2652 3546 3009 3617 Augustinum
3060 3544 3363 3599 testimonia
3428 3544 3751 3602 recentiori.

2162 3639 2265 3695 bus
2285 3637 2415 3708 ipsis
2444 3651 2550 3691 non
2587 3645 2784 3691 exacte
2828 3634 3063 3705 probari.
3106 3633 3394 3699 Moraines,
3435 3632 3643 3703 dispnt.
3695 3633 3748 3699 9,

2163 3749 2310 3789 num.
2344 3730 2434 3798 57,
2467 3746 2590 3787 cum
2621 3730 2737 3785 haec
2783 3743 2971 3799 parum
2998 3728 3286 3783 honoriﬁca
3315 3726 3385 3782 de
3413 3738 3605 3783 sancto
3627 3728 3751 3783 doc-

2162 3834 2280 3880 tore
2306 3822 2513 3879 Claudii
2542 3821 2773 3877 Xaintes
2810 3822 2973 3875 verba
3001 3821 3322 3875 recitasset:
3355 3837 3375 3872 ι
3409 3818 3516 3874 Pro
3548 3821 3753 3876 resolu-

2162 3917 2309 3971 tione
2338 3913 2461 3968 ﬁdei
2510 3927 2664 3977 mete,
2697 3926 2858 3982 quam
2908 3910 3167 3968 Ecclesia:
3218 3909 3503 3966 catholica:
3550 3909 3753 3980 judicio

2161 4007 2438 4072 submitto,
2461 4020 2656 4060 censeo
2696 4005 2760 4060 D.
2794 4004 3151 4075 AuguStinum
3175 4003 3344 4058 nimio
3382 4010 3573 4058 contra
3604 4002 3754 4057 Pelea

2162 4099 2349 4169 gianos
2372 4096 2563 4151 ardore
2598 4096 2874 4150 incensum
2916 4094 3079 4148 nimis
3106 4093 3500 4163 praecipitanter
3536 4103 3750 4149 sentem
3832 4118 3840 4127 ·
3890 4108 3891 4123 π

2163 4191 2289 4242 tiam
2313 4196 2366 4243 et
2387 4201 2708 4243 consensum
2752 4184 3208 4255 praedecessorum
3253 4198 3473 4238 suorum
3513 4194 3751 4239 contem-

2164 4279 2353 4347 psisse,
2385 4296 2403 4330 ι
2433 4277 2568 4332 hanc
2595 4278 2762 4347 ipsam
2781 4289 3063 4331 censuram
3086 4274 3394 4344 improbans
3422 4276 3531 4329 ait:
3566 4293 3587 4327 ‹
3615 4274 3750 4329 Huc.

2162 4384 2336 4439 usque
2390 4368 2674 4438 episcopus
2717 4366 3082 4435 Ebroicensis,
3106 4365 3215 4435 qui,
3249 4376 3309 4421 ut
3332 4366 3547 4434 opinor,
3580 4378 3636 4421 et
3665 4381 3751 4434 pa~

2159 4474 2225 4515 ce
2255 4460 2403 4515 illius
2439 4458 2638 4517 dictum
2679 4459 2823 4523 volo,
2866 4457 3167 4513 consultius
3222 4455 3460 4521 fecisset,
3511 4456 3752 4524 tantique

2164 4552 2402 4609 doctoris
2430 4552 2732 4605 auctoritati
2766 4550 3194 4614 convenientius,
3228 4548 3273 4604 si
3300 4562 3513 4616 semper
3539 4556 3601 4603 et
3625 4563 3752 4604 con-

478 4637 619 4695 Audi
646 4611 886 4703 ,IAriane
912 4656 925 4692 ε
955 4637 1128 4708 Usque
1158 4636 1291 4690 adeo
1323 4611 1488 4691 Filius
1518 4638 1737 4705 aequalis
1766 4646 1849 4691 est
1878 4636 2056 4705 Patri,
2089 4611 2140 4673 D
2164 4653 2369 4705 stanter
2398 4656 2727 4709 quaecunque
2756 4640 2893 4695 dixit
2933 4611 3281 4711 Augustinus,
3316 4640 3370 4693 in
3413 4611 3634 4695 sensum
3689 4640 3753 4693 ῃ-

480 4734 542 4780 ιιι
590 4726 922 4782 Sabellianus
971 4726 1216 4783 eumdem
1258 4741 1376 4781 esse
1422 4726 1563 4780 dicat
1603 4736 1657 4779 et
1698 4725 1933 4781 Patrem.
1977 4726 2058 4782 Tu

480 4821 619 4876 adde
646 4836 800 4890 quem
832 4821 997 4887 tollis,
1024 4831 1078 4875 tu
1104 4819 1333 4888 adimple
1366 4832 1518 4887 quem
1549 4817 1768 4880 minuis,
1798 4826 1852 4871 et
1878 4815 2062 4872 nobis-

442 4972 445 4973 ,
483 4925 605 4963 cum
636 4910 795 4965 ambo
818 4912 1129 4975 consistitis,
1160 4910 1283 4978 quia
1313 4923 1412 4965 nec
1444 4917 1497 4960 tu
1528 4907 1693 4973 tollis,
1726 4922 1823 4963 nec
1856 4917 1910 4962 tu
1953 4907 2067 4962 mi-.

480 5000 602 5054 nuis
628 5015 747 5052 eum
779 5004 866 5069 qui
897 5010 951 5056 et
973 5004 1108 5057 alter
1137 5011 1220 5056 est
1259 5017 1286 5055 a
1316 5001 1473 5056 Patre
1498 5041 1512 5067 ,
1542 5010 1600 5055 ut
1628 5002 1918 5058 convincas
1959 5001 2058 5057 Sa-

481 5089 768 5147 liellianum
788 5133 801 5153 ,
833 5102 881 5143 et
912 5093 1130 5160 mqualis
1162 5104 1241 5150 est
1287 5094 1429 5149 Patri
1450 5137 1466 5162 ,
1502 5103 1559 5149 ut
1584 5095 1864 5150 convincas
1898 5094 2055 5148 Aria-

482 5196 634 5238 ntttn.
685 5178 933 5248 Utrisque
977 5184 1123 5239 enim
1168 5185 1403 5239 clamat:
1450 5185 1558 5256 Ego
1611 5196 1657 5238 et
1698 5183 1853 5239 Pater
1898 5202 2057 5238 unum

480 5290 676 5331 sumus.
705 5270 856 5340 Quod
905 5272 978 5325 ait
1025 5289 1203 5339 unum,
1252 5276 1470 5331 audiant
1517 5276 1744 5341 Ariani;
1797 5276 1937 5343 quod
1985 5276 2060 5330 ait

480 5381 680 5433 sumus,
713 5362 934 5418 audiant
961 5361 1249 5417 Sabelliani
1273 5405 1288 5429 ,
1320 5372 1375 5418 et
1405 5381 1504 5418 nec
1533 5365 1603 5417 illi
1635 5365 1915 5432 aequalem,
1961 5380 2061 5420 nec

481 5457 559 5512 illi
581 5455 807 5512 alterum
836 5452 1082 5520 negando
1105 5453 1210 5506 sint
1232 5456 1378 5508 vani.
1412 5471 1430 5504 ι
1467 5453 1629 5516 Itane,
1653 5453 1697 5507 si
1720 5455 1926 5522 superis
1950 5454 2059 5520 pla-

483 5555 591 5609 eet,
621 5547 709 5610 qui
739 5559 845 5601 non
872 5544 1030 5599 modo
1059 5542 1200 5615 regia
1231 5544 1316 5598 via
1346 5557 1559 5610 semper
1582 5543 1817 5609 incessit,
1851 5543 1944 5598 sed
1967 5547 2057 5614 qui

483 5634 726 5689 eamdem
756 5637 987 5703 posteris
1027 5651 1130 5690 non
1170 5635 1342 5690 dicam
1375 5634 1543 5705 digito
1584 5635 1932 5697 monstravit.
1964 5637 2058 5691 sed

482 5723 707 5790 pedibus
734 5723 860 5779 fecit
888 5736 1034 5781 extra
1067 5728 1269 5783 orbitas
1293 5728 1615 5791 excurrisse,
1647 5735 1702 5781 et
1726 5724 1790 5779 ad
1820 5735 2058 5780 extrema

484 5809 782 5869 declinasse
802 5813 1045 5866 dicetur?
1076 5817 1184 5882 Ego
1208 5817 1417 5883 quidem
1452 5817 1596 5886 prius
1622 5814 1836 5869 credam
1870 5830 2057 5884 reapse

2167 4736 2274 4790 lum
2305 4732 2642 4790 commodum
2669 4734 3029 4801 exposuisset,
3062 4743 3115 4787 et
3146 4747 3254 4788 non
3283 4741 3478 4787 tantam
3516 4732 3573 4784 in
3620 4731 3745 4799 apis

2166 4825 2340 4879 nando
2392 4823 2807 4880 inconstantiam
2838 4823 2888 4880 ei
2930 4822 3225 4879 tribuisset.
3261 4843 3280 4877 ι
3339 4824 3554 4879 Dixerat
3602 4823 3752 4879 enim

2164 4912 2472 4970 Sanctesius
2494 4913 2847 4984 Augustinum
2876 4906 3082 4966 varium
3101 4927 3165 4967 ea
3197 4913 3248 4966 itt
3266 4913 3531 4967 sententia
3564 4912 3750 4969 fuisse.

2162 5007 2477 5063 Ambrosius
2505 5006 2850 5070 Catltarinus,
2891 5006 2941 5060 in
2997 5005 3136 5060 libro
3188 5005 3257 5061 de
3307 5005 3659 5061 Prtescientia
3703 5016 3753 5061 et

2164 5096 2660 5167 praedestinatione,
2689 5093 2822 5148 adeo
2837 5093 3096 5149 adversus
3121 5103 3364 5150 sanctum
3398 5095 3749 5163 Augustinum

2162 5202 2363 5257 procax
2391 5195 2491 5251 est,
2523 5193 2580 5237 ut
2612 5184 2771 5237 bilem
2814 5184 3040 5238 moverit
3068 5184 3152 5240 vel
3185 5185 3285 5253 ipsi
3316 5184 3581 5254 Vasquio,
3616 5184 3752 5238 unde

2166 5276 2249 5331 Itis
2277 5273 2624 5330 Catltarinum
2669 5273 2912 5341 increpat
2933 5281 3070 5341 part.
3099 5289 3138 5339 ι,
3166 5273 3307 5342 disp.
3338 5274 3429 5337 90,
3455 5288 3610 5328 num.
3646 5274 3705 5329 11
3735 5291 3748 5326 :

2171 5387 2190 5420 ι
2219 5368 2421 5422 Contra
2460 5365 2814 5449 Augustinum
2858 5378 3045 5432 parum
3094 5364 3335 5419 modeste
3367 5365 3612 5431 loquitur
3656 5363 3749 5419 Ca~

2169 5455 2432 5519 tltarinus,
2462 5453 2594 5508 etin
2641 5453 2785 5505 illius
2811 5453 3133 5506 sententiam
3178 5467 3275 5507 suo
3304 5452 3465 5506 modo
3516 5453 3747 5522 explica-

2168 5557 2274 5601 tam
2299 5542 2596 5599 malediCtis
2621 5544 2919 5611 procaciter
2948 5542 3138 5609 fertur,
3162 5552 3268 5597 etc.
3301 5543 3369 5597 At
3418 5542 3472 5595 in
3502 5543 3609 5597 hoc
3637 5553 3745 5597 tur-

2165 5637 2383 5707 pissime
2406 5646 2551 5690 certe
2587 5634 2910 5690 Catharinus
2935 5635 3114 5703 lapsus
3158 5642 3262 5700 est,
3305 5642 3415 5687 tum
3443 5634 3589 5701 quod
3647 5648 3747 5688 nou

2164 5726 2463 5797 intelligens
2493 5735 2725 5781 mentem
2749 5724 3028 5791 Augustini
3084 5726 3256 5792 ipsum
3282 5724 3624 5793 impudenter
3654 5726 3744 5780 int-

2166 5826 2363 5891 puguat
2392 5824 2443 5873 et
2465 5818 2731 5888 reprobat,
2763 5825 2871 5871 tum
2900 5815 3037 5889 quod
3062 5816 3172 5887 ipse
3203 5816 3527 5888 AuguStinus
3560 5826 3740 5873 contra
