3930 6342
133 350 226 405 τδι

1304 344 1628 402 VINDICUE
1669 338 2231 399 ΑυαυετιΝιΑΜῖ.

3308 341 3413 396 73%

133 465 563 520 Blassilienscs‘et
585 462 719 517 alios
741 478 768 517 a
818 462 1116 520 Caelestino
1146 461 1239 516 lin
1262 462 1486 531 epistola
1547 459 1713 527 prima
1746 473 1795 530 Α
1823 473 1926 512 non
1956 454 2082 525 quid
2108 453 2213 506 illis
2249 450 2588 505 sentiendum
2644 449 2813 505 fuerat
2844 450 2911 506 de
2940 453 3255 522 Augustino,
3311 455 3413 511 hoc

129 557 196 610 ad
224 557 507 623 episc0pos
537 553 722 609 Galliae
771 553 1068 609 honorifice
1117 552 1442 608 defenditur.
1478 569 1495 601 ι
1526 549 1592 601 Ει
1642 548 1714 602 ibi

130 645 360 700 recitato
390 643 661 698 leestini
694 643 870 712 elogio
904 644 1070 708 addit,
1109 660 1127 694 ι
1166 642 1266 696 hoc
1295 637 1573 694 leestini
1607 647 1717 690 tes-

134 735 415 789 timonium
448 732 696 787 sufﬁcere
728 741 785 785 ut
810 748 871 786 os
923 733 1019 801 ipsi
1071 730 1360 786 Cathariuo
1409 729 1718 782 obstruere-

133 835 236 878 tur.
279 842 297 874 ι
336 821 608 877 Accedant
635 837 700 876 ex
736 822 988 890 Hispania
1017 821 1122 875 duo
1153 819 1516 874 Dominicana:
1564 815 1718 868 fami-

133 916 214 968 lire
239 914 560 969 nobilissimi
608 915 880 979 doctores,
930 914 1019 983 qui
1052 913 1287 967 hominis
1344 912 1394 964 in
1427 910 1719 979 Augustino

131 1006 492 1074 impugnando
519 1004 790 1058 licentiam
831 1004 1114 1074 castigant.
1154 1001 1460 1057 Dominicus
1486 1001 1635 1063 Soto,
1666 1000 1718 1052 in

130 1111 248 1164 cap.
275 1113 328 1151 lx
365 1098 538 1167 Epist.
580 1098 644 1152 ad
673 1098 944 1152 Romanos
975 1116 986 1150 :
1022 1116 1038 1149 t
1076 1097 1192 1151 Non
1219 1099 1385 1166 potuit
1415 1096 1606 1167 (inquit
1655 1094 1723 1148 de

132 1185 443 1256 (labat-lno)
477 1188 562 1241 hic
581 1187 911 1242 reverendus
952 1187 1108 1242 Pater
1133 1188 1265 1241 citra
1288 1186 1604 1240 term-ritatis
1632 1202 1723 1238 no-

133 1284 238 1328 tam
270 1293 377 1330 non
413 1278 583 1332 solum
627 1277 1003 1346 Augustinum,
1028 1293 1214 1331 verum
1263 1286 1481 1330 sanctos
1537 1288 1724 1328 omnes

131 1383 269 1421 nova
294 1369 643 1439 inauditaque
673 1384 768 1424 sua
812 1371 1266 1425 commentatione
1299 1377 1665 1422 contemnere.
1699 1385 1718 1418 ι

128 1457 192 1510 Et
226 1457 466 1522 llannez,
501 1467 636 1528 part.
678 1474 716 1521 t,
747 1469 940 1528 quarst.
963 1458 1056 1524 23,
1081 1466 1166 1512 art
1210 1459 1263 1520 7,
1300 1473 1465 1526 prope
1491 1457 1722 1520 initium,

127 1545 195 1598 de
227 1545 522 1602 Catharino
566 1547 635 1602 ita
671 1548 905 1617 loquitur
943 1566 956 1601 :
988 1565 1007 1598 ι
1044 1548 1221 1602 Edidit
1268 1560 1373 1602 tres
1408 1547 1614 1601 libellos
1660 1547 1724 1600 de

130 1637 642 1704 l‘rzedestinatione,
674 1638 726 1692 in
759 1638 950 1707 quibus
983 1637 1115 1691 nihil
1144 1649 1226 1693 est
1256 1637 1596 1702 eruditionis,
1627 1636 1724 1690 sed

131 1728 423 1796 plurimum
453 1730 675 1784 erroris.
715 1749 733 1780 ι
766 1728 895 1796 Quis
925 1745 1052 1784 vero
1081 1739 1380 1798 quantusve
1432 1727 1596 1782 fuerit
1627 1728 1725 1781 iste

1820 547 1974 601 nobis
2005 555 2086 599 sat
2114 554 2198 598 est
2225 541 2364 594 baud
2395 543 2550 610 plene
2577 555 2669 593 eos
2698 550 2859 594 testes
2892 545 3277 598 recentioribus
3296 562 3412 615 pro.

1822 641 1978 694 batos
2007 652 2151 699 esse,
2185 649 2414 704 quorum
2448 633 2576 701 ipsis
2617 633 2928 699 fatentibus,
2991 637 3194 703 primus
3244 640 3413 692 minus

1820 731 2045 786 consulte
2074 730 2294 789 locutus,
2336 726 2480 781 alter
2516 727 2805 794 impudens,
2837 745 3018 796 parum
3043 731 3319 796 modestus,
3369 749 3415 790 et

1819 840 2032 895 procax,
2089 824 2190 875 imo
2245 839 2336 876 nec
2389 833 2606 876 mentem
2633 824 2907 894 Augustini
2953 825 3259 895 intelligens.
3315 826 3418 881 Ρο-

1820 925 2051 970 stremus
2125 915 2358 982 denique
2410 914 2649 982 deceptus
2702 915 2920 968 dicitur.
3003 917 3237 982 Annatc,
3316 918 3415 970 bos

1823 1016 2010 1064 contra
2051 1008 2405 1077 Augustinum
2448 1006 2662 1061 testes?
2712 1008 2818 1062 Sed
2841 1007 2976 1061 alios
3027 1006 3185 1062 modo
3232 1006 3418 1066 audia-

1825 1110 1964 1152 mus.

1828 1208 1856 1280 §
1904 1207 2033 1280 ﬁll.
2092 1205 2411 1280 Testiittoniis
2467 1204 2764 1280 Driedonis,
2823 1205 3033 1280 Taperi,
3095 1205 3315 1280 Medium
3367 1215 3416 1280 et

1903 1276 2164 1332 Vallosilli
2195 1286 2634 1347 contrusanctum
2665 1276 3004 1347 Augustinum
3048 1278 3298 1344 producta
3327 1279 3416 1347 [ιιιι

1893 1358 2004 1403 sata
2035 1363 2156 1412 esse,
2190 1363 2277 1398 nec
2308 1345 2526 1415 ﬁdeliter
2555 1346 2819 1397 recensita.

1894 1458 2135 1514 Annatus
2156 1457 2306 1525 quasi
2358 1455 2538 1524 lippis,
2572 1453 2682 1508 imo
2729 1453 2886 1508 cmcis
2932 1454 3213 1521 scriberet,
3254 1463 3416 1508 ausus

1825 1557 1908 1606 est
1933 1563 2025 1603 eos
2055 1557 2240 1602 contra
2271 1550 2510 1601 sanctam
2546 1545 2898 1615 Augustinum
2931 1554 3096 1599 testes
3126 1546 3413 1613 advocare,

1825 1642 1914 1713 qui
1935 1641 2019 1694 vel
2049 1640 2280 1693 maxime
2310 1638 2482 1692 sancti
2504 1637 2740 1690 doctoris
2772 1639 3143 1691 auctoritatem
3176 1649 3414 1704 tuentur,

1829 1733 1971 1804 quod
2006 1747 2137 1787 sane
2162 1731 2262 1785 nisi
2293 1730 2457 1783 variis
2491 1728 2700 1782 technis
2752 1743 2880 1782 usus
2909 1738 3168 1797 prmstare
3222 1730 3413 1798 potuit.

133 1823 303 1875 sancti
335 1822 617 1889 Augustini
645 1824 1022 1890 reprehensor,
1055 1828 1109 1876 et
1135 1821 1274 1875 unde
1291 1819 1594 1884 emerserit,
1626 1828 1726 1872 tra-
1759 1845 1807 1904 Β
1837 1825 2046 1880 Etenim
2072 1839 2166 1879 eos
2187 1822 2313 1877 citat
2353 1821 2441 1891 qui
2477 1821 2674 1888 apertis
2702 1821 2879 1874 verbis
2911 1821 3043 1873 citra
3093 1820 3249 1873 ullam
3290 1836 3414 1874 εοιι.

134 1913 212 1966 dit
235 1912 370 1967 Solo
398 1913 450 1966 in
481 1913 740 1983 Apologia
767 1915 834 1967 de
862 1913 1182 1967 certitudine
1234 1913 1439 1981 gratiae,
1475 1912 1627 1965 initio
1651 1911 1730 1964 Itis

135 2001 306 2070 ipsum
335 2001 682 2055 Catharinum
714 2003 995 2072 alloquens
1028 2020 1039 2055 :
1069 2021 1088 2053 ι
1119 2004 1234 2057 Jam
1263 2013 1418 2057 aetate
1447 2012 1732 2073 provectus

138 2107 200 2145 ex
254 2093 646 2161 juriscousulto
699 2096 1056 2166 (trigesimum
1105 2094 1281 2148 aetatis
1327 2110 1525 2148 annum
1576 2104 1730 2148 natus

137 2181 427 2236 Florentia:
454 2182 822 2237 Dominicanre
845 2182 1061 2237 familia:
1093 2199 1286 2238 nomen
1316 2183 1486 2250 ded.t)
1525 2185 1727 2239 theolo-

135 2285 230 2339 gus
260 2271 558 2340 derepente
587 2274 850 2342 prodiisti,
897 2274 1057 2328 simul
1087 2283 1143 2327 et
1187 2274 1376 2329 audire
1403 2275 1618 2344 tmpisti
1670 2277 1723 2331 in

135 2362 352 2426 scholis.
381 2377 436 2418 et
462 2373 647 2418 contra
677 2366 923 2434 egregios
965 2363 1063 2419 sch
1085 2365 1274 2419 ilarum
1305 2364 1555 2419 doctores
1585 2366 1724 2420 seri-

137 2453 280 2507 liere.
315 2473 334 2505 ι
373 2453 562 2511 Tanta:
598 2457 935 2510 auctoritatis
967 2456 1105 2526 apud
1137 2471 1264 2510 suos
1294 2455 1453 2511 habet
1479 2456 1726 2509 Cathari-

136 2547 269 2601 nusl
301 2545 570 2602 Caatetum
606 2564 710 2603 non
757 2562 971 2616 possunt
1023 2563 1128 2602 non
1181 2548 1444 2617 indignati
1490 2553 1725 2614 Annato,

135 2636 273 2691 hanc
297 2637 535 2707 glossam
561 2654 682 2707 pag.
710 2636 815 2693 866
837 2637 1109 2692 Catbariui
1159 2639 1471 2692 testimonio
1521 2653 1726 2705 appen-

132 2727 281 2779 deuli
315 2744 330 2777 :
372 2745 390 2778 ί
426 2726 698 2781 Ambrosii
749 2726 1024 2780 Cathariui
1053 2726 1314 2795 judicium
1347 2735 1491 2780 esset
1536 2726 1730 2779 merito

136 2827 471 2884 suspectum,
496 2821 541 2872 si
573 2834 734 2888 quam
768 2818 1053 2888 proﬁtetur
1079 2818 1348 2872 interdum
1394 2819 1447 2872 in
1479 2818 1731 2887 Augusti-

143 2925 208 2962 no
229 2908 531 2965 deserendo
575 2911 900 2978 libertatem,
941 2919 1226 2977 usurparet
1255 2912 1425 2965 solus.
1452 2911 1556 2965 Sed
1584 2917 1728 2964 tanta

142 3008 455 3054 cmterorum
524 2999 804 3055 doctorum
869 3001 1207 3070 conspiratio
1281 3001 1413 3054 satis
1492 3001 1730 3055 ostendit

145 3087 483 3144 Calharinum
547 3091 598 3144 in
647 3106 710 3144 ea
784 3105 866 3154 re,
945 3107 1050 3144 non
1106 3100 1165 3144 ut.
1205 3090 1578 3154 Catbarinum.
1637 3092 1728 3159 qui

1836 1915 2050 1968 trariam
2083 1912 2580 1981 interpretationem
2602 1926 2705 1965 non
2731 1910 2890 1964 modo
2913 1909 3327 1978 Augustinianos
3362 1925 3418 1964 se

1834 2006 2080 2075 probant,
2113 2005 2209 2059 sed
2238 2003 2845 2073 Augustiniauissimos;
2889 2003 3042 2056 novis
3071 2005 3212 2056 enim
3241 2002 3420 2056 verbis

1832 2098 2064 2153 insolitae
2121 2097 2480 2152 recentiorum
2530 2097 2855 2149 assertiones
2896 2095 3223 2161 castigandae
3273 2103 3418 2149 sunt.

1830 2191 1946 2257 Quo
1975 2205 2100 2243 vero
2131 2188 2287 2242 ﬁdem
2321 2187 2546 2242 testibus
2596 2198 2767 2254 paret,
2807 2188 2979 2255 aliqua
3012 2203 3200 2242 eorum
3257 2188 3418 2242 verba

1830 2283 2152 2346 dissimulat,
2205 2281 2308 2335 alia
2339 2281 2645 2346 detruncat,
2685 2280 2787 2333 alia
2830 2289 3021 2346 mutat,
3053 2279 3202 2349 gravi
3231 2289 3419 2336 contra

1831 2383 1910 2428 tot
1935 2373 2188 2428 doctores
2214 2373 2432 2440 injuria.

1903 2465 1957 2519 ln
1982 2465 2167 2533 primis
2193 2463 2432 2532 appellat
2480 2461 2827 2527 Driedonem,
2864 2470 3088 2516 testatus
3142 2477 3263 2530 pag.
3317 2459 3420 2516 878

1830 2556 1947 2612 haec
1977 2558 2261 2626 scripsisse
2291 2573 2304 2610 :
2340 2574 2358 2607 ι
2393 2555 2577 2625 Neque
2602 2556 2805 2609 sentire
2826 2564 3012 2608 contra
3033 2555 3266 2608 divinam
3301 2567 3421 2622 gra-

1833 2650 1984 2712 tiam,
2015 2662 2194 2715 neque
2253 2647 2298 2698 si
2328 2646 2564 2710 fallatur,
2622 2647 2925 2713 perniciose
2975 2645 3082 2697 falli
3125 2659 3248 2698 eum
3307 2644 3420 2712 qui.

1831 2738 2075 2810 quamvis
2104 2735 2436 2805 Augustinus
2463 2735 2619 2789 aliter
2640 2734 2857 2798 sentiat,
2889 2734 3200 2804 generalem
3228 2747 3426 2802 agnos-

1831 2835 1903 2888 cit
1927 2849 2050 2902 erga
2081 2848 2268 2888 onmes
2299 2832 2567 2901 homines,
2618 2848 2738 2888 cum
2770 2833 3000 2902 primum
3032 2831 3097 2886 ad
3130 2845 3284 2885 usum
3339 2845 3425 2884 ra-

1835 2926 1996 2980 tionis
2029 2927 2368 2994 perveniunt,
2396 2925 2712 2986 bonitatem,
2743 2933 2801 2978 ut
2839 2923 3100 2993 eosjuvet
3129 2922 3420 2990 peculiari-

1834 3015 1933 3069 bus
1954 3015 2185 3068 auxiliis.
2221 3033 2239 3065 ›
2279 3013 2476 3068 Driedo
2516 3028 2582 3068 eo
2612 3013 2740 3078 loci,
2789 3028 2982 3082 nempe
3011 3013 3062 3066 in
3093 3013 3185 3066 lib.
3237 3012 3303 3066 de
3329 3013 3426 3066 Ca-

1833 3105 2076 3172 ptivitate
2105 3110 2162 3157 et
2187 3103 2562 3171 redemptione
2605 3104 2818 3171 generis
2848 3103 3020 3168 bum.,
3045 3117 3162 3172 cap.
3190 3103 3244 3167 Ξ,
3271 3112 3424 3160 tract.

145 3193 234 3232 suo
259 3194 403 3250 stepe
446 3179 663 3250 ingenio
706 3181 928 3234 nimium
960 3180 1203 3247 indulsit,
1235 3180 1328 3235 sed
1363 3189 1420 3234 ut
1468 3181 1725 3235 Ecclesiae

1837 3195 1886 3260 4,
1913 3195 2112 3250 memb.
2145 3194 2203 3262 2,
2229 3204 2369 3262 part.
2400 3193 2456 3259 8,
2507 3195 2820 3249 immediate
2849 3203 2976 3249 ante
3004 3195 3096 3248 illa
3143 3197 3304 3250 verba
3356 3197 3424 3250 ab

145 3269 409 3325 catholicae
467 3270 928 3341 archiepiscopum
982 3280 1036 3325 et
1083 3270 1358 3324 doctorem
1409 3269 1460 3322 id
1521 3269 1726 3324 sensis-

145 3374 220 3426 se,
260 3380 277 3413 »
314 3371 417 3416 etc.
475 3362 660 3424 Erras,
712 3361 943 3425 Annate,
993 3375 1162 3415 erras.
1197 3359 1523 3414 Catharinus
1556 3358 1724 3414 libros

149 3450 262 3505 illos
290 3451 355 3506 de
381 3451 865 3506 Przedcstinatione
904 3450 1118 3518 scripsit
1146 3458 1433 3518 antequam
1462 3456 1606 3503 esset
1630 3463 1726 3502 an-

149 3542 311 3605 tistes,
343 3557 463 3596 nam
495 3541 624 3595 editi
674 3551 798 3595 sunt
825 3540 1053 3594 Parisiis
1080 3554 1222 3594 anno
1254 3537 1427 3602 1541;
1476 3536 1568 3591 ille
1596 3551 1727 3592 vero

145 3632 452 3690 Minorensis
485 3633 774 3701 cpiscopus
804 3631 855 3686 in
907 3631 1200 3685 Picentinis
1229 3628 1406 3682 dictus
1452 3634 1536 3681 est
1582 3640 1728 3680 anno

149 3720 302 3786 15i6,
333 3723 418 3778 die
469 3722 538 3775 27
582 3723 844 3788 Augusﬁ,
901 3735 966 3774 ex
1022 3729 1166 3774 tomo
1221 3734 1294 3773 vn
1347 3716 1508 3770 Italiae
1561 3730 1728 3770 sacrae

147 3814 846 3885 Ughclli;arcbiepi.~co;:us
895 3829 1022 3868 vero
1073 3813 1322 3880 Compsm
1370 3825 1513 3865 anno
1563 3809 1726 3875 1552,

148 3906 224 3967 die
251 3909 282 3963 5
309 3909 472 3964 Junii.
503 3908 619 3963 Non
653 3908 836 3974 itaque
889 3905 1099 3960 locutus
1145 3912 1227 3958 est
1267 3911 1324 3957 ut
1363 3902 1724 3969 archiepisco-

148 4011 235 4066 pus
269 3998 525 4055 Ecclesia:
578 3997 879 4060 catholicae,
931 3995 1046 4060 sed,
1108 4002 1244 4049 teste
1292 3994 1445 4057 Soto,
1521 3992 1597 4045 uti
1630 4005 1729 4044 nu-

150 4101 295 4152 perus
322 4107 382 4143 e1:
399 4089 783 4162 jurisconsulto
812 4085 1076 4155 theologus
1123 4085 1174 4138 in
1225 4083 1290 4137 iis
1321 4082 1475 4136 libris
1529 4082 1582 4135 iu
1613 4079 1730 4150 qui-

153 4178 562 4245 bus,assertore
621 4180 911 4242 Bannesio,
951 4177 1081 4230 nihil
1133 4185 1210 4229 est
1256 4173 1584 4239 eruditionis,
1637 4170 1731 4226 sed

154 4269 418 4333 plurimum
504 4270 711 4323 erroris.
765 4269 900 4322 llinc
947 4266 1142 4320 factum
1189 4274 1274 4319 est
1306 4275 1360 4317 ut
1405 4262 1730 4317 Catharinus

155 4357 473 4428 iurisperitus
511 4362 563 4415 in
593 4361 699 4415 illis
730 4359 878 4413 libris
901 4372 1045 4427 saepe
1076 4356 1304 4410 laudarit
1325 4355 1543 4410 codices
1568 4362 1620 4407 et
1645 4354 1730 4407 di-

156 4461 308 4517 gesta,
336 4462 389 4506 ut
418 4467 552 4508 suas
599 4453 663 4506 de
711 4448 1186 4520 praedestinatione
1217 4447 1499 4517 Opiniones
1528 4444 1732 4500 theolo-

159 4538 226 4606 gis
254 4546 616 4609 persuaderet.

221 4639 391 4696 Restat
417 4643 669 4708 Osorius,
702 4642 770 4698 de
800 4658 903 4711 quo
929 4641 1043 4696 hare
1069 4639 1228 4693 habet
1257 4637 1468 4693 Gabriel
1496 4638 1732 4706 Vasqucz

161 4733 656 4805 part.t,di5put.89,
673 4748 792 4801 cap.
810 4731 866 4797 8,
887 4747 1030 4785 num.
1046 4731 1115 4783 62
1135 4748 1146 4781 :
1169 4749 1187 4780 ‹
1213 4730 1474 4792 Alterum,
1491 4729 1660 4796 inquo
1677 4729 1732 4782 hi

164 4831 613 4896 auctorcs(uempe
626 4825 964 4889 Catltarhtus,
980 4822 1340 4888 Camerarius,
1361 4825 1606 4889 Osorius)
1629 4821 1737 4876 fue-

165 4915 513 4987 runtdecepti,
531 4926 611 4970 est
625 4916 763 4985 quod
780 4923 1034 4983 putarunt
1049 4913 1258 4965 Graeca
1278 4911 1465 4964 Patres
1481 4911 1736 4980 Augusti-

169 5014 231 5053 no
242 5009 488 5060 contraria
505 5006 769 5067 docuisse,
785 5004 934 5072 quasi
949 5009 1215 5056 assereret
1231 5002 1554 5068 Augustinus
1570 5001 1738 5054 homio

170 5103 253 5143 nes
279 5093 339 5145 ad
390 5096 612 5165 gloriam
679 5093 793 5147 sine
834 5092 1037 5146 meritis
1093 5093 1296 5146 electos
1331 5091 1518 5156 fuisse,
1553 5108 1570 5140 ι
1620 5100 1727 5142 etc.

172 5178 355 5250 Itaque,
389 5177 620 5256 V'asqaio
652 5195 808 5250 teste,
845 5186 1068 5239 Osorius
1099 5184 1353 5253 deceptus
1392 5192 1496 5237 est.
1551 5185 1730 5236 Anna-

175 5277 247 5324 tus
277 5274 404 5334 libro
433 5282 603 5347 primo
635 5280 715 5333 sui
747 5277 1054 5347 Augustini,
1078 5293 1106 5330 a
1134 5293 1254 5346 cap.
1277 5277 1311 5328 Ξ
1341 5265 1508 5345 usque
1537 5275 1603 5329 ad
1636 5290 1732 5329 no-

177 5377 306 5430 Ilum,
340 5371 500 5426 fusius
522 5382 748 5426 conatur
775 5371 1002 5439 probare
1052 5370 1404 5437 Augustinum
1439 5383 1546 5421 non
1604 5382 1730 5420 sen-

177 5451 294 5508 sisse
320 5472 495 5515 centra
528 5464 774 5531 antiquos
835 5461 1042 5526 Patres,
1093 5469 1147 5512 et
1198 5459 1468 5527 prazeipue
1519 5471 1636 5524 cap.
1677 5455 1731 5521 6,

179 5539 256 5595 ubi
279 5545 516 5606 Faustum
548 5563 733 5607 contra
759 5549 1112 5621 Augustinum
1168 5550 1468 5619 loquentem
1512 5548 1732 5603 inducit.

176 5626 270 5691 Qua
296 5649 414 5706 (τεο
461 5643 672 5697 ratione
725 5641 1085 5711 Augustinum
1127 5639 1231 5694 illis
1264 5640 1588 5695 testimoniis
1639 5655 1737 5707 op-

171 5727 381 5813 l'"8"air?
405 5729 566 5795 Quod
597 5733 641 5787 si
668 5733 809 5788 dicat
849 5731 1074 5788 recitare
1101 5745 1158 5786 se
1187 5731 1314 5802 quid
1337 5731 1411 5787 illi
1443 5729 1731 5796 senserint,

1831 3286 2141 3341 adversario
2167 3285 2420 3350 adducta,
2479 3287 2593 3341 haec
2643 3287 2805 3341 tradit
2839 3304 2852 3339 :
2890 3305 2908 3338 ‹
2943 3287 3198 3354 Quamvis
3226 3303 3425 3344 rurton

1835 3377 1978 3432 vivat
2004 3379 2250 3447 quisquis
2279 3394 2401 3432 cum
2451 3378 2741 3433 venerabili
2767 3378 2924 3432 Patre
2953 3378 3250 3448 Augustino
3304 3396 3411 3436 non

1830 3484 1926 3538 per
1947 3470 2139 3523 auxilia
2169 3469 2495 3523 sufﬁcientia
2527 3484 2590 3522 ex
2615 3483 2771 3536 aequo
2799 3469 3048 3523 omnilms
3073 3470 3268 3523 adultis
3298 3485 3424 3539 pro-

1831 3559 2022 3627 posita,
2057 3559 2150 3612 sed
2180 3573 2275 3626 per
2296 3559 2531 3611 divinam
2570 3558 3000 3612 misericordiam
3025 3569 3078 3612 et
3100 3543 3363 3628 justitiam
3393 3577 3423 3615 τι

1830 3651 2063 3706 curiosis
2089 3651 2366 3703 hominum
2398 3649 2788 3718 quaestionibus
2835 3663 2896 3704 se
2943 3650 3192 3715 absolvit,
3247 3652 3425 3705 humi-

1833 3741 1991 3796 liatus
2017 3740 2118 3794 sub
2149 3739 2353 3809 potenti
2401 3754 2562 3792 manu
2593 3737 2710 3792 Dei.
2752 3757 2771 3789 ι
2799 3737 3003 3793 Deinde
3029 3753 3186 3807 quant
3215 3739 3289 3793 ibi
3345 3742 3426 3795 in-

1830 3832 2008 3888 sinuat
2031 3831 2100 3886 de
2130 3829 2348 3884 auxiliis
2370 3828 2747 3884 communibus
2797 3829 3144 3894 sententiam,
3176 3830 3348 3884 locum
3373 3833 3426 3886 in

1832 3923 2071 3994 parvulis
2104 3938 2209 3976 non
2241 3922 2441 3976 habere
2491 3919 2752 3986 ostendit,
2785 3934 2890 3988 quo
2943 3919 3222 3974 insolubili
3267 3935 3427 3989 argu-

1833 4022 2016 4069 mento
2044 4021 2263 4067 sanctus
2305 4010 2636 4081 Augustinus
2677 4009 2820 4063 illam
2849 4023 3064 4078 semper
3087 4011 3428 4079 impugnave-

1833 4114 1936 4161 rat.
1984 4107 2051 4160 At
2110 4105 2202 4175 qui
2234 4118 2391 4158 secus
2434 4103 2650 4166 sentiat,
2695 4118 2796 4156 non
2843 4101 2975 4170 falli,
3012 4102 3201 4171 inquit,
3253 4105 3428 4172 perni-

1832 4201 1986 4264 ciose,
2018 4199 2061 4251 si
2085 4197 2303 4266 fallitur,
2351 4211 2441 4248 nec
2471 4203 2653 4248 contra
2681 4195 2907 4247 divinam
2950 4196 3169 4264 gratiam
3221 4197 3426 4250 sentire.

1833 4288 1963 4342 Nam
1995 4296 2180 4342 contra
2221 4284 2483 4353 justitiam
2516 4284 2694 4352 potius
2723 4285 2890 4338 sentit
2919 4301 3076 4354 quam
3099 4296 3282 4339 contra
3307 4301 3429 4355 gra.

1835 4379 1988 4442 tiam,
2023 4392 2121 4430 nec
2143 4374 2466 4443 perniciose,
2510 4374 2605 4428 sed
2661 4374 3018 4428 tolerabiliter
3068 4373 3289 4430 fallitur.
3345 4375 3428 4430 Tu

1834 4484 1982 4533 vero,
2017 4468 2248 4532 Annatc,
2273 4475 2332 4520 ut
2359 4465 2644 4534 Augustini
2704 4466 2754 4519 in
2785 4465 2890 4520 ﬁne
2920 4466 3016 4520 lib.
3049 4480 3103 4519 vi
3129 4473 3312 4519 COutra
3335 4466 3429 4518 Ju-

1756 4563 1810 4623 D
1836 4557 2034 4612 [ianum
2071 4554 2255 4620 verba,
2287 4555 2419 4608 velis
2452 4555 2613 4619 nolis,
2650 4554 2743 4608 tibi
2776 4555 3038 4623 ingeram,
3074 4553 3431 4607 miserabiliter

1839 4646 2060 4716 falleris,
2093 4648 2170 4699 vel
2199 4647 2355 4699 etiam
2385 4646 2756 4700 detestabiliter
2788 4645 3010 4714 falleris,
3040 4642 3251 4712 quando
3281 4644 3429 4697 Drie-

1839 4737 2032 4792 donetu
2062 4746 2251 4791 contra
2278 4738 2630 4808 Augustinum
2682 4734 3051 4788 testimonium
3099 4733 3278 4787 dicere
3336 4735 3428 4790 tibi

1840 4828 2018 4896 ﬁngis,
2050 4829 2140 4898 qui
2173 4844 2447 4884 rurtoncu
2474 4828 2643 4881 sancti
2673 4821 2907 4878 doctoris
2936 4825 3261 4878 sententiam
3293 4840 3428 4879 cun-

1839 4927 2082 4972 te-tatur.
3186 4977 3196 4984 ξ

1913 5006 2117 5060 Rursus
2135 5006 2351 5060 adducit
2372 5006 2615 5059 eumdem
2640 5003 2960 5058 Driedonem
2982 5004 3071 5058 lib.
3101 5021 3113 5060 t
3135 5005 3200 5061 de
3227 5006 3426 5062 Libero

1834 5095 2071 5150 Arbitrio
2098 5109 2216 5162 cap.
2249 5096 2303 5157 2,
2343 5104 2478 5162 part.
2511 5095 2564 5155 5.
2595 5095 2683 5148 ubi
2715 5094 2828 5147 ait:
2860 5113 2877 5143 ι
2911 5096 2984 5150 Ex
3012 5097 3303 5166 scripturis
3333 5113 3422 5153 sa—
3458 5149 3480 5165 ,

1834 5187 1940 5240 cris
1967 5185 2034 5238 ab
2051 5183 2345 5253 Augustino
2366 5183 2610 5238 adductis
2634 5198 2795 5253 super
2823 5172 2922 5240 hac
2947 5201 3004 5242 re
3037 5203 3139 5241 non
3165 5201 3421 5255 expresse

1835 5287 1890 5331 et
1914 5273 2204 5329 efﬁcaciter
2245 5274 2491 5329 concludi
2543 5281 2719 5344 potest
2745 5276 2975 5331 infantes
3002 5278 3118 5330 sine
3149 5276 3418 5343 baptismo

1835 5365 2159 5420 decedentes
2185 5365 2446 5433 supplicio
2486 5365 2674 5419 aeterni
2705 5365 2844 5434 ignis
2874 5380 2997 5420 esse
3019 5363 3358 5418 cruciandos.
3389 5382 3412 5416 ι

1840 5458 2106 5525 Additque
2134 5459 2374 5510 Annatus
2407 5457 2585 5511 nobile
2607 5457 2892 5511 scholioﬁ:
2931 5474 2951 5508 ι
2985 5456 3063 5509 En
3095 5463 3152 5507 ut
3189 5454 3430 5507 inefﬁca-

1842 5562 1934 5601 ces
1966 5545 2159 5599 fatetur
2182 5546 2442 5601 adductas
2474 5546 2541 5600 ab
2589 5549 2888 5615 Augustino
2943 5559 3006 5598 ex
3039 5544 3313 5613 Scriptura
3341 5559 3430 5598 sa-

1842 5652 1936 5691 cra
1969 5638 2334 5705 probationes,
2368 5647 2529 5705 utque
2579 5637 2782 5704 optioni
2816 5633 3173 5689 studiosorum
3207 5635 3429 5702 permit-

1848 5724 1930 5792 tit,
1967 5732 2020 5778 ut
2051 5722 2200 5778 illum
2235 5731 2324 5776 aut
2356 5731 2647 5791 sequantur
2677 5722 3060 5776 autdescrant.
3096 5738 3116 5772 ι
3177 5720 3428 5788 Intelligit
