3930 6366
477 352 580 439 τίς

1333 379 1886 438 scrccenxaxrcn
1933 379 2023 433 an
2063 378 2289 434 orsus
2332 379 2389 434 s.
2433 343 2821 466 suc'tssrtut.

3656 373 3776 428 764

481 499 674 554 l)rie.lo
706 470 1322 565 testimonia'Scripturce
1348 495 1416 548 ab
1442 496 1738 564 Augustino
1765 494 1924 546 allata
1954 509 2058 548 non
2089 496 2137 552 Α
2170 491 2303 547 Deus
2331 511 2432 547 non
2465 494 2676 565 denegat
2706 502 2946 564 gratiam,
2985 493 3126 564 quod
3177 491 3510 550 recentiores
3558 504 3771 564 putant

479 593 786 656 efficaciter,
818 591 920 644 hoc
947 600 1031 647 est
1063 590 1201 643 haud
1234 589 1660 643 demonstrative
1685 589 1912 656 proliare
1945 603 2056 664 poe-

480 701 603 738 nam
631 699 822 739 sensus
872 697 1158 751 puerorum
1215 681 1265 733 in
1322 680 1536 745 inieris;
1586 694 1704 732 nam
1758 678 2060 732 immediate

481 775 593 827 ltrcc
616 775 680 827 die
713 782 938 840 utraque
985 780 1107 824 sent
1143 771 1248 821 ntia
1303 771 1634 838 pra-miserat
1667 787 1678 821 :
1711 769 1833 824 Cum
1880 778 2062 822 neutra

479 867 709 916 videatur
747 863 1022 932 efﬁcariter
1051 875 1112 912 ea:
1143 859 1412 922 Scriptura
1457 875 1602 912 sacra
1629 858 2057 912 demonstrabilis.

482 955 660 1022 Neque
685 956 817 1007 lianc
846 952 1166 1007 sententiam
1199 951 1622 1006 demonstrative
1658 951 1930 1020 probatam
1961 966 2060 1004 nos

482 1047 888 1110 contendimus;
919 1045 1050 1097 alias
1082 1043 1258 1096 nullus
1310 1053 1489 1112 posset
1537 1044 1837 1112 oppositum
1899 1043 2058 1097 tueri.

483 1139 664 1203 Neque
694 1137 964 1204 optionem
995 1135 1120 1189 facit
1152 1145 1208 1189 ut
1258 1135 1607 1206 Augustinum
1642 1135 1722 1188 vel
1774 1149 2063 1202 sequamur

484 1229 565 1280 vel
596 1227 907 1281 deseramus
937 1245 950 1278 :
991 1242 1110 1278 nam
1143 1225 1437 1296 Augustino
1473 1226 1632 1278 etiam
1663 1225 1747 1278 illa
1779 1225 1834 1278 in
1855 1224 2065 1291 opinio-

487 1333 555 1371 ne
579 1318 731 1371 nobis
758 1317 1124 1372 inhaerendum
1180 1331 1299 1371 esse
1329 1316 1576 1384 cxetnplo
1605 1316 1806 1380 docuit,
1833 1314 1946 1367 ha‘c
1979 1327 2063 1395 as-

488 1419 670 1464 truens
703 1428 716 1462 :
755 1429 771 1460 ι
815 1409 879 1465 Ut
907 1426 1056 1479 ergo,
1081 1409 1220 1478 quod
1247 1409 1397 1464 nobis
1424 1424 1786 1472 rnouamucs,
1825 1406 2067 1476 Scriptu-

488 1502 667 1568 risque
697 1503 864 1557 sacris
911 1504 1078 1571 magis
1133 1488 1426 1558 consonum
1481 1503 1708 1568 videtur,
1757 1502 2064 1568 nll‘cramus,

487 1593 809 1646 arbitramur
878 1593 1249 1664 hujuscemodi
1326 1593 1573 1662 parvulos
1641 1593 1879 1648 sensibili
1932 1609 2065 1662 qtta-

486 1684 607 1737 dam
643 1685 905 1750 molesda,
935 1700 1028 1740 seu
1060 1683 1351 1738 afﬂictione
1375 1685 1441 1739 ab
1472 1687 1591 1755 igne
1629 1695 1683 1740 et
1713 1685 1762 1738 in
1797 1685 1918 1754 igne
1955 1693 2065 1738 tor-

489 1773 659 1842 queri.
694 1795 710 1824 ι
764 1776 948 1840 Audis,
1000 1779 1232 1841 Anuate,
1283 1791 1398 1829 eam
1451 1777 1791 1842 sententiam,
1821 1792 1978 1846 quam
2005 1779 2064 1829 “tu

2162 597 2282 638 esse
2305 585 2687 640 certissimum.
2717 584 2875 640 Vides
2901 585 3058 638 tertio
3083 585 3248 639 Deum
3281 584 3420 640 haud
3449 586 3771 654 reprehen-

2162 670 2213 725 di
2245 685 2401 740 posse
2423 674 2467 726 si
2500 674 2870 729 laborantibus
2899 687 2994 742 pro
3023 672 3226 728 viribus
3279 673 3458 729 adhuc
3518 675 3771 746 deneget

2161 763 2384 831 gratiam
2428 781 2440 815 :
2486 779 2604 834 quas
2648 763 2866 818 Adriani
2916 765 3057 818 dicta
3085 781 3204 819 cum
3236 764 3449 821 illorum
3474 767 3770 839 theologia

2164 864 2267 903 non
2297 851 2646 906 conveniunt.
2677 851 2876 906 Ibidem
2906 867 3033 908 vero
3059 854 3134 907 ait
3168 873 3179 907 :
3213 872 3230 905 ι
3271 855 3327 908 In
3356 858 3620 912 omnibus
3683 861 3770 914 his

2163 939 2569 994 exclamandum
2614 951 2697 996 est
2750 958 2868 998 cum
2912 945 3247 1013 Augustino:
3287 947 3584 1002 Oaltitudo
3631 951 3773 1003 diri-

2167 1030 2357 1082 tiarum
2385 1033 2648 1099 rapientia:
2676 1044 2723 1087 et
2752 1036 2980 1088 scientia:
3012 1035 3151 1090 Dei!
3192 1055 3210 1088 ι
3247 1038 3376 1092 Cum
3435 1049 3617 1095 tamen
3684 1059 3769 1096 re-

2166 1119 2434 1174 centiores
2465 1121 2600 1175 banc
2628 1124 2795 1176 sancti
2828 1125 3110 1193 Augustini
3158 1128 3605 1184 exclamationem
3657 1147 3768 1186 non

2167 1209 2327 1263 modo
2355 1225 2462 1263 non
2492 1210 2788 1278 imitentur,
2833 1213 2928 1267 sed
2975 1214 3250 1280 irrideant,
3276 1217 3418 1285 quod
3449 1233 3517 1273 ex
3551 1219 3768 1275 Joanne

2168 1302 2375 1358 Adamo
2399 1305 2642 1373 superius
2673 1306 2768 1359 fuit
2798 1306 3156 1362 manifestum.

2241 1396 2457 1449 Accedit
2487 1399 2641 1451 tertio
2661 1399 2779 1452 loco
2812 1399 3230 1456 Barthotomtcus
3261 1403 3494 1468 Medina,
3533 1421 3767 1476 magnus

2172 1484 2506 1540 Dominicani
2526 1488 2754 1542 instituti
2783 1489 3060 1560 theologus
3088 1509 3101 1555 ;
3126 1492 3244 1562 eius
3270 1495 3431 1548 verba
3454 1496 3533 1550 sic
3568 1498 3767 1553 recitat

2173 1580 2412 1632 Armatus
2457 1594 2576 1648 pag.
2609 1580 2712 1633 875
2740 1597 2754 1633 :
2787 1599 2806 1632 t
2839 1582 2965 1637 Sine
2993 1582 3154 1636 dubio
3205 1587 3470 1640 sententia
3528 1598 3617 1641 est
3660 1593 3765 1642 Au-

2171 1670 2366 1738 gustini
2390 1671 2530 1738 quod
2563 1672 2723 1725 homo
2773 1674 2822 1726 in
2855 1689 2983 1742 pura
3016 1683 3202 1729 natura
3254 1677 3409 1731 habet
3459 1682 3767 1736 naturalem

2172 1764 2415 1818 virtutem
2455 1766 2734 1834 operandi,
2774 1784 2930 1836 quam
2974 1784 3080 1822 non
3133 1770 3293 1825 habet
3333 1771 3382 1825 in
3440 1771 3617 1839 lapsa.
3649 1775 3764 1829 Non

489 1881 606 1934 pag.
643 1864 746 1917 838
804 1876 1052 1935 tanquatn
1109 1868 1366 1920 crudelem
1398 1868 1706 1931 detestaris,
1742 1883 1769 1922 a
1805 1867 2070 1922 Dt'lCdOlle

2183 1855 2349 1924 placet
2379 1867 2554 1912 tamen
2585 1859 2912 1914 doctoribus.
2952 1880 2968 1912 ι
3001 1861 3045 1916 0
3076 1862 3296 1931 integrae
3351 1863 3472 1918 lidei
3521 1871 3774 1938 exscr‘p-g

490 1957 655 2008 astrui
683 1956 1116 2022 probabiliorem,
1147 1972 1209 2011 ac
1251 1972 1416 2011 sacra:
1446 1959 1646 2028 pagina:
1675 1959 1841 2026 magis
1876 1973 2068 2013 consti-

492 2062 614 2099 nam
643 2047 667 2099 τ
699 2049 994 2118 Augustino
1043 2051 1205 2118 igitur
1233 2051 1423 2104 militat
1466 2051 1805 2105 doctissimus
1846 2051 1936 2105 ille
1965 2051 2066 2114 vir,

490 2151 662 2204 neque
692 2136 794 2189 ulla
826 2147 939 2192 arte
964 2138 1015 2191 in
1041 2141 1422 2204 recentiorum,
1445 2154 1616 2196 castra
1651 2143 1840 2195 abduci
1873 2151 2066 2211 potest,

491 2229 582 2279 Sed
609 2227 764 2282 inane
796 2240 997 2282 tantum
1023 2230 1166 2285 illius
1192 2247 1387 2286 nomen
1423 2232 1574 2302 lingis
1631 2231 1696 2286 ad
1726 2233 2071 2301 decipiendos

491 2319 749 2373 incautos.

569 2409 818 2463 Driedoui
849 2412 1102 2478 magistro
1135 2427 1419 2482 supparcm
1448 2413 1763 2468 submittunt
1800 2413 2070 2468 Rttardnm

492 2499 754 2567 Taperum
782 2516 843 2553 ex
871 2503 1058 2556 eadem
1103 2504 1512 2558 Lovaniensium
1561 2504 1832 2559 academia
1890 2507 2074 2561 docto—

493 2605 628 2652 rem,
665 2607 816 2659 quem
845 2595 959 2647 liaic
1003 2607 1187 2648 contra
1231 2599 1581 2663 AuguStinum
1627 2599 1863 2650 scribere
1915 2599 2075 2652 tradit

496 2682 758 2748 Anuatns,
787 2698 906 2752 pag.
946 2684 1049 2739 879
1084 2703 1096 2738 :
1134 2705 1152 2737 ι
1192 2687 1306 2740 Alia
1336 2696 1513 2740 tamen
1545 2687 1726 2755 Opinio
1755 2689 1924 2756 magis
1949 2703 2078 2741 con-

496 2783 748 2830 sentauea
803 2784 887 2830 est
931 2778 1247 2845 Augustino,
1306 2778 1443 2846 quod
1505 2796 1607 2834 non
1636 2779 1882 2832 omnibus
1939 2779 2079 2834 Deus

496 2866 740 2919 eonccdit
773 2866 878 2922 tale
928 2869 1208 2934 auxilium,
1249 2889 1266 2921 ι
1299 2879 1403 2924 etc.
1439 2870 1503 2924 Et
1546 2871 1739 2924 deinde
1773 2889 1785 2923 :
1823 2889 1840 2920 ‹
1883 2871 2077 2925 llar..m

498 2965 676 3011 tamen
699 2959 1009 3028 opinionum
1062 2963 1205 3028 prfor
1236 2960 1442 3015 videtur
1488 2964 1654 3030 magis
1703 2963 2017 3016 commenda
2051 2978 2080 3017 e

499 3047 731 3103 divinam
780 3051 1094 3117 bonitatem,
1128 3072 1145 3103 ›
1203 3064 1306 3107 etc.
1344 3055 1409 3106 At
1456 3065 1536 3107 cst
1578 3053 1716 3120 quod
1753 3055 1819 3108 de
1868 3057 2080 3109 Annato

501 3151 911 3208 conqueramur,
972 3144 1167 3210 quippe
1198 3143 1285 3210 qui
1341 3142 1499 3195 verba
1547 3143 1736 3209 Taperi
1791 3145 2075 3210 plurimum

2173 1954 2343 2002 torem
2371 1949 2384 2002 !
2412 1949 2620 2003 Medina
2659 1965 2722 2003 eo
2754 1951 2878 2020 loci,
2925 1952 3150 2006 adducta
3185 1956 3447 2008 sententia
3474 1959 3767 2012 n0uuullo-

2176 2052 2293 2092 rum
2319 2037 2668 2094 asserentitim
2715 2041 2981 2097 diversam
3030 2057 3151 2098 esse
3196 2045 3446 2099 virtutem
3503 2049 3769 2115 operandi

2177 2127 2406 2182 hominis
2430 2133 2616 2184 stantis
2642 2141 2696 2185 et
2719 2132 2872 2198 lapsi,
2904 2135 2977 2186 ait
3008 2152 3018 2185 :
3059 2135 3184 2198 Qua:
3212 2135 3321 2190 sine
3359 2137 3519 2190 dubia
3564 2139 3768 2192 videtur

2174 2234 2280 2275 esse
2314 2219 2378 2273 D.
2411 2222 2688 2292 Augustini
2719 2224 2990 2276 sententia.
3016 2223 3143 2290 Quae
3173 2225 3241 2278 ita
3274 2226 3462 2280 recitat
3484 2229 3765 2282 Armatus:

2177 2314 2301 2370 Sine
2329 2313 2480 2366 dubio
2526 2315 2772 2367 sententia
2819 2327 2892 2368 est
2943 2315 3235 2387 Augustini.
3259 2317 3568 2384 Falleris,o
3631 2321 3769 2374 bona:

2176 2407 2288 2460 vir!
2326 2420 2428 2459 non
2454 2406 2523 2459 ita
2581 2404 2772 2459 scribit
2838 2405 3044 2459 Medina
3079 2422 3095 2462 :
3135 2407 3324 2476 Videri,
3357 2409 3450 2475 ait,
3498 2425 3609 2463 non
3645 2426 3769 2464 vero

2175 2513 2282 2549 esse
2311 2510 2500 2564 reapse
2531 2495 2673 2548 illam
2706 2496 2984 2564 Augustini
3011 2497 3326 2551 sententiam
3352 2514 3367 2562 ;
3401 2509 3455 2552 tu
3484 2514 3619 2554 vero
3644 2501 3768 2554 illud

2177 2591 2394 2645 verbum
2433 2590 2592 2642 videri
2639 2588 2872 2654 abradis,
2897 2605 3001 2658 quo
3033 2606 3096 2644 ex
3140 2591 3363 2647 Medius:
3405 2593 3636 2647 vocibus
3666 2597 3768 2648 Au‘

2183 2682 2396 2752 gustino
2427 2680 2600 2736 acrius
2621 2681 2859 2734 insultes.
2883 2681 2984 2736 Sed
3013 2697 3107 2736 nec
3130 2683 3241 2736 ait:
3269 2682 3388 2736 Non
3414 2684 3585 2754 placet
3602 2694 3767 2739 tamen

2184 2775 2510 2839 doctoribus;
2539 2773 2732 2842 relege,
2766 2781 2819 2826 et
2855 2773 3062 2828 videbis
3098 2774 3167 2828 ita
3213 2776 3374 2830 scribi
3409 2794 3421 2830 :
3450 2776 3578 2829 Non
3606 2779 3765 2848 placet

2182 2875 2346 2918 tamen
2377 2867 2497 2919 viris
2546 2880 2890 2931 noc'rontuus,
2935 2867 3130 2934 quibus
3177 2881 3294 2921 eam
3352 2868 3656 2937 aliquibus,
3679 2871 3768 2926 sed

2183 2957 2318 3012 forte
2339 2959 2532 3024 minus,
2558 2967 2614 3010 ut
2631 2957 2718 3011 ille
2740 2957 3208 3026 quidemvputabat,
3235 2959 3410 3013 doctis
3435 2961 3765 3015 sententiam

2185 3047 2397 3115 placere
2448 3047 2731 3114 signiﬁcat,
2775 3061 2868 3100 eos
2913 3055 3091 3102 autem
3135 3047 3299 3102 tacito
3345 3049 3563 3103 nomine
3614 3036 3772 3119 paulo.

2185 3136 2678 3189 anteindicavcrat.
2713 3135 2818 3190 Sed
2869 3136 2969 3189 alia
3027 3152 3213 3190 rursus
3265 3137 3527 3192 audienda
3553 3150 3645 3193 est
3679 3141 3768 3193 ob-

500 3229 900 3295 Augnstininna:
929 3233 1206 3283 sententi-.e
1256 3233 1484 3284 faventia
1527 3233 1803 3296 mniSerit;
1833 3248 1952 3285 nam
2003 3235 2074 3287 ita
2103 3210 2149 3270 (ἶ
2181 3228 2342 3296 Ῑυςιίο
2368 3245 2380 3280 :
2407 3229 2627 3294 etenim,
2659 3229 2921 3282 recensita
2944 3227 3166 3282 Mediam
3190 3231 3474 3297 sententia,
3504 3231 3772 3285 exclamat

499 3318 689 3370 scribit
743 3318 982 3386 'l‘aperus
1041 3320 1106 3372 ad
1159 3328 1262 3374 ait.
1291 3322 1341 3373 7.
1371 3337 1490 3390 pag.
1512 3322 1618 3374 2'22
1647 3340 1659 3374 :
1693 3341 1711 3374 ‹
1749 3322 1866 3376 Alia
1903 3331 2077 3377 tamen

499 3408 679 3477 opinio
701 3409 865 3480 magis
893 3419 974 3465 est
1017 3423 1374 3468 ennsentanea
1413 3413 1728 3483 Augustino,
1774 3431 1838 3468 ετ
1870 3431 2078 3470 enituit

500 3513 778 3568 ecucztats,
799 3503 1060 3572 quodnon
1093 3506 1339 3560 omnibus
1394 3507 1529 3559 Deus
1553 3506 1792 3560 c'oncedit
1813 3506 1915 3560 tale
1933 3509 2080 3561 auxi-

502 3589 653 3645 lium.
689 3610 706 3643 ι
745 3591 1020 3663 Pupugere
1049 3597 1361 3652 recentioris
1384 3587 1626 3653 mentem
1651 3598 1756 3652 duo
1783 3598 1870 3652 illa
1897 3599 2077 3654 verba:

502 3682 622 3750 quis
654 3683 796 3736 enim
822 3685 943 3741 inde
969 3702 1072 3740 non
1103 3686 1280 3743 videat
1307 3699 1562 3757 quantum
1598 3691 1849 3758 ponderis
1905 3695 2085 3760 Augu-

504 3770 751 3826 stiniana:
778 3776 1083 3842 sementim,
1109 3787 1245 3832 teste
1267 3778 1493 3846 Tapero,
1518 3779 1777 3832 accedat?
1805 3781 1893 3834 llla
1926 3782 2085 3850 igitur

505 3863 751 3917 consulto
783 3867 981 3918 omisit.
1015 3867 1191 3932 Quare
1216 3866 1338 3934 jure
1392 3882 1512 3920 cum
1544 3869 1840 3935 Augustino
1890 3869 1983 3923 lib.
2029 3884 2082 3923 tv

503 3964 689 4007 contra
717 3953 849 4018 Jul.,
878 3969 997 4020 cap.
1026 3955 1075 4018 8,
1132 3956 1217 4009 hic
1269 3956 1424 4008 liceat
1450 3956 1751 4011 exclamare
1777 3975 1790 4011 :
1824 3959 1891 4013 Ut
1920 3977 2080 4030 appa-

503 4053 614 4094 reat
645 4043 706 4094 de
728 4057 780 4093 re
819 4051 986 4104 tanta,
1040 4044 1225 4110 quibus
1274 4044 1361 4097 abs
1392 4054 1440 4098 te
1474 4046 1739 4115 fraudibus
1778 4050 2082 4119 disputetur.

503 4131 665 4186 Addit
688 4134 926 4186 Anna'us
954 4133 1254 4202 signiﬁcare
1277 4137 1540 4206 'l‘aperum
1572 4140 1813 4195 eamdem
1863 4150 2083 4198 senten-

506 4223 633 4276 tiam
679 4236 799 4277 esse
829 4224 1046 4279 Adriani
1078 4225 1163 4294 Vl,
1189 4226 1222 4278 4
1267 4228 1685 4295 Sententiarum,
1711 4241 1898 4301 qutest.
1935 4236 1984 4302 1,
2018 4234 2085 4288 de

508 4313 845 4382 poenitcutii.
878 4316 1009 4370 lliue
1057 4317 1277 4373 insultat
1323 4334 1441 4389 pag.
1475 4312 1625 4376 886—:
1656 4322 1915 4377 Adrianus
1951 4341 2086 4394 quoa

505 4422 600 4474 que
630 4407 821 4462 Sextus
845 4413 997 4478 iuxta
1030 4411 1082 4463 id
1121 4413 1255 4478 quod
1285 4413 1550 4467 retulimus
1580 4423 1730 4469 antea
1761 4433 1822 4470 ex
1876 4417 2086 4470 lluarda

508 4496 705 4565 Tapcro
733 4495 1035 4570 jungendus
1085 4507 1200 4554 erit.
1252 4501 1358 4556 Sed
1416 4504 1658 4574 profecto
1702 4507 1872 4560 nullas
1930 4507 2082 4563 nobis

2185 3320 2452 3373 rceeniior
2490 3320 2582 3373 ille
2636 3335 2755 3390 pag.
2815 3318 2921 3375 876
2954 3339 2965 3372 :
2997 3339 3015 3372 t
3055 3319 3230 3389 Atque
3276 3321 3372 3376 hac
3419 3325 3638 3378 ratione
3697 3325 3774 3378 hic

2184 3418 2371 3463 auctor
2400 3409 2748 3462 indubitatam
2772 3411 3050 3480 Augustini
3083 3411 3377 3466 doctrinam
3406 3413 3510 3468 hoc
3531 3414 3582 3468 in
3604 3429 3772 3484 punc-

2187 3509 2239 3553 to
2262 3511 2317 3555 et
2340 3500 2650 3554 doctoribus
2673 3502 2998 3572 contrariam
3047 3517 3167 3557 esse
3195 3503 3407 3568 fatetur,
3439 3515 3492 3560 et
3519 3521 3625 3560 SIBI
3656 3508 3769 3561 sine

2185 3591 2293 3645 ullo
2327 3591 2446 3646 lidei
2474 3592 2705 3658 violat-1c,
2739 3591 2823 3645 vel
2852 3584 3403 3664 sprctm'antiquitatis
3429 3599 3717 3666 scrupulo.
3749 3616 3766 3650 ι

2191 3684 2473 3738 lleltcltzec
2517 3685 2618 3738 sibi
2669 3683 2910 3738 Annatus
2951 3684 3120 3754 tingit.
3177 3686 3406 3753 Medina,
3448 3703 3547 3742 sua
3599 3690 3769 3758 ipsius

2187 3777 2450 3830 sententia
2477 3777 2718 3840 recitata,
2751 3786 2935 3845 aperte
2965 3787 3287 3845 protestatur
3332 3793 3391 3832 se
3426 3795 3531 3833 non
3563 3780 3770 3837 habere

2186 3868 2552 3923 adversarium
2607 3869 2984 3937 Augustinum.
3041 3869 3166 3924 llaec
3223 3881 3347 3924 sunt
3398 3871 3515 3938 ejus
3574 3874 3770 3928 verba:

2184 3977 2210 4028 Vt
2249 3959 2430 4029 Neque
2482 3961 2543 4014 D.
2574 3962 2902 4030 Augustinus
2959 3961 3080 4015 huic
3109 3969 3306 4014 nostra:
3351 3963 3636 4018 sententia:
3671 3967 3770 4018 ullo

2190 4052 2348 4106 modo
2371 4051 2702 4106 adversatur.
2739 4069 2759 4104 ›
2809 4051 2873 4104 Et
2899 4051 3065 4106 audes
3110 4067 3289 4107 coram
3315 4050 3593 4121 judicibus
3621 4056 3769 4108 affir-

2190 4158 2340 4198 mare
2373 4143 2637 4197 Medinam
2671 4142 2826 4196 fateri
2865 4143 2961 4194 sibi
2986 4158 3092 4196 esse
3144 4142 3453 4196 contrariam
3500 4142 3769 4215 Augustini

2189 4237 2524 4291 doctrinam?
2556 4234 2779 4306 Egregie
2802 4234 3129 4304 Augustinus
3159 4245 3342 4288 contra
3373 4233 3648 4289 Julianum
3682 4237 3765 4288 liii.

2189 4345 2262 4396 tv,
2288 4343 2410 4394 cap.
2437 4327 2506 4380 8:
2548 4345 2565 4378 ε
2601 4326 2729 4393 Quis
2760 4340 2864 4379 non
2897 4332 3198 4392 exspeCIet,
3231 4323 3418 4393 inquit,
3451 4325 3767 4392 sapientiam

2188 4416 2517 4480 disserentis,
2545 4416 2632 4482 qui
2663 4415 2815 4470 [idem
2847 4413 3163 4483 cognoverit
3190 4415 3534 4468 mentientis?
3571 4434 3592 4466 ι

2263 4511 2465 4564 Eadem
2497 4509 2598 4562 tide
2622 4510 2906 4573 animoque
2935 4509 3179 4562 Annatus
3220 4521 3338 4576 pag.
3372 4506 3476 4559 870
3501 4507 3568 4560 ad
3602 4507 3768 4560 tribu-

509 4589 806 4656 prazstigias
837 4589 1017 4656 facies.
1062 4590 1197 4658 Quid
1228 4594 1442 4662 scripsit
1487 4596 1755 4650 Adrianus
1801 4597 1994 4651 citatus
2027 4599 2080 4652 in
2113 4573 2162 4635 Ι)
2192 4600 2280 4654 nal
2306 4608 2491 4653 contra
2517 4597 2869 4665 Augustinum
2901 4573 3303 4651 Ferdinandumf
3329 4595 3658 4652 Vallosillum
3690 4596 3767 4650 vel

487 4678 601 4734 ‘l'ol.
630 4681 664 4734 5
691 4680 835 4734 dubii
865 4681 891 4751 §
920 4699 932 4736 :
969 4683 1051 4736 Ea:
1075 4683 1154 4736 his
1182 4687 1464 4754 respondeo
1513 4688 1583 4738 ad
1607 4687 1894 4754 qutvsitum,
1924 4689 2085 4742 modo

507 4768 825 4838 proferimus
857 4787 870 4824 :
907 4789 924 4822 t
963 4771 1094 4827 Eam
1120 4773 1562 4841 misericordiam,
1604 4777 1697 4840 ait,
1749 4783 1809 4828 ut
1837 4777 2086 4843 probabi-

509 4861 632 4915 liter
661 4869 838 4929 teneo,
866 4864 1155 4919 viatoribus
1197 4863 1416 4920 exbibet
1440 4865 1600 4932 Deus,
1630 4881 1732 4935 qua
1757 4865 2085 4922 sufﬁcienter

505 4949 585 5003 eis
604 4952 824 5028 assistit,
854 4964 908 5007 et
933 4970 1083 5010 suam
1121 4957 1344 5026 gratiam
1375 4955 1491 5012 oﬂ‘ei
1511 4965 1550 5022 t,
1580 4973 1682 5028 qua
1714 4972 1812 5026 pro
1842 4966 2083 5014 extremo

505 5039 696 5094 saltem
727 5042 919 5094 virium
968 5044 1284 5112 laborando,
1311 5056 1527 5116 possent
1558 5048 1759 5115 peccati
1799 5047 2082 5116 indulgen-

506 5127 632 5181 tiam
665 5134 984 5199 promcreri,
1017 5145 1075 5190 ut
1130 5138 1183 5191 in
1216 5137 1318 5192 hoc
1369 5138 1668 5193 differentia
1696 5140 1767 5194 sit
1813 5141 2078 5195 viatorum

503 5220 570 5274 ab
601 5221 663 5277 iis
691 5224 779 5292 qui
807 5227 1130 5283 transierunt
1182 5230 1488 5284 terminum.
1522 5231 1579 5285 Si
1638 5238 1813 5285 tamen
1862 5240 2081 5287 contra-

503 5308 642 5365 rium
685 5312 864 5379 faciat,
901 5313 949 5368 id
974 5323 1057 5370 est
1082 5316 1127 5371 si
1162 5332 1266 5370 non
1293 5319 1380 5371 dat
1412 5320 1490 5372 eis
1539 5318 1926 5388 indulgentiam
1957 5337 2080 5388 pec-

503 5414 742 5460 catorutn
775 5407 1067 5461 laborando
1094 5422 1189 5476 pro
1230 5405 1627 5478 viribus,'quod
1652 5411 1790 5480 apud
1834 5412 2082 5467 doctores

502 5492 721 5549 dubium
751 5505 801 5550 et
831 5497 1086 5550 incertum
1140 5506 1242 5564 est,
1276 5488 1608 5568 nequaquam
1636 5498 1906 5567 injustitia:
1934 5502 2082 5570 argui

458 5629 461 5634 λ
507 5597 709 5648 posset.
748 5605 766 5638 ι
798 5586 956 5642 Vides
986 5588 1157 5658 primo
1186 5589 1363 5644 dicere
1392 5605 1452 5644 se
1501 5589 1844 5659 probabiliter
1872 5592 1974 5647 hoc
2005 5604 2081 5648 te-

507 5687 653 5725 ncre.
688 5676 846 5731 Vides
880 5683 1114 5738 secundo
1137 5683 1372 5739 Adriano
1423 5693 1557 5740 teste
1582 5685 1802 5741 dubium
1831 5695 1886 5742 et
1912 5688 2084 5743 incer-

507 5771 615 5812 tutu
642 5778 756 5818 esse
788 5768 913 5822 illud
947 5772 1296 5844 principium;
1331 5773 1568 5833 Fucicnti
1611 5779 1746 5848 quod
1776 5778 1827 5831 in
1881 5795 1933 5833 se
1987 5789 2078 5848 est,

2182 4689 2461 4744 nolentem
2493 4688 2670 4750 trahit,
2704 4688 2790 4756 qui
2818 4687 2988 4739 multis
3012 4687 3160 4749 locis,
3193 4686 3386 4755 inquit,
3418 4687 3534 4739 satis
3571 4686 3768 4738 indicat

2191 4780 2399 4834 liberam
2420 4794 2526 4831 esse
2545 4777 2608 4829 ab
2633 4777 2922 4847 Augustino
2951 4777 3206 4856 interdum
3227 4775 3508 4830 discedendi
3535 4774 3760 4843 capiant.

2196 4872 2326 4925 Dein
2367 4870 2515 4940 plura
2566 4867 2820 4922 Vallosilli
2858 4869 3156 4920 testimonia
3205 4865 3469 4936 producit,
3499 4865 3552 4918 in
3575 4864 3763 4932 quibus

2196 4972 2370 5017 tamen
2401 4961 2486 5016 hic
2526 4961 2661 5017 adeo
2713 4967 3018 5017 eonsmuter
3049 4973 3169 5012 cum
3221 4958 3516 5027 AuguStino
3542 4966 3688 5011 stare
3711 4969 3764 5011 se

2193 5055 2491 5122 prolitetur,
2525 5061 2579 5106 ιιι
2607 5067 2810 5106 meeum
2843 5065 2973 5103 sane
3020 5049 3107 5103 illa
3134 5058 3405 5117 reputans,
3435 5048 3488 5101 iu
3508 5063 3630 5102 eam
3657 5050 3756 5116 opi-

2189 5145 2400 5201 nionem
2433 5145 2641 5206 abeam,
2666 5140 2952 5195 alienisilla
2984 5141 3154 5194 oculis
3173 5143 3437 5193 Armatum
3460 5138 3759 5193 lectitasse:

2189 5235 2354 5303 pudet
2379 5235 2521 5288 enim
2553 5247 2614 5286 ac
2648 5231 2792 5300 piget
2813 5231 2880 5284 de
2901 5231 3018 5285 viro
3067 5229 3198 5283 tanti
3253 5230 3392 5283 inter
3439 5229 3761 5283 recentiores

2190 5325 2421 5377 nominis
2451 5321 2583 5376 adeo
2611 5321 2876 5390 palmares
2912 5319 3316 5374 allueinationcs
3342 5318 3470 5386 (non
3500 5317 3646 5372 enim
3672 5319 3762 5371 im-

2191 5422 2438 5484 posturas
2486 5411 2687 5480 dicam)
2734 5410 3014 5478 suspicari.
3071 5409 3264 5463 Verum
3315 5407 3506 5461 eadem
3556 5407 3757 5476 objecta

2188 5505 2518 5560 excutiamus
2543 5519 2574 5556 :.
2593 5520 2611 5553 t
2650 5501 2825 5556 Multis
2853 5501 3007 5565 locis,
3033 5499 3126 5566 ait,
3159 5499 3291 5553 satis
3320 5497 3520 5552 indicat
3541 5496 3758 5550 liberam

2184 5612 2310 5652 esse
2334 5597 2400 5650 ab
2433 5594 2728 5666 Augustino
2775 5591 3037 5648 interdum
3089 5588 3399 5644 discedendi
3438 5588 3675 5656 cupiam,
3709 5595 3760 5638 ut

2186 5687 2408 5756 qumsito
2445 5686 2508 5739 15
2547 5684 2598 5739 in
2632 5693 2832 5738 tomum
2860 5683 2900 5737 ll
2961 5678 3348 5751 Chrys-ostenti,
3396 5677 3522 5732 dum
3573 5675 3760 5747 qua'rit

2187 5794 2402 5835 causam
2433 5775 2914 5848 prmdestinationis
2966 5783 3018 5830 et
3070 5769 3482 5842 reprobationis.
3522 5787 3543 5822 ι
3580 5769 3758 5859 Atcur
