3930 6308
188 324 284 379 ’ῖϋῦ

1339 320 1661 377 VINDICL'E
1707 318 2266 378 AUCUSTINIANA‘Z.

2854 246 2935 261 ν,,.

3334 320 3453 377 760

194 428 443 490 Vallusilli
487 429 647 484 verba
698 437 883 485 contra
914 429 1268 499 Augustinum
1320 445 1423 483 non
1475 429 1749 498 producis,
1779 454 1825 509 Α
1859 431 2020 484 tionis
2042 444 2169 485 vera
2195 438 2401 482 ratione
2427 428 2686 498 attigisse,
2719 445 2837 499 quae
2868 432 3217 498 Augustinum
3242 447 3305 487 ac
3326 447 3432 487 ca:-

184 527 319 600 quod
343 532 648 579 creterorum
667 523 969 576 testimonia
994 520 1233 577 referens
1253 522 1585 591 praestitisti?
1609 524 1748 576 Sane

182 621 297 688 quia
325 616 465 670 nulla
489 623 650 677 sunt;
685 614 843 669 debui
881 614 1080 677 dicere,
1111 613 1378 669 contraria
1433 625 1557 666 sunt
1589 631 1600 664 :
1636 622 1748 667 ete-

184 710 284 763 uirn
309 706 438 758 adeo
477 702 747 757 mordicus
796 703 1194 771 Augustiniante
1223 702 1506 756 sententite
1539 702 1605 756 de
1627 716 1749 770 gra-

180 800 300 851 tuita
352 792 820 863 praedestinatione
868 792 1145 856 adhaeret,
1198 800 1252 845 ut
1305 790 1504 845 ibidem
1565 790 1744 845 dicat:

183 910 198 939 ι
227 886 412 955 Opinio
438 885 709 939 contraria
734 900 837 939 non
861 895 943 939 est
960 885 1270 952 probabilis,
1297 884 1420 939 licet
1442 900 1546 939 non
1579 886 1747 939 luere.

174 980 292 1040 tica,
314 984 368 1031 et
392 975 566 1029 nullus
596 990 713 1029 eam
733 974 957 1029 deberet
984 989 1232 1029 asserere
1270 975 1322 1028 in
1349 976 1549 1028 scholis
1576 989 1747 1044 neque

171 1067 310 1121 alibi.
353 1084 374 1117 ι
411 1065 474 1119 Et
506 1065 644 1119 Intne
678 1064 809 1118 dicis
840 1065 892 1119 in
925 1064 1287 1133 disputatione
1310 1064 1376 1118 de
1403 1064 1747 1133 pra‘destina-

170 1160 307 1211 tione
337 1158 511 1211 lacere
538 1156 750 1210 liberam
778 1157 840 1211 ab
870 1157 1152 1224 Augustino
1183 1157 1481 1210 discedendi
1512 1157 1749 1224 capiam?

170 1251 367 1303 Rursus
398 1249 616 1315 ibidem,
663 1264 855 1319 nempe
904 1232 1203 1318 quaestione
1255 1248 1344 1312 15,
1373 1246 1745 1319 Chrysostomi

164 1339 481 1395 testimoniis
510 1339 813 1407 explicatis,
860 1340 1009 1395 addit
1041 1356 1054 1395 :
1084 1359 1103 1391 ι
1136 1341 1465 1410 Augustinus
1519 1351 1745 1409 patrono

162 1447 267 1485 non
296 1430 499 1500 indiget
524 1446 539 1495 ;
565 1445 688 1485 nam
710 1445 829 1484 cum
860 1431 1007 1498 prius
1031 1430 1149 1486 huic
1173 1430 1408 1500 dogmati
1437 1439 1744 1485 constanter

162 1524 505 1591 adhaesisset,
539 1540 596 1579 re
628 1535 804 1581 tamen
836 1525 1146 1594 diligentius
1197 1534 1499 1595 perspecta,
1527 1526 1740 1593 opinio-

162 1630 282 1669 nem
310 1615 445 1669 locis
470 1614 765 1670 innumeris
812 1617 1142 1680 retractavit,
1180 1634 1197 1667 ι
1229 1630 1419 1683 nempe
1450 1616 1613 1669 Deum
1649 1617 1742 1669 ho-

161 1706 329 1759 mines
356 1706 741 1772 prmdesrinare
773 1721 835 1759 ex
869 1706 1108 1775 praevisis
1145 1706 1351 1761 meritis
1374 1706 1494 1762 fidei
1526 1718 1740 1761 natura-

1856 528 1999 573 teros
2028 532 2185 572 antea
2207 517 2393 570 Patres
2420 517 2590 570 celata
2627 533 2839 587 semper
2882 519 3089 573 fuissrt.
3124 536 3143 569 ι
3196 520 3431 574 Ταμώ-ιη

1851 612 1929 666 sic
1983 608 2307 665 concludit:
2344 627 2362 660 ι
2411 608 2479 663 Et
2528 612 2755 679 (ιιιωείῑο
2816 613 2908 675 30,
2936 612 2987 664 in
3045 620 3176 665 tom.
3207 612 3297 679 ιν,
3344 610 3453 665 υΙιῐ

1851 704 2254 771 responsionem
2279 698 2349 758 ad
2372 704 2671 773 oppositam
2697 701 2798 755 sibi
2830 702 3197 756 auctoritatem
3230 706 3434 769 Augus-

1852 792 1943 845 tini
1967 793 2019 846 iu
2057 808 2120 847 ea
2157 796 2454 861 quaestione
2485 809 2610 849 num
2644 794 2802 847 liceat
2860 792 3013 845 uxori
3061 791 3129 847 de
3167 806 3433 846 consensu

1850 883 2027 935 mariti
2061 882 2335 948 firnicari,
2389 884 2466 938 sic
2512 872 2824 938 exorditur:
2877 881 2985 936 Pro
3032 882 3096 935 Β.
3149 883 3432 952 Augustino

1848 976 2210 1043 respondemus
2242 976 2521 1045 quodquid
2552 976 2834 1029 secundum
2870 975 3128 1028 verilutcm
3160 979 3431 1027 tmcndum

1848 1065 1934 1128 sit,
1969 1066 2311 1134 de/inivimus.
2352 1084 2370 1118 ι
2403 1067 2476 1120 Ita
2508 1076 2810 1121 truncatum
2856 1066 3221 1121 testimonium
3258 1066 3429 1119 Vallo-

1848 1154 1953 1208 silli
1983 1158 2145 1210 refert
2179 1159 2443 1225 Auuatus,
2477 1167 2534 1212 ut
2568 1166 2784 1227 putetur
2827 1172 2973 1226 parvi
3008 1158 3185 1211 haluita
3222 1160 3425 1227 Augus~

1851 1246 1945 1300 tini
1968 1249 2297 1315 auctoritas;
2332 1265 2451 1304 nam
2484 1251 2572 1305 ille
2605 1253 2835 1320 scriptor
2877 1251 3057 1305 statim
3090 1250 3235 1304 addit
3266 1269 3277 1303 :
3312 1268 3330 1302 ‹
3366 1250 3430 1306 Et

1848 1340 1966 1410 ipse
1998 1351 2198 1395 tantum
2226 1345 2504 1411 proposuit
2547 1344 2895 1413 qutestionem
2940 1359 3007 1397 an
3031 1344 3082 1396 in
3142 1358 3268 1398 casu
3296 1359 3429 1398 uxor

1849 1434 2017 1500 possit
2049 1433 2189 1486 licite
2238 1433 2507 1501 fornicari,
2558 1435 2851 1490 accedente
2894 1449 3158 1489 consensu
3218 1435 3341 1502 viri,
3376 1438 3428 1490 in

1847 1540 1952 1594 quo
1983 1540 2143 1580 sensu
2169 1525 2418 1581 doctores
2449 1527 2761 1581 schnIaStici
2810 1529 3159 1596 quaestionem
3190 1543 3295 1581 non
3322 1527 3427 1582 disc

1846 1624 2055 1684 putant.
2097 1634 2115 1667 ι
2156 1616 2344 1669 Postea
2368 1617 2524 1670 aliam
2549 1618 2955 1686 esplieationem
2982 1618 3213 1671 annectit
3240 1634 3252 1670 :
3285 1636 3303 1667 r
3329 1619 3426 1672 Se-

1846 1708 2023 1760 cundo
2054 1708 2285 1761 dicimus
2307 1709 2367 1761 B.
2407 1708 2760 1777 Augustinum
2795 1722 2975 1761 casum
3005 1722 3107 1761 non
3157 1708 3426 1769 delinisse,

158 1794 240 1847 lis.
273 1795 431 1848 Addit
463 1796 800 1849 adversarius
836 1814 847 1848 :
883 1814 900 1848 ι
968 1797 1031 1849 Et
1060 1799 1284 1866 qua-site
1314 1800 1379 1853 {8
1410 1799 1463 1853 in
1514 1807 1640 1853 tom.
1674 1800 1734 1852 llI
1769 1837 1816 1894 Β
1852 1795 1994 1864 quod
2028 1812 2089 1849 cx
2124 1796 2300 1850 verbis
2328 1796 2445 1865 ejus
2473 1807 2721 1862 constat;
2757 1806 3036 1866 postquam
3071 1799 3213 1851 enim
3246 1811 3427 1851 casum

161 1886 325 1939 sancti
361 1887 670 1955 Augustini,
704 1887 788 1940 ubi
817 1886 1055 1955 disputat
1079 1905 1142 1942 an
1174 1890 1379 1956 pos~int
1424 1890 1542 1942 alia:
1574 1890 1737 1943 virtu-

158 1985 232 2030 tes
255 1990 374 2030 esse
408 1976 525 2031 sine
581 1978 719 2046 fide,
751 1987 804 2030 ct
860 1979 937 2032 sie
990 1978 1244 2049 loquitur,
1294 1991 1395 2035 etc.
1423 1980 1538 2035 Non
1596 1984 1736 2037 enim

155 2081 369 2125 sanctus
400 2071 634 2127 Thomas
666 2075 936 2127 consentit
965 2090 1085 2127 cum
1107 2075 1366 2146 Gregorio
1387 2078 1735 2144 Ariminensi,

159 2176 325 2229 neque
358 2175 479 2215 cum
507 2162 567 2215 Β.
606 2164 927 2231 Augustino,
961 2164 1101 2233 quod
1138 2180 1325 2220 omnes
1375 2177 1526 2221 actus
1552 2167 1738 2223 inﬁde.

158 2249 279 2302 lium
325 2251 433 2304 sint
476 2261 714 2318 peccata.
759 2271 777 2304 ι
811 2252 1219 2322 Ιὶοεροιιόειηιιε
1269 2256 1595 2312 Vallosillum
1624 2259 1737 2315 haec

156 2338 351 2395 dixisse
382 2358 446 2396 ex
475 2342 701 2396 aliorum
749 2345 1011 2398 sententia
1061 2347 1271 2401 calamo
1317 2349 1381 2401 ad
1412 2350 1514 2403 alia
1548 2367 1736 2418 prope-

154 2440 341 2498 rante;
385 2448 507 2487 nam
548 2435 770 2503 quaesito
818 2436 889 2487 22
936 2438 987 2490 in
1034 2437 1097 2493 D.
1146 2438 1623 2502 Ambrosium,ubi
1668 2458 1732 2497 ex

154 2522 399 2588 professo
428 2526 778 2593 qua-stionem
804 2528 944 2581 illam
970 2528 1155 2597 agitat,
1187 2539 1239 2585 et
1260 2535 1325 2585 ad
1373 2549 1527 2601 quam
1557 2550 1616 2589 se
1647 2552 1732 2590 re-

152 2612 253 2665 fert
281 2621 412 2667 tom.
440 2613 527 2666 V'll
547 2616 1077 2685 Augustiniqutesitis
1112 2621 1246 2673 l8et
1265 2621 1349 2686 l9,
1372 2633 1423 2676 et
1447 2632 1478 2676 t-
1504 2640 1576 2676 m.
1600 2625 1731 2691 \‘lll,

150 2702 378 2767 quresito
406 2705 463 2769 '5,
492 2713 545 2758 et
569 2706 718 2773 alibi,
750 2717 932 2775 aperte
955 2708 981 2777 §
1003 2708 1084 2760 Ad
1130 2720 1425 2779 argumenta
1474 2711 1732 2783 Gregorii,

154 2794 203 2845 in
234 2794 591 2861 responsione
618 2796 683 2850 ad
709 2798 764 2862 4,
797 2797 956 2852 tradit
976 2808 1217 2853 sanctum
1244 2802 1597 2871 Augustinum
1631 2820 1734 2859 non

153 2883 288 2937 idem
319 2886 556 2940 sensisse
587 2902 706 2941 cum
739 2887 1002 2958 Gregorio
1029 2891 1352 2946 Ariminensi
1380 2893 1447 2946 de
1476 2896 1725 2961 operibus

158 2974 465 3029 inlidelium.
502 2977 567 3031 Et
595 2977 645 3030 in
670 2987 800 3033 tom.
823 2980 908 3044 III,
938 2982 1166 3049 quzesito
1192 2982 1278 3046 l8,
1320 2984 1506 3038 scribit
1531 2984 1596 3037 de
1623 2985 1732 3039 vir-

158 3065 349 3118 tutibus
386 3066 684 3121 infidelium
716 3079 958 3123 sanctum
995 3071 1351 3139 AuguStinum
1380 3075 1598 3127 sensisse
1620 3092 1731 3127 cum

1844 1887 2143 1955 proposuit,
2181 1888 2443 1943 conclusit
2481 1888 2559 1942 sic
2589 1904 2835 1943 asserens
2870 1907 2881 1940 :
2916 1888 3067 1940 Nihil
3095 1890 3175 1941 Iric
3201 1888 3252 1941 in
3294 1888 3426 1941 alte-

1841 1992 1951 2028 ram
1981 1988 2175 2044 partem
2200 1978 2425 2044 disputo,
2455 1979 2598 2031 liceat
2617 1979 2795 2047 cuique
2818 1978 3104 2031 existimare
3126 1981 3261 2048 quod
3285 1978 3423 2041 velit,

1840 2074 1949 2119 etc.
1982 2068 2053 2119 Η
2088 2082 2187 2134 qua
2215 2067 2387 2120 littera
2443 2076 2650 2121 constat
2697 2068 2834 2137 quod
2881 2082 2999 2121 cum
3041 2067 3200 2132 dicat,
3254 2066 3425 2119 Liceat

1841 2156 2020 2222 cuique
2048 2156 2340 2209 existimare
2369 2156 2503 2225 quod
2533 2158 2667 2215 velit,
2700 2156 2838 2226 quod
2861 2156 3073 2211 definite
3122 2154 3253 2210 nihil
3279 2171 3423 2210 asse-

1838 2255 1967 2310 rurt,
2000 2246 2093 2300 sed
2128 2247 2364 2315 opinioni
2407 2258 2461 2302 ct
2503 2247 2703 2315 judicio
2733 2248 2957 2301 aliorum
3012 2247 3423 2300 existimandum

1839 2337 2076 2406 reliquit.
2112 2356 2129 2388 ι
2168 2338 2291 2392 llzcc
2332 2338 2676 2394 doetissirnus
2708 2340 2796 2393 ille
2824 2340 3126 2408 episcopus,
3156 2339 3243 2407 qui
3275 2353 3424 2391 sum-

1838 2446 1925 2484 ma
1957 2431 2231 2503 diligentia
2262 2441 2421 2502 atque
2446 2433 2641 2503 ingenti
2675 2434 2855 2489 labore
2884 2449 3213 2503 quaecunque
3260 2432 3419 2487 dubia

1839 2521 1895 2575 lu
1930 2524 2189 2579 universis
2227 2526 2395 2579 sancti
2439 2525 2718 2594 Augusuni
2751 2524 3111 2578 voluminibus
3138 2537 3420 2578 occurrere

1841 2620 2108 2679 poterant,
2133 2614 2410 2681 explieitil,
2433 2630 2698 2682 unumque
2719 2616 3011 2682 praesertim
3037 2613 3439 2685 ostendendum

1838 2698 1945 2753 sibi
1974 2703 2269 2769 proposuit,
2295 2702 2365 2754 nil
2395 2703 2509 2755 falsi
2533 2703 2727 2755 alicuhi
2750 2703 2816 2755 ab
2846 2703 3138 2771 Augustino
3160 2713 3420 2753 assertum

1841 2790 2027 2846 fuisse.
2052 2792 2226 2858 Quare
2251 2794 2367 2863 quis
2398 2810 2500 2849 non
2551 2810 2691 2863 :egre
2742 2795 2875 2848 ferat
2930 2803 2980 2848 et
3030 2794 3242 2858 acerbe,
3284 2792 3422 2847 hunc

1838 2883 2271 2937 strenuissiuuuu
2313 2886 2482 2938 sancti
2548 2884 2783 2938 doctoris
2847 2885 3181 2940 defensorem
3240 2894 3421 2938 contra

1837 2978 2090 3033 eumdem
2150 2979 2216 3033 ad
2251 2980 2479 3033 tribunal
2529 2980 2743 3034 obtorto
2798 2982 2936 3037 collo
2968 2997 2997 3033 ει
3040 2978 3421 3034 recentioribus

1838 3071 2000 3135 trahi,
2034 3072 2149 3125 ﬁeri
2176 3072 2321 3125 illum
2355 3072 2703 3141 ipsorumutet
2742 3086 2836 3126 ore
2862 3088 2921 3127 ea
2970 3073 3269 3141 loquentem
3302 3087 3419 3140 qum

154 3166 323 3209 sancto
337 3155 556 3212 T/roma.
590 3158 659 3213 Et
687 3168 816 3213 tom.
850 3158 979 3223 VIII,
1003 3159 1226 3229 quarsito
1249 3163 1302 3225 5,
1337 3163 1412 3215 ait
1455 3163 1522 3218 de
1542 3165 1728 3217 eodem
1761 3185 1808 3249 ο
1840 3178 1944 3241 non
1974 3164 2132 3216 modo
2160 3179 2263 3216 non
2294 3163 2445 3227 dixit,
2498 3163 2589 3217 sed
2622 3178 2738 3232 qua}
2768 3164 2836 3218 ab
2867 3165 3143 3233 Augustini
3174 3163 3419 3219 sensibus

156 3260 332 3300 saneto
362 3247 605 3313 doctore,
643 3264 888 3318 qua‘rens
910 3266 975 3303 an
1025 3250 1202 3305 omnia
1237 3252 1528 3305 inlidelium
1568 3268 1728 3322 opim

156 3334 258 3388 sint
293 3349 512 3405 peccata
548 3356 559 3391 :
600 3358 617 3391 ι
655 3338 719 3393 Ει
750 3340 821 3393 ita
852 3341 903 3392 in
934 3356 987 3394 re
1029 3341 1421 3395 ccnvcnitcum
1460 3346 1729 3400 communi

152 3440 303 3481 sensu
351 3428 632 3493 Ecclesim,
667 3440 721 3484 ct
764 3445 884 3485 cum
909 3431 1149 3484 doctrina
1179 3431 1455 3486 dictorum
1487 3434 1729 3488 scholas-

152 3518 391 3576 ticorum.
430 3540 451 3573 ι
490 3520 556 3576 Ει
594 3523 710 3576 huic
747 3532 830 3576 cst
870 3522 1126 3576 Vallosilli
1170 3523 1236 3576 de
1269 3525 1562 3592 Augustino
1604 3541 1728 3581 seu—

152 3609 328 3661 lentia.

217 3700 390 3769 Pergit
414 3704 661 3756 Annatus
691 3721 701 3757 :
743 3722 761 3755 ι
801 3704 865 3758 Et
904 3705 1128 3773 qutesito
1151 3704 1244 3772 25,
1272 3705 1324 3760 in
1376 3714 1507 3761 tom.
1537 3706 1599 3761 III
1624 3709 1729 3761 Au-

146 3792 357 3859 gustini,
392 3794 488 3848 ubi
512 3794 783 3848 concludit
813 3796 1059 3848 timorem
1092 3798 1340 3851 servilem
1377 3808 1484 3851 tum
1510 3799 1727 3867 bouum,

150 3889 252 3933 tum
284 3884 627 3938 rueritoriurn
656 3900 800 3951 esse,
830 3888 1074 3955 quamvis
1114 3888 1441 3954 Augustinus
1489 3889 1730 3943 videatur

150 3967 216 4022 illi
239 3971 375 4026 aliud
406 3974 671 4037 sensisse,
703 3974 753 4027 in
778 3990 882 4043 quo
933 3976 1072 4031 forte
1128 3977 1428 4032 Vallusillus
1472 3977 1735 4046 deceptus

148 4069 237 4114 est.
276 4082 292 4115 ι
327 4064 431 4121 Sed
498 4064 708 4134 appello
738 4065 922 4121 oculos
984 4067 1266 4134 lectorum,
1293 4068 1425 4122 nihil
1458 4070 1598 4122 enim
1657 4069 1725 4123 ibi

150 4152 218 4204 ait
245 4153 308 4207 de
338 4158 668 4226 Augustino,
697 4166 754 4211 ut
796 4158 944 4227 fingit
1002 4162 1289 4223 Aunatus;
1322 4163 1373 4214 iu
1426 4162 1529 4214 line
1553 4172 1727 4216 tamen

152 4246 609 4318 qumsiliejusdem
633 4250 805 4303 sancti
830 4249 1067 4304 ductoris
1093 4251 1292 4306 dictum
1327 4253 1725 4321 interpretatur,

151 4348 242 4387 nec
268 4340 479 4406 uspiam
508 4340 693 4394 scribit
720 4339 820 4394 sibi
857 4341 1024 4395 videri
1050 4342 1404 4409 AugUstiuum
1430 4345 1728 4397 asseruisse

152 4423 379 4481 timorem
409 4429 669 4484 servilem
704 4446 806 4482 non
833 4445 952 4485 esse
1000 4430 1228 4495 bunum;
1258 4430 1397 4484 unde
1422 4432 1511 4486 ille
1542 4447 1728 4485 recen-

1841 3252 2023 3326 procul
2046 3252 2238 3306 abesse
2271 3252 2599 3307 Solidissime
2628 3252 3053 3305 demonstravit?

1834 3362 2023 3432 §VIIL
2092 3363 2351 3434 Viguerii,
2395 3364 2543 3427 Soli,
2590 3362 2782 3429 Fabri,
2831 3365 3081 3419 Horantii
3127 3366 3423 3429 testimonia

2502 3434 2749 3490 discussa.

1907 3523 2261 3579 Precentiures
2284 3566 2299 3589 ,
2329 3525 2455 3578 licet
2487 3524 2536 3576 in
2568 3526 2827 3592 superiori
2862 3527 3070 3580 testium
3101 3529 3415 3597 repetitione

1833 3615 2062 3668 convicti
2109 3616 2252 3679 sint,
2297 3629 2390 3665 ora
2424 3624 2597 3667 tamen
2641 3614 2877 3682 judieum
2910 3617 3149 3683 aspicere
3171 3657 3187 3683 ,
3220 3617 3413 3670 nedum

1834 3716 1929 3754 sua
1958 3702 2148 3754 iterum
2176 3712 2362 3755 contra
2394 3702 2746 3770 Augustinum
2793 3704 3003 3770 aperire
3048 3720 3152 3757 non
3197 3704 3416 3759 erubes-

1833 3804 1959 3848 cunt
1983 3835 1997 3859 ,
2024 3794 2131 3847 imo
2157 3808 2323 3847 novos
2345 3807 2527 3847 contra
2553 3803 2793 3847 sanctum
2828 3793 3096 3848 doctorem
3128 3804 3287 3849 testes
3316 3796 3415 3848 ad-

1831 3886 2072 3953 ducunt,
2109 3887 2177 3940 ita
2229 3896 2281 3940 ut
2316 3886 2360 3939 si
2396 3887 2609 3940 testium
2656 3902 2876 3940 numero
2904 3887 3214 3940 certandum
3255 3886 3412 3951 foret,

1835 3975 2122 4030 verendum
2172 3986 2313 4029 esset
2354 3992 2419 4030 ne
2467 3976 2676 4028 illorum
2712 3974 3048 4030 multitudine
3090 3974 3415 4045 Augusunus

1830 4070 2178 4131 obrui-retur;
2225 4066 2316 4119 sed
2350 4081 2407 4119 re
2439 4064 2592 4119 nubis
2634 4064 2907 4132 hucusque
2958 4062 3184 4119 feliciter
3230 4078 3415 4116 succc-

1832 4157 1991 4212 dente
2017 4157 2370 4210 animosiores
2396 4155 2543 4220 facti,
2575 4154 2639 4207 ad
2669 4155 2995 4222 reliquorum
3039 4154 3250 4208 testium
3279 4167 3410 4207 exa-

1831 4262 1952 4302 men
1986 4245 2313 4301 accedimus.

1900 4337 2137 4391 Joannes
2184 4336 2466 4405 Viguerius
2511 4350 2629 4405 pag.
2664 4334 2768 4389 8'72
2801 4336 3126 4399 nominatur,
3158 4333 3295 4403 quod
3326 4334 3410 4403 §6

1828 4427 1895 4481 de
1925 4426 2151 4480 Peccato
2181 4425 2424 4495 originali
2457 4426 2568 4479 lucc
2599 4426 2813 4493 scripsit
2840 4443 2853 4477 :
2890 4445 2908 4478 ι
2937 4425 3199 4479 ΡΙἿΡΙΟΙὍἎ
3232 4423 3283 4475 in
3314 4422 3413 4476 hoc

155 4515 245 4568 tior
268 4534 369 4574 non
388 4522 567 4575 Solum
589 4522 640 4575 in
668 4530 910 4576 sanctum
930 4520 1279 4589 Augustinum
1304 4521 1590 4590 injuriosus
1619 4531 1721 4587 est,
1755 4546 1806 4605 Β
1831 4532 1936 4571 non
1987 4525 2199 4572 tenetur
2230 4517 2293 4571 D.
2325 4517 2666 4585 Augustinus.
2700 4517 2851 4573 Unde
2874 4513 3253 4570 Gennadiusde
3273 4512 3411 4567 Viris

153 4619 326 4662 verum
356 4612 527 4665 etiam
571 4612 622 4664 in
656 4612 829 4681 ipsum
860 4610 1195 4666 Vallosilltuu
1216 4657 1229 4681 ,
1259 4629 1416 4682 qut-tn
1461 4614 1724 4683 deceptum

153 4693 291 4761 dicit,
313 4715 371 4754 ea
396 4702 470 4757 de
500 4702 797 4772 Augustino
835 4704 1252 4771 pronuntiando,
1281 4720 1399 4771 qua:
1456 4721 1521 4760 ue
1569 4720 1719 4759 som-

156 4790 311 4844 niavit
350 4794 593 4862 quidem.
625 4794 785 4849 Addit
813 4803 1002 4862 quarto
1036 4814 1049 4849 :
1089 4814 1107 4846 ‹
1142 4795 1205 4847 Et
1257 4797 1480 4864 qua-site
1535 4796 1615 4859 IO,
1670 4796 1721 4850 in

158 4890 280 4935 tam.
306 4884 370 4951 Χ,
398 4887 489 4941 ubi
517 4886 645 4941 dicit
670 4887 949 4955 Augustini
974 4886 1292 4940 sententiam
1323 4887 1391 4940 de
1446 4902 1605 4941 causa
1633 4903 1721 4941 re-

155 4974 475 5055 probationis
508 4977 839 5047 diSplicuissa:
875 4979 1140 5045 plerisque
1170 4986 1406 5031 veterum
1430 4976 1665 5030 Patrum.
1699 4995 1715 5029 ι

158 5066 325 5133 Bene;
360 5082 413 5126 at
440 5073 620 5127 statim
652 5072 865 5140 quinam
899 5071 1097 5125 fuerint
1136 5069 1210 5123 illi
1232 5069 1413 5122 Patres
1435 5069 1719 5137 significat,

157 5172 337 5229 nempe
368 5164 713 5217 Massilienses
749 5171 794 5214 et
827 5158 1055 5214 Faustus
1090 5159 1346 5227 Reiensis.
1380 5158 1506 5213 Haec
1539 5168 1718 5212 tamen

156 5250 292 5306 siluit
321 5257 584 5321 Annatus,
615 5254 831 5308 videbat
854 5254 994 5307 enim
1027 5253 1145 5305 illos
1177 5250 1365 5305 Patres
1393 5264 1514 5305 esse
1546 5251 1720 5306 Semi‘

156 5340 550 5413 Pelagianorum
609 5348 923 5415 magistros,
976 5345 1076 5399 hoc
1122 5353 1205 5398 est
1253 5344 1453 5398 nullius
1501 5358 1719 5412 prorsus

156 5436 499 5490 auctoritatis.
538 5439 702 5491 Porro
759 5436 955 5489 ibidem
992 5434 1297 5489 Vallosillus
1344 5433 1582 5489 confutat
1610 5434 1717 5487 Ca-

160 5521 416 5580 tharinum
451 5528 620 5582 sancti
648 5526 925 5596 Augustini
969 5525 1288 5580 sen'eutiaru
1321 5526 1715 5595 reprehenden-

164 5621 284 5677 tem,
316 5628 368 5669 ct
392 5618 657 5671 concludit
690 5635 701 5671 :
736 5635 752 5668 ι
788 5617 898 5671 Non
927 5632 1053 5685 ergo
1081 5626 1161 5671 est
1192 5631 1287 5671 cur
1315 5616 1634 5671 Cathariuus
1664 5618 1713 5669 in

163 5705 434 5776 proloquio
457 5708 530 5762 sui
563 5709 729 5765 libelli
760 5708 962 5763 diceret
983 5723 1040 5763 se
1068 5716 1320 5778 punctum
1367 5707 1711 5778 prmdestiua-

1832 4608 2129 4663 illustribus
2172 4609 2236 4663 de
2266 4608 2453 4664 eodem
2498 4609 2792 4678 Augustino
2835 4609 3064 4676 loquens
3109 4605 3226 4658 ait:
3270 4601 3407 4655 Licet

1832 4700 1999 4752 minus
2046 4699 2318 4770 capacibus
2377 4701 2743 4753 dubitationem
2785 4700 2847 4751 de
2909 4694 3149 4748 abortivis
3197 4693 3406 4764 fecerit,

1828 4810 1973 4847 error
2024 4803 2190 4847 tamen
2238 4794 2398 4858 illius,
2446 4804 2498 4846 ut
2527 4794 2760 4860 superius
2812 4789 2941 4852 dixi,
2977 4785 3134 4838 multo
3180 4801 3409 4838 sermone

1828 4892 2139 4945 contractus,
2160 4883 2296 4934 lucta
2327 4881 2553 4933 hostium
2580 4886 2933 4947 exaggeralus,
2964 4876 3175 4929 necdum
3205 4874 3408 4929 Ita’resis

1829 4975 2159 5042 quaestionem
2181 4973 2340 5025 dedit.
2378 4971 2480 5024 Per
2509 4986 2627 5038 qua:
2670 4968 2832 5022 verba
2861 4968 2951 5021 dat
2996 4968 3295 5039 intelligere
3343 4967 3405 5021 D.

1832 5063 2184 5133 Augustinum
2214 5064 2264 5114 in
2294 5062 2393 5115 hac
2421 5061 2669 5127 Opinione
2699 5075 2926 5125 errasse,
2974 5060 3068 5114 sed
3092 5060 3263 5130 ipsum
3292 5058 3405 5112 hai-

1830 5158 2051 5211 reticum
2084 5170 2188 5207 nou
2232 5153 2416 5217 fuisse,
2450 5170 2515 5208 eo
2544 5155 2683 5223 quod
2718 5169 2821 5207 non
2867 5154 2964 5207 fuit
3008 5154 3270 5222 pertinax,
3300 5152 3406 5205 imo

1827 5248 2135 5302 retractavit
2174 5244 2225 5299 in
2258 5245 2483 5313 epistola
2512 5245 2577 5298 ad
2626 5242 2968 5300 Iulianum...
3001 5247 3267 5298 Przeterea
3307 5240 3403 5292 de-

1824 5338 2037 5392 cretalis
2064 5336 2311 5404 dlajores,
2347 5335 2409 5389 de
2430 5334 2714 5403 Baptismo,
2744 5336 2795 5390 in
2827 5351 2931 5405 qua
2961 5343 3044 5388 est
3072 5328 3403 5386 determiua~

1825 5438 1935 5485 tum
1983 5442 2077 5483 eos
2124 5443 2227 5481 non
2289 5428 2393 5496 pati
2438 5442 2644 5495 poenam
2676 5441 2893 5490 sensus,
2928 5435 3167 5491 tempore
3196 5421 3257 5473 D.
3290 5417 3401 5472 Au-

1825 5522 2022 5593 gustini
2052 5521 2285 5576 nondum
2316 5520 2453 5575 edita
2503 5528 2636 5574 erat.
2679 5520 2810 5584 Quia
2861 5518 3001 5569 idem
3053 5510 3397 5583 Augustinus,

1826 5616 1913 5685 qui
1964 5629 2125 5683 supra
2174 5613 2388 5667 modum
2440 5612 2731 5665 Ecclesium
2764 5605 3138 5669 reverebatur,
3169 5604 3212 5659 si
3257 5602 3400 5658 edita

1828 5706 2029 5773 fuisset,
2064 5704 2377 5779 oppo;itum_
2411 5717 2514 5758 non
2548 5701 2727 5756 dixiss
2752 5710 2787 5755 ι.
2829 5719 2844 5751 ι
2897 5696 3093 5751 Verum
3138 5694 3224 5751 hic
3252 5692 3401 5749 testis
