3930 6380
445 400 547 453 767

1299 390 1860 449 SUI‘I‘LEMENTUM
1904 390 1992 445 AD
2029 386 2264 444 OPEHA
2303 387 2361 443 S.
2404 384 2799 443 AUGUSTlNl.

3642 378 3764 433 768

446 515 645 572 nullam
676 509 813 581 apud
832 509 1040 580 iudices
1076 507 1235 563 fidem
1267 514 1521 570 meretur,
1548 505 1687 573 quod
1711 519 1896 559 eorum
1921 517 2037 573 qua:
2063 505 2111 562 Α
2141 515 2227 556 ses
2257 502 2634 565 communiter,
2667 513 2891 575 quorum
2922 496 3158 552 omnium
3190 495 3495 549 testimonia
3531 494 3756 547 indica.

445 606 573 661 dicit
594 620 811 675 prorsus
836 601 1062 656 inscium
1078 617 1136 654 se
1150 599 1411 669 propalat.
1430 596 1485 651 ln
1502 597 1686 666 primis
1701 594 2036 662 Gennadius,

448 714 566 768 cap.
596 674 671 753 38.
691 696 756 749 de
779 693 1040 748 sententia
1084 691 1254 745 sancti
1297 689 1580 757 Augustini
1606 688 1673 745 de
1714 688 1888 758 poenis
1920 702 2041 756 par-

449 791 695 842 vnlorum
720 789 835 840 s'ne
866 785 1131 852 baptismo
1156 780 1495 835 morientium
1529 795 1633 835 non
1665 780 1919 850 loquitur,
1945 778 2039 834 sed

445 882 515 934 de
545 878 939 933 resurrectione
970 888 1258 943 puerorum
1290 871 1342 925 in
1376 873 1541 925 uteris
1592 880 1821 925 matrum
1875 871 2037 926 dece-

447 968 709 1022 dentium.
743 966 872 1019 Nam
907 962 1242 1029 Gennadius,
1276 977 1396 1015 cum
1435 961 1657 1017 dixisset
1689 961 2039 1031 Augustinum

450 1076 514 1113 ex
546 1054 886 1125 multiloqnio
908 1052 1238 1118 errasse,ait
1263 1071 1273 1103 :
1306 1070 1324 1103 ι
1358 1052 1432 1105 De
1456 1051 1849 1106 resurrectione
1878 1050 2039 1105 etiam

448 1157 782 1203 mortuorum
827 1142 988 1198 simili
1038 1143 1271 1197 cucurrit
1303 1140 1652 1207 sinceritate,
1686 1141 1814 1195 licet
1863 1140 2041 1195 minus

447 1238 736 1308 capacibus
764 1234 1155 1290 dubitationem
1204 1234 1271 1289 de
1298 1232 1556 1288 abortivis
1588 1233 1798 1287 fecerit.
1842 1230 2041 1286 Catho-

447 1332 578 1385 licus
609 1327 902 1399 permansit
932 1334 1132 1389 tamen,
1164 1333 1217 1381 et
1237 1325 1547 1379 errorillius
1576 1338 1827 1379 sermone
1850 1323 2037 1391 multo,

446 1434 505 1477 ut
534 1422 665 1488 dixi,
694 1428 1006 1474 contractus
1031 1461 1045 1483 ,
1080 1417 1218 1471 lucta
1250 1417 1483 1470 hostium
1531 1424 1882 1485 exaggeratos
1912 1429 2039 1469 nec-

447 1517 573 1569 dum
632 1512 854 1566 hreresis
894 1510 1246 1580 quaestionem
1299 1506 1466 1561 dedit.
1500 1525 1517 1557 ι
1574 1506 1784 1559 Etenim
1825 1512 2041 1559 sanctus

448 1606 675 1670 doctor,
706 1604 800 1657 lib.
829 1618 937 1656 χιιι
988 1600 1056 1654 de
1104 1598 1330 1653 Civitate
1354 1598 1469 1664 Dei,
1523 1610 1643 1665 cap.
1698 1598 1786 1661 15,
1821 1595 2039 1649 dubium

450 1697 703 1767 proponit
734 1712 801 1747 an
832 1693 1047 1746 abortivi
1077 1700 1253 1761 partus
1281 1691 1334 1743 in
1364 1690 1446 1742 die
1468 1689 1663 1760 judicii
1708 1686 2043 1740 resurrecturi

450 1792 574 1846 sint.
599 1789 777 1855 Quare
809 1784 1091 1855 Viguerius
1134 1782 1297 1836 verba
1330 1780 1590 1836 Gennadii
1644 1794 1742 1834 nec
1783 1777 2037 1847 percepit,

2147 595 2321 649 vimus
2350 609 2466 664 cap.
2493 595 2549 662 5,
2584 595 2610 665 §
2640 594 2691 649 5.
2724 594 2990 659 Quantum
3019 589 3144 643 veto
3167 590 3326 645 Sotus
3353 587 3679 657 Augustino
3705 590 3758 640 iu

2143 689 2591 756 disputationibus
2623 688 2688 743 de
2719 686 2889 759 gratia
2934 684 3219 745 detulerit,
3252 698 3315 737 ex
3359 696 3476 750 cap.
3514 681 3551 732 2
3594 683 3761 747 ejus-

2143 782 2261 837 dem
2303 782 2422 836 libri
2448 782 2738 851 colligitur,
2763 780 2853 833 ubi
2871 778 2942 831 ait
2969 793 2982 827 :
3014 795 3031 828 (
3067 777 3177 830 lloe
3200 777 3371 843 ipsum
3402 775 3762 844 Augustinus

2144 875 2381 944 agnovit,
2438 884 2495 928 ut
2524 877 2775 944 pleraque
2803 870 2901 925 alia
2930 885 3048 939 quae
3081 870 3133 921 in
3160 876 3540 938 argumentum
3582 865 3760 933 Imjus

2143 966 2320 1033 Operis
2343 964 2635 1034 excogitari
2669 970 2933 1032 possunt;
2974 974 3130 1032 quem
3162 971 3445 1028 propterea
3480 958 3619 1011 nihil
3643 958 3761 1010 mi-

2145 1073 2262 1111 rum
2290 1057 2332 1110 si
2358 1056 2523 1110 ferme
2542 1070 2734 1111 ustcun
2755 1068 3091 1109 convenam!
3119 1050 3408 1106 identidem
3440 1048 3551 1103 buc
3573 1049 3759 1102 simus

2146 1165 2260 1203 πῖπτε
2287 1164 2522 1203 ελιετειιις
2554 1148 2818 1202 ansus
2846 1143 3210 1200 accersitori.»
3249 1141 3375 1195 llaec
3407 1140 3521 1195 ille.

2219 1241 2539 1296 Franciscus
2589 1240 2749 1295 etiam
2796 1236 3089 1292 Horantius
3137 1244 3325 1288 contra
3376 1233 3751 1301 Augustinum

2145 1334 2361 1397 citatur,
2395 1330 2476 1385 vir
2498 1344 2628 1385 sane
2657 1329 2931 1392 eruditus,
2963 1336 3017 1383 et
3043 1323 3133 1396 qui
3164 1323 3371 1395 synodo
3401 1321 3754 1377 Tridentinus

2144 1423 2428 1490 interluit,
2457 1423 2599 1493 quod
2631 1436 2754 1477 cum
2803 1422 3129 1492 Cyprianum
3179 1419 3413 1486 itemque
3468 1416 3753 1488 Hierony-

2147 1532 2289 1569 mum
2325 1516 2377 1569 in
2410 1514 2727 1584 quibusdam
2774 1527 2985 1568 errasse
3016 1509 3262 1575 dixisset,
3294 1509 3406 1562 haec
3448 1508 3515 1562 de
3564 1507 3751 1577 Augu-

2144 1606 2285 1660 stino
2314 1603 2589 1675 subiungit
2612 1604 2705 1659 lib.
2733 1619 2803 1671 tv,
2831 1617 2951 1670 cap.
2985 1604 3039 1666 5,
3078 1600 3145 1656 de
3174 1601 3327 1655 Locis
3352 1599 3701 1669 Theolvgicis
3732 1617 3748 1651 :

2152 1716 2170 1749 ί
2208 1696 2351 1750 ldem
2384 1695 2683 1764 Augustino
2711 1693 2869 1761 longe
2899 1692 3212 1747 doctissimo
3236 1690 3478 1758 contigit.
3499 1688 3612 1744 Sed
3639 1703 3753 1757 quo

2154 1785 2337 1841 feror?
2362 1788 2445 1839 cui
2474 1784 2625 1838 non?
2661 1804 2677 1835 ι
2707 1783 2808 1848 Qui
2855 1796 3115 1851 nusquam
3148 1781 3499 1851 Augustinum
3529 1793 3753 1834 errrsse

451 1895 553 1934 nec
602 1876 831 1933 ﬁdeliter
880 1874 1096 1935 retulit,
1134 1886 1253 1926 nam
1304 1872 1421 1926 hazc
1468 1870 1697 1925 omisit:
1750 1867 2044 1922 Catholieus

2170 1878 2382 1942 liceret,
2424 1874 2617 1930 eximia
2652 1872 3006 1943 Augustinum
3055 1872 3212 1925 laude
3256 1870 3551 1935 fraudaret,
3611 1870 3753 1923 duos

452 1969 735 2041 permansit
789 1976 999 2032 tamen,
1030 1963 1222 2032 quibus
1270 1962 1476 2032 periodi
1532 1976 1723 2017 sensus
1772 1960 2041 2024 variatur;

456 2075 695 2115 errorem
728 2059 869 2112 enim
916 2072 1023 2111 non
1069 2056 1137 2111 de
1178 2054 1441 2109 abortivis
1484 2052 1797 2107 Gennadius
1825 2050 2044 2120 objicit,

453 2149 547 2207 sed
578 2149 644 2203 de
672 2148 1139 2219 prardest'natione
1184 2160 1250 2199 ex
1283 2144 1532 2197 absoluto
1576 2142 1669 2196 Dei
1701 2142 1953 2204 decreto,
1987 2147 2047 2193 ut

454 2242 583 2297 nl.bi
614 2240 816 2295 dictum
846 2246 948 2294 est.
976 2235 1161 2306 Neque
1190 2235 1333 2290 enim
1372 2236 1638 2288 sententia
1668 2230 1953 2300 Augustini
1981 2227 2050 2283 de

461 2335 636 2405 poenis
682 2330 1022 2402 parvulorum
1072 2328 1169 2380 iuit
1218 2325 1359 2378 lucta
1422 2324 1654 2377 hostium
1708 2327 2046 2389 exaggerata,

458 2440 583 2479 nam
613 2425 681 2476 de
712 2422 819 2475 illis
843 2419 1197 2488 Augustinum
1235 2411 1608 2469 tantummodo
1648 2410 1923 2465 dubitasse
1954 2410 2051 2463 Sc-

457 2510 826 2581 mi-Pelagiani
855 2507 1126 2571 dicebant,
1173 2515 1231 2559 ut
1262 2513 1407 2573 patet
1433 2517 1497 2559 ex
1527 2502 1720 2556 litteris
1760 2500 1950 2555 Hilarii
1982 2498 2051 2553 ad

457 2603 832 2675 Augustinum.
870 2600 1137 2655 Praeterea
1170 2597 1361 2652 l‘alsum
1393 2604 1475 2650 est
1500 2601 1744 2650 sanctum
1766 2592 2055 2647 Doctorem‘

458 2695 778 2752 sententiam
799 2693 944 2747 illam
976 2697 1293 2744 retractasse
1315 2687 1368 2740 in
1393 2686 1621 2755 epistola
1650 2684 1716 2738 ad
1747 2682 2052 2746 Iulianum;

460 2788 657 2844 etenim
708 2786 907 2839 nullam
955 2782 1021 2835 ad
1069 2779 1338 2835 lulianum
1388 2777 1671 2847 epistolam
1727 2776 2056 2843 Augustinus

462 2882 694 2952 scripsit.
720 2877 864 2933 Sane
894 2877 944 2929 in
964 2874 1140 2944 Opere
1163 2870 1477 2942 imperfecto
1500 2879 1683 2925 contra
1702 2868 1835 2935 Jul.,
1861 2868 2055 2935 lib.ttt,

464 2987 584 3039 cap.
617 2969 749 3034 200,
780 2969 920 3037 quod
953 2965 1139 3018 ultima
1166 2971 1324 3016 atate
1347 2960 1688 3029 conscripsit,
1721 2966 1974 3014 constans
2004 2959 2057 3014 in

467 3062 659 3116 eadem
692 3060 790 3114 luit
831 3056 1094 3112 sententia
1121 3073 1132 3106 :
1190 3071 1209 3104 ι
1238 3053 1292 3109 Si
1324 3062 1526 3117 autem,
1558 3051 1747 3121 inquit,
1779 3067 1886 3106 non
1915 3050 2060 3106 erui-

470 3163 557 3208 tur
579 3153 647 3208 de
680 3159 940 3220 potestate
963 3146 1324 3209 tenebrarum,
1357 3155 1409 3199 et
1439 3144 1545 3198 illic
1592 3153 1833 3198 remanet
1864 3158 2059 3214 parvu-

2150 1965 2612 2021 Retractationum
2646 1962 2811 2018 libros
2857 1962 3234 2034 expungendo.
3285 1960 3483 2016 Verum
3528 1962 3753 2016 Annato

2150 2056 2483 2127 probandum
2517 2065 2634 2111 erat
2681 2053 3037 2125 Augustinum
3075 2056 3127 2109 in
3167 2052 3319 2109 libris
3356 2062 3548 2108 contra
3600 2053 3752 2107 νει]-

2150 2149 2336 2217 gianos
2366 2148 2433 2202 ab
2466 2148 2723 2201 Ilorantio
2756 2147 3142 2215 reprehensum
3172 2146 3357 2210 fuisse,
3387 2146 3490 2202 hoc
3517 2148 3668 2201 enim
3694 2162 3754 2202 se

2150 2237 2472 2308 scriptorum
2503 2238 2821 2291 testimoniis
2843 2236 3146 2291 evicturutn
3190 2237 3580 2306 spoponderat.
3636 2238 3748 2291 An-

2153 2330 2264 2385 dite
2292 2329 2503 2384 interim
2536 2344 2656 2398 qua:
2699 2330 2771 2383 sit
2818 2328 2959 2383 illius
3014 2327 3292 2397 scriptoris
3339 2327 3406 2383 de
3449 2329 3755 2398 Augustino

2149 2421 2428 2491 judicium.
2464 2420 2557 2475 Ille
2586 2418 2678 2473 lib.
2724 2435 2761 2484 ι,
2787 2434 2908 2489 cap.
2941 2418 3031 2485 51,
3067 2419 3155 2473 ubi
3187 2417 3256 2473 de
3281 2419 3447 2487 gratia
3489 2429 3545 2475 et
3578 2421 3755 2473 libero

2154 2512 2377 2569 arbitrio
2423 2513 2680 2582 disputat,
2716 2510 2883 2565 ltocee
2925 2510 3106 2566 nobile
3150 2510 3446 2581 Augustino
3501 2508 3756 2581 Elogium

2154 2603 2411 2673 appendit
2458 2621 2469 2656 :
2532 2622 2550 2654 ι
2587 2602 2711 2657 Haec
2759 2602 2916 2672 longe
2969 2602 3209 2657 omnium
3259 2602 3311 2656 in
3352 2599 3756 2672 perlustrandis

2158 2695 2279 2750 ﬁdei
2350 2703 2549 2751 nostra:
2622 2692 2971 2751 sacramentis
3045 2694 3293 2761 princeps
3391 2691 3753 2762 Augustinus.

2159 2788 2327 2854 Quam
2360 2786 2577 2856 quidem
2624 2785 2929 2850 doctrinam
2980 2793 3233 2855 tanquam
3278 2799 3311 2840 e
3355 2786 3496 2839 coelo
3546 2784 3761 2853 lapsam

2160 2882 2508 2949 suscipimus,
2560 2881 2618 2933 ut
2663 2887 2901 2933 sanctam
2933 2892 3289 2943 veneramur,
3322 2887 3378 2932 ut
3403 2876 3527 2932 lidei
3558 2888 3760 2931 nostra:

2164 2973 2363 3043 regulae
2392 2973 2721 3026 couiormem
2749 2971 3123 3040 amplexamnr
3147 3012 3162 3038 ,
3194 2978 3250 3025 et
3296 2978 3352 3023 ut
3378 2970 3620 3039 antiqua:
3659 2969 3760 3023 Pa-

2164 3072 2302 3119 trum
2338 3063 2613 3118 traditioni
2648 3063 2779 3117 satis
2802 3072 3164 3128 constantem,
3196 3061 3474 3132 modisque
3502 3061 3763 3116 omnibus

2164 3155 2373 3210 veritati
2405 3165 2823 3211 consentaneam
2870 3164 2923 3209 et
2949 3153 3353 3210 convenientem
3384 3153 3707 3207 retinemus.
3736 3170 3765 3205 ι,

470 3245 577 3307 lus,
610 3243 736 3313 quid
778 3240 992 3296 mireris
1037 3240 1088 3291 iti
1120 3238 1246 3306 igne
1276 3247 1480 3291 a'teruo
1508 3251 1630 3292 cum
1658 3236 1876 3293 diabolo
1916 3236 2057 3292 futu-
2090 3240 2134 3300 C
2167 3247 2295 3315 Cap,
2327 3245 2395 3298 46
2444 3256 2599 3301 voca;
2637 3254 2882 3300 sanctum
2932 3246 3285 3313 Auguslinum
3326 3260 3480 3298 unum
3528 3243 3762 3299 omnium

471 3350 616 3401 rum,
647 3332 738 3404 qui
770 3333 822 3385 in
855 3330 950 3385 Dei
983 3343 1207 3400 regnum
1253 3328 1454 3382 intrare
1498 3341 1604 3382 non
1645 3328 1875 3383 sinitur?
1906 3347 1924 3380 ι
1960 3327 2064 3384 Ne-

473 3445 580 3500 que
609 3428 710 3483 ltoe
738 3428 906 3483 sancti
937 3426 1173 3482 doctoris
1215 3436 1483 3482 assertum
1512 3426 1826 3482 damnatum
1860 3432 1945 3479 est
1993 3422 2063 3477 ab

476 3520 790 3575 Innocentio
843 3518 910 3574 lll
962 3518 1014 3573 in
1066 3518 1155 3574 illa
1208 3518 1510 3584 decretali,
1564 3526 1621 3572 ut
1664 3516 1867 3587 Optime
1916 3522 2069 3571 notat

480 3612 770 3683 Gregorius
802 3611 854 3667 in
875 3610 910 3663 2
936 3611 1356 3676 Sententiarum,
1388 3609 1519 3664 dist.
1544 3609 1632 3674 55,
1663 3622 1717 3678 q.
1749 3608 1805 3675 5,
1830 3614 1885 3663 et
1908 3621 2067 3678 supe«

480 3706 591 3763 rius
612 3721 676 3760 ex
704 3704 947 3777 professo
964 3704 1319 3760 ostendimus.

551 3798 791 3868 Augetur
822 3794 1035 3851 testium
1066 3809 1319 3850 numerus
1352 3792 1611 3849 Dominici
1658 3791 1775 3847 Soti
1818 3806 2065 3859 censura,

481 3904 584 3959 qua
611 3888 931 3945 sententiam
958 3887 1127 3939 sancti
1148 3884 1423 3954 Augustini
1441 3883 1509 3936 de
1533 3883 1705 3951 poenis
1724 3884 2067 3951 parvulorum

482 3979 817 4047 perstringit,
876 3975 1121 4043 inquiens
1152 3975 1243 4027 lib.
1277 3989 1291 4026 ι
1320 3972 1389 4026 de
1426 3972 1623 4027 Natura
1653 3983 1705 4028 et
1737 3984 1901 4045 grat.,
1948 3990 2065 4044 cap.

485 4069 575 4133 M,
620 4069 759 4138 apud
808 4068 1075 4120 Annatum
1128 4081 1248 4136 pag.
1292 4063 1397 4117 874
1449 4083 1462 4119 :
1519 4084 1537 4118 ι
1568 4067 1898 4137 Augustinus
1955 4068 2070 4136 plus

482 4168 630 4231 gusto
673 4158 884 4213 videtur
915 4167 1166 4227 torquere
1211 4158 1478 4227 parvulos,
1512 4159 1656 4213 unde
1684 4160 1771 4227 qui
1801 4160 1919 4227 ejus
1946 4172 2071 4212 sen-

482 4253 672 4312 tentiae
717 4249 1081 4317 subscribunt,
1116 4252 1367 4321 perpauci
1399 4262 1554 4315 sunt,
1602 4238 1657 4306 et
1689 4260 1914 4303 tottores
1945 4264 2069 4318 par-

484 4340 733 4396 vulorum
780 4350 1171 4410 nuncupantur.
1207 4360 1225 4393 ι
1281 4339 1425 4395 Idem
1474 4356 1601 4396 vero
1656 4342 1895 4395 Anuatus
1947 4355 2069 4411 pag.

488 4434 587 4489 87l
623 4434 882 4488 Joannem
916 4432 1145 4488 Fabrum
1178 4433 1488 4503 episc0pt.m
1536 4432 1889 4487 Viennensem
1924 4433 2068 4489 hom.

488 4525 521 4581 9
551 4526 618 4580 de
646 4533 863 4594 peccato
892 4524 1027 4590 orig.
1069 4508 1123 4578 in.
1149 4522 1393 4578 eamdem
1419 4524 1530 4577 Soti
1555 4525 1873 4577 sententiam
1902 4524 2071 4577 addu-

489 4626 662 4683 xerat,
707 4619 903 4687 quippe
932 4618 1022 4686 qui
1069 4615 1202 4670 dixit
1249 4616 1606 4684 AuguStinum
1637 4615 1715 4669 sic
1760 4615 2069 4681 epinantem
2100 4605 2147 4663 Ι)
2178 4624 2262 4675 hac
2319 4622 2509 4675 ιιιυιιηε
2556 4620 2766 4675 dicendi
2820 4620 3112 4677 sufﬁciens.
3147 4641 3165 4672 ,
3224 4620 3353 4675 ιιεη,

487 4712 740 4764 excessive
811 4712 1060 4763 locutum.
1139 4709 1205 4760 At
1261 4707 1489 4775 qumstio
1562 4705 1629 4759 de
1715 4706 1885 4774 pomis
1951 4720 2071 4773 par-

487 4800 732 4856 vulorum
775 4814 1038 4869 nusquam
1068 4813 1131 4851 ex
1164 4795 1407 4865 professo
1449 4795 1518 4847 ab
1548 4794 1845 4865 Augustino
1874 4796 2071 4863 agitata

486 4892 618 4959 fuit,
678 4893 773 4948 sed
807 4892 1147 4947 occasionea
1200 4888 1497 4959 Pelagianis
1538 4888 1660 4943 data
1723 4901 1874 4942 suam
1945 4902 2071 4941 sen-

492 4990 710 5040 tentiam
780 4987 1177 5055 pronuntiavit;
1244 4988 1296 5041 in
1351 5001 1604 5041 sernmne
1655 4984 1721 5041 14
1761 4985 1829 5041 de
1884 4984 2073 5040 Verbis

489 5074 735 5140 Apostoli
784 5074 947 5129 fusius
973 5078 1187 5145 quidem
1232 5091 1389 5145 quam
1435 5076 1557 5132 alibi
1603 5092 1667 5131 ea
1698 5074 1766 5131 de
1815 5090 1871 5130 re
1925 5074 2074 5129 locu-

488 5177 573 5220 tus
627 5174 729 5218 est.
762 5163 871 5219 Nec
914 5168 1167 5235 perpauci
1224 5176 1352 5221 sunt
1399 5170 1486 5237 qui
1518 5168 1692 5223 eidem
1747 5167 2025 5223 adhaerent
2053 5207 2069 5233 ,

491 5271 613 5313 nam
639 5255 885 5312 Gelasius
920 5271 983 5310 ac
1032 5256 1321 5325 Gregorius
1353 5260 1633 5327 pontifices
1654 5299 1670 5324 ,
1702 5259 1892 5315 Avitus
1911 5301 1927 5327 ,
1955 5259 2075 5315 Ful-

488 5349 736 5420 gentius,
789 5348 1060 5413 Isidorus,
1113 5350 1351 5420 synodus
1421 5351 1782 5407 Sardiniensis
1854 5352 2072 5408 Patrum

488 5443 897 5508 Africanorum,
949 5440 1273 5494 Prudentius
1301 5483 1317 5508 ,
1350 5442 1526 5507 Beda,
1578 5442 1838 5498 Aelredus
1882 5444 2077 5514 aliique

486 5533 661 5588 sancti
714 5532 900 5587 Patres
930 5532 1372 5602 Augustinianam
1404 5533 1471 5591 de
1513 5534 1851 5602 parvulorum
1902 5536 2076 5604 poenis

490 5624 812 5679 sententiam
845 5624 1017 5680 secuti
1048 5634 1193 5679 sunt.
1224 5624 1463 5695 Itemque
1491 5641 1554 5681 ex
1590 5625 1854 5696 theologis
1887 5625 2079 5696 Grego-

490 5712 599 5766 rius
619 5751 633 5774 ,
664 5714 854 5767 Driedo
877 5754 896 5778 ,
931 5716 1182 5781 Musaeus,
1208 5716 1445 5795 More-au,
1473 5718 1693 5774 Macedo
1712 5760 1727 5785 ,
1766 5718 2075 5783 Polmanus,

490 5797 813 5863 l‘nludanus,
844 5801 1097 5871 Poncius,
1132 5805 1361 5860 Courius
1392 5822 1452 5860 ac
1481 5807 1727 5861 doctores
1771 5808 2073 5863 Lovauien-

2167 3338 2525 3392 doctissimum
2575 3348 2622 3390 et
2672 3336 3089 3401 sanctissimum;
3136 3350 3254 3405 cap.
3298 3334 3366 3388 48
3396 3333 3468 3387 ait
3511 3351 3525 3387 :
3576 3332 3763 3404 Magni

2168 3429 2444 3499 Augustini
2484 3445 2623 3482 utens
2667 3430 3006 3495 expendatur.
3041 3426 3165 3480 llaec
3205 3426 3271 3481 de
3308 3433 3496 3479 sancto
3528 3424 3760 3480 doctore

2171 3518 2409 3573 Ilorantii
2439 3518 2704 3573 sententia
2738 3528 2842 3582 est,
2877 3527 2933 3571 ut
2979 3515 3121 3572 haud
3146 3516 3269 3586 jure
3296 3524 3480 3571 contra
3505 3514 3765 3570 eumdem

2168 3629 2197 3667 a
2232 3612 2618 3668 recentioribus
2638 3610 2899 3666 nominari
2921 3611 3111 3680 possit.

2173 3723 2201 3795 §
2233 3722 2575 3795 IXLJoamris
2600 3739 2631 3775 a
2659 3721 2920 3795 Bononia,
2950 3723 3186 3795 Arborei,
3217 3723 3483 3795 Aragonii,
3513 3721 3759 3789 Penuoti,

2314 3791 2469 3856 Eslii,
2513 3792 2664 3863 Vega'
2693 3804 2737 3845 et
2764 3792 2955 3846 Tostati
2984 3794 3274 3847 testimonia
3304 3791 3616 3846 eaamirtata.

2243 3884 2495 3940 Omnium
2571 3883 3017 3939 bibliothecarum
3076 3885 3362 3940 scbedulas
3431 3884 3761 3939 recentiores

2169 3983 2564 4042 excusserunt,
2617 3974 2872 4030 rimantes
2900 3975 2945 4030 si
2993 3991 3111 4045 qua:
3156 3976 3431 4030 doctorum
3466 3974 3594 4029 liret
3624 3974 3761 4028 haud

2171 4067 2240 4121 ita
2294 4067 2583 4123 celebrium
2642 4067 2783 4121 dicta
2833 4068 3177 4134 invenirent,
3230 4067 3423 4137 quibus
3477 4065 3759 4138 AuguSIini

2172 4161 2462 4216 auctoritas
2501 4160 2892 4215 decurtaretur.
2949 4160 3240 4215 Enimvero
3292 4160 3346 4214 in
3406 4158 3604 4213 librum
3663 4158 3756 4212 esi-

2172 4271 2333 4325 guum
2380 4254 2564 4310 nescio
2617 4253 2770 4324 cujus
2800 4252 3021 4307 Joannis
3065 4268 3097 4306 a
3137 4252 3373 4306 Bononia
3419 4249 3758 4314 inciderunt,

2172 4347 2285 4418 qui,
2316 4346 2553 4402 ntrefert
2586 4351 2827 4401 Annatus
2860 4361 2977 4416 pag.
3012 4342 3138 4410 878,
3167 4342 3532 4413 expositiones
3577 4343 3756 4412 Augu-

2173 4438 2297 4491 stini
2329 4438 2379 4492 in
2412 4438 2500 4492 illa
2532 4437 2774 4507 Apostoli
2806 4455 2819 4490 :
2851 4434 2990 4491 Deus
3012 4437 3117 4491 vult
3150 4454 3320 4490 omnes
3345 4433 3760 4507 Itominessalvos

2178 4530 2292 4598 ﬁeri
2324 4529 2377 4597 (Ι
2407 4530 2540 4584 Tim.
2574 4545 2635 4595 tt,
2668 4529 2745 4599 4),
2781 4545 2884 4583 non
2914 4529 3177 4598 recipiens
3211 4530 3317 4582 ait:
3357 4547 3376 4580 ί
3404 4526 3519 4581 Non
3550 4526 3761 4579 videtur

3392 4636 3406 4674 :
3460 4638 3479 4671 ι
3512 4619 3629 4672 Non
3682 4624 3762 4670 est

2179 4712 2468 4766 verisimile
2501 4711 2815 4779 Apostolum
2849 4713 2949 4765 hoc
2989 4711 3245 4765 sensisse.
3284 4730 3303 4763 θ
3342 4711 3398 4765 in
3444 4710 3624 4780 primis
3669 4710 3760 4761 hic

2176 4802 2411 4869 scriptor
2442 4801 2492 4853 in
2525 4800 2683 4854 tacita
2732 4800 3001 4853 solutione
3049 4799 3411 4867 objectionum
3435 4840 3448 4862 ,
3497 4812 3616 4868 pag.
3651 4797 3761 4854 ’565

2176 4893 2313 4946 edit.
2356 4891 2709 4947 Lovaniensis
2738 4890 2865 4945 anni
2901 4891 3038 4947 12555
3061 4931 3078 4958 ,
3108 4906 3215 4961 quo
3243 4891 3540 4947 modestius
3582 4893 3764 4963 Augu-

2178 4984 2304 5039 stini
2355 4983 2855 5052 interpretationem
2920 4983 3142 5036 alteram
3190 4992 3406 5036 secutus
3462 4981 3761 5047 omitteret,

2179 5091 2421 5131 sanctum
2471 5077 2754 5132 Ductorem
2801 5074 2968 5129 noluit
3018 5075 3320 5142 nominare,
3374 5074 3621 5144 religioni
3668 5072 3764 5127 sibi

2178 5169 2380 5225 ducens
2409 5185 2438 5223 a
2496 5181 2599 5223 tam
2628 5183 2802 5222 asacro
2834 5169 3050 5223 nomine
3094 5167 3269 5238 palam
3315 5167 3600 5223 discedere
3628 5209 3641 5228 ,
3675 5169 3765 5223 sed

2180 5262 2254 5316 ait
2304 5277 2318 5313 :
2374 5279 2392 5312 ι
2422 5260 2662 5329 Denique
2692 5259 2832 5314 haud
2883 5275 2969 5315 me
3008 5260 3136 5314 latet
3174 5260 3429 5315 eximium
3474 5260 3763 5329 quemdam

2182 5366 2452 5407 sacrarum
2482 5351 2779 5406 litterarum
2803 5351 3147 5421 interpretem
3169 5351 3310 5405 hunc
3331 5351 3503 5405 locum
3535 5352 3603 5408 ad
3632 5352 3764 5403 hunc

2184 5442 2398 5513 modum
2426 5442 2717 5511 explicare.
2753 5462 2770 5493 ›
2803 5442 2995 5499 Postea
3030 5461 3041 5496 :
3094 5461 3112 5494 ι
3144 5444 3321 5497 Alium
3354 5456 3568 5497 sensum
3621 5440 3764 5510 ponit

2184 5533 2326 5588 idem
2357 5533 2544 5587 doctor
2587 5533 2840 5588 eximius.
2882 5552 2898 5584 ι
2955 5535 3022 5589 At
3068 5533 3396 5589 recentiores
3449 5548 3553 5587 non
3609 5531 3763 5585 modo

2183 5624 2483 5694 Augustino
2528 5625 2805 5679 nominato
2848 5624 3064 5680 easdem
3111 5624 3582 5695 interpretationes
3634 5621 3760 5691 reji-

2189 5715 2331 5770 cinnl
2354 5755 2370 5780 ,
2411 5716 2505 5770 sed
2528 5717 2768 5771 dicteriis
2789 5718 2950 5772 etiam
2979 5728 3207 5774 onerant
3225 5760 3241 5787 ,
3266 5726 3515 5773 vocantes
3546 5715 3759 5771 easdem

2184 5824 2302 5863 cum
2337 5808 2529 5863 iiolina
2558 5808 2635 5864 vel
2679 5808 2841 5877 prima
2871 5818 3077 5877 aspectu
3109 5811 3403 5880 pcrrgrinas
3434 5820 3479 5861 cI
3510 5817 3754 5868 extortos,
