3930 6310
143 332 236 386 769

1304 319 1624 376 γιΝῡῑσιᾹῦ
1664 317 2224 374 ΑυουδτιΝιΑΝιΕ.

3303 315 3410 371 770

141 448 187 500 iu
218 439 498 505 Concord,
530 445 719 508 qnmst.
757 435 841 501 19.
883 445 987 490 art.
1018 435 1069 498 ﬁ,
1098 435 1238 502 disp.
1276 435 1324 496 ι,
1352 432 1432 486 vel
1464 446 1584 484 cum
1609 431 1707 485 Pe-
1739 436 1784 492 Α
1814 430 1919 483 illic
1965 437 2204 499 urgetur.
2239 446 2256 479 ι
2305 425 2442 492 Quid
2491 427 2639 480 tum?
2693 427 2892 482 Scribit
2937 439 3153 483 sanctus
3211 430 3396 484 doctor

143 533 353 590 tavioad
382 532 689 586 studendum
717 532 899 599 magis,
944 545 1097 597 quant
1125 535 1289 580 rectas
1331 534 1377 576 et
1406 524 1601 577 solii/as
1633 524 1710 576 vi-

140 629 281 687 deri,
318 636 441 677 tom.
477 622 494 676 Ι
541 622 730 691 Dogm.
772 621 961 682 theol.,
997 620 1084 672 lib.
1123 635 1178 682 x,
1219 631 1338 684 cap.
1379 611 1432 668 5.
1468 616 1536 667 At
1568 615 1707 666 idem

143 719 363 783 scriptor
396 714 444 765 in
489 715 752 780 prie-cipua
785 711 1080 782 qumstionc
1127 709 1193 762 de
1241 706 1710 772 praedestinatione

138 809 245 860 ha'c
277 803 430 857 tradit
465 820 478 853 :
527 821 544 853 ι
577 803 821 857 Nostram
848 817 968 856 mox
998 801 1341 867 subjiciemus
1368 795 1707 859 sententiam,

135 911 352 964 eamque
381 895 537 948 dictis
569 895 627 947 ll.
658 893 917 964 Fulgentii
949 893 1174 959 sumptis
1205 906 1270 942 cx
1321 889 1380 941 Β.
1414 887 1710 957 Augusti-uo

136 987 478 1042 stabiliemus.
514 1001 532 1035 ι
586 983 894 1049 Passiinque
937 996 1002 1035 eo
1043 979 1094 1033 in
1139 992 1302 1046 Opere
1331 975 1501 1030 sancti
1534 975 1712 1044 Augu-

136 1079 250 1134 stini
280 1076 582 1130 tcstimon‘a
615 1074 862 1126 inculcat.

197 1186 428 1256 Opponit
475 1199 594 1254 pag.
663 1183 788 1246 880,
842 1183 1102 1237 Joannem
1165 1182 1459 1234 Arboreum
1511 1177 1563 1230 in
1627 1176 1714 1228 illa

130 1278 284 1330 verba
311 1277 480 1344 Epist.
511 1275 576 1326 ad
612 1273 796 1335 Rom.,
827 1287 943 1339 cap.
973 1287 1028 1324 ιιι
1055 1289 1067 1322 :
1096 1269 1192 1322 Ubi
1222 1276 1293 1321 est
1323 1268 1560 1338 gloriatio
1588 1265 1716 1318 tua?

131 1373 330 1420 exclusa
361 1376 468 1427 est;
501 1381 590 1432 per
615 1380 770 1433 quam
799 1364 996 1432 legem?
1020 1361 1308 1429 factorum?
1342 1359 1486 1422 Non,
1517 1359 1606 1410 sed
1627 1374 1716 1425 per

129 1458 291 1528 legem
335 1455 491 1520 ﬁdei;
539 1454 625 1506 ubi
675 1452 845 1506 sancti
893 1449 1171 1519 Augustini
1220 1447 1712 1517 interpretationem

123 1548 357 1618 jejunum
383 1553 533 1596 vocat
556 1553 607 1596 et
632 1542 1032 1609 explodendam.
1069 1540 1230 1592 Miror
1249 1541 1474 1591 alterum
1506 1551 1713 1590 summa

129 1637 325 1692 Aunati
355 1636 687 1703 diligentiam
718 1632 998 1700 sobterfug
1021 1645 1107 1683 sse
1135 1649 1146 1684 :
1171 1631 1368 1683 etenim
1395 1631 1470 1682 ait
1495 1646 1508 1681 :
1538 1627 1714 1694 Expo-

130 1729 242 1780 sitio
275 1736 349 1778 est
391 1727 616 1778 ridicula
646 1735 690 1776 et
720 1723 1077 1789 explodcnda;
1109 1735 1293 1774 verum
1333 1719 1591 1772 ridiculus
1623 1733 1715 1786 po-

1815 523 1948 576 duas
1998 519 2364 588 expositiones
2415 519 2707 586 excogitari
2761 533 2917 587 posse
2971 521 3198 573 laudatae
3258 522 3404 576 Pauli

1811 614 2114 671 sententiae,
2147 624 2372 677 quarum
2419 619 2640 677 utraque
2669 609 2952 679 Pelagiana
2985 609 3205 664 hmresis
3243 611 3409 665 ευπο-

1813 710 1962 754 catur
2010 716 2023 751 :
2066 698 2331 766 siquidem
2380 713 2484 751 una
2534 698 2836 766 displiceat,
2883 700 3048 754 altera
3097 699 3409 768 recipiatur,

1814 789 1917 842 hoc
1943 789 2073 841 satis
2111 787 2410 856 Augustino
2439 788 2557 852 fuit,
2590 804 2760 858 neque
2797 791 2902 858 qui.
2926 791 3150 857 primam
3180 806 3285 845 non
3318 791 3412 844 ad-

1813 877 1993 940 mitit,
2031 878 2315 945 Augustini
2349 878 2520 932 hostis
2564 881 2744 932 statim
2794 881 3096 935 censendus
3138 893 3254 945 est;
3304 897 3412 935 non

1814 965 1956 1020 enim
1987 965 2089 1019 hoc
2136 967 2300 1035 exigit
2331 968 2678 1035 Augustinus,
2713 969 2838 1022 dum
2871 969 2966 1035 ait,
3012 973 3116 1024 sive
3145 972 3413 1040 gloriatio-

1818 1072 1926 1112 nem
1943 1056 2128 1110 dixerit
2148 1056 2484 1122 laudabilem,
2502 1069 2632 1124 etc.,
2652 1061 2753 1113 sive
2771 1061 3129 1130 gloriationem
3153 1065 3404 1125 vitiosam,

1816 1150 2007 1216 quibus
2030 1147 2296 1217 signiﬁcat
2323 1151 2463 1204 nolle
2489 1165 2547 1205 se
2577 1154 2626 1205 in
2651 1152 2715 1205 iis
2741 1156 3074 1221 explicandis
3103 1156 3400 1222 immorari,

1818 1251 2044 1309 utraque
2078 1251 2250 1294 tamen
2284 1242 2726 1309 interpretatione
2775 1245 3093 1314 Pelagianos
3140 1248 3406 1312 convinci,

1815 1342 2075 1401 sequente
2096 1332 2335 1402 quolibet
2358 1349 2515 1399 quam
2552 1334 2703 1388 velit.

1886 1447 2152 1501 Czeterum
2200 1447 2499 1501 exciderint
2529 1448 2613 1501 illa
2655 1449 2917 1514 Arboreo,
2957 1449 3116 1503 modo
3151 1449 3200 1503 in
3234 1465 3410 1517 quaes-

1821 1536 2060 1591 tionibus
2090 1537 2157 1590 de
2186 1538 2656 1603 praedestinatione
2680 1548 2733 1593 et
2763 1544 2930 1608 gratia
2965 1541 3408 1610 Augustiuianum

1819 1641 1878 1682 se
1899 1629 2230 1696 proﬁteatur.
2258 1628 2378 1682 Lib.
2408 1643 2437 1680 x
2463 1627 2798 1698 'l‘heosopb,
2827 1645 2945 1699 cap.
2973 1631 3003 1682 9
3031 1647 3044 1681 :
3074 1631 3408 1699 Augustinus,

1822 1721 1918 1782 ait,
1958 1717 2102 1770 liberi
2147 1718 2347 1770 arbitrii
2395 1727 2618 1771 assertor
2662 1719 3098 1783 studiosissimus;
3137 1719 3228 1772 lib.
3286 1733 3400 1780 xrv,

130 1819 231 1871 tius
283 1817 434 1868 testis
464 1817 533 1869 sit
577 1815 869 1878 Arboreus,
920 1812 1010 1880 qui
1064 1811 1414 1879 Augustinum
1465 1811 1710 1864 Latinum
1741 1793 1787 1851 Β
1815 1825 1936 1880 cap.
1967 1811 1996 1862 7
2031 1829 2043 1862 :
2079 1811 2142 1864 Si
2171 1809 2428 1877 nonnihil,
2471 1813 2663 1879 inquit,
2697 1811 2785 1863 tibi
2819 1810 2882 1862 sit
2905 1809 3116 1879 judicii,
3141 1809 3290 1876 facite
3320 1825 3408 1862 co-

130 1923 430 1962 sermonem
465 1905 660 1959 dOCI'I'e
691 1905 986 1972 praesumit.
1018 1902 1248 1957 Sanctus
1279 1903 1484 1964 doctor,
1523 1899 1614 1955 lib.
1649 1900 1717 1956 de

134 1997 328 2064 Spiritu
357 2007 411 2050 et
435 1994 564 2060 litt.,
590 2009 714 2064 cap.
743 1995 832 2057 lt),
859 2005 916 2046 ut
943 1992 1134 2062 probet
1162 1991 1406 2045 homines
1434 2005 1537 2044 non
1563 1991 1716 2059 justi-

135 2089 270 2142 licari
293 2103 358 2142 ex
385 2088 522 2155 lege,
548 2085 640 2140 sed
665 2101 730 2139 ex
764 2084 868 2138 ﬁde
895 2084 1150 2137 auxilium
1169 2083 1354 2151 gratia:
1376 2081 1714 2150 impetrante,

132 2179 216 2231 illa
249 2177 413 2232 verba
446 2177 686 2246 Apostoli
719 2176 951 2238 adducit,
985 2176 1099 2228 haec
1129 2173 1458 2242 subjungens
1491 2189 1504 2225 :
1543 2191 1559 2223 ι
1589 2173 1716 2228 Sive

132 2271 501 2338 gloriationcm
533 2269 732 2323 dixerit
763 2266 1101 2329 laudabilem,
1130 2280 1248 2334 quin
1280 2265 1330 2317 in
1367 2263 1586 2317 Domino
1611 2273 1713 2330 εει,

134 2375 358 2428 eamque
386 2360 682 2424 exclusam,
718 2359 767 2412 id
791 2366 897 2424 est,
921 2373 1025 2411 non
1047 2365 1104 2409 ut
1123 2355 1458 2418 abscederet,
1485 2355 1712 2425 pulsam,

133 2453 220 2504 sed
253 2461 310 2505 ut
338 2453 626 2514 emineret,
657 2463 988 2518 expressam,
1025 2447 1164 2500 unde
1201 2456 1254 2500 et
1285 2445 1600 2500 exclusores
1627 2446 1714 2498 di-

134 2551 326 2596 cuntur
351 2542 567 2611 quidam
599 2541 836 2594 artiﬁces
865 2539 1170 2607 argentarii,
1212 2547 1344 2601 etin;
1376 2537 1486 2590 sive
1515 2536 1714 2604 gloria-

130 2633 330 2686 tionem
361 2631 608 2683 vitiosam
655 2631 723 2683 de
746 2630 998 2696 superbia
1042 2628 1342 2680 venientem
1384 2641 1714 2680 commemo-

127 2739 250 2778 rare
281 2723 536 2784 voluerit,
578 2737 762 2776 eorum
806 2721 1011 2775 scilicet
1053 2721 1142 2789 qui
1173 2733 1292 2772 cum
1336 2719 1435 2771 sibi
1464 2718 1606 2784 juste
1635 2719 1718 2769 vi-

128 2814 324 2867 dentur
358 2813 560 2877 vivere,
614 2813 682 2864 ita
733 2811 1031 2879 gloriantur
1059 2811 1208 2879 quasi
1260 2823 1362 2861 non
1417 2807 1718 2876 acceperint

129 2921 242 2957 ram
271 2919 434 2972 quam
468 2917 571 2955 non
615 2917 710 2969 per
757 2902 924 2970 legem
956 2901 1235 2961 factorum,
1285 2897 1380 2950 sed
1422 2913 1516 2964 per
1547 2898 1716 2966 legem

135 2997 247 3050 fidei
277 2993 410 3048 dicit
432 2993 733 3055 exclusam,
761 2993 812 3044 id
842 3001 924 3044 est
948 2991 1172 3058 ejectam
1200 2999 1254 3043 et
1282 2989 1564 3057 alrjectam,
1593 2989 1716 3056 quia

138 3103 228 3155 per
259 3088 431 3157 legem
465 3084 588 3137 ﬁdei
613 3083 837 3152 quisque
863 3081 1155 3151 cegnoscit,
1181 3083 1223 3134 si
1255 3082 1378 3150 quid
1408 3080 1543 3134 bene
1565 3080 1712 3146 vivit,

137 3181 221 3234 Dei
249 3147 416 3250 gratia
466 3192 529 3232 se
559 3176 774 3230 habere.
813 3195 831 3227 ι
883 3176 1064 3244 Itaque
1093 3184 1308 3229 sanctus
1353 3174 1560 3237 doctor,
1593 3173 1714 3226 sub-
1746 3147 1792 3208 ο

138 3271 355 3326 indicata
403 3271 578 3337 prima
608 3266 983 3335 explicatione,
1013 3281 1128 3331 quzc
1169 3263 1326 3316 alicui
1361 3264 1496 3316 forte
1539 3262 1722 3316 venire

147 3371 318 3431 posset
347 3362 398 3414 in
432 3370 694 3421 mentem,
719 3357 783 3410 ad
814 3358 1038 3411 alteram
1072 3356 1368 3418 descendit,
1397 3355 1481 3409 cui
1509 3368 1722 3422 semper

139 3457 355 3511 inhaeret
383 3458 435 3510 iu
469 3454 619 3509 libris
651 3463 842 3508 contra
879 3451 1213 3520 Pelagianos.
1260 3455 1326 3504 At
1360 3451 1626 3503 Arboreus
1654 3449 1722 3500 ri-

134 3549 361 3603 d'culum
393 3546 806 3618 grammaticum
837 3547 966 3614 agit,
998 3545 1122 3596 dum
1151 3543 1504 3611 AuguSIiuum
1535 3541 1725 3594 barba-

135 3642 281 3695 rismi
307 3655 566 3694 accusans
604 3641 677 3692 ait
710 3655 722 3691 :
759 3659 776 3688 ι
812 3637 919 3691 Nec
950 3637 1180 3704 pictores
1209 3632 1414 3696 eximii,
1442 3632 1726 3699 elegantis-

133 3734 390 3800 simirque
421 3733 646 3800 pictura:
683 3731 893 3782 ﬁctores
922 3736 1012 3779 aut
1037 3739 1384 3794 cxpresores
1415 3723 1515 3776 dici
1551 3722 1726 3775 solent

136 3824 458 3891 cxclusores,
490 3821 586 3874 sed
619 3820 993 3886 exsculptores
1017 3824 1107 3869 aut
1128 3815 1472 3885 efﬁgiatmes.
1507 3833 1525 3866 ι
1562 3813 1725 3879 Quasi

137 3918 459 3983 Augustinus
498 3911 721 3980 vulgare
764 3911 903 3963 illius
930 3909 1100 3961 artatis
1144 3905 1492 3975 quorundam
1537 3919 1725 3974 argen-

139 4008 274 4058 toria:
302 4007 433 4060 artis
456 4004 720 4073 opiﬁcum
747 4016 940 4054 nomen
966 3997 1196 4068 potuerit
1233 3999 1497 4066 ignorare.
1527 3995 1727 4050 Scribit

137 4095 265 4150 idem
299 4108 530 4150 sanctus
564 4094 720 4148 Pater
751 4095 801 4145 in
833 4092 920 4145 illa
955 4093 1088 4157 psal.
1126 4105 1266 4142 vau
1299 4106 1312 4140 :
1349 4088 1416 4142 Ut
1449 4088 1724 4141 excludant

139 4187 205 4250 lii,
235 4197 358 4242 etc:
401 4206 418 4238 ι
453 4187 517 4240 In
552 4196 666 4237 arte
690 4182 989 4252 argentaria
1019 4182 1328 4234 cxclusorcs
1353 4192 1608 4230 vocantur
1635 4177 1725 4246 qui

139 4279 200 4330 de
228 4279 558 4332 confusione
591 4289 780 4327 massa:
813 4279 1072 4324 noverunt
1111 4272 1335 4322 formam
1378 4267 1517 4321 vasis
1548 4268 1726 4335 expri-

138 4382 296 4423 mere.
332 4388 350 4421 ι
387 4367 554 4424 Unde
604 4374 745 4434 patet
798 4380 892 4418 cos
931 4363 1265 4431 argentarios
1312 4361 1543 4414 artiﬁces
1591 4373 1725 4428 quos

141 4457 317 4513 l.at':u'o
368 4459 637 4514 vocabulo
690 4458 894 4511 lusores
941 4454 1189 4518 dicimus,
1239 4461 1480 4521 tempore
1509 4454 1718 4519 Augus-

1818 1918 2025 1974 gnosces
2057 1919 2120 1956 ex.
2142 1919 2268 1956 sana
2290 1912 2338 1956 et
2367 1905 2626 1956 luculenta
2657 1902 2929 1972 Augustini
2961 1903 3213 1967 doctrina,
3247 1904 3408 1955 Deum

1819 2007 1920 2046 non
1952 2008 2016 2046 ea;
2063 2007 2120 2045 eo
2159 1991 2400 2045 dilexisse
2444 1991 2626 2059 Iacob,
2676 1993 2811 2060 quod
2857 1997 3034 2061 futura
3076 1995 3185 2063 ejus
3229 1994 3412 2046 merita

1819 2086 2126 2154 prteriderit.
2177 2085 2314 2139 'l‘oto
2367 2099 2433 2138 eo
2480 2085 2748 2139 volumine
2801 2084 2853 2138 in
2911 2084 3294 2152 quaestionibus
3341 2084 3408 2138 de

1817 2179 1985 2247 graia
2016 2180 2091 2232 ait
2123 2195 2136 2232 :
2173 2178 2302 2232 Hice
2350 2179 2726 2248 Augustiniana
2757 2189 2827 2231 rst
2875 2179 3108 2241 assertio,
3151 2190 3203 2233 et
3252 2179 3407 2233 initio

1819 2270 1938 2324 libri
1970 2269 2050 2323 νιι
2092 2285 2119 2323 a
2155 2269 2338 2324 limine
2369 2284 2428 2323 se
2459 2270 2627 2324 sancti
2684 2270 2922 2323 doctoris
2953 2269 3405 2324 studiosissimum

1817 2369 2133 2414 ostensurus
2173 2361 2360 2415 scribit
2405 2377 2416 2412 :
2457 2359 2690 2429 Hujusce
2727 2363 3022 2415 asiertionis
3066 2371 3256 2431 partes,
3290 2375 3407 2432 qui:

1818 2451 2246 2521 Angusrinianam
2269 2451 2477 2517 sapiunt
2501 2452 2808 2518 doctrinam,
2837 2455 3044 2506 seorsim
3068 2453 3403 2507 stabiliemus.

1819 2540 1982 2608 Igitur
2012 2543 2345 2596 recentiores
2378 2557 2530 2595 suum
2571 2543 2807 2611 ipsomm
2839 2543 2908 2598 de
2945 2544 3242 2612 Augustino
3266 2545 3408 2610 judi-

1819 2633 1989 2698 cium,
2037 2629 2179 2697 quod
2223 2629 2470 2699 dogmata
2511 2633 2578 2685 de
2626 2632 3093 2699 praedestinatioue
3137 2641 3191 2686 et
3237 2633 3408 2700 gratia

1821 2721 2033 2785 attinet,
2067 2719 2224 2789 hujus
2254 2722 2479 2774 Arboris
2509 2737 2605 2774 nec
2637 2721 2779 2774 foliis
2810 2738 2906 2775 nec
2939 2724 3125 2776 umbra
3158 2723 3410 2790 obtegere

1821 2814 2018 2864 va’cnt.

1894 2907 2012 2970 Quo
2049 2914 2227 2959 tamen
2271 2904 2549 2974 Augustini
2594 2905 2962 2959 auctoritatem
3018 2904 3234 2973 prepius
3275 2906 3413 2958 aric—

1823 3004 1955 3060 tcnt,
2009 2995 2222 3049 Petrum
2271 2996 2599 3066 Aragonium
2652 3005 2705 3049 et
2759 2995 3060 3049 Galnielem
3115 2995 3411 3049 l’ennotum

1825 3086 2238 3154 Augustinianos
2273 3086 2324 3138 in
2353 3087 2647 3139 subsidium
2691 3095 2906 3139 vocant.
2941 3087 3261 3154 Aragonius,
3296 3085 3413 3150 ‘2—2,

1827 3198 1881 3251 q.
1920 3181 2004 3244 10,
2039 3190 2141 3234 art.
2187 3179 2240 3245 6,
2276 3195 2396 3234 cum
2445 3179 2723 3247 probasset
2770 3179 3040 3234 hominem
3082 3179 3198 3232 sine
3244 3179 3416 3248 gratia

1831 3271 1922 3324 Dei
1955 3284 2112 3338 posse
2145 3270 2281 3323 bene
2309 3270 2586 3323 moraliter
2607 3269 2842 3338 operari,
2878 3269 2978 3322 add
3005 3278 3022 3321 t
3055 3286 3068 3322 :
3102 3287 3122 3320 ι
3161 3268 3230 3322 Et
3260 3269 3418 3324 dictis

1827 3375 1957 3430 ergo
2011 3359 2236 3414 infertur
2273 3363 2597 3413 sententiam
2648 3360 2708 3412 D.
2760 3361 3038 3428 Augustini
3072 3360 3234 3414 fuisse
3277 3360 3418 3428 quod

1830 3453 2076 3505 homines
2109 3451 2312 3505 nullum
2346 3452 2543 3504 bonum
2583 3465 2719 3519 opus
2749 3453 3025 3504 moraliter
3054 3453 3266 3506 efﬁcere
3296 3467 3418 3520 pos-

1829 3550 1952 3592 sunt
1981 3541 2099 3593 sine
2146 3549 2311 3606 grata
2349 3540 2470 3600 Dei,
2509 3538 2652 3606 quod
2694 3539 2832 3592 idem
2879 3538 3176 3590 affirmabat
3212 3539 3421 3608 Grego-

1828 3629 1959 3682 rius.
1996 3647 2012 3678 ›
2061 3628 2211 3682 Unde
2260 3629 2334 3680 ait
2374 3630 2633 3690 Anuatus,
2693 3641 2812 3695 pag.
2865 3627 2968 3678 889.
3018 3643 3029 3677 :
3086 3630 3298 3696 «Atque
3344 3627 3415 3682 ita

1829 3719 2004 3787 palam
2049 3718 2327 3786 profitetur
2354 3717 2544 3770 Petrus
2583 3719 2877 3783 Aragonius
2920 3732 2980 3770 se
3012 3717 3080 3769 ab
3120 3721 3419 3785 Augustino

1829 3809 2128 3862 discedere.
2157 3827 2174 3859 ι
2214 3807 2482 3860 Pennotus
2509 3821 2634 3859 vero
2663 3806 2751 3859 lib.
2779 3822 2808 3858 v
2833 3806 3144 3875 Propugnac
3176 3847 3192 3871 ,
3215 3822 3333 3874 cap.
3359 3810 3416 3870 li,

1832 3901 1993 3954 tradit
2040 3900 2259 3953 minime
2288 3899 2616 3953 credendum
2649 3913 2769 3952 esse
2823 3917 2840 3949 ι
2872 3914 3084 3952 omnem
3135 3900 3417 3967 Augustini

1828 3993 2090 4046 rationem
2135 4005 2258 4044 esse
2310 3996 2550 4042 exactam
2604 3989 3144 4052 demonstrationem,
3198 4003 3416 4042 onmem

1829 4081 2234 4150 responsionem
2261 4093 2380 4134 esse
2404 4079 2596 4146 degma
2622 4079 2763 4142 ﬁdei,
2791 4094 3005 4132 omnem
3029 4078 3421 4146 expositionem

1830 4173 2070 4227 locorum
2095 4185 2266 4226 sacra)
2300 4171 2590 4237 Scriptura!
2616 4185 2733 4224 esse
2755 4181 2955 4224 certam
2989 4171 3224 4241 regulam
3258 4179 3310 4223 et
3343 4169 3423 4222 in-

1827 4264 2097 4317 lallibilem
2113 4263 2256 4332 ipsas
2271 4263 2477 4315 divinas
2495 4261 3214 4330 Scripturasinterpretandi,
3241 4281 3259 4312 ι
3279 4272 3411 4326 ctc.;

1827 4360 2018 4424 quibus
2053 4355 2288 4409 recitatis
2342 4355 2422 4406 his
2471 4354 2712 4407 Annalus
2763 4355 3023 4407 insultat:
3065 4370 3083 4402 ι
3119 4352 3269 4416 Vide,
3302 4352 3416 4404 lec-

1829 4458 1933 4513 tor,
1982 4461 2088 4516 quo
2119 4444 2485 4498 moderamine
2533 4444 2582 4497 in
2614 4444 3038 4500 commendanda
3083 4441 3254 4496 sancti
3305 4445 3415 4495 Au-

140 4551 225 4602 tini
253 4566 278 4603 a
305 4553 464 4621 vulgo
514 4550 808 4616 appellatos
843 4547 1006 4600 fuisse
1046 4545 1352 4597 exclusores.
1381 4541 1540 4596 Certe
1569 4542 1641 4595 uti
1673 4557 1721 4595 tv
1752 4529 1805 4588 D
1829 4539 2030 4610 gustini
2062 4538 2302 4591 doctrina
2345 4547 2562 4590 utantur
2608 4537 2766 4592 etiam
2803 4539 2874 4592 illi
2921 4536 3006 4606 qui
3055 4552 3117 4589 ex
3171 4533 3416 4586 instituto

140 4641 260 4712 Reg.
294 4661 416 4698 xxiv
459 4643 693 4697 clusores
740 4639 1025 4708 argcn'arii
1067 4637 1410 4690 nominantur
1451 4634 1539 4704 qui
1575 4649 1722 4703 gem-

143 4749 244 4789 mas
270 4752 399 4791 auro
431 4738 520 4790 \el
566 4742 787 4801 argento
817 4734 1155 4790 claudebant,
1203 4731 1268 4781 ita
1299 4729 1606 4782 exclusores
1637 4727 1719 4779 di-

140 4827 383 4882 cebantur
413 4829 509 4898 qui
557 4842 619 4879 ex
670 4840 800 4877 auro
830 4825 912 4877 vel
964 4831 1183 4888 argento
1234 4836 1354 4872 vasa
1392 4819 1718 4883 fundebant;

143 4921 288 4987 cujus
317 4924 532 4989 quidem
565 4921 708 4974 rocis
738 4917 1116 4988 etymologiam
1145 4930 1248 4966 non
1280 4923 1430 4966 vacat
1458 4913 1720 4966 curiosius

144 5014 421 5080 inquirere,
459 5028 585 5068 cum
628 5020 682 5065 et
722 5011 933 5063 nomina
963 5009 1026 5060 ad
1062 5008 1312 5076 placitum
1361 5007 1719 5072 imponantur.

144 5115 189 5154 ct
233 5121 330 5157 vox
373 5107 460 5160 illa
512 5105 672 5174 vulgo
711 5113 1077 5171 usurparetur.
1124 5100 1393 5154 Arboreus
1443 5109 1619 5151 autem
1657 5099 1725 5153 de

150 5196 428 5258 pictoribus
455 5208 511 5250 et
555 5197 754 5264 pii-tura
785 5208 978 5247 nomen
1017 5192 1146 5246 illud
1183 5206 1463 5260 perperam
1507 5191 1718 5258 accipit,

147 5287 276 5347 quod
322 5287 389 5340 ab
420 5286 720 5355 Augustino
764 5284 828 5338 de
861 5281 1215 5336 excusoribus
1245 5281 1582 5349 argentariis,
1629 5294 1722 5333 scu

146 5374 204 5426 de
238 5375 299 5429 iis
344 5379 431 5444 qui
467 5387 688 5440 statuas,
717 5390 808 5429 seu
840 5373 1110 5443 quodlibet
1140 5372 1282 5424 aliud
1322 5371 1609 5432 excudunt,
1645 5370 1722 5420 in-

150 5463 407 5531 telligitur.
459 5465 618 5533 Igitur
666 5467 845 5532 inepte
897 5463 948 5514 in
992 5459 1092 5513 hoc
1141 5460 1413 5513 Arboreus
1461 5457 1720 5511 calculum

151 5557 348 5622 posuit;
386 5573 574 5610 verum
628 5557 868 5611 Annatus
917 5554 1016 5607 hoc
1064 5551 1241 5605 nobile
1291 5551 1529 5605 schofion
1574 5548 1724 5602 addit

151 5657 261 5712 pag.
289 5645 385 5700 881
422 5663 436 5699 :
474 5665 492 5695 «
535 5647 598 5699 Et
625 5657 800 5700 tamen
831 5644 963 5698 liber
992 5642 1079 5696 ille
1109 5641 1176 5694 ab
1207 5641 1502 5710 Augustino
1534 5649 1719 5693 cootra

157 5731 460 5804 Pelagianos
489 5737 714 5806 scriptus
736 5742 841 5800 est,
869 5732 1091 5790 ct'locus
1116 5731 1264 5787 Pauli
1289 5741 1473 5786 contra
1503 5730 1719 5786 eosdem

1832 4633 1950 4702 ejus
1980 4631 2234 4696 cultores,
2269 4629 2568 4684 imitatores
2597 4641 2648 4684 et
2681 4629 2877 4684 alumni
2922 4635 3045 4679 sunt
3089 4625 3140 4676 io
3192 4634 3422 4691 utroque

1830 4727 2018 4779 ordine
2055 4724 2440 4780 canonicorum
2474 4733 2527 4779 ct
2569 4724 2936 4779 ercmitarnm.
2992 4716 3062 4769 Ut
3116 4717 3424 4781 perspicere

1832 4817 1983 4871 liceat
2010 4831 2167 4886 quam
2196 4816 2264 4868 sit
2293 4815 2660 4884 Supersdtiosa
2686 4809 3064 4863 Irodieruorutn
3095 4804 3414 4858 Baianorum

1829 4911 2036 4979 religio,
2075 4910 2162 4975 qui
2207 4909 2450 4976 Specioso
2493 4918 2735 4957 erroium
2785 4909 3042 4967 pra'textu
3094 4900 3264 4951 Solam
3305 4901 3415 4950 Au-

1831 5001 2102 5070 gustinum
2154 4999 2206 5049 in
2255 5011 2368 5059 ore,
2405 4997 2452 5045 in
2484 4993 2675 5052 oculis,
2711 4991 2760 5043 in
2793 4989 2953 5042 corde
2987 4989 3184 5043 habere
3223 5003 3283 5042 se
3318 4990 3422 5041 lina

1829 5100 1979 5160 gunt.
2018 5106 2034 5136 ›
2073 5087 2187 5138 Non
2235 5097 2445 5151 possum
2489 5095 2682 5144 negare
2727 5079 3051 5147 Aragonium
3093 5080 3143 5133 in
3186 5095 3249 5133 ea
3293 5093 3420 5132 seu-

1831 5179 1991 5233 tentia
2025 5177 2208 5238 fuisse,
2240 5183 2472 5224 attamen
2517 5171 2709 5224 ibidem
2739 5171 2913 5224 COllCl.
2948 5170 2983 5222 2
3018 5170 3415 5224 fatetur-homi-

1829 5289 1950 5327 nem
1986 5273 2100 5323 sine
2139 5268 2304 5338 gratia
2346 5281 2484 5328 raro,
2515 5275 2562 5318 et
2599 5266 2963 5334 iufrcqrtentet',
2997 5273 3040 5317 et
3071 5280 3184 5316 cum
3224 5275 3417 5329 magna

1828 5364 2137 5432 difﬁcultate
2180 5373 2332 5426 posse
2364 5357 2578 5410 efﬁcere
2613 5356 2808 5408 bonum
2851 5370 3006 5424 opus,
3041 5362 3097 5406 ut
3130 5367 3312 5420 parum
3343 5353 3416 5404 alr

1831 5452 2218 5524 Augustiniauo
2247 5449 2495 5518 dogmate
2519 5447 2770 5500 recedere
2801 5447 3062 5499 videatur.
3096 5446 3160 5495 At
3193 5441 3220 5512 θ
3253 5441 3416 5495 Crete-

1829 5561 1942 5597 rnm
1987 5545 2080 5595 hoc
2123 5558 2220 5593 non
2253 5541 2482 5592 obstante
2520 5537 2707 5604 probat
2737 5536 3057 5589 sententiam
3100 5533 3266 5587 sancti
3305 5535 3418 5586 Au-

1828 5633 2023 5705 gustini
2068 5632 2268 5685 nullum
2301 5628 2577 5683 continere
2611 5639 2872 5687 errorem,
2906 5637 2968 5674 ac
3005 5621 3227 5690 proinde
3258 5636 3421 5689 posse

1829 5723 2101 5780 sustineri.
2149 5721 2279 5775 lluic
2321 5728 2496 5772 tamen
2544 5713 2841 5768 domestico
2875 5712 2996 5768 testi
3041 5727 3109 5767 ne
3150 5713 3411 5768 tantillum
