3930 6338
492 338 590 391 771

1348 328 1908 389 SUPPLEMENTUM
1952 331 2043 387 AD
2082 331 2309 388 OPERA
2350 333 2411 386 S.
2459 329 2842 388 AIIGUSTINI.

3673 330 3784 384 τῖὶ

490 452 697 522 iudices
738 458 968 515 moveat,
1002 446 1321 517 oppettimns
1359 456 1471 499 tres
1505 460 1568 498 ex
1603 446 1699 498 hac
1740 455 1921 498 nostra
1960 459 2073 499 ere-
2109 449 2155 507 Α
2184 444 2440 513 impendit
2480 453 2535 497 ιιι
2579 444 2826 499 eumdem
2860 444 2911 497 in
2950 456 3100 497 suam
3141 442 3461 498 sententiam
3494 441 3778 501 traheret;

498 545 696 597 mitana
730 541 926 594 familia
958 540 1342 594 celeberrimos
1378 538 1657 597 doctores,
1693 538 1781 605 qui
1816 535 2083 588 mordicus

495 635 665 688 sancti
718 632 999 702 Augustini
1051 629 1337 684 sententia:
1391 627 1713 689 adh-.erent,
1769 626 2085 694 Gregorium

495 728 919 788 Ariminensem,
945 722 1003 787 2,
1033 722 1158 776 dist.
1186 720 1275 782 2'),
1302 728 1494 789 qumst.
1534 721 1582 785 I,
1613 725 1715 770 art.
1742 717 1799 785 2,
1833 718 2083 771 Basilium

498 821 769 881 Pontium,
821 830 1071 884 magnum
1123 812 1428 881 theologum
1476 809 1981 873 Salmanticensem,
2033 809 2084 862 in

498 910 901 966 Relectionihus
930 908 996 961 de
1023 905 1234 958 auxiliis
1262 904 1459 957 divina:
1481 904 1685 973 gratim,
1712 911 1763 955 et
1793 901 2083 969 Gasparem

496 994 793 1068 Casalium,
826 988 1143 1054 Lusitanutn
1188 997 1519 1064 episcopum,
1553 994 1646 1048 lib.
1681 1008 1697 1046 ι
1745 992 1813 1047 de
1853 991 2085 1057 Quadri-

500 1096 693 1163 partita
733 1092 968 1154 Justitia,
1011 1088 1101 1158 qui
1141 1088 1416 1157 Augustini
1452 1086 1644 1155 dogma
1675 1083 1968 1153 explicant,
2000 1096 2087 1138 so-

499 1182 774 1237 lidissimis
825 1179 1156 1250 argumentis
1206 1177 1470 1242 muniunt,
1515 1184 1675 1243 atque
1715 1174 1783 1227 ab
1832 1174 2087 1228 adversa-

498 1275 700 1329 riorum
731 1274 928 1343 jaculis
958 1272 1253 1325 vindicant.
1295 1270 1406 1323 lmo
1452 1266 1812 1323 recentiorum
1845 1264 2085 1320 subtilis-

500 1365 669 1418 simus
693 1363 933 1431 Vasquez
958 1361 1097 1415 idem
1124 1360 1393 1413 fusissime
1415 1365 1713 1426 propugnat
1744 1355 1851 1421 1-2,
1887 1355 2083 1422 disput.

502 1457 627 1521 190,
660 1471 814 1523 quem
862 1463 1156 1524 sequuntur
1205 1468 1273 1507 ex
1321 1451 1506 1506 eadem
1538 1448 1739 1502 familia
1768 1447 2085 1512 Turrianus,

508 1557 662 1600 tract.
688 1546 755 1600 de
786 1546 988 1609 Gratia,
1021 1544 1220 1612 disput.
1247 1542 1313 1608 4;
1344 1540 1625 1599 Mmratius.
1662 1548 1792 1595 tom.
1825 1539 1888 1603 ll,
1928 1544 2084 1591 tract.

500 1637 709 1701 eodem,
744 1645 874 1689 sccl.
922 1634 985 1699 8;
1020 1634 1273 1703 Ripalda,
1308 1640 1436 1686 tom.
1473 1631 1491 1685 1
1522 1631 1587 1686 de
1617 1630 1752 1685 Ente
1781 1637 2082 1697 supernat.,

503 1728 703 1793 disput.
733 1725 825 1790 2.),
857 1733 995 1779 sect.
1029 1724 1085 1791 6,
1116 1724 1338 1791 aliique.

2190 536 2330 605 quod
2365 551 2491 590 vero
2519 537 2731 590 videbat
2760 536 2810 589 id
2840 536 2968 590 satis
2998 551 3138 605 a-gre
3168 550 3323 604 posse
3362 536 3687 602 persuaderi
3722 552 3785 590 ea

2189 644 2306 698 qua:
2348 632 2565 683 recitata
2609 639 2755 695 sunt,
2805 629 3072 697 apposuit,
3105 643 3208 681 non
3240 637 3297 681 ut
3341 628 3491 695 parvi
3544 628 3664 681 fieri
3718 633 3784 681 ab

2191 724 2307 791 ipso
2335 724 2686 792 Augustinum
2708 721 3090 788 iudicaremus,
3116 719 3206 774 sed
3232 729 3287 771 ut
3312 718 3524 774 molesti
3549 719 3781 772 forsitan

2191 814 2481 869 adversarii
2514 813 2872 882 ohjectionem
2904 812 3180 881 effugeret.
3215 811 3283 865 At
3310 811 3452 880 quod
3488 812 3641 864 Estio
3673 811 3784 865 disc

2190 908 2412 975 plicuit,
2466 907 2595 957 olim
2649 905 2850 970 pariter
2903 902 3379 974 Serui-Pelagianis
3430 901 3783 971 diSpIicui~se

2191 996 2372 1050 scribit
2418 995 2651 1048 llilarius
2694 993 3023 1048 Arelatensis
3073 993 3124 1046 in
3157 994 3377 1061 epistola
3416 993 3485 1046 ad
3515 993 3777 1063 Augusti-

2192 1101 2339 1151 num,
2372 1085 2397 1156 ξ
2437 1084 2631 1138 Deinde
2658 1086 2865 1138 moleste
2893 1086 3064 1155 ferunt
3097 1086 3165 1136 ita
3193 1083 3351 1137 dividi
3378 1085 3628 1153 gratiam,
3663 1101 3780 1153 qua

2190 1176 2268 1231 re!
2308 1188 2425 1229 tunc
2472 1176 2637 1242 primo
2667 1175 2862 1228 homini
2911 1176 3052 1242 data,
3102 1175 3179 1228 vel
3225 1191 3359 1227 nunc
3405 1176 3643 1228 omnibus
3686 1176 3781 1227 da-

2191 1278 2293 1331 tur,
2328 1277 2432 1320 etc.
2465 1265 2561 1319 Ille
2599 1275 2772 1320 tamen
2810 1267 3059 1335 scriptor,
3089 1265 3144 1333 2,
3175 1265 3301 1319 dist.
3342 1263 3436 1330 24,
3472 1266 3500 1335 §
3535 1267 3621 1329 10,
3655 1268 3732 1319 ait
3763 1285 3777 1320 :

2197 1377 2214 1409 ι
2254 1360 2425 1425 Atque
2476 1359 2665 1412 horum
2716 1359 2916 1427 primus
2973 1359 3043 1412 sit
3094 1357 3459 1426 Augustinus,
3515 1366 3576 1409 ut
3622 1373 3779 1426 quem

2191 1466 2271 1506 co:
2295 1460 2401 1505 stat
2426 1465 2638 1504 causam
2668 1450 2791 1504 ﬁdei
2816 1449 3095 1504 catholicas
3116 1458 3300 1503 contra
3329 1446 3642 1517 Pelagiano~
3673 1463 3779 1516 pne

2189 1542 2401 1597 carteris
2443 1541 2823 1596 ecc'esiasticis
2851 1540 3198 1609 scriptoribus
3238 1539 3411 1593 acrius
3453 1538 3778 1602 uberiusque

2190 1630 2515 1686 defendisse.
2550 1650 2568 1682 ι
2605 1632 2668 1684 Et
2699 1631 2751 1685 in
2784 1630 2836 1695 1,
2874 1628 3000 1683 dist.
3035 1631 3124 1693 41,
3157 1628 3185 1701 ς
3228 1630 3260 1684 6
3296 1646 3308 1680 ;
3347 1647 3365 1679 ι
3398 1629 3459 1683 Β.
3496 1629 3778 1695 Augusriui

2190 1725 2256 1778 de
2284 1723 2451 1791 gratia
2490 1720 2686 1776 Christi
2732 1719 3053 1786 doctrinam,
3106 1735 3225 1789 qua:
3274 1732 3461 1788 magna
3508 1733 3578 1771 ex
3634 1728 3779 1785 parte

569 1815 638 1868 At
666 1814 939 1868 Pennotus
978 1829 1082 1868 non
1122 1812 1475 1877 adversatur;
1519 1810 1716 1864 etenim
1758 1807 2087 1878 Augustinus

2202 1813 2436 1870 consistit
2477 1815 2527 1868 in
2566 1813 2849 1868 astruenda
2892 1811 3357 1877 prmdestinatione
3395 1809 3656 1879 gratuita,
3690 1824 3779 1876 ap—

500 1920 628 1960 usus
675 1918 758 1959 est
807 1905 860 1958 in
909 1919 1128 1959 suarum
1183 1904 1574 1959 sententiarum
1624 1897 2087 1956 confirmationem

500 1996 829 2063 argumentis
869 1996 1029 2050 etiam
1068 1994 1452 2064 probabilibus,
1506 2008 1625 2061 qua:
1677 1992 1722 2046 si
1771 2000 1954 2046 essent
1996 1992 2091 2045 de-

501 2091 851 2146 monstrativa
897 2100 1246 2158 argumenta,
1298 2088 1497 2141 stultos
1548 2086 1850 2147 diceremus
1905 2098 2089 2137 recen-

503 2182 667 2236 tlorcs
714 2180 806 2249 qui
852 2179 1054 2236 eisdem
1097 2180 1505 2248 responsionem
1552 2176 1872 2245 procudunt.
1917 2174 2088 2229 Unum

502 2271 901 2337 contendimus,
947 2269 1205 2337 capitales
1250 2268 1419 2321 sancti
1468 2266 1749 2334 Augustini
1796 2263 2091 2318 sententias

500 2361 760 2414 adversus
789 2360 1105 2427 Pelagianos
1150 2367 1205 2412 et
1249 2345 1742 2425 Sequi-Pelagianos
1788 2368 1893 2408 non
1934 2366 2091 2421 posse

503 2449 636 2505 citra
667 2449 984 2503 temeritatis
1014 2458 1194 2502 notam
1229 2447 1551 2517 impugnari.
1593 2447 1764 2513 Quam
1798 2458 1925 2500 vero
1957 2444 2091 2498 Peu-

513 2550 671 2594 notus
728 2554 914 2608 parum
968 2540 1326 2593 recentiorum
1394 2552 1569 2592 causa:
1629 2536 1839 2601 faveat,
1900 2536 1952 2589 io
2009 2536 2090 2588 his

516 2630 754 2696 ejusdem
794 2628 973 2683 verbis
1017 2644 1177 2684 nemo
1216 2645 1320 2683 non
1371 2628 1513 2682 videt
1545 2646 1560 2683 :
1597 2645 1615 2678 ι
1664 2628 1717 2683 Si
1747 2625 2090 2691 lecstiuus,

512 2721 716 2791 inquit,
772 2721 1025 2776 Romana:
1074 2721 1330 2776 Ecclesia:
1387 2719 1619 2791 pontifex
1678 2720 2093 2775 calumniatores

506 2814 768 2870 doctrina:
830 2815 893 2868 D.
937 2813 1218 2885 Augustini
1276 2814 1342 2869 de
1401 2814 1872 2883 praedestinatione
1938 2814 2095 2865 vocat

507 2907 718 2976 plantas
763 2907 902 2962 male
945 2917 1273 2973 crescentes,
1317 2914 1373 2961 et
1419 2906 1713 2975 improbos,
1746 2903 1937 2974 quibus
1970 2916 2090 2971 per-

507 3011 723 3067 petuum
782 2999 1054 3053 silentium
1112 2997 1493 3066 imponendum
1552 2997 1644 3062 sit,
1692 3007 1746 3049 et
1802 3001 2095 3049 sectatores

507 3091 815 3159 dogmatnm
848 3103 1222 3157 perversurum
1255 3095 1309 3140 et
1334 3085 1730 3146 damnatorum,
1758 3099 1786 3136 a
1825 3082 2095 3135 contrario

2194 1907 2438 1976 probavit
2456 1904 2781 1960 leestinus
2814 1906 3047 1972 pontifex
3069 1904 3122 1956 in
3150 1904 3372 1971 epistola
3402 1902 3468 1954 ad
3496 1903 3779 1969 episcopos

2192 1996 2396 2051 Gallim.
2432 2015 2451 2048 ι
2503 1995 2702 2050 Omitto
2752 1994 2898 2063 plura
2949 2009 3065 2061 qua:
3096 1993 3292 2062 passim
3336 1993 3387 2046 in
3430 1994 3778 2046 commenda-

2194 2089 2392 2143 tionem
2439 2085 2609 2142 sancti
2647 2086 2885 2141 doctoris
2934 2085 3112 2139 Estius
3155 2085 3371 2147 recitat;
3413 2084 3779 2137 Lovanienses

2191 2178 2332 2231 enim
2378 2192 2442 2231 ac
2495 2176 2796 2231 Duacenses
2837 2188 3170 2230 consuevere
3216 2174 3518 2243 Augustino
3567 2187 3777 2243 semper

2192 2282 2312 2322 esse
2341 2266 2715 2321 addictissitni.

2264 2360 2569 2425 Alphonsus
2595 2358 2844 2412 Tostatus
2874 2356 2925 2411 in
2951 2357 3225 2413 nonnullis
3249 2357 3314 2411 ab
3338 2356 3643 2425 Augustino
3675 2359 3776 2411 dis-

2193 2451 2348 2503 sentit
2379 2493 2392 2515 ,
2431 2465 2550 2518 qua:
2605 2452 2668 2502 ad
2710 2464 2877 2503 sacrae
2908 2450 3114 2516 paginae
3158 2449 3570 2517 explicationem
3618 2450 3778 2517 perti.

2192 2550 2340 2594 nent.
2375 2546 2441 2599 At
2473 2544 2715 2592 Annaius
2765 2554 2883 2608 pag.
2918 2540 3020 2593 867
3050 2539 3125 2592 ait
3155 2555 3167 2591 :
3208 2555 3226 2588 ι
3256 2537 3413 2601 Vide,
3439 2538 3685 2592 lector...
3715 2554 3775 2591 an

2195 2642 2343 2699 putet
2370 2632 2595 2686 dandam
2620 2647 2739 2687 esse
2770 2631 2967 2686 nemini
3002 2630 3307 2685 facultatem
3332 2632 3381 2683 in
3414 2632 3598 2699 aliquo
3630 2646 3778 2699 repu-

2193 2726 2390 2795 gnandi
2436 2742 2498 2779 ex
2532 2726 2782 2779 omnibus
2827 2738 2945 2793 quae
2994 2723 3082 2777 ilie
3130 2731 3319 2777 contra
3365 2722 3690 2791 Pelagianos
3734 2732 3779 2777 et

2197 2816 2685 2885 Semi-Pelagiauos
2711 2815 2939 2884 scripsit.
2986 2833 3004 2865 ι
3040 2812 3423 2868 Contendimus
3466 2814 3650 2867 sancti
3685 2815 3783 2867 Au-

2197 2906 2393 2976 gustini
2420 2906 2720 2960 doctrinam
2750 2913 2937 2960 contra
2969 2905 3283 2973 Pelagianos
3309 2919 3373 2958 cx
3421 2914 3564 2956 tanta
3602 2905 3783 2958 Eccle-

2196 3001 2294 3053 site
2323 2997 2705 3069 approbatione
2736 2996 2787 3050 in
2831 2995 3200 3050 excellentiori
3246 2993 3415 3065 gradu
3446 2996 3784 3049 auctoritatis

2199 3089 2478 3143 locandam
2508 3103 2663 3152 esse,
2692 3103 2849 3157 quam
2878 3088 3113 3154 illorum,
3164 3089 3275 3156 qui,
3319 3097 3373 3141 ut
3413 3087 3487 3141 ait
3535 3088 3783 3142 Testatus

507 3178 807 3231 doctrinam
856 3175 1137 3244 Augustini
1188 3174 1255 3228 de
1286 3174 1754 3242 prazdcsdnatione
1804 3172 1995 3240 probat
2037 3180 2095 3225 ut
2124 3183 2169 3246 ο
2198 3182 2335 3249 apud
2366 3182 2656 3243 Attnatum,
2687 3180 2910 3235 humano
2940 3181 3143 3251 ingenio
3171 3180 3282 3234 solo
3302 3180 3644 3248 scripserunt.
3683 3182 3785 3235 Ca:-

507 3269 806 3322 doctrinatn
837 3280 1046 3331 sanam,
1091 3265 1257 3334 piam,
1296 3262 1614 3318 catholicam
1659 3272 1713 3317 et
1749 3261 1817 3317 dc
1854 3261 1978 3326 fide,
2010 3262 2097 3317 cui

518 3374 548 3413 a
582 3357 861 3412 catholicis
897 3370 1000 3411 non
1041 3356 1210 3425 possit
1236 3353 1551 3421 contradici,
1587 3373 1606 3407 ι
1643 3354 1735 3408 1ι1).
1778 3368 1808 3406 v
1841 3352 2094 3420 PrOpug.,

507 3464 626 3520 cap.
663 3449 751 3515 16,
800 3465 948 3505 ιιιιιιι.
998 3447 1052 3503 2.
1087 3449 1329 3503 Annatus
1359 3454 1559 3513 tamen,
1606 3446 1701 3500 lib.
1733 3460 1845 3509 vttt,
1889 3460 2008 3513 cap.
2038 3442 2094 3511 2,

509 3557 632 3612 pag.
684 3543 813 3611 860,
852 3545 926 3599 ait
963 3560 978 3597 :
1020 3561 1039 3596 ι
1082 3541 1485 3598 Constituamus
1531 3541 1678 3595 illam
1728 3548 1932 3610 partem
1980 3553 2099 3607 qua:

509 3636 633 3706 plus
665 3635 807 3692 favet
845 3636 1018 3691 libero
1046 3636 1292 3700 arbitrio,
1328 3634 1677 3701 dicamusquc
1710 3641 1833 3687 ante
1873 3632 2099 3701 praevisa

510 3728 701 3781 merita
736 3728 984 3782 homines
1015 3727 1078 3781 ad
1111 3726 1335 3794 gratiam
1374 3724 1768 3793 prmdestinari,
1804 3733 1921 3791 post
1966 3737 2101 3791 pra:-

514 3817 686 3871 visum
726 3827 908 3873 autem
949 3817 1145 3870 bonum
1195 3829 1346 3870 nsunt
1388 3814 1571 3883 gratia:
1615 3812 1986 3881 prmdcstinari
2035 3810 2101 3865 ad

510 3910 763 3980 gloriam,
796 3910 919 3978 quid
949 3909 1071 3962 inde
1102 3908 1344 3975 sequitur
1375 3913 1562 3958 contra
1596 3905 1812 3973 regulas
1841 3920 1870 3958 a
1898 3904 2102 3960 Coales-

512 4003 627 4055 tino
675 3998 911 4067 positas?
958 4009 1178 4065 prorsus
1211 3994 1367 4047 nihil.
1397 3994 1523 4048 llaec
1562 3993 1721 4063 igitur
1762 4008 1868 4047 una
1914 4003 1999 4050 est
2035 4009 2099 4050 ex

512 4088 901 4158 quaestionibus
949 4100 1079 4154 quas
1110 4094 1350 4139 astruere
1388 4097 1497 4139 non
1543 4085 1653 4139 vult
1680 4085 2024 4154 leestinus,
2056 4087 2103 4142 si

515 4178 786 4232 credimus
839 4176 1089 4231 Baronio.
1126 4194 1146 4228 ι
1180 4176 1297 4231 .lam
1338 4177 1527 4241 scutis,
1574 4176 1684 4247 jam
1729 4177 1898 4241 vides,
1942 4194 2103 4247 quam

519 4268 658 4322 belle
693 4267 789 4322 tibi
838 4268 1111 4323 Pennotus
1142 4269 1408 4321 concinat.
1442 4267 1592 4334 Quod
1625 4268 1692 4321 de
1740 4268 1967 4321 Baronio
2011 4268 2104 4322 ad-

518 4359 625 4426 dis,
658 4358 853 4414 falsum
891 4372 1011 4414 esse
1041 4357 1068 4428 §
1104 4358 1124 4411 1
1159 4374 1225 4413 ex
1267 4357 1458 4413 eodem
1499 4357 1731 4413 Baronio
1768 4358 2101 4413 demonstra-

515 4465 709 4505 VIHIUS.

2203 3281 2371 3326 terum
2423 3272 2628 3339 insigne
2675 3272 2905 3341 elogium
2957 3271 3161 3325 Tostati
3212 3275 3277 3325 de
3319 3270 3623 3339 Augustino
3680 3272 3785 3339 lege

2200 3364 2339 3432 apud
2369 3362 2583 3417 Macedo
2605 3363 2656 3415 in
2680 3362 2954 3417 Concentu
2987 3363 3358 3432 euehologieo,
3385 3377 3507 3431 pag.
3538 3361 3675 3427 43!,
3708 3362 3784 3414 ubi

2201 3453 2268 3508 de
2292 3455 2514 3507 Tostato
2562 3453 2634 3507 ait
2666 3471 2679 3505 :
2719 3471 2737 3503 ι
2771 3452 3085 3520 Quanquam
3119 3453 3335 3507 minutis
3382 3452 3713 3520 quibusdam
3741 3453 3785 3504 in

2201 3542 2583 3611 qumstionibus
2636 3541 2702 3595 ab
2735 3542 3031 3611 AugttStino
3062 3542 3327 3596 interdum
3360 3542 3655 3596 dissentiat
3679 3585 3694 3605 ,
3740 3542 3785 3595 in

2203 3637 2425 3688 materia
2457 3635 2523 3688 de
2558 3633 3026 3702 praedestinatione
3052 3644 3104 3688 et
3153 3633 3321 3703 gratia
3368 3636 3678 3703 Augustino
3708 3649 3786 3704 pe-

2204 3728 2347 3779 nitus
2379 3727 2665 3781 consentit.
2700 3744 2718 3778 ι

2277 3815 2368 3867 llis
2392 3816 2605 3869 additur
2633 3816 2702 3868 ab
2732 3815 2967 3883 Adaroo,
3002 3824 3137 3884 part.
3171 3830 3227 3869 ttt
3254 3814 3455 3869 Calvini
3485 3817 3783 3877 destrueti,

2203 3922 2320 3976 Cap.
2353 3908 2405 3971 ϋ,
2439 3907 2680 3961 Andreas
2702 3907 2847 3977 cha
2875 3951 2887 3972 ,
2922 3910 3010 3977 qui
3040 3909 3223 3963 dolere
3275 3923 3334 3964 se
3370 3909 3506 3963 dixit
3539 3910 3785 3979 Angusti-

2205 4013 2330 4052 num
2361 3996 2787 4053 adversariorum
2844 4002 3027 4069 gratia:
3074 3999 3468 4069 ohjectionibus
3492 4002 3645 4055 ciare
3691 4018 3784 4055 non

2204 4091 2552 4155 satisfecisse,
2583 4090 2673 4144 lib.
2710 4107 2784 4146 xtt
2816 4092 2868 4145 in
2894 4092 3170 4155 Trident.,
3204 4106 3324 4160 cap.
3352 4091 3444 4156 εἳ,
3478 4092 3549 4146 de
3592 4092 3787 4148 Justifto

2206 4190 2308 4235 cat.
2342 4181 2616 4235 Cmterum
2652 4180 2792 4249 Vega
2829 4181 3025 4235 ibidem
3059 4195 3177 4235 cum
3209 4180 3431 4235 dixisset
3480 4181 3786 4251 Pelagianos

2209 4280 2397 4324 contra
2449 4270 2681 4325 divinam
2729 4273 2952 4341 gratiam
3005 4270 3190 4326 decem
3231 4282 3284 4325 et
3323 4285 3417 4325 sex
3465 4276 3787 4341 argumentis

2207 4364 2442 4427 stetisse,
2467 4362 2579 4417 ait:
2617 4380 2635 4411 ι
2666 4362 2732 4415 Ει
2756 4362 2820 4415 ad
2847 4377 2906 4416 ea
2929 4363 3103 4416 omnia
3135 4362 3349 4431 copiose
3373 4371 3427 4417 et
3455 4364 3672 4418 emdite
3703 4377 3787 4432 pro

2210 4464 2302 4503 sua
2336 4453 2457 4506 exin
2482 4452 2531 4505 ia
2581 4451 2825 4507 doctrina
2878 4452 3153 4521 respondit
3197 4454 3546 4522 Augustinus.
3581 4472 3599 4505 ι
3633 4454 3787 4508 Addit

584 4542 899 4598 Cuillelmus
928 4540 1091 4595 etiam
1128 4541 1310 4595 Estius
1342 4542 1735 4608 intromittitur,
1768 4542 1857 4612 qui
1892 4542 1912 4594 l
1964 4542 2100 4597 Sen-
2129 4548 2180 4609 1)
2208 4553 2384 4598 tamen
2427 4545 2622 4599 ibidem
2672 4545 2925 4598 nonnulla
2975 4559 3095 4612 qua:
3139 4560 3237 4599 nec
3286 4545 3609 4600 adversariis
3661 4547 3785 4613 ipsis

517 4636 827 4700 tentiarum,
858 4634 984 4688 dist.
1011 4633 1105 4701 64,
1137 4633 1164 4703 §
1192 4631 1278 4699 14,
1307 4634 1381 4687 ait
1410 4652 1422 4685 :
1458 4652 1476 4684 ι
1507 4635 1659 4700 Quid
1689 4633 1734 4687 si
1759 4634 2105 4688 nihilominus

517 4728 810 4784 contendat
845 4727 1038 4797 aliquis
1077 4726 1359 4795 Augustini
1392 4727 1553 4780 verba
1582 4740 1703 4793 qua:
1741 4726 1951 4795 obiecta
1981 4736 2106 4781 sunt

516 4821 618 4877 huc
653 4821 849 4877 inﬂecti
882 4838 988 4875 non
1023 4836 1203 4890 posse,
1238 4827 1491 4888 putetque
1517 4833 1638 4871 eum
1672 4833 1856 4872 revera
1885 4819 2105 4885 alterius

518 4928 637 4968 esse
661 4913 969 4980 sententiae,
1003 4924 1111 4968 tum
1142 4911 1588 4980 resinondebimns
1620 4926 1683 4965 ea
1712 4926 1833 4980 quae
1858 4909 1925 4965 de
1955 4910 2094 4979 adju-

520 5003 659 5056 torio
694 5004 850 5071 primi
900 5006 1132 5059 hominis
1177 5012 1232 5059 et
1262 5002 1576 5073 angelorum
1605 5003 1905 5071 obscurius,
1939 5011 2015 5067 et,
2050 5010 2108 5057 ut

519 5090 745 5157 videtur,
778 5098 930 5144 extra
968 5092 1266 5161 Scriptura:
1305 5092 1678 5147 auctoritatem
1724 5092 1791 5147 ab
1822 5107 1887 5147 eo
1926 5093 2107 5161 dispu—

520 5188 624 5233 tata
653 5187 798 5244 sunt,
830 5180 894 5232 ad
927 5180 1029 5233 hoc
1066 5190 1126 5234 ut
1156 5196 1222 5234 ex
1251 5183 1654 5251 comparatione
1690 5183 1879 5251 gratia:
1909 5191 2108 5238 nostra:

521 5287 615 5341 per
642 5270 913 5326 Christum
947 5273 1301 5339 reparationis
1337 5277 1507 5344 magis
1543 5277 1828 5344 emineret,
1870 5294 1973 5332 non
2015 5279 2107 5333 de-

523 5366 650 5420 bere
697 5363 1048 5434 praajttdicare
1090 5363 1347 5419 doctrinae
1390 5381 1509 5436 quae
1556 5369 1694 5436 apud
1744 5370 1880 5425 alios
1925 5371 2110 5426 Patres

521 5459 802 5528 ipsumque
855 5466 1098 5511 sanctum
1164 5455 1424 5513 Thomam
1485 5460 1537 5513 in
1590 5461 1898 5531 huiusmodi
1951 5466 2110 5519 rebus

522 5548 923 5601 exactissimum
949 5545 1219 5602 doctorem
1240 5548 1546 5615 capressior
1573 5552 1857 5619 reperitur.
1885 5572 1903 5604 ι
1934 5554 2108 5607 Estius

524 5649 629 5696 quo
659 5649 810 5689 suam
839 5651 965 5705 erga
1006 5647 1251 5693 sanctum
1289 5637 1565 5694 doctorem
1598 5641 1991 5696 observantiam
2022 5656 2109 5697 os-

526 5722 784 5790 tenderet,
815 5728 1000 5781 eadem
1029 5730 1150 5783 dist.
1187 5727 1275 5795 M,
1305 5728 1331 5799 ᾗ
1364 5728 1431 5784 15
1455 5741 1508 5786 et
1536 5733 1623 5801 M,
1652 5736 1872 5791 multum
1907 5734 2107 5791 laboris

2210 4637 2422 4705 placere
2469 4640 2698 4703 possunt
2741 4652 2753 4686 :
2802 4651 2921 4688 nam
2975 4635 3111 4688 hanc
3168 4636 3407 4704 regulam
3462 4634 3786 4704 praedicandi

2210 4727 2519 4796 mysterium
2551 4724 3036 4793 prmdestinationis
3060 4736 3114 4781 et
3144 4729 3461 4781 necessaria:
3488 4726 3674 4795 gratia:
3714 4724 3786 4777 ad

2208 4816 2532 4870 credendum
2559 4857 2573 4879 ,
2601 4814 2926 4883 diligendum
2960 4816 3123 4870 Deum
3147 4855 3161 4879 ,
3196 4816 3557 4885 pmnitcndum
3584 4856 3599 4879 ,
3647 4824 3784 4879 etc.,

2209 4905 2674 4959 concionatorib-us
2706 4904 2885 4959 tradit.
2922 4924 2939 4956 ι
2970 4905 3230 4981 Cuperem
3285 4908 3384 4961 hoc
3424 4905 3570 4960 clare
3600 4914 3657 4960 et
3685 4905 3786 4959 dis—

2212 4995 2373 5051 tincte
2414 4999 2579 5059 tradi,
2613 4996 2835 5066 perinde
2876 5010 2995 5051 esse
3033 4997 3081 5049 in
3110 5005 3292 5051 nostra
3322 5004 3588 5065 pctestate
3616 5000 3784 5051 omnia

2210 5087 2465 5143 exercitia
2524 5089 2805 5156 virtutum,
2854 5087 2918 5141 ad
2965 5103 3082 5156 qua:
3111 5087 3384 5142 credimus
3430 5087 3781 5142 necessariam

2210 5196 2330 5235 esse
2360 5181 2642 5250 specialem
2678 5181 2769 5235 Dei
2792 5181 3045 5248 gratiam,
3073 5196 3137 5235 ac
3162 5182 3206 5234 si
3235 5182 3382 5235 stilus
3400 5181 3677 5247 generalis
3702 5177 3783 5231 Dei

2211 5288 2505 5330 concursus
2527 5273 2830 5339 sufﬁceret,
2865 5276 2972 5328 imo
3012 5290 3073 5329 ac
3102 5276 3145 5328 si
3177 5290 3280 5329 non
3312 5283 3457 5329 esset
3487 5275 3590 5327 nisi
3616 5281 3783 5327 nostra

2214 5367 2324 5418 sola
2360 5364 2605 5417 voluntas
2636 5363 2699 5417 ad
2733 5379 2793 5417 ea
2824 5366 3004 5417 Omnia
3050 5365 3321 5433 requisita.
3354 5383 3373 5416 ι
3408 5362 3475 5417 Et
3506 5373 3631 5430 post
3659 5379 3784 5416 non-

2214 5458 2355 5510 nulla
2398 5456 2588 5509 similia
2621 5456 2770 5509 addit
2801 5473 2813 5508 :
2856 5475 2872 5507 ι
2906 5458 2970 5510 Et
3019 5456 3133 5510 haec
3164 5452 3323 5524 saepe
3368 5456 3707 5517 desideravi,
3737 5460 3786 5503 nt

2214 5546 2539 5615 Augustinus
2575 5547 2745 5613 palam
2775 5555 2829 5600 et
2859 5556 3042 5615 aperte
3087 5546 3455 5612 reSpondisset
3495 5544 3787 5613 objiciend-

2213 5642 2311 5694 bus
2336 5640 2433 5706 ipsi
2462 5640 2602 5707 quod
2624 5656 2650 5692 a
2675 5641 3057 5709 prmdicatione
3084 5639 3577 5708 prmdestinationis
3596 5648 3651 5693 et
3678 5651 3787 5707 gra-

2213 5732 2297 5787 tiae
2323 5731 2637 5786 cessandum
2666 5741 2808 5790 esset
2830 5746 3009 5788 coram
3045 5732 3255 5802 pnpuio.
3296 5748 3314 5782 ι
3349 5730 3479 5796 Quis
3522 5747 3655 5787 vero
3688 5741 3785 5784 non
