3930 6304
136 295 233 350 773

1295 289 1614 345 VlMthlzﬁ
1659 292 2214 349 AUGUSTIMANJE.

3283 297 3384 351 774

133 405 299 461 videat
328 416 388 456 ex
414 402 501 457 illa
532 401 684 471 Vegm
708 400 885 471 regula
920 401 1215 455 orationem
1248 416 1515 469 nunquam
1548 402 1694 454 audi-
1723 407 1771 463 Α
1802 402 1960 458 habet
1990 422 2002 455 ε
2034 403 2172 474 Ergo
2201 420 2299 456 non
2332 412 2405 458 est
2437 405 2711 472 probabilis
2738 409 2988 461 sententia
3010 411 3300 479 Augustini.
3328 414 3385 469 In

134 492 326 550 toribus
356 491 718 545 incttlcandam
765 492 920 547 esse?
956 492 1165 545 Etenim
1218 492 1389 543 oratio
1433 501 1515 545 cst
1562 491 1696 546 divi-

132 605 209 643 u:e
236 582 413 656 gratiae
454 581 781 647 testificatio,
832 598 950 638 cum
1006 582 1181 636 nullus
1226 590 1370 651 petat
1417 582 1483 635 ab
1524 583 1695 636 altero

130 683 372 738 auxilium
423 678 489 733 ad
537 678 750 747 aliquod
800 677 1097 732 faciendum
1127 718 1143 742 ,
1191 676 1334 745 quod
1382 691 1478 745 per
1526 686 1697 730 semet

129 788 273 843 irque
302 771 455 826 facile
485 780 740 838 pra-stare
779 777 995 837 potest,
1027 782 1134 837 quo
1178 778 1494 835 argumento
1536 766 1696 822 Pela-

126 864 263 936 giani
292 878 320 917 a
352 862 601 916 Patribus
628 861 858 915 convicti
887 868 1029 913 sunt.
1066 858 1120 914 Si
1154 858 1337 914 ﬁdeles
1366 860 1429 912 ad
1459 858 1694 913 divinam

128 972 275 1025 opem
328 953 717 1023 implorandum
766 952 1084 1006 adhortandi
1113 960 1275 1017 sunt,
1328 959 1386 1004 ut
1435 951 1487 1004 in
1530 952 1697 1003 sacris

127 1044 384 1114 mysteriis
408 1043 527 1099 facit
563 1042 800 1098 Ecclesia
825 1084 837 1107 ,
890 1058 995 1096 non
1040 1042 1111 1095 ita
1163 1041 1585 1095 commendanda
1616 1048 1698 1095 est

123 1139 360 1192 voluntas
400 1151 462 1189 ac
500 1136 543 1188 si
584 1137 699 1188 sola
730 1136 841 1203 ipsa
873 1135 937 1188 ad
970 1134 1200 1187 virtutes
1238 1133 1607 1202 capessendas
1645 1141 1695 1187 et

124 1226 394 1294 fugiendas
418 1224 737 1280 tentationes
760 1224 858 1277 sibi
883 1223 1133 1277 sufficiat.
1164 1224 1328 1276 Miror
1350 1230 1549 1287 autem,
1579 1237 1697 1276 cum

122 1318 313 1386 \‘egan:
340 1316 476 1369 hanc
504 1314 824 1370 sententiam
856 1313 1052 1367 ibidem
1084 1314 1493 1367 intersercntem
1518 1312 1696 1378 audio,

117 1410 310 1461 debere
339 1422 463 1470 nos,
494 1406 653 1476 ipsius
698 1421 845 1473 opem
885 1403 1105 1457 assiduis
1133 1411 1177 1455 et
1209 1402 1509 1470 importunis
1538 1403 1698 1471 genti-

117 1500 251 1551 tibus
281 1496 537 1567 ﬂagitare.
573 1495 739 1548 Porro
770 1496 811 1548 si
840 1493 943 1548 hoc
977 1486 1163 1563 populi
1182 1491 1404 1546 docendi
1429 1502 1573 1556 sunt,
1598 1506 1696 1558 qua

115 1591 330 1644 ratione
357 1588 470 1643 sola
499 1586 792 1640 voluntatis
834 1584 1077 1639 humanae
1126 1585 1359 1653 potentia
1413 1582 1697 1636 asserenda

116 1680 232 1734 est?
260 1679 372 1732 imo
397 1692 606 1731 summa
634 1676 874 1744 ejusdem
906 1676 1190 1729 infirmitas
1220 1674 1539 1740 usti-aditur,
1574 1673 1698 1727 dam

1800 494 1907 549 fine
1935 497 2194 550 secundi:
2239 494 2566 562 lmpossibile
2601 498 2798 552 videtur
2827 508 2873 553 et
2910 503 3114 554 omnino
3164 506 3390 560 incredi-

1782 584 1914 654 ⁴ἰήιε,
1940 596 2071 648 etc.;
2107 599 2227 653 qute
2266 599 2369 638 non
2401 599 2466 640 ex
2501 589 2714 655 prepria
2760 590 3047 654 sententia,
3078 592 3171 643 sed
3194 594 3386 646 adver-

1798 690 1890 730 sus
1920 676 2270 742 Augustinum
2320 677 2591 743 arguentis
2641 694 2868 747 persona
2915 679 3127 733 inducta
3173 683 3383 749 pcsu'tt,

1778 775 1855 835 ut
1890 776 2031 833 patet
2058 782 2121 819 ex
2147 766 2211 818 iis
2242 783 2361 835 qua:
2384 778 2568 835 postea
2607 769 2783 823 tradit.
2816 769 2906 824 llle
2934 780 3109 825 autem
3145 781 3254 826 tres
3287 772 3390 826 ibi-

1778 858 1919 927 deut
1952 859 2249 912 sententias
2278 862 2463 933 [refert
2505 879 2516 913 :
2565 863 2788 930 primam
2846 863 3017 917 sancti
3065 865 3384 933 Augustini,

1800 949 2023 1003 alteram
2048 951 2401 1018 quorumdam
2424 951 2840 1015 Thomistarum,
2870 966 3188 1020 postremam
3215 956 3387 1009 sancti

1799 1044 2041 1097 Thema).
2077 1044 2151 1097 De
2180 1045 2413 1098 secunda
2432 1085 2445 1108 ,
2484 1044 2511 1115 §
2537 1043 2795 1100 Praeterea
2816 1047 3146 1115 manifestum
3176 1059 3248 1100 est
3274 1087 3289 1112 ,
3313 1048 3386 1101 ita

1776 1135 2042 1203 ,judicat:
2083 1154 2099 1185 ί
2142 1137 2315 1204 Atque
2362 1138 2433 1189 ita
2490 1137 2725 1190 secunda
2781 1138 2961 1205 opinio
3005 1138 3159 1192 facile
3214 1148 3389 1208 potest

1801 1226 2123 1291 suStentari,
2158 1242 2331 1294 neque
2361 1228 2611 1282 existimo
2657 1227 2874 1281 differre
2924 1243 2952 1280 a
3004 1231 3270 1282 sententia
3321 1231 3385 1284 1).

1803 1316 2042 1383 Thamar,
2076 1318 2176 1371 nisi
2208 1320 2325 1372 solo
2357 1319 2593 1372 nomine.
2618 1337 2636 1369 ι
2667 1319 2883 1389 Porro§
2919 1318 3092 1373 Tertia
3139 1323 3387 1374 sententia

1774 1417 1874 1467 _cst
1907 1406 1974 1461 D.
2022 1406 2265 1472 T/tomat,
2297 1408 2489 1461 collata
2522 1409 2799 1477 Augustini
2838 1410 3101 1463 sententia
3150 1425 3269 1463 cum
3304 1411 3389 1465 illa

1786 1498 2037 1561 secunda
2067 1499 2142 1550 ait
2170 1515 2183 1549 :
2213 1516 2229 1547 ι
2264 1498 2631 1566 Quapropter,
2654 1508 2714 1551 ut
2757 1508 2937 1567 postea
2966 1500 3238 1565 dicemus,
3284 1515 3387 1553 non

1777 1597 1886 1654 ,est
1917 1589 2089 1641 minus
2120 1588 2443 1657 probabilis,
2476 1588 2583 1661 imo
2617 1591 2751 1643 forte
2780 1589 3109 1658 probabilior
3153 1591 3388 1645 secunda

1805 1680 1890 1733 illa
1914 1678 2202 1745 sententia,
2226 1694 2382 1748 quam
2419 1679 2586 1747 prima
2611 1679 2673 1733 D.
2701 1679 3036 1748 Augustini.»
3064 1681 3223 1750 Ergo,
3253 1691 3388 1735 teste

116 1769 177 1822 ad
228 1768 373 1821 illam
400 1766 758 1835 adiuvandam
787 1764 880 1818 DBl
908 1764 1107 1833 gratia,
1142 1779 1246 1817 non
1280 1763 1452 1818 dicam
1482 1777 1703 1833 exspec-
1733 1757 1777 1816 Β
1810 1768 2093 1831 Ba:.nesio,
2123 1772 2386 1824 sententia
2427 1771 2596 1825 sancti
2643 1772 2921 1838 Augustini
2946 1781 3030 1824 est
3060 1771 3386 1840 probabilis;

118 1866 271 1922 tatur,
301 1855 394 1912 sed
417 1856 639 1910 assiduis
669 1865 714 1908 et
746 1855 1053 1923 importunis
1078 1855 1347 1925 gemitibus
1370 1853 1693 1922 impleretur.

118 1952 187 2005 De
218 1950 300 2005 bis
325 1960 503 2003 autem
534 1948 668 2003 adeo
694 1946 865 2002 solide
894 1947 1002 2015 agit
1049 1947 1383 2016 Augustinus
1417 1945 1468 1997 in
1504 1945 1594 1996 lib.
1629 1945 1695 1996 de

119 2044 259 2098 Dono
282 2055 519 2110 persev.,
551 2041 601 2110 ζα
636 2054 755 2109 cap.
784 2038 849 2090 M
879 2048 931 2092 et
962 2051 1103 2107 seq.,
1138 2048 1196 2091 ut
1223 2036 1355 2090 nihil
1386 2035 1466 2089 vel
1501 2034 1697 2089 clarius

116 2137 191 2190 vel
233 2135 506 2190 efficacius
554 2149 585 2187 a
633 2147 898 2203 quoquam
949 2131 1242 2187 desiderari
1294 2129 1483 2199 possit.
1522 2127 1696 2195 Quare

93 2226 267 2303 ‘Vegie
298 2227 661 2282 testimonium
691 2239 789 2279 nec
808 2223 1099 2278 adversarii
1133 2222 1231 2291 ipsi
1281 2221 1542 2289 probent,
1566 2219 1694 2273 dum

115 2333 173 2371 ea
200 2318 393 2373 astruit
418 2332 535 2388 qua!
566 2318 783 2385 ipsimet
805 2314 1129 2385 improbent,
1159 2313 1201 2366 si
1224 2327 1352 2366 sane
1372 2311 1603 2380 sapiant.

114 2428 139 2498 §
175 2427 241 2484 Χ.
285 2427 543 2483 Dominici
573 2424 783 2479 Bannez
808 2424 1153 2498 testimonium
1182 2422 1337 2498 altius
1366 2430 1546 2474 contra
1590 2420 1695 2472 Au-

419 2499 678 2571 gustinum
702 2508 1066 2565 exaggeratam
1089 2493 1387 2544 discutitur.

179 2613 402 2679 HiSpani
448 2612 608 2680 hujus
652 2607 922 2677 theologi,
974 2620 1133 2675 quem
1164 2618 1377 2670 semper
1428 2600 1694 2655 infensum

110 2709 440 2765 recentiores
476 2704 681 2773 experti
704 2709 862 2765 sunt,
916 2698 1280 2754 testimonium
1312 2703 1500 2749 contra
1538 2708 1695 2747 sanc-

90 2813 218 2855 tum
247 2802 530 2854 doctorem
560 2794 749 2864 grandi
786 2792 978 2847 ﬁducia
997 2798 1345 2859 exaggerant,
1374 2787 1427 2840 in
1457 2801 1555 2854 qua
1584 2786 1699 2853 qui-

116 2894 228 2947 dem
261 2905 321 2945 re
348 2904 469 2943 cum
494 2888 635 2941 mala
665 2885 769 2939 ﬁde
801 2882 1112 2952 procedant,
1142 2878 1271 2934 illud
1298 2877 1448 2933 nobis
1474 2878 1697 2945 diligen-

118 2988 213 3038 tius
242 2980 657 3038 examinandum
692 2977 861 3032 venit.
894 2975 1131 3029 Adamus
1151 3014 1165 3035 ,
1196 2981 1333 3040 part.
1365 2985 1422 3024 tu
1454 2969 1535 3024 sui
1581 2968 1698 3022 Cal-

118 3076 217 3129 \ini
256 3071 544 3135 destructi,
590 3069 796 3137 cap..9,
848 3082 967 3135 pag.
1001 3065 1128 3130 667,
1177 3078 1296 3117 cum
1345 3061 1445 3115 sibi
1489 3059 1689 3113 licitum

1798 1859 1907 1913 imo
1943 1861 2151 1915 dubitat
2201 1877 2267 1914 an
2313 1861 2545 1915 secunda
2596 1861 2664 1913 sit
2719 1861 3043 1928 probabilior
3092 1862 3209 1930 (ait
3241 1862 3385 1914 cnitn

1798 1949 1972 2019 forte)
2009 1951 2095 2004 illa
2130 1952 2301 2004 sancti
2336 1950 2640 2019 Augusﬁui,
2670 1950 2756 2003 illa
2779 1991 2795 2013 ,
2830 1953 3042 2020 inquam
3070 1992 3082 2013 ,
3111 1952 3344 2005 secunda
3369 1992 3386 2017 ,

1798 2054 1956 2108 quam
2006 2041 2223 2095 dillerre
2248 2051 2393 2109 putat
2422 2055 2453 2093 a
2484 2042 2746 2111 sententia
2796 2044 2965 2096 sancti
3019 2042 3239 2097 Thomas
3287 2043 3388 2096 nisi

1796 2132 1905 2184 solo
1931 2132 2153 2185 nomine.
2188 2133 2330 2201 Ergo
2381 2132 2543 2186 falsus
2583 2133 2921 2186 convincitur
2949 2132 3187 2187 Adatnus
3216 2174 3229 2197 ,
3257 2133 3384 2187 dum

1797 2220 1957 2274 verba
1990 2221 2077 2273 illa
2113 2239 2124 2272 :
2163 2220 2299 2290 Ergo
2331 2238 2429 2274 non
2456 2230 2529 2275 est
2571 2222 2850 2290 probabilis
2896 2224 3144 2275 sententia
3175 2224 3385 2292 Angus-

1797 2311 1909 2375 tini,
1930 2327 2047 2379 qua:
2075 2312 2326 2380 arguendi
2347 2312 2517 2381 gratia
2540 2312 2628 2367 ille
2649 2314 2928 2383 theologus
2960 2314 3117 2377 dixit,
3143 2314 3384 2379 ejusdem

1798 2401 2119 2456 sententiam
2151 2418 2268 2456 esse
2303 2405 2688 2471 pronuntiavit.
2728 2404 2934 2459 Rursus
2974 2405 3114 2460 idem
3146 2406 3212 2459 de
3242 2407 3382 2458 alte-

1802 2509 1861 2546 ro
1894 2485 2136 2551 [tanueSii
2171 2497 2314 2549 dieto
2345 2496 2628 2551 dicendum
2660 2507 2762 2565 est,
2794 2499 2919 2551 dum
2966 2498 3017 2552 in
3064 2510 3385 2565 argumento

1784 2584 2035 2635 secundo
2067 2584 2139 2635 ait
2168 2605 2175 2631 :
2218 2603 2234 2633 ι
2269 2585 2599 2654 lmpossibile
2626 2587 2837 2642 videtur
2870 2597 2924 2642 et
2954 2589 3172 2641 omnino
3206 2590 3384 2642 incre-

1801 2672 1965 2726 dibi'e
1996 2676 2135 2741 quod
2172 2675 2311 2728 Deus
2334 2678 2400 2730 ab
2427 2689 2631 2731 artemo
2662 2681 2905 2733 statuerit
2930 2680 3244 2748 originalem
3273 2683 3388 2733 cul-

1803 2778 1919 2829 pam
1970 2764 2390 2818 misericorditer
2421 2776 2474 2820 ct
2502 2783 2626 2822 vere
2659 2771 2966 2833 remittere;
3018 2780 3071 2825 et
3120 2770 3389 2823 nihilomi-

1800 2871 1899 2909 nus
1934 2866 2152 2921 proptrr
2195 2857 2338 2911 illam
2367 2859 2580 2928 culpam
2609 2859 2881 2915 hominem
2924 2862 3285 2928 reprobavetit
3315 2878 3329 2925 ς
3361 2879 3379 2912 ι

1800 2957 1854 3003 et
1880 2951 1929 3002 in
1964 2946 2119 3003 tertio
2143 2961 2457 3017 argumento
2499 2953 2656 3007 infert
2689 2971 2700 3006 :
2734 2971 2751 3004 ι
2786 2954 2925 3022 Ergo
2959 2954 3218 3022 originale
3269 2969 3391 3021 pec-

1799 3049 1975 3094 catum
2022 3041 2130 3109 jam
2164 3046 2445 3096 remissum
2478 3052 2561 3097 est
2600 3058 2762 3097 causa
2792 3054 2846 3098 et
2886 3044 3021 3097 ratio
3067 3044 3394 3097 condemna-

118 3128 230 3222 8,5,,
263 3166 465 3220 scriba;
515 3128 685 3216 έεηρίί
714 3128 995 3227 “visam
1043 3128 1362 3211 εείιιθηιίαηι
1404 3152 1471 3206 de
1511 3165 1696 3217 νοω-ο-
1721 3128 1765 3188 C
1801 3132 1963 3185 tionis
1992 3141 2230 3198 aeternae,
2255 3132 2393 3202 quod
2425 3135 2601 3213 nullus
2628 3134 2859 3189 ﬁdelium
2892 3135 3073 3189 dicere
3099 3133 3334 3188 audebit.
3364 3150 3384 3184 ι

120 3258 322 3312 batione
351 3271 416 3309 ex
440 3255 561 3309 solo
584 3259 803 3322 peccato
833 3247 1078 3317 originali
1102 3254 1274 3299 οηιιῐι
1304 3242 1534 3305 horrere,
1558 3241 1695 3310 quod

118 3357 268 3400 mater
297 3355 369 3400 est
397 3343 543 3397 illius
564 3356 714 3409 quam
734 3338 976 3394 Calvinus
1003 3344 1145 3389 tanta
1173 3333 1429 3404 impietate
1448 3348 1508 3384 ac
1556 3331 1695 3383 rabie

118 3446 286 3490 contra
339 3434 630 3489 Ecclesium
678 3430 936 3494 inculcat,
984 3425 1233 3480 Bannesii
1276 3420 1575 3492 patrocinio
1611 3418 1692 3474 vel

116 3528 411 3583 testimonio
456 3526 653 3590 utitur,
686 3521 850 3576 ita.de
878 3518 1067 3575 eadem
1115 3514 1381 3585 sententia
1413 3507 1695 3580 Augustini

92 3618 413 3684 scribentis,
448 3625 592 3684 part.
622 3630 661 3679 t,
692 3619 884 3681 qutest.
904 3609 996 3675 2'5,
1017 3604 1168 3661 art.5
1193 3623 1207 3658 :
1234 3624 1251 3656 ι
1282 3604 1411 3657 Haec
1430 3602 1694 3655 sententia

92 3726 217 3766 non
243 3717 324 3765 est
350 3707 663 3778 probabilis.
682 3704 796 3757 Non
821 3699 1083 3755 modicam
1117 3696 1276 3749 habet
1305 3691 1692 3747 difﬁcultatem.

116 3803 442 3871 lmpossibile
483 3800 697 3855 videtur
723 3804 777 3851 et
804 3794 1023 3849 omnino
1051 3787 1364 3845 incredibile
1394 3786 1532 3856 quod
1558 3786 1698 3839 Deus

116 3905 321 3964 propter
349 3896 569 3964 culpam
611 3889 928 3958 originalem
974 3885 1244 3939 hominem
1304 3880 1693 3950 reprobaverit.

96 3990 218 4045 rlloc
248 3991 423 4046 nullus
448 3987 696 4043 fidelium
723 3983 906 4040 dicere
928 3978 1163 4034 audebit.
1187 3976 1242 4032 Si
1277 3977 1339 4029 D.
1368 3974 1699 4043 Augustinus

118 4080 364 4136 voluisset
418 4079 713 4135 attendere
762 4072 1020 4129 malitiam
1074 4071 1232 4136 hujus
1273 4066 1695 4136 consequentiae,

118 4186 374 4243 nunquam
409 4170 690 4243 posuisset
735 4165 876 4236 quod
917 4163 1179 4233 originale
1224 4170 1494 4231 peccatum
1525 4160 1697 4213 solum

120 4274 367 4320 estcausa
416 4258 821 4331 reprobationis
868 4256 1106 4311 omnium
1140 4253 1544 4322 reprobatornm
1596 4250 1695 4304 ho-

119 4354 325 4410 minem.
352 4374 370 4407 ι
407 4342 690 4416 Armatus,
736 4349 828 4403 lib.
857 4362 950 4402 vni
982 4346 1100 4407 cit.,
1148 4358 1265 4411 cap.
1320 4344 1373 4409 4,
1408 4358 1526 4411 pag.
1570 4342 1695 4406 874,

121 4444 369 4509 prioribus
396 4442 641 4507 omi~sis,
675 4440 787 4501 illa,
822 4436 881 4491 Si
918 4434 989 4490 ι).
1027 4422 1360 4506 Augustinus,
1387 4442 1517 4497 etc.,
1545 4434 1698 4500 longe

1799 3222 2035 3276 Adamus
2066 3239 2195 3278 vero
2225 3210 2435 3279 abrasis‘
2474 3225 2580 3279 illis
2608 3225 2821 3291 verbis,
2871 3237 3134 3296 peccatum
3156 3228 3269 3297 jam
3312 3244 3395 3282 re-

1798 3316 2033 3381 missum,
2066 3326 2196 3379 etc.,
2228 3316 2420 3384 raptim
2448 3316 2552 3371 alia
2600 3316 2653 3371 in
2704 3334 2862 3373 unam
2906 3322 3229 3375 sententiam
3262 3336 3394 3375 con-

1798 3409 2001 3476 gessit,
2060 3422 2166 3476 quo
2194 3407 2524 3462 acerbiorem
2577 3424 2856 3463 censuram
2911 3409 3132 3466 faceret.
3178 3411 3284 3466 Sed
3325 3428 3394 3467 ex

1799 3514 2028 3567 persona
2061 3498 2495 3553 adversariorum
2527 3499 2616 3551 illa
2647 3515 2707 3553 se
2744 3500 2950 3553 dixisse
2983 3501 3272 3555 Bannesius
3304 3517 3394 3555 os-

1799 3592 1990 3656 tendit,
2016 3592 2141 3644 dum
2176 3592 2332 3659 paulo
2362 3590 2583 3643 inferius
2616 3580 2737 3645 haec
2770 3591 2995 3644 scribit:
3028 3610 3047 3643 ι
3081 3592 3184 3647 Sed
3211 3607 3391 3659 operai

1803 3681 2032 3749 pretium
2063 3684 2167 3735 erit
2218 3680 2363 3748 prius
2390 3680 2633 3751 qumdam
2668 3682 2952 3736 advertere
2982 3682 3123 3736 circa
3168 3694 3391 3738 senten-

1803 3774 1927 3825 tiam
1958 3772 2263 3839 Augustini,
2297 3786 2419 3840 qua:
2442 3774 2661 3826 omnino
2684 3773 2918 3828 cavenda
2944 3783 3069 3827 sunt
3095 3774 3160 3828 ab
3191 3774 3268 3828 eis
3300 3777 3392 3845 qui

1803 3867 1946 3921 illam
1994 3865 2176 3919 volunt
2222 3865 2533 3920 defendere.
2564 3885 2583 3917 ι
2615 3866 2681 3920 Et
2719 3866 2899 3921 statim
2931 3884 2943 3918 :
2979 3886 2995 3915 ι
3031 3871 3168 3921 Ante
3214 3870 3391 3921 tmnia

1802 3958 2098 4011 cavendum
2150 3967 2231 4011 est
2279 3972 2345 4011 ne
2393 3958 2720 4013 concedatur
2759 3957 2903 4028 quod
2934 3958 3126 4028 aliquis
3176 3967 3394 4027 praptcr

1802 4052 2061 4121 originale
2091 4063 2366 4121 peccatum
2417 4050 2527 4119 jam
2563 4052 2848 4105 remissum
2896 4058 3145 4119 tanquam
3176 4059 3394 4121 propter

1801 4157 2014 4197 causam
2044 4143 2273 4197 demerit
2296 4143 2444 4194 trina.
2478 4140 2759 4194 damnetur
2789 4155 2943 4209 pmna
2970 4140 3186 4206 damni,
3232 4160 3248 4193 ι
3284 4150 3390 4197 etc.

1813 4233 1891 4288 Ex
1933 4233 2122 4302 quibus
2155 4241 2296 4301 patet
2345 4232 2489 4284 illam
2540 4231 2987 4300 propositionem,
3032 4248 3189 4300 quam
3232 4232 3394 4286 infert

1819 4326 1869 4377 in
1898 4325 2228 4394 argumentis
2258 4340 2272 4375 :
2312 4321 2578 4392 Originale
2601 4330 2863 4390 peccatum
2880 4326 2995 4394 jam
3022 4324 3289 4375 remissum
3320 4332 3393 4375 est

1806 4431 1960 4467 causa
2001 4424 2045 4467 et
2093 4414 2226 4465 ratio
2270 4412 2708 4465 condemnationis
2736 4423 2973 4475 azterme,
3020 4394 3139 4466 esse
3174 4412 3392 4465 utnn'no

106 4534 485 4598 igtandioribus
519 4528 939 4591 cbaractcribus,
973 4540 1079 4595 quo
1123 4524 1340 4578 lectoris
1369 4524 1554 4577 oculos
1596 4531 1696 4576 sta-

1810 4504 2103 4575 ncgandam
2161 4505 2227 4557 ab
2270 4503 2334 4556 iis
2372 4503 2459 4572 qui
2505 4502 2690 4556 volunt
2740 4500 3027 4556 defendere
3069 4499 3388 4554 sententiam

125 4624 207 4674 tim
235 4632 284 4677 et
305 4632 505 4679 vocent
535 4630 591 4675 et
618 4620 896 4687 impleant,
928 4616 1202 4681 exaravit,
1245 4615 1440 4679 quibus
1470 4613 1700 4668 recensi-

127 4709 184 4764 tis
204 4714 461 4769 exclamat
489 4730 503 4766 :
537 4711 693 4765 illaec
720 4711 947 4773 llannez,
979 4722 1097 4777 quae
1122 4706 1358 4776 plerique
1384 4720 1488 4758 non
1520 4705 1717 4758 viden-'

127 4808 202 4854 tur
227 4805 350 4858 satis
380 4803 686 4860 adrertisse
707 4842 720 4866 ,
750 4799 876 4853 dum
905 4797 1118 4851 Molinae
1164 4796 1442 4850 audaciam
1476 4810 1704 4864 exagge-

128 4903 239 4947 rant
282 4896 567 4952 indicantis
616 4892 817 4961 aliquid
869 4892 1002 4945 lucis
1044 4889 1340 4957 Augustino
1382 4887 1616 4941 defuisse
1649 4890 1701 4941 in

129 4985 448 5041 concilianda
481 5000 606 5040 cum
639 4994 816 5039 creata
849 4982 1100 5036 libertate
1126 4979 1706 5047 divinorumrdecreto—

131 5090 237 5128 rum
285 5087 338 5132 et
379 5079 700 5134 auxiliorum
736 5076 1001 5132 efﬁcacia.
1026 5095 1043 5126 ι
1078 5074 1154 5127 Ita
1199 5072 1425 5141 insignis
1472 5071 1708 5141 theologi

132 5168 423 5239 suffragium
444 5180 630 5225 contra
658 5168 1010 5237 Augusﬁnum
1031 5167 1254 5235 jactant.

196 5262 423 5317 Adatnus
453 5264 543 5318 illa
565 5270 751 5316 contra
795 5259 1149 5328 Augustinum
1198 5270 1228 5310 a
1272 5254 1534 5311 Banttesio
1564 5254 1650 5309 d7c
1676 5269 1705 5307 a

134 5364 542 5419 commentatur,
576 5368 802 5425 quorum
835 5351 1137 5420 oppositum
1168 5350 1258 5404 ille
1300 5350 1529 5417 scriptor
1557 5362 1705 5401 asse-

136 5441 228 5493 ruit
258 5459 271 5495 :
302 5447 501 5498 etenim
533 5445 642 5510 hic,
672 5444 893 5498 recitata
924 5441 1189 5495 sententia
1222 5441 1392 5495 sancti
1424 5436 1706 5507 Augustini

124 5529 193 5593 ,ἀεὶ
219 5536 677 5596 ιιτωςιεθιίηίιιίοηθ
700 5580 712 5603 ,
753 5534 951 5589 fatetur
982 5548 1085 5588 non
1117 5533 1382 5587 modicam
1426 5531 1499 5585 illi
1530 5532 1706 5584 inesse

124 5621 515 5695 difficultatem,
564 5638 618 5682 et
664 5608 973 5691 statim,iut
1019 5624 1070 5679 id
1111 5623 1392 5689 ostendat,
1425 5635 1517 5675 sex
1549 5635 1706 5689 argu-

139 5729 302 5775 menta
331 5733 516 5778 contra
560 5726 799 5783 eamdem
852 5721 1117 5794 proponit,
1173 5717 1266 5774 ubi
1307 5717 1357 5771 in
1410 5715 1513 5788 ﬁne
1560 5714 1701 5770 tertii

1808 4598 1978 4653 sancti
2010 4596 2267 4651 doctoris.
2297 4596 2505 4663 Quare,
2535 4595 2583 4649 si
2611 4595 2753 4649 illam
2787 4592 3203 4663 propositionem
3228 4592 3389 4645 veluti

1807 4687 2092 4741 absurdam
2124 4686 2307 4754 procul
2337 4686 2405 4739 ab
2434 4695 2643 4739 asserto
2686 4681 2966 4753 Augustini
3008 4680 3387 4735 removendam

1810 4789 1978 4848 putat,
2011 4778 2099 4846 qui
2130 4778 2244 4831 ﬁeri
2274 4785 2446 4846 potest
2472 4785 2529 4829 ut
2563 4773 2803 4829 eamdem
2835 4771 3060 4838 ipsemet
3090 4770 3390 4839 Augustino

1809 4870 2082 4938 imponat?
2124 4869 2187 4922 Et
2220 4869 2433 4937 quidem
2467 4877 2726 4933 nusquam
2758 4861 3084 4929 Augustinus
3107 4861 3241 4915 dixit
3270 4877 3389 4932 pec-

1809 4972 1983 5016 eatum
2006 4960 2263 5027 originale
2302 4959 2587 5011 remissum
2614 4968 2736 5021 esse
2771 4953 2939 5006 solam
2980 4967 3194 5008 causam
3222 4964 3275 5009 et
3302 4971 3389 5008 ra-

1812 5053 2006 5107 tionem
2037 5065 2131 5102 cur
2164 5048 2377 5117 plurimi
2420 5045 2792 5111 ret-robeutur,
2829 5044 2898 5098 ita
2924 5054 2981 5099 ιιι
3012 5047 3310 5102 formaliter
3334 5047 3384 5101 id

1810 5144 2160 5211 intelligatur,
2186 5140 2250 5194 de
2276 5155 2379 5208 quo
2411 5138 2561 5207 plura
2592 5137 2831 5191 diximus
2860 5152 2978 5208 cap.
3012 5137 3065 5206 4,
3099 5139 3125 5210 §
3165 5140 3246 5194 10.

1884 5254 2011 5308 11ωο
2038 5260 2223 5305 contra
2255 5250 2405 5303 testis
2435 5249 2811 5303 conductorem
2860 5250 3001 5304 dicta
3047 5258 3204 5303 sunto
3238 5265 3251 5300 :
3277 5247 3387 5314 jam

1811 5362 1931 5400 cum
1956 5344 2189 5413 ipsomet
2207 5341 2473 5395 Bannesio
2497 5355 2583 5395 res
2612 5341 2713 5405 sit;
2745 5340 2897 5409 cujus
2927 5340 3087 5394 verba
3111 5352 3215 5407 quo
3238 5352 3392 5405 pacto

1812 5440 1878 5492 ab
1901 5441 2113 5491 Annato
2137 5438 2370 5490 citantur
2402 5435 2470 5487 ita
2498 5446 2558 5486 se
2607 5431 2806 5485 habent
2836 5446 2851 5483 :
2886 5448 2904 5481 ‹
2947 5429 3040 5484 Est
3066 5427 3294 5494 denique
3324 5427 3392 5480 de

1790 5516 1911 5583 [hac
1938 5544 1995 5582 re
2022 5537 2261 5582 nostrum
2305 5523 2587 5593 judicium,
2618 5522 2661 5575 si
2691 5520 2817 5588 quid
2850 5519 3009 5572 valet.
3062 5515 3391 5571 Crediderim

1811 5622 1955 5677 enim
1974 5621 2114 5690 quod
2140 5615 2467 5687 Augustinus
2492 5623 2697 5668 tantum
2722 5610 2819 5664 fuit
2841 5606 3097 5664 sollicitus
3114 5607 3392 5663 destruere

1794 5728 2047 5775 errorem
2081 5711 2489 5782 Pelagianorum
2518 5702 2876 5761 asserentium
2926 5701 3113 5758 merita
3146 5700 3389 5769 praescita
