3930 6324
530 333 627 367 εις)

1415 313 1976 373 SUPPIJiMi-ZNTUM
2018 315 2108 371 AD
2150 309 2376 371 OPERA
2421 315 2478 370 S.
2523 313 2911 372 AUGUSTINI.
3729 320 3844 382 J75

519 439 733 479 causam
767 438 888 478 esse
928 424 1128 478 divinae
1185 424 1671 494 pra-destinationis
1718 436 1770 480 et
1802 427 2101 490 electionis,
2136 434 2180 490 Α
2211 426 2337 479 dum
2369 425 2689 494 disputantis
2725 427 2868 496 loqui
2901 445 2913 479 :
2945 426 3086 497 quod
3141 428 3302 482 etiam
3349 439 3564 486 constat
3611 447 3694 485 ev
3771 434 3842 486 iis

520 525 574 570 ct
605 514 725 584 quia
776 516 818 567 si
863 516 1242 569 consideretur
1289 517 1428 584 quod
1484 516 1822 581 prmsrientia
1847 517 2108 570 malorum

519 623 744 676 operum
779 608 914 662 Esau
942 608 1037 661 fuit
1069 623 1227 661 causa
1283 608 1680 676 rcprobationis
1735 608 1920 677 ipsius,
1959 609 2105 663 vide-

520 703 679 755 batur
739 703 800 755 D.
851 701 1157 770 Augustino
1182 700 1360 752 statim
1397 700 1510 753 lleri
1556 715 1912 769 consequens,
1967 701 2107 768 quod

524 795 685 846 etiam
709 793 884 845 l'utura
911 791 1049 844 bona
1071 807 1233 857 opera
1259 790 1424 844 .lacob
1445 790 1549 843 luet
1566 792 1638 844 int
1656 805 1813 844 causa
1836 791 2113 860 praedesti-

518 887 753 940 nationis
786 887 986 953 ipsius;
1022 893 1304 953 propterea
1332 899 1544 954 semper
1576 885 1790 952 negarit
1822 883 2111 953 [ιι-περίθη-

519 979 646 1032 tiatn
680 978 942 1032 malorum
966 991 1185 1043 operum
1221 976 1356 1028 Esau
1410 989 1623 1028 causam
1658 974 1820 1027 fuisse
1851 974 2105 1042 reproba-

523 1069 686 1122 tiouis
716 1068 906 1132 ipsius.
947 1084 964 1116 ι
997 1065 1280 1119 Rationem
1317 1081 1445 1120 vero
1495 1066 1644 1133 ponit
1691 1081 1789 1119 cur
1822 1065 1989 1118 illatio
2021 1065 2111 1118 illa

521 1173 628 1210 nun
659 1157 728 1208 sit
759 1156 1019 1223 legitima,
1045 1170 1110 1209 eo
1137 1157 1277 1226 quod
1309 1157 1421 1223 ipsa
1455 1158 1641 1210 merita
1669 1157 1807 1210 bona
1841 1166 1963 1210 sunt
1987 1155 2114 1209 clie—

520 1257 638 1299 ctus
672 1245 1183 1314 prmdestinationis,
1211 1255 1427 1312 peccata
1459 1262 1586 1299 vero
1617 1262 1722 1299 non
1748 1256 1868 1299 sunt
1893 1244 2114 1299 eilectus

521 1334 918 1402 reprubationis
945 1350 958 1398 ;
993 1334 1133 1386 unde
1166 1334 1300 1386 bene
1323 1345 1544 1402 possunt
1571 1348 1691 1386 esse
1717 1333 1852 1386 ratio
1876 1341 1929 1386 et
1953 1346 2114 1386 causa

525 1424 945 1493 reprobationis.
980 1423 1217 1476 Tandem
1250 1424 1397 1477 addit
1427 1439 1733 1486 censuram,
1767 1438 1926 1492 quam
1957 1438 2116 1490 grai:-

521 1517 766 1571 diuribus
787 1517 1191 1571 characteribus
1219 1519 1459 1570 Annalus
1489 1519 1786 1586 expressit:
1810 1537 1828 1569 ι
1861 1517 2116 1587 Propter-

525 1625 588 1663 ea
632 1611 970 1664 manilestum
1019 1619 1100 1663 est
1128 1609 1268 1678 quod
1307 1625 1412 1662 non
1445 1619 1526 1663 est
1579 1610 1766 1664 eadem
1795 1611 1935 1663 ratio
1981 1624 2115 1678 pra:-

521 1704 898 1758 destinationis
927 1714 979 1757 et
1013 1701 1424 1771 reprobationis,
1455 1712 1514 1756 ut
1541 1703 1583 1756 si
1634 1703 1790 1756 detur
1818 1717 1979 1757 causa
2025 1717 2114 1756 rc-

2217 534 2333 586 qum
2369 521 2523 587 paulo
2547 520 2767 572 inferius
2799 520 2986 588 ponit:
3025 539 3042 571 ι
3071 520 3139 576 Ut
3169 524 3586 594 autern,inquit,
3609 527 3842 580 odisset

2217 607 2374 671 Esau,
2430 609 2532 660 nisi
2586 609 2864 676 injustitie
2912 610 3106 662 merito
3153 609 3406 675 iniustum
3441 621 3550 665 est.
3583 613 3760 681 Quod
3795 611 3836 665 si

2213 697 2579 761 concedimus,
2631 699 2814 766 incipit
2867 708 2921 752 et
2949 698 3114 753 Jacob
3153 699 3374 768 juSIitire
3413 703 3610 756 merito
3643 703 3833 772 diiigi.

2215 789 2366 855 Quod
2392 789 2437 843 si
2459 805 2641 842 verum
2671 801 2777 855 e5t,
2795 789 2981 843 falsum
3007 793 3244 855 estquod
3275 806 3378 844 non
3396 807 3458 846 ex
3479 794 3783 862 operibus.
3815 817 3828 845 ι

2215 877 2470 932 Videatur
2499 877 2524 948 ᾗ
2557 876 2662 931 Cur
2686 881 2820 932 enim
2864 890 2938 934 est
2989 881 3302 952 improbatus
3333 881 3489 937 Esau.
3525 883 3835 953 Disputans

2215 969 2373 1039 igitur
2403 969 2548 1024 illam
2581 971 3020 1041 consequentiam
3055 975 3255 1039 intulit,
3293 991 3396 1028 non
3450 978 3596 1044 quod
3630 993 3832 1031 veram

2215 1057 2360 1112 illam
2393 1059 2764 1127 arbitraretur,
2798 1072 2856 1116 nt
2907 1063 3174 1117 dicemus.
3208 1064 3340 1118 Tota
3375 1067 3540 1135 igitur
3567 1068 3647 1121 vis
3674 1069 3834 1122 illius

2215 1153 2471 1208 illationis
2501 1163 2583 1208 est
2613 1156 2665 1208 in
2696 1155 2875 1208 verbis
2912 1156 3178 1224 Apostoli,
3220 1159 3305 1223 qui
3360 1168 3547 1226 aperte
3576 1161 3834 1216 excludit

2221 1247 2360 1301 bona
2389 1263 2550 1312 Opera
2581 1263 2676 1301 cur
2703 1248 2861 1302 fuerit
2885 1248 3114 1302 dilectus
3151 1244 3335 1313 Jacob,
3385 1260 3438 1304 ct
3489 1253 3633 1305 mala
3693 1254 3832 1307 item

2217 1351 2380 1405 opera
2414 1337 2483 1391 ob
2511 1353 2628 1406 qua:
2658 1339 2781 1390 odio
2814 1336 3024 1390 habitus
3056 1337 3214 1392 l'uetit
3239 1337 3377 1390 Esau
3411 1356 3422 1390 :
3462 1341 3636 1408 inquit
3676 1343 3830 1395 enim

2216 1437 2508 1497 antequam
2540 1428 2738 1496 aliquid
2785 1429 2904 1481 boni
2933 1428 3150 1497 egissent
3195 1438 3285 1480 aut
3326 1429 3472 1491 mali,
3499 1432 3645 1498 quod
3682 1433 3826 1486 idem

2217 1527 2301 1572 est
2327 1531 2392 1571 ac
2416 1527 2698 1586 antequam
2726 1517 2902 1587 aliqua
2936 1531 3102 1586 opera
3145 1519 3306 1581 mala,
3345 1527 3438 1572 aut
3484 1518 3630 1573 bona
3682 1537 3754 1590 eg
3778 1539 3827 1576 s-

2222 1618 2360 1674 sont,
2396 1625 2498 1662 non
2529 1625 2592 1663 ex
2617 1610 2875 1680 aperibus,
2912 1625 3102 1678 nempe
3134 1609 3290 1663 bonis
3321 1610 3403 1664 rel
3445 1615 3630 1676 malis,
3658 1612 3825 1666 λαεοὲ

2217 1699 2397 1766 dilexi,
2428 1699 2570 1753 Esau
2597 1711 2784 1767 autem
2829 1701 2947 1753 odio
2998 1699 3177 1752 habui.
3227 1699 3382 1754 Unde
3438 1710 3590 1770 patet
3631 1704 3826 1757 falsum

528 1795 862 1863 probationis
897 1809 961 1847 ex
988 1805 1138 1860 parte
1167 1802 1374 1860 nostra,
1399 1793 1559 1848 detur
1582 1795 1742 1847 etiam
1769 1794 2115 1862 praedestina-
2146 1796 2192 1859 Β
2221 1806 2340 1846 esse
2393 1793 2533 1861 quod
2580 1794 2655 1846 ait
2715 1794 2927 1847 Bannez
2971 1793 2996 1863 ἓ
3047 1791 3331 1863 Propterea
3365 1795 3701 1864 manifestum
3731 1809 3824 1858 ea,

523 1887 706 1940 tionis.
730 1885 787 1940 Si
818 1887 997 1954 itaque
1029 1885 1089 1938 D.
1149 1887 1477 1954 Augustinus
1522 1885 1781 1940 voluisset
1834 1886 2114 1942 attendere

519 1977 778 2030 malitiam
837 1977 997 2045 hujus
1051 1977 1479 2046 consequentize,
1539 1993 1804 2045 nunquam
1850 1978 2116 2046 posuisset

517 2068 660 2135 quod
715 2067 1097 2121 universaliter
1145 2068 1407 2138 originale
1458 2077 1735 2136 peccatum
1795 2069 1969 2122 solum
2025 2077 2110 2123 est

516 2173 676 2212 causa
710 2157 1129 2226 reprobationis,
1178 2177 1195 2209 ι
1233 2169 1340 2212 etc.
1391 2157 1626 2212 Produxi
1667 2159 1807 2213 illius
1837 2159 2112 2229 scriptoris

519 2260 690 2304 totam
712 2251 820 2304 lere
845 2251 1190 2314 sententiain,
1209 2265 1366 2318 quam
1387 2257 1574 2302 contra
1597 2249 1947 2317 Augustinum
1973 2251 2110 2314 tulit;

521 2358 645 2395 nam
679 2343 764 2396 ubi
790 2341 1036 2395 eamdem
1066 2340 1439 2406 confutavero,
1473 2341 1685 2395 nihilex
1722 2341 1964 2396 Barinesii
1986 2358 2114 2397 cen-

515 2446 645 2486 sura
693 2431 988 2500 pra-judicii
1041 2432 1340 2501 Augustino
1373 2431 1487 2486 ﬁeri
1528 2432 1814 2487 constabit.
1842 2432 1896 2488 In
1927 2435 2113 2504 primis

518 2543 626 2582 non
663 2537 812 2582 recte
839 2529 1067 2584 credidit
1100 2530 1152 2584 in
1179 2530 1315 2584 libro
1342 2547 1358 2584 ι
1384 2531 1448 2584 ad
1473 2531 2112 2602 Simplicianum,qu:n5t.

517 2619 574 2683 2,
610 2619 697 2673 ubi
729 2635 792 2674 ea
819 2620 885 2674 de
915 2636 972 2674 re
996 2629 1215 2675 sanctus
1244 2621 1433 2676 doctor
1465 2621 1636 2674 iusius
1663 2621 1791 2691 agit.
1825 2623 2113 2677 sollicitum

523 2712 674 2765 illum
707 2713 870 2768 fuisse
908 2713 1112 2768 erroris
1152 2712 1560 2782 Pelagianorum
1602 2714 1943 2778 conlutandi;
1992 2730 2113 2770 nam

516 2801 653 2856 liber
694 2801 786 2856 ille
835 2810 1089 2857 exaratus
1136 2812 1222 2857 est
1251 2801 1405 2856 initio
1435 2803 1776 2872 episcopatus
1806 2804 2112 2876 Augustini,

514 2906 581 2946 ex
615 2891 706 2945 lib.
744 2906 779 2946 ιι
811 2891 1070 2954 Retract.,
1097 2905 1218 2961 cap.
1256 2891 1308 2957 l,
1329 2903 1379 2946 et
1407 2892 1504 2948 lib.
1530 2893 1598 2948 de
1624 2893 1883 2951 Praedest.
1904 2905 2116 2950 sancto-

515 2997 658 3046 rum,
681 2995 801 3049 cap.
836 2981 892 3034 4.
927 2981 1114 3036 Incidit
1134 2996 1264 3036 vero
1304 2981 1515 3036 initium
1567 2986 1913 3054 episcopatus
1943 2989 2115 3042 sancti

515 3071 692 3126 Patris
725 3074 776 3125 in
805 3088 1002 3126 annum
1055 3071 1183 3139 335,
1231 3088 1351 3126 cum
1401 3074 1673 3143 Pelagiani
1723 3092 1867 3131 anno
1911 3088 2112 3131 tantum

2221 1884 2444 1939 Paulutn
2499 1886 2626 1938 dum
2682 1888 2779 1950 ait,
2823 1903 2923 1938 non
2951 1902 3013 1939 er
3051 1885 3305 1953 operibus,
3342 1887 3484 1954 loqui
3517 1897 3730 1942 tantum
3762 1891 3824 1944 de

2223 1977 2480 2044 operibus
2506 1976 2659 2030 bonis
2682 1976 2881 2041 Jacob;
2919 1992 3063 2040 nam,
3100 1985 3156 2030 ut
3183 1979 3255 2031 ait
3305 1981 3662 2046 Augustinus,
3705 1981 3820 2034 Non

2219 2086 2282 2124 ea:
2320 2071 2575 2140 operibus,
2607 2079 2652 2122 et
2682 2071 2797 2123 inde
2819 2069 2916 2122 hoc
2937 2071 3136 2138 probat,
3161 2071 3280 2138 quia
3303 2072 3365 2124 de
3394 2073 3635 2125 nondum
3664 2077 3820 2132 natis,

2221 2159 2550 2227 nondumque
2602 2157 2801 2227 aliquid
2843 2160 3068 2226 aper-alis
3123 2162 3218 2212 hoc
3247 2160 3436 2213 dictum
3468 2173 3583 2227 est;
3616 2178 3737 2216 nam
3778 2165 3818 2216 si

2222 2265 2384 2318 opera
2418 2258 2620 2304 tantum
2647 2252 2784 2305 bona
2816 2251 2982 2305 Jacob
3008 2253 3293 2308 excludere
3334 2253 3626 2320 Valuisset,
3656 2256 3818 2310 dixis-

2219 2347 2323 2406 set,
2357 2338 2485 2392 Cum
2507 2342 2738 2392 nondum
2761 2351 2911 2394 natus
2938 2343 3138 2411 fuisset,
3163 2351 3250 2396 aut
3297 2345 3500 2414 aliquid
3538 2347 3666 2400 boni
3687 2350 3819 2417 egis-

2217 2439 2315 2496 set,
2347 2439 2476 2495 ctc.,
2513 2446 2614 2484 non
2645 2446 2708 2484 ea:
2728 2432 2985 2501 aperibus,
3019 2433 3105 2485 sed
3134 2448 3198 2486 ea:
3224 2445 3432 2487 vocante
3481 2437 3684 2489 dictum
3726 2449 3814 2502 est,

2221 2523 2343 2590 quia
2373 2525 2542 2593 major
2563 2523 2745 2576 seri-iet
2778 2524 2984 2579 minori.
3023 2526 3204 2595 Itaque
3230 2537 3434 2580 certum
3467 2540 3555 2582 est
3589 2531 3662 2584 ibi
3685 2532 3814 2599 Apo-

2217 2614 2414 2669 stolum
2439 2614 2582 2684 loqui
2609 2614 2676 2670 de
2702 2615 2955 2684 operibus
2975 2619 3274 2686 utriusque.
3300 2618 3454 2685 Quod
3488 2622 3662 2674 etiam
3695 2638 3814 2677 cnn-

2223 2705 2470 2758 lirmatur
2494 2720 2562 2759 ex
2593 2707 2658 2759 iis
2686 2722 2804 2775 quae
2837 2706 3033 2760 ibidem
3057 2707 3205 2761 addit
3233 2707 3433 2762 :Jacob
3465 2710 3660 2776 dilexi,
3687 2713 3812 2766 Esau
3900 2755 3901 2788 ι

2219 2806 2391 2851 autem
2421 2797 2540 2850 odio
2567 2797 2745 2850 habui.
2769 2797 2905 2864 Quid
2926 2815 3044 2869 ergo
3069 2799 3334 2853 dicemus?
3359 2803 3605 2871 nunquid
3631 2805 3814 2874 iniqui-
3899 2815 3901 2832 ‘

2221 2897 2298 2942 tas
2331 2888 2475 2958 apud
2501 2887 2704 2941 Deum?
2731 2891 2863 2944 Cum
2916 2901 3106 2946 neuter
3131 2892 3302 2960 egerit
3347 2894 3554 2954 aliquid
3584 2896 3717 2950 boni
3736 2907 3811 2952 aut

2221 2979 2371 3048 mali,
2398 2993 2564 3034 unum
2590 2987 2768 3034 tamen
2804 2981 2940 3034 Deus
2969 2980 3162 3049 diligit,
3195 2981 3424 3036 alterum
3461 2984 3595 3037 odio
3629 2987 3810 3050 habet;

2222 3084 2326 3139 qua
2357 3084 2488 3138 ergo
2513 3069 2717 3136 justitia
2751 3069 2800 3123 id
2834 3069 2958 3125 facit
2998 3071 3172 3124 Deus?
3226 3075 3295 3124 At
3338 3072 3385 3124 si
3439 3073 3587 3127 Deus
3645 3074 3810 3130 futura
3899 3139 3901 3154 Ι

516 3161 613 3214 411
649 3177 910 3231 apparere
936 3164 988 3216 in
1021 3162 1153 3217 orbe
1183 3165 1465 3233 cmperint.
1493 3166 1654 3235 Igitur
1683 3182 1747 3221 co
1770 3167 1824 3221 in
1855 3183 2021 3237 opere
2041 3171 2106 3222 ad

2239 3161 2377 3214 mala
2407 3175 2566 3228 opera
2597 3160 2736 3213 Esau
2767 3160 3119 3226 prmvldisset,
3153 3163 3326 3216 nullus
3353 3163 3513 3217 datur
3533 3165 3812 3220 calumnia

517 3253 928 3320 Simplicianum
995 3269 1330 3325 nequaquam
1393 3257 1806 3329 Pelagianorum
1873 3276 2115 3317 errorem

520 3342 858 3410 confutabat,
891 3343 984 3399 scd
1011 3357 1230 3413 rogatus
1261 3347 1328 3401 ab
1358 3348 1548 3404 eodem
1577 3351 1817 3406 antistite
1858 3352 2118 3406 Mediola-

520 3435 676 3490 nensi
699 3450 854 3505 caput
887 3438 1172 3507 septimum
1202 3440 1448 3508 epistola:
1491 3441 1638 3496 Pauli
1671 3443 1735 3496 ad
1762 3443 2051 3511 Romanos,
2087 3462 2114 3499 a

519 3541 660 3581 vers.
699 3529 764 3582 lO
788 3543 955 3599 usque
985 3530 1050 3584 ad
1074 3531 1165 3598 30,
1213 3533 1283 3587 ita
1312 3534 1454 3588 enim
1484 3533 1572 3588 ille
1601 3537 1844 3604 petierat,
1877 3535 1992 3590 fuse
2023 3552 2117 3591 ex-

524 3620 731 3687 plicuit,
767 3631 824 3673 ut
854 3631 1002 3690 patet
1025 3638 1089 3676 ex
1121 3624 1272 3678 initio
1303 3627 1619 3694 qtttestionis
1647 3627 1918 3681 secundae.
1949 3627 2116 3682 Porro

521 3713 784 3780 prolixius
807 3715 1041 3783 disputat
1071 3716 1138 3770 de
1165 3717 1268 3770 illis
1301 3717 1451 3770 Pauli
1473 3718 1696 3771 verbisa
1726 3722 1976 3773 versione
2001 3719 2058 3772 ll
2093 3735 2106 3772 :

523 3808 648 3860 Cum
673 3810 803 3862 enim
833 3811 1057 3861 nondum
1088 3810 1196 3861 nati
1225 3810 1459 3875 fuissent,
1495 3819 1582 3860 aut
1607 3811 1805 3878 aliquid
1830 3812 1950 3864 boni
1978 3812 2115 3882 egis-

520 3911 631 3953 sent
654 3910 742 3952 aut
770 3901 892 3951 ntali
923 3903 1001 3967 (ut
1048 3900 1326 3951 secundum
1358 3899 1646 3952 electionem
1678 3905 1995 3971 propositum
2022 3902 2118 3956 Dei

519 3988 793 4055 maneret),
827 4004 926 4039 non
947 4003 1008 4039 ea:
1036 3988 1293 4057 operibus,
1317 3989 1407 4042 sed
1429 4006 1491 4042 ea:
1514 4002 1721 4046 vocante
1742 3995 1930 4047 dictum
1953 4003 2026 4047 (st
2050 3996 2114 4059 ei,

519 4078 643 4144 quia
673 4079 839 4145 major
887 4078 1068 4130 serviet
1113 4079 1296 4132 minori
1327 4082 1457 4135 sicut
1489 4085 1734 4153 scriptum
1779 4096 1852 4138 est
1896 4101 1914 4138 :
1954 4086 2118 4140 Jacob

519 4165 695 4231 dilexi,
737 4163 872 4219 Esau
895 4177 1061 4220 autent
1093 4170 1212 4222 odio
1253 4171 1429 4228 habui.
1477 4174 1574 4229 Ubi
1602 4191 1721 4230 cum
1746 4177 2116 4233 demonstras-

523 4264 607 4310 set
632 4255 798 4312 Jacob
828 4273 934 4312 non
967 4259 1134 4314 fuisse
1159 4261 1388 4317 electum
1418 4265 1487 4318 ob
1506 4280 1665 4334 opera
1698 4266 1834 4320 bona
1864 4270 2112 4336 prmvisa,

520 4347 661 4402 idem
695 4364 722 4400 a
748 4349 860 4416 pari
913 4351 1199 4405 dicendum
1247 4369 1369 4409 esse
1412 4356 1587 4410 intulit
1635 4356 1701 4411 de
1731 4357 1892 4421 Esau,
1926 4373 2116 4427 nempe

519 4456 697 4509 neque
743 4440 918 4509 ipsum
961 4442 1126 4496 fuisse
1167 4444 1293 4497 odin
1319 4447 1554 4499 habitum
1614 4447 1684 4501 ob
1723 4451 1946 4516 praevisa
1979 4454 2114 4502 mala

2225 3251 2396 3308 locus.
2433 3251 2509 3306 Ex
2544 3252 2626 3306 bis
2660 3262 2882 3322 apparet
2934 3254 3017 3307 vis
3057 3252 3202 3308 illius
3249 3255 3497 3324 paritatis
3529 3271 3696 3325 quam
3729 3273 3812 3326 per

2226 3342 2444 3395 modum
2501 3343 2827 3411 disputantis
2879 3342 3037 3397 aﬂ'ert
3075 3356 3292 3398 sanctus
3319 3345 3508 3400 doctor
3542 3365 3555 3399 :
3593 3363 3723 3401 nam
3752 3350 3813 3402 ita

2220 3434 2466 3488 discurrit
2496 3452 2508 3487 :
2540 3435 2600 3490 Si
2628 3437 2764 3488 enim
2793 3437 2914 3506 quia
2951 3437 3247 3506 prwsciebat
3288 3437 3430 3492 Deus
3482 3441 3669 3509 futura
3711 3444 3813 3512 ejus

2221 3546 2378 3600 Opera
2408 3529 2568 3596 mala,
2601 3542 2868 3601 prapterea
2913 3548 3031 3583 eum
3070 3534 3451 3602 prwdestinarit
3502 3545 3560 3587 ut
3612 3537 3813 3589 seri-iret

2221 3621 2427 3685 minori,
2455 3636 2584 3689 ergo
2611 3622 2991 3690 praedestinavit
3011 3631 3057 3674 et
3087 3622 3268 3688 Jacob,
3307 3633 3361 3675 ut
3389 3624 3436 3674 ei
3459 3625 3640 3694 major
3667 3626 3813 3678 serti.

2219 3721 2318 3779 rel,
2347 3711 2467 3780 quia
2497 3713 2672 3780 futura
2697 3711 2806 3780 ejus
2833 3710 2964 3764 bona
2991 3727 3145 3780 opera
3178 3711 3499 3781 prwsciebat.
3535 3713 3668 3767 Haec
3705 3715 3810 3766 illa-

2228 3804 2302 3854 tio
2328 3803 2605 3870 probatur,
2626 3803 2753 3870 quia
2777 3803 3056 3872 :equaliter
3077 3799 3444 3859 excluduntur
3467 3806 3540 3859 ab
3556 3809 3810 3875 Apostolo

2219 3905 2382 3960 opera
2410 3891 2548 3945 bona
2595 3907 2692 3946 cur
2724 3895 2882 3947 fuerit
2912 3895 3081 3949 Jacob
3125 3894 3356 3960 electus,
3389 3910 3452 3949 ac
3479 3911 3652 3964 opera
3682 3901 3808 3951 mal-1
3901 3939 3903 3942 .

2223 3983 2294 4037 ob
2319 3999 2437 4052 quae
2465 3983 2602 4037 Esau
2633 3984 2791 4038 luerit
2817 3986 3166 4052 reprobatus;
3195 4001 3325 4055 ergo
3355 3987 3526 4040 currit
3557 4003 3657 4056 par
3685 3991 3811 4043 ratio

2221 4074 2588 4142 de'operibus
2635 4075 2912 4143 utriusque
2951 4078 3000 4128 in
3053 4077 3242 4130 ordine
3291 4077 3355 4129 ad
3406 4092 3678 4144 amorem,
3731 4082 3806 4132 vel

2221 4165 2428 4219 odium.
2458 4168 2520 4220 Et
2545 4169 2616 4220 ita
2652 4168 2888 4236 disputat
2915 4170 3265 4238 Augustinus,
3293 4169 3559 4238 judicium
3601 4173 3807 4226 interim

2221 4257 2577 4326 suspendens.

2290 4367 2556 4423 Caeterum
2583 4371 2767 4426 scribit
2797 4373 3009 4427 Bannez
3042 4390 3054 4426 :
3086 4392 3104 4425 ι
3143 4373 3433 4444 Propterea
3465 4377 3804 4432 manifestum

2221 4471 2302 4513 est
2332 4462 2472 4529 quod
2498 4478 2601 4516 non
2631 4473 2712 4517 est
2738 4467 2926 4518 eadem
2959 4468 3094 4520 ratio
3133 4467 3623 4536 przedestinalion‘s
3653 4481 3707 4524 et
3732 4485 3809 4525 re-

519 4548 707 4602 opera.
743 4533 1004 4587 Audiatur
1035 4545 1256 4587 sanctus
1278 4536 1472 4590 doctor
1505 4555 1516 4590 :
1558 4557 1573 4588 ι
1615 4542 1694 4592 An
1741 4540 1897 4601 forte,
1925 4540 2113 4608 inquit,
2146 4537 2200 4596 D
2229 4549 2582 4617 probationis,
2618 4562 2673 4606 ut
2702 4554 2744 4607 si
2768 4556 2924 4609 detur
2953 4571 3109 4609 causa
3133 4533 3537 4625 reprobationis
3559 4576 3626 4613 ex
3666 4570 3808 4628 parte

520 4625 975 4694 quemadmodum
1024 4626 1156 4678 illud
1202 4627 1272 4681 de
1323 4627 1490 4684 Jacob
1539 4631 1697 4684 nullis
1729 4634 1936 4684 meritis
1962 4632 2116 4686 bona:

515 4721 751 4774 actionis
791 4720 992 4775 dictum
1032 4726 1134 4782 est,
1183 4719 1255 4772 ita
1299 4721 1436 4773 Esau
1491 4723 1648 4776 nullis
1707 4722 1913 4778 meritis
1962 4728 2116 4781 malae

526 4813 758 4866 actionis
789 4813 1048 4867 odiosus?
1076 4813 1131 4866 Si
1163 4813 1304 4867 cnim
1356 4814 1478 4882 quia
1529 4817 1846 4885 prmsciebat
1880 4819 2017 4873 Deus
2045 4822 2118 4874 iu-

522 4908 648 4954 lura
680 4903 796 4971 ejus
824 4920 986 4972 Opera
1020 4904 1178 4968 mala,
1234 4917 1516 4975 propterea
1565 4921 1685 4960 eum
1718 4922 1808 4976 pra
1830 4908 2119 4964 destinavit

536 5005 592 5044 ut
624 4996 852 5049 serviret
882 4999 1097 5056 minori.
1127 5011 1409 5068 propterea
1442 5001 1904 5069 pra‘desttnavitet
1924 5002 2107 5072 Jacob,

521 5097 583 5140 ut
629 5087 676 5140 ei
728 5087 899 5156 major
945 5094 1192 5159 serviret,
1247 5097 1367 5164 quia
1421 5093 1598 5151 futura
1641 5098 1756 5167 ejus
1787 5099 1922 5153 bona
1951 5117 2110 5169 opera

523 5177 868 5248 prwscicbat,
893 5191 946 5232 et
980 5184 1168 5235 lalsum
1195 5195 1275 5237 cst
1294 5186 1404 5254 jam
1452 5189 1592 5257 quod
1624 5192 1695 5242 ait
1723 5209 1735 5244 :
1766 5190 1884 5245 Non
1907 5209 1970 5246 ea.
1997 5210 2114 5263 ope-

523 5271 683 5324 ribus.
717 5269 770 5322 Si
800 5277 974 5322 autem
1007 5286 1188 5325 verum
1222 5283 1322 5339 cst,
1352 5279 1493 5346 quod
1542 5295 1642 5331 non
1684 5297 1746 5332 ea:
1773 5283 2034 5352 aperibus,
2061 5295 2112 5338 et

521 5364 648 5417 inde
687 5365 786 5415 hoc
817 5363 1005 5430 probat
1062 5364 1183 5434 quia
1233 5365 1302 5422 de
1344 5370 1579 5423 nondum
1612 5373 1749 5428 natis
1772 5375 2114 5444 nondumque

524 5454 725 5524 aliquid
778 5459 1014 5526 operatis
1073 5458 1172 5512 hoc
1225 5459 1425 5516 dictum
1461 5472 1565 5528 est,
1599 5465 1739 5521 unde
1769 5483 1867 5521 nec
1897 5483 1959 5521 ex
1991 5468 2113 5536 ﬁde,

521 5561 642 5611 qua:
673 5550 724 5601 in
755 5551 989 5603 noadum
1015 5551 1152 5605 natis
1185 5553 1435 5607 similiter
1459 5555 1691 5609 nondum
1717 5569 1849 5618 erat,
1876 5573 1981 5625 quo
2005 5573 2114 5612 me-

527 5636 634 5687 rito
667 5639 806 5690 Esau
831 5642 955 5694 odio
987 5643 1276 5698 haberetur
1307 5652 1592 5712 antequam
1621 5651 1964 5702 nasceretur?
1998 5669 2014 5699 ι
2039 5649 2110 5701 Ex

528 5720 619 5772 illa
661 5727 920 5790 particula
955 5733 1083 5798 forte
1131 5734 1326 5802 colligo
1355 5747 1598 5792 sanctum
1629 5735 1839 5792 Patrem
1871 5753 1964 5808 per
1997 5754 2112 5794 nio-

2227 4653 2431 4709 nostra,
2462 4645 2622 4699 detur
2651 4647 2808 4700 etiam
2854 4650 3361 4717 pra‘destinattonis.
3414 4653 3466 4707 Si
3513 4651 3701 4721 itaque
3750 4655 3806 4708 D.

2227 4733 2558 4802 Augustinus
2586 4735 2844 4791 Valuisset
2875 4740 3152 4794 attendere
3202 4741 3453 4795 malitiam
3486 4741 3644 4810 ltujus
3676 4758 3811 4798 con-

2227 4829 2540 4894 sequentitc,
2583 4847 2600 4881 ι
2633 4839 2736 4883 etc.
2773 4830 2932 4885 Plane
2991 4833 3104 4886 haec
3146 4833 3197 4887 in
3239 4834 3514 4905 Augustini
3546 4835 3704 4889 libris
3733 4836 3806 4890 le-

2225 4920 2413 4988 gendis
2456 4919 2556 4975 viri
2606 4921 2933 4991 diligentiam
2983 4924 3277 4980 desiderari
3331 4926 3658 4991 ostendunt;
3689 4944 3800 4981 nam

2222 5009 2476 5065 malitiam
2526 5015 2895 5082 consequentia
2936 5028 3038 5066 non
3073 5017 3245 5070 solum
3278 5017 3506 5071 attendit
3557 5019 3799 5086 Augusti-

2224 5115 2345 5164 nus,
2369 5116 2555 5155 verum
2581 5101 2741 5156 etiam
2773 5102 2942 5156 solide
2969 5104 3288 5171 confutavit,
3322 5115 3394 5169 et,
3443 5107 3590 5175 quod
3617 5111 3798 5160 mirum

2223 5201 2324 5254 est,
2349 5205 2416 5245 eo
2460 5191 2577 5259 ipso
2618 5191 2735 5245 loco
2783 5193 2872 5245 ubi
2915 5193 3090 5249 minus
3141 5195 3452 5264 diligentem
3512 5196 3799 5251 Bannesius

2225 5282 2374 5334 illum
2420 5281 2678 5347 credidit;
2710 5283 2907 5337 etenim
2942 5285 3080 5339 hanc
3131 5287 3409 5354 paritatem
3457 5303 3680 5357 semper
3706 5291 3799 5341 Au-

2225 5371 2466 5441 gustinus
2500 5375 2713 5442 negavit
2746 5393 2756 5426 :
2794 5375 2937 5431 Deus
2967 5379 3219 5445 reprobat
3249 5395 3314 5432 ex
3364 5385 3693 5448 prazvtsione
3717 5380 3798 5433 de-

2226 5463 2400 5517 tneriti
2429 5479 2522 5517 seu
2555 5465 2777 5532 peccati,
2811 5481 2938 5536 ergo
2966 5482 2995 5521 e
3025 5477 3210 5522 contra
3247 5470 3407 5524 etiam
3459 5472 3799 5539 przedestmt

2223 5567 2287 5607 ex
2318 5553 2636 5622 prazvisione
2665 5557 2789 5613 boni
2817 5560 3013 5629 operis.
3074 5561 3155 5615 En
3187 5570 3353 5615 totum
3387 5562 3487 5617 hoc
3516 5578 3796 5633 argumen-

2225 5653 2332 5698 tum
2365 5647 2432 5698 ab
2462 5646 2549 5699 illa
2581 5651 2807 5717 paritate
2829 5650 3112 5706 deductum
3154 5667 3181 5704 a
3215 5652 3514 5724 Pelagianis
3546 5655 3600 5709 in
3649 5656 3798 5726 epist.

2224 5737 2326 5790 106
2353 5737 2416 5792 ad
2448 5739 2729 5798 Paulinum
2767 5759 2778 5794 :
2811 5761 2829 5795 ‹
2866 5742 3164 5815 Quomodo,
3197 5744 3462 5818 inquiunt,
3522 5747 3667 5806 Esau
3699 5763 3797 5805 non
