3930 6310
155 360 241 436 ⁷⁷⁷
666 455 672 460 .
1295 390 1615 447 mntem;
1653 390 2205 448 sucusrtuum.

3279 399 3383 458 778

152 504 405 562 damnatur
435 506 706 578 indignus,
741 507 786 562 si
841 523 948 564 non
987 523 1052 564 ex
1085 510 1357 580 operibus,
1393 512 1486 566 sed
1519 527 1582 567 ex
1608 527 1702 566 vo-
1732 512 1779 569 Α
1809 527 1875 567 eo
1918 528 2022 566 nou
2077 513 2286 581 culpam
2330 523 2488 580 quam
2532 511 2764 578 dolebat,
2813 513 2908 566 sed
2955 516 3180 583 gratiam
3227 535 3386 586 quam

149 597 491 652 eantedictum
522 609 624 665 est,
656 601 780 668 quia
824 601 999 670 major
1041 601 1239 656 serviet
1291 603 1517 656 minori?
1550 605 1700 658 Sicut

148 687 269 740 enim
294 687 435 743 illius
459 689 602 744 nulla
637 701 1022 758 praecesserant
1043 707 1203 761 opera
1231 692 1392 756 bona,
1411 703 1466 746 ut
1487 694 1550 747 ad
1578 709 1700 762 gia-

148 777 256 830 tiam
284 779 594 846 pertineret,
625 782 704 836 sic
751 797 852 836 nec
901 782 1060 852 hujus
1113 784 1274 848 mala,
1305 794 1363 838 ut
1389 785 1457 838 ad
1486 799 1700 853 pinnam

145 871 386 936 pertinere
403 874 647 945 deberet.
673 893 691 926 ›
714 876 1021 945 Respondet
1049 885 1268 931 sanctus
1293 877 1512 933 doctor:
1535 898 1552 929 ‹
1574 877 1702 931 Nul-

144 959 191 1012 la
234 962 377 1028 plane
428 963 480 1016 in
535 974 762 1034 utroque
792 981 957 1034 opera
988 967 1074 1020 vel
1115 968 1250 1020 bona
1281 968 1366 1022 vel
1411 970 1574 1036 mala,
1606 969 1700 1024 sed

142 1055 374 1122 propria;
403 1066 625 1128 uterque
655 1068 836 1114 autem
865 1058 940 1112 illi
963 1061 1051 1112 uni
1079 1060 1343 1114 obnoxius
1367 1067 1501 1128 erat,
1528 1061 1580 1114 iu
1601 1076 1703 1129 quo

139 1156 310 1200 omnes
331 1156 709 1214 peccaverunt,
742 1159 846 1202 etc.
873 1148 978 1203 Sed
1000 1149 1182 1213 ambo,
1208 1147 1297 1218 qui
1325 1149 1559 1203 nondum
1584 1163 1705 1218 pro-

136 1236 243 1303 pria
269 1237 346 1314 vel
377 1238 538 1302 bona,
576 1239 660 1293 vel
699 1242 838 1293 mala
870 1239 1252 1309 operabantur,
1303 1238 1377 1294 rei
1430 1249 1610 1294 tamen
1640 1255 1705 1294 ex

135 1327 328 1394 origine
353 1330 734 1384 nascebantur.
765 1329 974 1384 Laudet
1002 1331 1426 1384 misericordiam
1455 1331 1542 1399 qui
1575 1331 1705 1387 libe-

133 1427 297 1483 ratur,
331 1434 436 1474 non
464 1422 926 1491 eulpetjudieium
964 1423 1052 1492 qui
1086 1424 1320 1490 punitur.
1355 1444 1372 1475 ι
1412 1425 1569 1479 Vides
1611 1441 1705 1479 ne-

127 1509 244 1575 gari
271 1511 552 1577 paritatem
573 1513 640 1566 ab
663 1514 996 1583 Augustino;
1031 1529 1150 1567 nam
1175 1515 1312 1567 Esau
1343 1524 1423 1568 cst
1453 1516 1706 1585 reproba-

132 1607 218 1652 tus
239 1599 446 1654 ratione
462 1602 684 1656 macula:
711 1617 775 1658 ex
806 1604 1012 1656 Adamo
1042 1613 1352 1668 contracta,
1383 1605 1547 1659 Jaeoh
1576 1621 1704 1660 vero

128 1703 226 1757 per
250 1690 418 1746 solam
445 1693 868 1748 misericordiam
892 1695 1168 1749 liberatus.
1205 1697 1342 1749 llinc
1371 1699 1586 1751 celebre
1614 1713 1705 1751 vce

125 1780 223 1835 luti
245 1782 453 1837 axioma
484 1785 766 1854 Augustini
801 1796 884 1841 est
914 1803 928 1840 :
967 1805 986 1839 ι
1032 1788 1207 1841 Βοιιιιε
1233 1798 1313 1842 est
1342 1789 1500 1852 Deus,
1531 1790 1706 1856 justus

1805 603 2058 657 donabat.
2099 622 2115 654 ι
2149 603 2287 670 Ergo
2321 617 2414 669 per
2470 601 2829 672 Augustinum
2857 603 3075 672 grandis
3104 614 3185 659 est
3209 607 3388 674 dispa-

1803 695 1934 748 ritas
1963 695 2100 748 inter
2130 693 2560 762 reprobatioucm
2599 705 2651 749 et
2675 697 3227 764 praedestinatiOuem,
3262 699 3387 768 quia

1803 784 2113 854 reprobatio
2159 787 2412 854 supponit.
2471 789 2722 842 meritum
2785 789 3005 853 malum,
3053 791 3192 858 quod
3238 793 3384 857 odit;

1805 875 2208 943 praedestinatio
2237 891 2366 930 vero
2395 877 2594 931 nullum
2613 880 2866 946 supponit
2889 880 3134 934 meritum
3160 883 3382 946 bonum,

1805 967 1898 1020 sed
1926 975 2132 1021 causat.
2163 967 2230 1021 At
2260 957 2474 1023 Bannez
2527 970 2579 1023 in
2621 986 2687 1025 eo
2719 972 2975 1041 deceptus
3003 985 3082 1028 est
3106 977 3246 1044 quod
3277 993 3384 1032 non

1806 1055 1986 1123 legens
2011 1054 2364 1124 Augustinum
2391 1059 2743 1127 quasstionem
2771 1056 3170 1132 ‘resolventem,
3194 1081 3256 1122 ea
3289 1083 3387 1136 pu-

1807 1146 1938 1200 tavit
1958 1162 1988 1199 a
2016 1158 2203 1201 sancto
2230 1147 2452 1204 doctore
2483 1151 2770 1219 affirmata,
2823 1169 2942 1223 quae
2970 1165 3093 1210 ante
3118 1171 3235 1212 suae
3263 1173 3388 1213 sen-

1806 1237 1988 1291 tentire
2047 1239 2438 1306 expositionem
2500 1242 2813 1309 proposuit,
2878 1244 2944 1296 ad
3011 1245 3382 1303 difficultatem

1807 1328 2122 1396 qumstionis
2167 1330 2294 1383 totis
2343 1330 2544 1386 viribus
2593 1333 2908 1402 augendam.
2962 1335 3077 1390 Non
3122 1338 3284 1407 igitur
3313 1341 3382 1395 ΒΔ

1808 1420 2124 1488 Augustinus
2173 1419 2336 1473 noluit
2385 1421 2644 1476 attendere
2693 1424 2943 1476 malitiam
2992 1431 3385 1496 consequentia-3,

1807 1510 1902 1563 sed
1955 1511 2168 1564 Bannez
2224 1511 2393 1563 uoluit
2439 1513 2720 1568 attendere
2763 1514 2824 1567 D.
2859 1515 3209 1584 Augustinum
3241 1523 3392 1575 mali-

1808 1603 1931 1653 tiam
1955 1603 2326 1671 consequentiw
2349 1610 2401 1656 et
2424 1606 2786 1660 attendentem
2819 1616 2874 1661 et
2911 1609 3240 1666 solidissime
3262 1627 3391 1668 con-

1810 1692 2090 1744 futautem.

1886 1781 2092 1835 Rursus
2159 1783 2390 1836 notanda
2454 1792 2576 1838 sunt
2632 1800 2750 1852 quae
2826 1785 3021 1842 ibidem
3097 1790 3392 1848 Bannesius

126 1881 210 1926 est
231 1873 366 1928 Deus
400 1892 411 1927 :
443 1883 618 1943 potest
644 1876 852 1945 aliquos
880 1877 997 1931 sine
1037 1877 1196 1931 bonis
1222 1878 1427 1931 meritis
1457 1875 1705 1942 liberare,
1739 1890 1786 1948 Β
1815 1871 2063 1938 scripsit,
2098 1881 2150 1924 ut
2182 1872 2492 1926 ostenderet
2531 1875 2784 1928 malitiam
2819 1876 2957 1930 illitis
2990 1880 3392 1947 Augustiniana:

125 1964 246 2032 quia
277 1963 444 2018 bonus
472 1973 587 2028 est;
618 1981 728 2019 non
779 1976 956 2035 potest
986 1983 1306 2036 quemquam
1349 1968 1465 2022 sine
1502 1968 1707 2021 meritis

124 2052 396 2120 damnare,
421 2056 545 2124 quia
565 2055 743 2123 jusms
765 2066 868 2111 est.
911 2078 927 2108 ι
966 2057 1080 2111 Lib.
1112 2073 1166 2110 ιιι
1195 2068 1380 2112 contra
1409 2058 1543 2122 Jul.,
1585 2072 1700 2126 cap.

128 2142 216 2199 18.
242 2146 374 2199 Audi
404 2147 665 2200 rationem
697 2148 1045 2216 diSparitatis,
1078 2159 1132 2203 ct
1163 2152 1329 2204 fatere
1351 2153 1703 2220 Augustinum

121 2236 322 2304 optime
346 2238 544 2294 vidisse
573 2240 712 2308 quod
759 2257 863 2294 non
891 2253 964 2294 est
988 2242 1168 2294 eadem
1204 2245 1336 2296 ratio
1368 2244 1704 2313 prazdestina-

122 2323 274 2376 tionis
304 2335 350 2377 et
376 2329 766 2396 reprobationis,
801 2339 856 2382 ut
884 2332 928 2382 si
971 2333 1121 2384 detur
1157 2345 1312 2385 causa
1338 2335 1706 2403 reprobationis

121 2431 187 2468 ea:
217 2425 360 2481 parte
403 2427 600 2483 nostra,
659 2419 806 2472 detur
851 2422 1005 2473 etiam
1050 2423 1541 2490 prazdestinationis;
1583 2442 1704 2480 nam

122 2513 274 2560 actus
305 2508 702 2574 reprobationis
733 2519 817 2564 est
838 2520 990 2565 actus
1015 2513 1236 2578 justitize
1261 2515 1509 2581 punitivae
1535 2517 1707 2568 homi-

119 2613 246 2652 nem
273 2597 595 2653 damnantis.
636 2600 705 2653 At
746 2599 943 2654 clamat
990 2601 1318 2670 Augustinus
1352 2619 1364 2652 :
1397 2603 1518 2656 Non
1546 2612 1708 2672 potest

115 2704 428 2757 quemquam
454 2690 560 2743 sine
587 2692 780 2744 meritis
807 2693 1073 2756 damnare,
1103 2695 1221 2761 quia
1257 2695 1428 2763 justus
1450 2703 1547 2746 est.
1574 2693 1710 2748 Prm-

115 2778 415 2832 destinatio
441 2789 617 2834 autem
649 2791 731 2834 est
752 2793 904 2834 actus
925 2797 1074 2850 purae
1112 2782 1498 2836 misericordia:
1524 2790 1579 2836 et
1616 2782 1710 2836 bo-

118 2877 307 2933 nitatis
337 2859 551 2940 divinae,
583 2892 702 2947 qua:
739 2877 880 2930 nulla
910 2892 1072 2944 opera
1103 2885 1288 2932 nostra
1333 2876 1474 2930 bona
1503 2891 1706 2945 suppo-

119 2968 222 3030 nit,
254 2966 346 3021 sed
372 2965 532 3030 facit;
567 2967 688 3020 hinc
718 2967 792 3020 ait
823 2983 836 3019 :
868 2966 1046 3020 Potest
1070 2969 1271 3037 aliquos
1292 2969 1400 3022 sine
1431 2970 1573 3022 bonis
1599 2985 1706 3022 me-

117 3058 233 3110 ritis
264 3055 502 3121 liberare,
541 3057 663 3125 quia
695 3056 856 3110 bonus
884 3068 976 3112 est.
1009 3057 1150 3128 Ergo
1194 3059 1368 3111 laudet
1420 3059 1705 3112 misericor-

117 3148 280 3211 diam,
301 3147 386 3214 qui
411 3146 680 3214 liberatur,
713 3163 816 3202 non
851 3148 1020 3215 culpet
1060 3149 1337 3217 judicium,
1363 3148 1449 3217 qui
1470 3149 1700 3216 punitur.

1809 1966 2210 2030 eoosequentiaa
2245 1982 2257 2015 :
2294 1980 2410 2017 iam
2442 1986 2458 2015 ι
2496 1965 2671 2023 facile.
2697 1967 2886 2036 inquit,
2916 1975 3094 2040 negari
3126 1986 3333 2041 poterat
3360 1994 3390 2030 ει

1809 2054 2139 2108 contrariam
2202 2057 2522 2109 sententiam
2582 2060 2966 2127 sequentibus,
3023 2073 3073 2117 et
3127 2065 3388 2134 assignari

1810 2144 2108 2199 differentia
2138 2147 2190 2199 in
2223 2148 2694 2215 prtedestinatione
2722 2158 2775 2204 et
2801 2155 3173 2219 reprobatione
3198 2197 3212 2221 ,
3247 2160 3390 2226 quod

1809 2236 2216 2305 prmdestinatio
2268 2248 2351 2293 est
2404 2255 2563 2294 causa
2615 2258 2718 2297 non
2771 2245 2942 2298 solum
2999 2251 3391 2306 consecutionis

1811 2330 1982 2383 ultimi
2013 2331 2153 2395 linis,
2183 2331 2277 2385 sed
2301 2333 2463 2386 etiam
2496 2336 2808 2389 meritorum
2835 2338 2898 2390 ad
2933 2338 3174 2393 ultimum
3209 2344 3389 2397 tinem.

1813 2421 2141 2491 Reprobatio
2173 2439 2300 2479 vero
2330 2427 2576 2494 quamvis
2607 2428 2676 2481 sit
2704 2443 2861 2482 causa
2893 2430 3009 2499 ejus
3039 2434 3179 2501 quod
3208 2435 3391 2490 reddi-

1811 2522 1894 2566 tur
1922 2514 1976 2566 in
2006 2515 2203 2580 futuro,
2235 2517 2443 2571 scilicet
2475 2533 2644 2585 [unum
2674 2529 2924 2586 aeternae,
2958 2538 3061 2577 non
3108 2535 3280 2579 tamen
3311 2538 3394 2583 est

1811 2617 1971 2656 causa
2016 2603 2135 2686 ejus
2184 2606 2322 2671 quod
2354 2617 2437 2659 est
2476 2608 2528 2659 in
2572 2612 2853 2674 praesenti,
2911 2613 3117 2665 scilicet
3157 2619 3390 2682 peccati,

1812 2699 2032 2760 propter
2103 2694 2244 2760 quod
2295 2703 2434 2747 totus
2493 2696 2885 2763 reprt-bationis
2944 2699 3167 2754 effectus
3220 2716 3395 2770 petest

1811 2782 2006 2836 cadere
2053 2795 2214 2849 super
2261 2784 2543 2851 reprobum
2596 2793 2844 2855 tanquam
2899 2800 3116 2857 propter
3167 2792 3394 2847 demeri-

1814 2878 1945 2924 tum.
1988 2888 2005 2920 ι
2045 2872 2114 2922 At
2141 2879 2291 2926 certe
2317 2872 2646 2940 Augustinus
2678 2875 2814 2928 hanc
2841 2875 3196 2932 differentiam
3229 2881 3393 2947 vidit,

1810 2974 1865 3018 et
1915 2979 1982 3017 ne
2029 2965 2350 3018 Baunesium
2400 2965 2605 3018 mittam
2652 2966 2718 3019 ad
2757 2969 2890 3022 alios
2937 2972 3106 3022 sancti
3153 2971 3392 3028 doctoris

1810 3055 1996 3120 libros,
2023 3071 2087 3109 eo
2113 3057 2230 3124 ipso
2255 3056 2305 3109 in
2330 3057 2449 3110 loco
2473 3058 2559 3111 ubi
2585 3059 2652 3112 ab
2680 3059 2975 3128 Augustino
3007 3063 3224 3119 minime
3247 3067 3393 3122 illam

1808 3147 2146 3201 observatam
2189 3146 2324 3200 dixit
2367 3164 2378 3198 :
2414 3149 2609 3202 etenim
2643 3149 2714 3202 ibi
2743 3150 2860 3205 fuse
2903 3153 3134 3219 probans
3157 3156 3395 3223 praedes-

120 3237 225 3290 Eat
256 3251 393 3291 nunc
423 3238 656 3300 Bannez,
697 3244 752 3290 et
799 3237 977 3300 addat,
1038 3236 1393 3304 Augustinum
1445 3236 1698 3289 malitiam
1727 3245 1776 3308 α
1812 3235 2128 3289 tinationem
2172 3248 2293 3289 esse
2323 3251 2538 3291 causam
2574 3239 2886 3294 meritorum
2933 3241 3046 3296 haec
3070 3244 3140 3298 ait
3176 3262 3188 3296 :
3227 3262 3245 3296 ι
3286 3247 3395 3302 \‘o-

116 3309 494 3398 consequentia:
522 3331 782 3382 at'endere
813 3331 1067 3391 noluisse,
1107 3338 1161 3383 et
1193 3331 1304 3382 hsce
1352 3330 1465 3398 ipsa
1496 3331 1700 3398 palma-

115 3420 275 3474 ribus
301 3419 703 3475 cbaracteribus
734 3422 977 3475 Annatus
1009 3421 1301 3474 exscribat.

197 3508 392 3563 Verum
418 3509 469 3562 in
491 3509 679 3564 eadem
706 3510 1004 3577 qumstione
1049 3511 1282 3564 secunda
1310 3511 1375 3563 ad
1407 3510 1708 3578 Simplicia-

105 3615 279 3663 num,
305 3598 394 3652 ubi
422 3600 696 3666 diSputans
716 3615 835 3654 eam
864 3599 1168 3667 paritatem,
1195 3600 1415 3667 urgebat
1440 3618 1453 3651 :
1481 3600 1548 3653 Ut
1570 3601 1710 3652 odis-

99 3702 193 3747 set
242 3689 386 3743 Esau
427 3692 522 3744 nisi
555 3693 818 3762 injustitia:
846 3693 1022 3744 merito
1069 3691 1321 3760 injustam
1347 3698 1420 3744 est
1450 3708 1467 3744 :
1497 3691 1635 3760 quod
1665 3689 1711 3743 si

101 3781 480 3846 concedamus,
507 3783 684 3851 incipit
710 3791 758 3835 et
779 3779 937 3834 Jacob
953 3781 1175 3852 justitia:
1202 3781 1384 3833 merito
1403 3782 1571 3849 diligi,
1595 3793 1710 3834 res-

101 3873 388 3942 pondens,
420 3888 482 3926 ac
503 3874 855 3942 qnarstionem
891 3872 1134 3942 pluribus
1161 3873 1256 3925 abs
1297 3885 1356 3925 se
1383 3872 1627 3925 adductis
1656 3872 1714 3925 in'

103 3975 411 4032 utramque
441 3975 646 4032 partem
678 3963 1007 4032 argumentis
1035 3964 1319 4031 implexam
1354 3963 1565 4015 tandem
1595 3961 1710 4014 dis-

100 4056 367 4122 solvens,
403 4057 684 4125 paritateni
718 4064 906 4125 negat;
955 4055 1028 4109 ibi
1071 4055 1214 4109 enim
1248 4052 1492 4108 diﬁusius
1522 4051 1712 4119 probat

101 4149 267 4203 nulla
297 4163 460 4218 opera
491 4150 655 4212 bona,
691 4163 791 4204 nec
823 4150 993 4217 ipsam
1025 4148 1185 4203 fidem
1218 4149 1582 4216 praecessisse,
1614 4161 1710 4200 cu-

94 4239 201 4308 jus
234 4241 435 4294 intuitu
466 4240 636 4295 Jacob
665 4240 822 4295 fuerit
848 4245 1073 4304 electus,
1113 4250 1169 4295 et
1196 4239 1469 4294 concludit
1509 4257 1521 4292 :
1570 4238 1711 4309 Ergo

96 4342 236 4387 ante
288 4349 440 4387 omne
477 4336 715 4387 meritum
767 4343 840 4386 est
891 4333 1076 4402 gratia.
1126 4331 1317 4387 Postea
1347 4347 1476 4386 vero
1504 4331 1713 4384 erudite

98 4424 376 4492 pluribus
423 4425 624 4478 evincit
664 4425 836 4479 Deum
895 4438 1003 4478 non
1051 4422 1291 4492 potuisse
1340 4420 1462 4476 odio
1516 4420 1714 4475 habere

95 4515 290 4580 Esau,
353 4524 641 4584 antequam
704 4516 757 4570 in
809 4514 901 4569 illo
944 4522 1224 4583 peccatum
1269 4521 1534 4576 cerneret,
1590 4512 1712 4578 quia

1813 3327 1986 3381 cantis
2011 3325 2329 3399 (secundum
2361 3332 2712 3399 propositum)
2742 3342 2824 3386 est
2853 3349 2978 3403 ergo
3005 3336 3196 3403 gratia,
3225 3342 3395 3406 perci-

1810 3417 2014 3487 pientis
2047 3432 2178 3472 vero
2207 3420 2430 3487 gratiam
2459 3433 2848 3487 consequenter
2878 3433 3002 3474 sunt
3027 3439 3188 3492 Opera
3234 3429 3396 3492 bona,

1812 3523 1915 3560 nou
1936 3523 2051 3577 qum
2064 3509 2287 3575 gratiam
2304 3508 2531 3574 pariant,
2547 3511 2640 3560 sed
2654 3523 2770 3575 quin
2783 3510 2950 3576 gratia
2972 3512 3262 3577 pariantur.
3280 3515 3394 3572 Non

1811 3598 1955 3652 enim
1986 3605 2044 3649 ut
2069 3597 2288 3655 ferveat,
2323 3596 2566 3649 calefacit
2598 3597 2754 3664 ignis,
2783 3596 2876 3651 sed
2906 3599 3027 3666 quia
3055 3601 3254 3664 fervet;
3293 3617 3393 3658 nec

1814 3687 1937 3742 ideo
1967 3687 2137 3742 currit
2164 3695 2281 3740 rota
2305 3695 2362 3740 ut
2392 3687 2618 3740 rotunda
2641 3688 2732 3752 sit,
2763 3688 2854 3741 sed
2881 3688 3002 3755 quia
3035 3691 3261 3746 rotunda
3289 3703 3392 3750 est.

1811 3777 1903 3832 Sic
1941 3791 2100 3832 nemo
2146 3784 2434 3844 propterea
2475 3776 2613 3831 bene
2641 3787 2892 3852 operatur
2924 3787 2978 3831 ut
3009 3780 3236 3849 accipiat
3277 3798 3396 3853 gra-

1815 3868 1965 3936 tiam,
2012 3867 2106 3923 sed
2139 3867 2259 3937 quia
2290 3869 2516 3935 accepit.
2557 3886 2574 3919 ι
2611 3869 2753 3937 Lege
2792 3883 2908 3938 cap.
2947 3871 3013 3926 10
3037 3871 3104 3926 de
3133 3872 3391 3930 Prtedest.

1813 3971 2141 4015 sanctorum.
2187 3961 2378 4015 Postea
2432 3961 2520 4014 dat
2550 3959 2903 4016 differentiam
2946 3965 3337 4032 reprobationis
3368 3985 3396 4021 a

1813 4053 2282 4121 prmdestinatioue
2302 4093 2320 4120 ,
2366 4055 2508 4122 quod
2537 4053 2625 4107 illa
2649 4070 2757 4109 non
2784 4068 2971 4109 eausat
3015 4067 3291 4125 peccatum
3323 4063 3394 4116 ob

1812 4145 1952 4213 quod
1987 4146 2148 4201 homo
2177 4146 2517 4214 reprobatur,
2567 4147 2693 4202 licet
2728 4158 2912 4203 causet
2957 4163 3171 4219 poenam
3202 4155 3395 4209 sceleri

1812 4237 2069 4303 debitam,
2095 4237 2166 4292 ita
2189 4237 2333 4291 enim
2357 4237 2423 4292 de
2444 4237 2767 4306 reprobante
2792 4239 2898 4293 Deo
2921 4241 3194 4309 loquitur:
3225 4260 3243 4293 ‹
3273 4245 3398 4298 Odit

1813 4330 1954 4384 enim
1988 4329 2041 4382 in
2072 4330 2150 4384 eis
2193 4329 2522 4398 impietatem
2552 4344 2709 4396 quam
2762 4330 2876 4399 ipse
2907 4346 3009 4385 non
3050 4332 3195 4387 fecit.
3247 4333 3398 4388 Sicut

1781 4490 1784 4492 γ
1815 4421 1956 4476 enim
1978 4419 2137 4489 judex
2164 4421 2216 4474 in
2241 4421 2457 4475 homine
2479 4420 2592 4475 odit
2616 4423 2836 4488 furtum,
2864 4422 2958 4476 sed
2985 4437 3089 4476 non
3113 4424 3226 4476 odit
3252 4426 3396 4492 quod

1814 4509 1972 4563 datur
2001 4510 2068 4563 ad
2111 4510 2406 4574 metallum,
2436 4509 2566 4565 illud
2596 4511 2739 4565 enim
2769 4511 2873 4575 fur,
2908 4512 3007 4564 hoc
3037 4511 3204 4577 judex
3238 4510 3393 4576 facit;

101 4622 123 4653 ι
165 4604 373 4658 Omnis
403 4616 647 4658 creatura
680 4604 772 4658 Dei
822 4602 960 4656 bona
1005 4609 1103 4663 est,
1158 4611 1210 4655 et
1237 4601 1411 4655 omnis
1441 4603 1620 4664 homo,
1653 4599 1706 4652 in
1737 4619 1788 4678 ι)
1816 4605 1884 4658 ita
1915 4603 2082 4667 Dens,
2107 4604 2246 4673 quod
2276 4618 2344 4658 ex
2376 4606 2758 4672 conspersione
2788 4601 3068 4668 impiorum
3100 4600 3225 4655 facit
3266 4617 3392 4657 vasa

92 4701 385 4762 quantum
421 4695 581 4750 homo
611 4702 710 4754 est,
742 4700 986 4744 creatura
1039 4703 1146 4755 est,
1199 4707 1302 4743 nou
1351 4691 1404 4744 in
1445 4701 1702 4759 quantum

95 4797 398 4855 peccator.
440 4786 533 4840 Est
560 4800 689 4855 ergo
717 4793 932 4839 creator
955 4784 1095 4838 Deus
1125 4793 1181 4838 et
1205 4783 1446 4852 corporis
1473 4791 1525 4836 et
1545 4783 1707 4836 animi

97 4879 381 4934 humani.
414 4878 671 4933 Neutrum
718 4878 909 4931 borum
957 4877 1156 4930 malum
1202 4883 1256 4929 et
1306 4885 1553 4929 neutrum
1596 4876 1710 4928 odit

91 4971 292 5033 Deus,
325 4981 455 5037 etr.,
493 4968 593 5026 nec
623 4970 738 5024 odit
763 4971 814 5024 in
845 4969 1065 5024 homine
1114 4967 1214 5022 nisi
1246 4978 1543 5035 peccatum.
1577 4985 1594 5018 ι
1632 4969 1709 5022 Ex

91 5060 189 5117 his
227 5061 514 5116 concludit
549 5078 563 5115 :
601 5080 619 5114 ι
653 5061 769 5116 Non
801 5061 964 5131 igitur
1014 5061 1130 5116 odit
1179 5059 1319 5114 Deus
1364 5061 1502 5114 ivi-au
1533 5061 1708 5113 homi-

94 5165 268 5214 nem,
297 5151 394 5206 sed
419 5152 533 5230 odit
560 5151 701 5207 Deus
743 5151 882 5205 Esau
935 5161 1292 5218 peccatorem.
1328 5169 1344 5201 ι
1378 5149 1551 5212 Unde,
1580 5163 1714 5203 eou-

90 5244 333 5297 firtnata
359 5243 444 5294 illa
477 5241 843 5310 propositione
877 5255 888 5291 :
927 5258 944 5290 ι
988 5239 1054 5293 lit
1083 5249 1262 5294 autem
1314 5239 1518 5293 odisset
1547 5237 1708 5301 Esau,

93 5335 211 5388 nisi
247 5334 539 5402 iujustitiaa
569 5333 760 5388 merito
791 5333 1046 5401 injustam
1075 5343 1180 5394 est,
1222 5351 1239 5383 ι
1273 5333 1709 5400 ccusequeutiam

93 5416 324 5473 illatam
359 5430 521 5489 negat
552 5435 566 5473 :
597 5433 728 5491 ergo
756 5437 774 5469 ι
806 5418 1062 5485 incipitet
1086 5416 1254 5470 Jaeob
1276 5417 1492 5485 iustitia:
1517 5418 1711 5470 merito

93 5510 302 5580 dittgi;
345 5529 366 5561 ι
403 5525 523 5563 nam
565 5510 730 5575 priori
775 5508 869 5562 illo
921 5507 1065 5562 dicto
1094 5521 1351 5562 concesso
1392 5509 1580 5576 probat
1610 5507 1707 5562 fal-

92 5615 227 5655 sum
293 5617 418 5657 esse
466 5603 607 5672 quod
656 5604 922 5670 posterius
964 5602 1253 5667 deducunt,
1314 5618 1504 5672 nempe
1542 5605 1705 5659 Jaeob

95 5695 284 5748 etiam
318 5694 573 5772 dilectum
608 5694 687 5747 ob‘
717 5695 858 5748 bona
882 5697 1070 5749 merita
1101 5711 1114 5748 :
1152 5713 1169 5744 ι
1222 5694 1329 5750 Cur
1356 5712 1505 5764 ergo,
1537 5697 1703 5761 addit,

94 5780 291 5840 Jacob
322 5784 532 5860 dilexit,
568 5785 805 5852 nunquid
838 5797 1084 5854 peccator
1113 5788 1263 5843 erat?
1309 5787 1416 5844 Sed
1448 5789 1628 5846 dilexit
1654 5792 1706 5844 in

324 5904 604 5962 Parnm...
639 5899 803 5958 XLV
809 5899 885 5957 ΙΙ.

1819 4698 2157 4765 perditionis,
2195 4712 2298 4750 non
2322 4696 2434 4750 odit
2464 4698 2602 4765 quod
2633 4696 2777 4758 facit,
2813 4695 2862 4747 id
2891 4703 2991 4753 est,
3024 4707 3157 4758 opus
3179 4693 3399 4745 ordina-

1817 4789 1978 4844 tionis
2032 4805 2142 4844 sum
2189 4789 2242 4841 in
2302 4803 2456 4856 pmna
2498 4787 2674 4842 debita
2727 4782 3082 4850 pereuntium.
3140 4801 3157 4832 ι
3216 4784 3398 4853 Itaque

1819 4880 2147 4951 Augustinus
2194 4877 2678 4947 prmdestioationis
2708 4883 2760 4927 et
2791 4871 3182 4939 reprcbationis
3229 4878 3396 4932 latum

1817 4971 2104 5026 discrimen
2149 4969 2319 5031 novit,
2367 4979 2557 5032 nempe
2579 4964 2719 5032 quod
2750 4961 3146 5029 predestinatio
3179 4964 3270 5021 Dei
3302 4982 3399 5021 vo—

1818 5061 1990 5118 cautis
2019 5070 2101 5114 est
2127 5073 2290 5111 causa
2322 5058 2580 5111 bou0rum
2618 5070 2873 5123 operum,
2906 5069 3011 5109 non
3038 5071 3165 5111 vero
3212 5073 3398 5123 repro‘

1819 5154 1961 5208 batio
1989 5161 2072 5205 est
2109 5163 2267 5203 causa
2318 5147 2599 5202 malorum.
2640 5146 2750 5200 lino
2790 5158 3009 5201 sanctus
3059 5147 3217 5204 Pater
3259 5149 3396 5203 adeo

1817 5249 2126 5299 constanter
2153 5239 2297 5292 illam
2329 5237 2696 5305 disparitatem
2729 5236 2976 5300 asseruit,
3002 5247 3057 5290 ut
3083 5253 3148 5292 ex
3177 5227 3392 5290 illa'una

1817 5333 2074 5402 originale
2090 5340 2367 5400 peccatum
2381 5329 2682 5395 deduxerit,
2708 5337 2763 5382 et
2784 5338 2908 5382 ante
2932 5328 3031 5381 tria
3051 5328 3212 5381 lustra
3236 5344 3391 5396 quam

1815 5435 2179 5493 erumperent,
2207 5422 2519 5491 Pelagianos
2541 5421 2924 5490 profligaverit.
2950 5417 3082 5472 Cum
3109 5417 3246 5473 enim
3268 5433 3404 5489 pro-

1816 5519 1995 5571 basset
2036 5514 2274 5568 divinam
2307 5513 2626 5566 electionem
2676 5511 2820 5564 nulla
2861 5509 3048 5562 merita
3091 5509 3142 5561 in
3175 5508 3398 5567 homine

1813 5619 2137 5674 supponere,
2171 5613 2227 5657 et
2248 5619 2310 5656 ex
2341 5603 2443 5655 alia
2475 5608 2622 5669 parte
2655 5601 2718 5654 ad
2739 5598 3166 5668 reprobationem
3195 5600 3396 5666 justam

1813 5697 2075 5751 deinerita
2124 5692 2326 5762 requiri
2368 5692 2711 5761 intelligeret,
2743 5702 2992 5758 quatiens
3035 5686 3102 5742 de
3140 5691 3396 5759 reprobaa

1817 5790 1958 5844 tione
1991 5786 2153 5853 Esau,
2183 5786 2270 5855 qui
2311 5786 2354 5838 si
2402 5785 2546 5838 nullo
2575 5784 2758 5840 merito
2784 5779 3100 5850 improbatus
3127 5792 3232 5847 est,
3264 5786 3396 5852 petit

3022 5891 3100 5950 '25
