3930 6318
512 392 616 443 779

1402 386 1961 446 SUPPLI‘LMENTUM
2004 389 2095 445 AD
2134 386 2358 445 Ol‘ER‘t
2403 392 2459 448 S.
2504 392 2889 452 AliGUSTINl.

3696 397 3817 452 ’μω

514 509 777 567 rationem
817 506 1072 577 quomodo
1100 506 1213 575 ejus
1248 503 1554 575 improbalio
1573 506 1721 574 justo
1759 503 1860 556 dici
1899 504 2101 573 potest?
2131 504 2180 564 Α
2204 504 2426 572 quentia:
2457 516 2639 574 notat,
2671 522 2776 560 non
2828 507 2916 560 hic
2959 505 3149 574 repetit
3180 504 3545 576 disparitatem
3567 549 3583 575 ,
3627 526 3815 580 quam

513 601 647 659 Cum
675 615 805 655 vero
832 615 895 654 ex
919 599 1180 668 Apostolo
1210 611 1255 665 p'
1278 604 1385 651 teat
1407 595 1578 664 ipsum
1607 610 1674 649 ex
1704 594 1816 648 suis
1837 594 2093 665 operibus

515 710 624 749 non
647 707 770 749 esse
798 690 1168 761 reprobatum,
1214 698 1271 741 et
1298 703 1363 743 ex
1393 687 1496 741 alia
1552 701 1647 755 par
1672 701 1703 741 e
1736 686 2100 741 certissimum

516 795 658 842 esset
680 782 821 852 quod
854 791 911 835 ut
941 780 1082 835 Deus
1112 778 1299 832 odisset
1326 776 1485 840 Esau,
1512 778 1610 831 nisi
1631 777 1901 848 injustitiae
1923 777 2101 830 merito

516 879 763 947 injustam
792 882 887 938 est,
917 869 1186 927 concludit
1212 870 1351 939 quod
1390 870 1526 940 facta
1554 877 1627 922 est
1659 885 1758 920 una
1788 884 1956 921 massa
1990 884 2103 921 om-

516 972 659 1024 nium
685 968 889 1022 veniens
911 965 976 1018 de
997 964 1209 1017 traduce
1232 963 1441 1031 peccati,
1474 976 1663 1030 nempe
1693 961 1813 1032 quia
1851 978 1870 1012 ι
1903 974 2103 1015 concu-

516 1059 777 1131 piscentia
807 1055 1038 1109 tarnalis
1066 1052 1135 1108 de
1166 1052 1371 1122 peccati
1399 1066 1553 1121 pmna
1572 1053 1680 1121 jam
1714 1065 1944 1122 regnans
1983 1051 2101 1105 uni-

518 1166 733 1208 versum
780 1161 950 1217 genus
994 1148 1281 1199 humanum
1335 1154 1584 1212 tanquam
1630 1153 1791 1196 totam
1844 1152 1899 1198 et
1941 1158 2099 1197 unam

519 1240 956 1308 conSpersionem
986 1236 1230 1306 originali
1256 1245 1408 1290 reatu
1442 1238 1492 1289 in
1527 1236 1708 1288 omnia
1754 1244 2101 1303 permanente

519 1334 856 1389 confunderet.
897 1352 917 1384 ι
952 1330 1021 1383 Et
1046 1338 1203 1383 antea
1246 1345 1259 1381 :
1299 1346 1316 1378 ι
1355 1327 1469 1382 Una
1504 1336 1587 1379 est
1632 1327 1774 1381 enim
1818 1342 1886 1379 ex
1930 1327 2098 1380 Adam

520 1441 695 1481 massa
728 1431 1093 1494 peccatorum,
1127 1422 1179 1474 in
1201 1435 1306 1490 qua
1332 1428 1386 1474 et
1410 1418 1579 1474 Judaei
1610 1426 1664 1473 et
1685 1430 1869 1488 gentes
1896 1429 2101 1471 remota

516 1518 686 1583 gratia
742 1516 837 1569 Dei
892 1513 958 1568 ad
1018 1527 1180 1567 unam
1232 1511 1503 1580 pertinent
1553 1508 2013 1577 conspersionem.
2075 1525 2094 1558 ι

516 1608 798 1675 Quomodo
826 1620 957 1661 vero
1008 1619 1071 1659 ex
1108 1604 1207 1657 hac
1248 1618 1422 1657 massa
1448 1602 1709 1663 eligantur
1739 1615 1865 1653 vasa
1904 1600 2004 1650 alia
2048 1599 2099 1651 in

517 1704 777 1756 honorem
813 1713 908 1768 per
936 1696 1280 1758 electionem,
1311 1696 1411 1748 alia
1447 1708 1540 1761 per
1572 1690 2000 1759 reprobationem
2050 1690 2101 1741 in

514 1792 918 1854 contumeliam,
966 1788 1137 1842 iusius
1165 1786 1361 1840 ibidem
1407 1782 1587 1838 tradit.
1619 1784 1796 1848 Quare
1849 1787 1996 1834 recte
2036 1780 2103 1833 ab

2206 596 2503 664 Augustino
2529 598 2691 652 veluti
2718 597 2979 667 suggerit,
3004 596 3529 667 prtedestinat'oneai
3564 616 3815 660 causam

2209 686 2435 752 merita,
2468 687 2898 755 reprobationem
2929 702 3058 742 vero
3084 702 3190 742 non
3238 702 3459 745 causare
3500 689 3811 757 demerita,

2212 775 2307 829 sed
2340 790 2638 845 supponere
2667 777 2806 845 ;‘sed
2839 786 3005 833 tctum
3030 778 3308 844 concedtt;
3343 781 3541 835 etenim
3586 782 3641 836 in
3679 798 3815 839 rem

2212 867 2471 934 ponsiooe
2499 868 2566 921 ad
2589 883 2794 936 argum.
2826 868 2861 919 2
2889 867 2965 923 ait
2993 886 3004 922 :
3041 886 3061 920 ι
3094 872 3236 924 Ante
3263 870 3572 939 prtescitum
3599 888 3782 941 ρεαδ

2203 967 2314 1012 ιιιηι
2340 966 2513 1028 poteSt
2539 960 2762 1029 intelligi
2792 961 2936 1016 Deus
2958 961 3083 1016 odio
3105 962 3305 1017 habere
3324 964 3612 1032 quosdam,
3640 966 3695 1019 id
3724 978 3817 1023 est

2203 1064 2308 1103 non
2335 1050 2562 1121 diligere
2588 1052 2641 1105 in
2671 1053 2833 1105 vitam
2861 1062 3144 1106 aeternam.
3183 1071 3203 1103 ι
3239 1053 3314 1107 lbi
3341 1053 3487 1108 enim
3518 1069 3647 1108 cum
3676 1058 3816 1110 aliis

2204 1144 2402 1212 passim
2426 1144 2679 1199 concedit
2711 1145 3170 1213 reprobationem,
3220 1155 3278 1199 ut
3322 1154 3556 1210 vocant,
3592 1148 3818 1216 negati.

2204 1250 2346 1299 vam,
2374 1250 2479 1304 qua
2505 1234 2649 1290 Deus
2680 1244 2836 1304 negat
2862 1234 3086 1301 gloriam
3112 1250 3217 1289 non
3242 1236 3295 1290 in
3322 1250 3536 1305 poenam
3564 1239 3809 1306 peccati,

2204 1325 2299 1380 sed
2328 1334 2383 1379 ut
2410 1341 2543 1391 pure
2571 1326 2770 1380 donum
2820 1326 3143 1395 indebitum,
3177 1343 3282 1381 non
3316 1343 3630 1396 supponere
3663 1344 3815 1397 piae—
3844 1378 3847 1391 ξ

2204 1415 2467 1468 visionem
2494 1414 2900 1470 demeritorum.
2932 1418 3001 1471 At
3042 1427 3261 1472 sanctus
3288 1419 3625 1485 Augustinus
3665 1420 3813 1475 adeo

2204 1505 2475 1561 mordicus
2509 1507 2742 1561 sustinet
2766 1504 3132 1575 disparitatem
3154 1510 3331 1561 datam
3362 1507 3507 1563 inter
3539 1511 3808 1578 reproba—

2204 1598 2406 1651 tionem
2439 1606 2492 1652 et
2523 1597 3050 1667 prtedestinationem
3071 1636 3090 1665 ,
3123 1608 3181 1653 ut
3213 1598 3413 1669 ubique
3461 1602 3813 1669 reprobatio-

2207 1702 2329 1741 nem
2357 1687 2502 1742 illam
2551 1686 2667 1742 sine
2693 1688 3011 1758 prazvisione
3036 1689 3417 1746 demeritorum
3435 1733 3451 1754 ,
3483 1693 3613 1746 licet
3641 1706 3811 1764 nega-

2209 1780 2396 1845 tivam,
2452 1777 2741 1833 excluserit
2785 1789 2946 1848 atque
2975 1779 3027 1833 iu
3062 1778 3361 1851 Pelagianis
3395 1795 3624 1849 semper
3653 1784 3810 1835 dam-

515 1887 706 1942 eodem
748 1885 949 1939 dictum
975 1890 1061 1935 est
1112 1898 1124 1933 :
1161 1879 1293 1932 Ecca
1321 1878 1453 1931 enim
1486 1876 1594 1930 odit
1627 1873 1804 1938 Esau,
1837 1872 1971 1941 quod
2014 1886 2102 1923 vas
2138 1860 2176 1917 Β
2213 1873 2441 1925 navi-rit.
2494 1870 2761 1940 Pelag’ani
2794 1872 2936 1925 enim
2982 1872 3374 1928 contendebant
3413 1888 3617 1943 pueros
3657 1875 3809 1930 nasci

514 1980 626 2045 ipse
678 1976 795 2047 fecit
845 1976 899 2027 in
954 1971 1337 2026 contumeliam.
1385 1969 1515 2034 Quis
1560 1982 1685 2019 vero
1733 1980 1836 2018 non
1883 1965 2103 2016 miretur

515 2076 725 2121 vastum
774 2063 1051 2133 Augustini
1084 2060 1357 2129 ingenium
1404 2057 1472 2111 de
1503 2055 1738 2110 ellicacia
1771 2052 1987 2122 gratiae,
2037 2049 2103 2105 de

517 2155 989 2227 prardestinatione
1044 2164 1393 2216 sanctorum,
1445 2148 1512 2201 de
1560 2146 1977 2215 reprobatione,
2034 2142 2104 2198 de

515 2262 739 2319 peccato
768 2246 1019 2317 originali
1047 2245 1183 2299 adeo
1208 2242 1401 2295 dill'use
1428 2256 1493 2295 eo
1522 2239 1576 2293 in
1609 2252 1775 2306 opere
1798 2237 2103 2305 disputasse

517 2356 580 2395 ac
601 2342 645 2395 si
673 2340 782 2408 jam
812 2353 935 2392 cum
964 2333 1259 2403 Pelagianis
1288 2331 1484 2385 collato
1508 2328 1667 2383 reluti
1693 2328 1826 2396 pede
1847 2332 2099 2387 certaret,

524 2434 613 2497 qui
668 2439 844 2483 tamen
893 2436 1011 2494 post
1060 2429 1157 2481 tria
1210 2425 1370 2478 lustra
1425 2420 1688 2490 erupere?
1735 2418 1869 2473 Hinc
1916 2418 2101 2471 videas

520 2520 839 2591 Pelagianos
869 2533 1031 2573 unum
1082 2514 1435 2585 Augustinum
1466 2513 1675 2567 hostem
1707 2509 1956 2564 habuisse
2003 2511 2103 2561 im-

518 2610 833 2680 placabilem
857 2648 872 2672 ,
924 2622 952 2660 a
992 2621 1098 2676 quo
1138 2607 1426 2675 pessimam
1466 2601 1756 2667 haeresim,
1813 2609 2100 2670 antequam

520 2712 867 2765 nasceretur,
911 2698 1223 2755 sullocatam
1246 2697 1516 2753 videbant.
1555 2692 1757 2750 Omnes
1783 2694 1997 2764 quidem
2049 2696 2101 2751 in

516 2793 905 2850 controversiis
942 2799 1130 2846 contra
1164 2789 1438 2859 Pelagium
1483 2786 1551 2841 de
1579 2786 1760 2841 divina
1792 2788 1964 2856 gratia
1997 2789 2103 2856 pri-

517 2899 632 2939 mas
658 2884 730 2937 illi
762 2882 995 2945 debent,
1028 2894 1151 2935 cum
1182 2878 1481 2947 Augustino
1508 2875 1685 2930 nullus
1716 2877 1989 2944 scripserit
2023 2877 2103 2931 vel

518 2976 712 3029 melius
741 2973 823 3027 vel
845 2970 1111 3025 dilTusius.
1135 2967 1275 3021 Sane
1303 2976 1529 3021 cazteros
1561 2964 1747 3020 Patres
1776 2982 1841 3020 eo
1863 2966 1913 3020 in
1938 2982 2102 3034 argu-

517 3075 699 3123 mento
725 3073 873 3118 tanto
915 3069 1036 3132 post
1066 3074 1127 3114 se
1176 3057 1455 3111 intervallo
1478 3055 1715 3124 reliquit,
1761 3064 1821 3109 ut
1852 3058 1894 3109 si
1920 3056 2099 3110 omnia

510 3166 577 3217 de
609 3157 779 3227 gratia
813 3169 876 3209 ac
924 3161 1146 3223 peccato
1174 3148 1419 3218 originali
1460 3162 1491 3201 ιι
1538 3146 1804 3215 prioribus
1853 3148 2103 3202 Patribus

2206 1963 2323 2017 sine
2354 1963 2464 2015 ullo
2516 1973 2738 2029 peccato
2784 1962 3065 2032 originali,
3121 1966 3390 2036 negabant
3433 1978 3619 2024 tamen
3677 1971 3804 2026 illas

2205 2053 2412 2107 admitti
2443 2054 2509 2107 ad
2543 2055 2704 2107 vitam
2752 2064 3008 2109 aternam
3039 2058 3187 2120 regni
3215 2058 3478 2114 emlorum
3505 2102 3521 2126 ,
3556 2061 3670 2115 nisi
3710 2079 3806 2131 per

2209 2140 2458 2209 baptismi
2509 2145 2733 2209 gratiam
2764 2143 3169 2212 adoptarentnr;
3225 2146 3423 2202 etenim
3470 2166 3600 2203 cum
3629 2154 3803 2220 gloria

2204 2233 2375 2289 libere
2397 2249 2425 2287 a
2457 2233 2570 2288 Deo
2600 2236 2853 2300 donetur,
2886 2235 3139 2289 dicebant
3164 2236 3329 2293 Deum
3368 2240 3633 2295 statuisse
3652 2256 3803 2297 eant-

2202 2321 2323 2379 dem
2349 2324 2627 2392 baptizatis
2657 2334 2865 2379 tantum
2893 2325 3161 2381 conferre.
3196 2327 3414 2382 illorum
3444 2330 3617 2384 verba
3655 2333 3800 2400 apud

2205 2414 2561 2483 Augustinum
2593 2416 2686 2468 lib.
2718 2414 2784 2467 de
2816 2414 3027 2469 Peccat.
3073 2417 3351 2487 originali,
3383 2432 3509 2489 cap.
3564 2419 3628 2485 5,
3680 2422 3797 2477 haec

2204 2504 2316 2573 ipsa
2348 2512 2473 2558 sunt
2501 2521 2513 2555 :
2553 2521 2572 2555 ι
2606 2503 2740 2571 Quia
2771 2504 3031 2560 Dominus
3059 2507 3242 2561 Statuit
3264 2522 3492 2578 regnum
3524 2515 3797 2567 cteloram

2206 2608 2313 2647 non
2361 2591 2460 2647 nisi
2495 2594 2775 2662 baptizatis
2813 2608 2973 2664 posse
3002 2594 3270 2663 conferri,
3299 2599 3441 2667 quod
3473 2600 3609 2669 quia
3652 2603 3794 2656 vires

2206 2695 2415 2737 natura:
2448 2698 2552 2737 non
2587 2683 2807 2751 habent,
2831 2686 3083 2739 conferte
3105 2700 3324 2742 necesse
3354 2697 3438 2742 est
3465 2704 3567 2758 per
3613 2693 3798 2761 gratia

2207 2778 2534 2833 libertatem.
2587 2796 2607 2829 ι
2646 2777 2798 2833 Unde
2837 2787 2952 2833 erat
3001 2778 3214 2834 illorum
3258 2781 3471 2836 celebre
3521 2785 3740 2839 axioma
3778 2799 3798 2838 :

2206 2867 2379 2921 Habet
2437 2869 2627 2938 gratia,
2672 2869 2809 2938 quod
2862 2872 3102 2941 adoptat,
3151 2888 3253 2924 non
3304 2874 3452 2926 habet
3476 2876 3626 2928 unda
3662 2878 3799 2948 and

2206 2957 2398 3023 diluat,
2429 2959 2572 3030 apud
2598 2960 2916 3029 scriptorem
2950 2962 3073 3033 libri
3101 2978 3138 3017 ιι
3169 2964 3236 3019 de
3269 2964 3565 3020 Vocatio..e
3624 2981 3798 3037 gent.,

2206 3062 2326 3118 cap.
2356 3049 2447 3103 2t.
2497 3050 2573 3105 Ita
2613 3052 2766 3119 pueri
2795 3052 2914 3107 sine
2962 3052 3232 3123 baptismo
3271 3058 3570 3111 morientes
3614 3062 3801 3112 exelu-

2205 3140 2470 3195 debantur
2517 3155 2547 3195 a
2596 3156 2765 3212 regno
2790 3142 3047 3199 caelorum
3092 3161 3200 3199 non
3243 3146 3296 3200 in
3337 3160 3552 3214 pentiam
3584 3149 3798 3216 peccati

507 3220 720 3307 asserta
750 3220 1089 3313 colligantur,
1122 3240 1246 3295 huic
1298 3239 1390 3293 uni
1415 3236 1686 3293 secundae
1709 3236 1988 3305 quastioni
2030 3236 2095 3290 ad
2129 3220 2173 3283 C
2213 3233 2509 3303 originalis,
2557 3234 2700 3303 quod
2732 3234 3001 3306 Pelagiani
3033 3239 3320 3307 negabant,
3353 3240 3446 3294 sed
3478 3240 3632 3308 quod
3677 3257 3801 3310 pns-

510 3337 923 3409 Simplicianum
954 3375 971 3403 ,
1021 3333 1136 3389 sive
1181 3341 1619 3402 argumentorum
1679 3328 1925 3395 jundus,
1988 3329 2101 3383 sive

514 3432 781 3489 doctrinae
807 3442 1033 3496 acumen
1054 3470 1069 3495 ,
1119 3425 1234 3481 sive
1260 3440 1441 3480 rerum
1469 3422 1901 3479 diﬂicillimarum
1933 3421 2104 3491 expli-

512 3526 782 3581 cationem
810 3530 1044 3594 Spectes,
1078 3520 1197 3575 sine
1219 3517 1383 3574 dubio
1403 3517 1601 3573 cedere
1630 3515 1951 3571 videantur:
1983 3530 2103 3585 qua:

514 3626 701 3672 tamen
750 3611 1011 3684 questio,
1045 3619 1333 3681 antequam
1353 3608 1671 3664 audirentur
1700 3605 1992 3674 Pelagiani,
2026 3604 2104 3661 uti

519 3706 776 3771 diximus,
823 3702 1020 3772 scripta
1045 3711 1159 3767 est;
1197 3708 1253 3755 ut
1280 3698 1361 3753 vel
1401 3697 1527 3752 hinc
1569 3696 1888 3765 importunae
1914 3709 2103 3750 recen-

522 3799 718 3853 tiorum
746 3809 907 3849 voces
936 3792 1069 3845 alios
1104 3792 1286 3843 Patres
1317 3787 1719 3842 inclamantium
1748 3789 1880 3842 satis
1927 3786 2104 3841 solide

521 3890 948 3958 comprimantur
975 3899 989 3934 :
1033 3882 1233 3936 etenim
1262 3868 1325 3932 ex
1356 3879 1421 3931 iis
1447 3893 1564 3945 quas
1588 3885 1805 3932 sanctus
1838 3879 1996 3932 Pater
2035 3878 2103 3932 ad

521 3976 925 4043 Simplicianum
956 3970 1168 4032 scribit,
1200 3966 1477 4021 evidenter
1498 3968 1799 4022 ostenditur
1832 3970 1883 4023 in
1930 3983 2105 4038 quass-

522 4068 755 4121 tionibus
781 4066 847 4116 de
878 4062 1053 4116 dit-ina
1089 4060 1262 4132 gratia
1292 4060 1532 4130 reliquos
1567 4062 1752 4117 Patres
1782 4076 1901 4116 esse
1925 4064 2101 4125 utiles.

522 4154 876 4224 Augustinum
927 4166 1053 4208 vero
1096 4152 1507 4207 necessarium:
1554 4152 1695 4221 quod
1747 4161 1852 4206 tam
1893 4164 2102 4208 certum

522 4258 606 4303 cst
644 4252 705 4305 ut
731 4245 1089 4300 recentiorum
1111 4284 1129 4312 ,
1179 4258 1404 4313 quorum
1436 4244 1662 4313 objectis
1703 4244 2099 4309 satisfacimus,

523 4335 868 4391 acutissimus
901 4333 1146 4403 Vasquez
1177 4334 1315 4389 hanc
1346 4334 1749 4403 Augustiuiante
1798 4334 2101 4389 auctoritati

524 4427 735 4484 laudem
764 4425 974 4481 dederit
1005 4442 1019 4477 :
1066 4441 1085 4476 ι
1124 4425 1452 4494 Augustinus
1483 4425 1533 4479 in
1562 4426 1785 4479 materia
1825 4424 1893 4479 de
1932 4425 2103 4493 gratia

523 4529 580 4573 et
622 4514 1096 4587 praedestinatioue
1150 4514 1289 4567 inter
1337 4524 1563 4568 crateras
1608 4514 1865 4570 Ecclesias
1918 4515 2105 4569 Patres

526 4626 630 4662 non
659 4604 1105 4676 aliter'Quamsol
1130 4605 1268 4658 inter
1294 4604 1499 4658 minora
1532 4605 1705 4659 sidera
1737 4607 2034 4677 praefulget,
2076 4625 2095 4659 ι
2132 4589 2183 4652 D

525 4711 663 4770 part.
687 4713 729 4765 1,
750 4697 959 4775 digput.
992 4695 1083 4763 89,
1106 4710 1227 4764 Cap.
1264 4697 1315 4763 1,
1346 4712 1492 4750 num.
1525 4697 1581 4750 8.

602 4793 735 4847 Volo
766 4778 1046 4847 hic‘tmom
1079 4790 1381 4854 advertere,
1405 4802 1512 4857 quo
1541 4787 1782 4843 Daunesii
1811 4788 1878 4844 de
1900 4788 2107 4858 Augus-

527 4887 641 4938 tino
670 4890 901 4939 censura
930 4885 997 4939 ita
1032 4884 1327 4954 rejiciatur,
1356 4890 1413 4935 ut
1445 4881 1634 4936 eadem
1667 4882 1779 4949 ipse
1809 4882 2103 4937 liannesius

530 4974 901 5039 percellendus
940 4975 1028 5027 sit.
1065 4975 1194 5029 Dico
1222 4973 1379 5041 igitur
1407 4971 1766 5026 dilierentiam
1788 4972 1933 5026 illam
1963 4985 2102 5041 prat-

528 5063 899 5121 des:iuatioois
946 5080 979 5120 a
1019 5068 1438 5135 reprobatione,
1490 5066 1629 5135 quod
1687 5066 1801 5120 hate
1852 5067 2105 5134 supponit

529 5154 666 5209 mala
696 5155 884 5209 merita
910 5169 1029 5224 quas
1058 5159 1241 5223 puniat
1260 5197 1273 5221 ,
1305 5159 1389 5211 illa
1423 5171 1551 5212 vero
1576 5171 1682 5210 non
1706 5166 1970 5225 supponat
1995 5173 2107 5211 rne-

527 5254 626 5307 rita
659 5250 795 5306 bona
828 5264 949 5320 qua:
981 5252 1203 5317 prmuio
1223 5260 1560 5320 compcnset,
1596 5251 1751 5318 longe
1776 5250 2107 5305 constantius

527 5359 590 5398 ac.
623 5340 843 5412 rigidius
865 5340 1031 5396 fuisse
1053 5340 1120 5393 ab
1142 5343 1439 5410 Augustino
1460 5350 1721 5395 assertam
1748 5354 1812 5394 ac
1833 5340 2104 5396 delensam

525 5449 683 5500 quam
715 5432 783 5486 ab
814 5434 1042 5501 ipsomet
1070 5426 1282 5486 llannca
1308 5449 1321 5484 :
1353 5445 1475 5485 nam
1504 5429 1548 5483 si
1575 5430 1700 5483 huic
1731 5429 1980 5500 ser-iptori
2000 5430 2104 5484 ob-

521 5523 740 5589 iiciatur
780 5524 883 5578 hoc
914 5532 1288 5593 argumentum
1323 5540 1336 5577 :
1373 5520 1561 5576 Divina
1611 5522 1942 5590 providentia
1984 5524 2104 5578 sine

482 5614 485 5615 ⁷
531 5616 840 5669 meritorum
874 5616 1191 5684 praevisione
1221 5614 1446 5669 assumit
1469 5612 1534 5668 ad
1565 5611 1791 5682 gloriam
1821 5622 2099 5677 aeternam,

528 5712 654 5765 ergo
674 5705 860 5754 eadem
889 5706 1219 5768 providentia
1242 5704 1358 5759 sine
1378 5704 1761 5758 dcm‘eritorum
1786 5702 2105 5770 prtuvisinne

532 5797 705 5853 potest
728 5792 1009 5846 excludere
1029 5810 1057 5847 a
1082 5795 1249 5862 gloria
1274 5834 1288 5859 ,
1308 5796 1504 5850 nullam
1539 5796 1624 5850 hic
1656 5796 1901 5850 malitiam
1926 5813 2103 5853 cartae-

2207 3324 2379 3378 sessio
2407 3323 2558 3392 regni
2600 3325 2862 3379 ctelarum
2892 3340 2998 3381 non
3042 3339 3157 3382 erat
3194 3327 3412 3394 debita;
3462 3346 3588 3383 nam
3645 3347 3797 3395 mm,

2204 3416 2373 3483 aiunt,
2404 3424 2602 3470 namus
2629 3431 2733 3469 non
2759 3415 2943 3471 habent
2970 3459 2985 3483 ,
3018 3427 3074 3473 ut
3107 3420 3315 3487 possint
3337 3420 3467 3473 illud
3490 3407 3801 3490 acquirere.

2206 3507 2381 3576 Quare
2430 3521 2628 3578 pueros
2677 3508 2756 3563 sic
2782 3508 2995 3563 excludi
3024 3524 3053 3562 a
3100 3524 3265 3578 regno
3292 3510 3553 3565 caelorum
3602 3510 3802 3565 nullam

2204 3614 2403 3670 poenam
2430 3614 2549 3655 esse
2576 3598 2889 3654 asserebant
2917 3599 3056 3667 apud
3079 3599 3429 3670 Augustinum
3452 3602 3549 3656 lib.
3582 3617 3645 3656 ιιι
3677 3617 3803 3656 cou-

2207 3699 2288 3745 tra
2310 3689 2588 3760 Jul.,'cap.
2615 3690 2669 3756 5,
2692 3698 2747 3744 et
2783 3689 2875 3744 lib.
2904 3705 2954 3743 tv
2980 3690 3169 3759 Operis
3209 3690 3447 3760 imperl‘.,
3477 3707 3606 3761 cap.
3632 3692 3724 3759 99;
3750 3703 3802 3748 et

2207 3782 2305 3837 lib.
2332 3797 2383 3849 v,
2418 3796 2539 3851 cap.
2572 3782 2659 3848 ll,
2689 3783 2883 3837 asserit
2913 3797 3109 3851 pueros
3136 3784 3255 3838 sine
3283 3785 3557 3853 baptismo
3577 3785 3804 3839 delum;-

2206 3879 2291 3928 tos
2315 3888 2379 3928 ex
2407 3872 2815 3942 Pelagianorum
2846 3874 3113 3929 sententia
3155 3875 3338 3930 liberos
3370 3876 3436 3929 ab
3478 3880 3630 3931 omni
3660 3879 3803 3930 dant-

2208 3963 2412 4016 natione
2431 3978 2558 4018 esse.
2592 3963 2754 4020 Erant
2806 3965 2966 4034 igitur
2994 3965 3195 4020 exclusi
3240 3965 3632 4035 reprobatione
3677 3985 3802 4036 jure

2207 4054 2489 4123 negativa,
2519 4055 2620 4110 hoc
2657 4065 2868 4112 estnon
2894 4056 3116 4111 admissi
3156 4057 3207 4112 in
3245 4072 3469 4127 regnum
3492 4062 3796 4123 cmloi'um,

2212 4154 2356 4207 nulla
2389 4153 2602 4208 interitu
2637 4169 2796 4221 poena
2830 4154 2936 4209 illis
2964 4154 3194 4221 inﬂicta,
3222 4155 3293 4207 ita
3327 4163 3381 4207 ut
3407 4154 3526 4222 ipsa
3557 4156 3800 4211 cst-lusio

2210 4260 2303 4300 seu
2324 4261 2428 4299 non
2451 4246 2708 4300 admissio
2736 4246 2786 4299 in
2816 4260 3037 4315 regnum
3057 4246 3316 4301 cmlorum
3341 4246 3487 4299 rtulla
3526 4262 3679 4314 prmo
3700 4249 3804 4303 illis

2211 4345 2377 4390 esset.
2396 4338 2466 4390 At
2493 4346 2710 4392 sanctus
2723 4338 3050 4406 Augustinus
3074 4337 3267 4407 ubique
3283 4346 3468 4393 contra
3483 4336 3807 4408 Pelagianos

2212 4427 2493 4482 Contendit
2523 4441 2722 4495 pueros
2760 4427 2879 4481 sine
2904 4427 3168 4497 baptismo
3196 4428 3527 4493 morientes,
3578 4430 3625 4483 si
3664 4432 3806 4485 nulla

2215 4517 2369 4587 culpa
2392 4518 2617 4587 originis
2641 4517 2824 4573 infecti
2852 4518 2983 4586 sint,
3010 4517 3209 4589 injuste
3236 4518 3621 4587 reprobatione
3648 4535 3808 4589 nega-

2216 4611 2322 4665 tiva
2349 4612 2569 4667 excludi
2597 4624 2626 4663 a
2656 4616 2825 4679 regno
2848 4609 2962 4667 Dei.
2992 4610 3271 4668 Sescentis
3292 4611 3347 4666 in
3368 4610 3503 4667 locis
3523 4610 3581 4666 id
3609 4621 3810 4666 contra

2213 4702 2499 4758 hrereticos
2525 4711 2695 4771 urget.
2729 4701 2845 4757 Lib.
2884 4717 2900 4754 ι
2929 4702 2996 4757 de
3041 4710 3382 4772 peccatorum
3406 4699 3625 4763 Meritis,
3675 4713 3807 4769 cap.

2213 4795 2326 4849 50:
2381 4813 2401 4845 ι
2442 4793 2720 4860 Nunquam
2765 4794 3033 4862 explicant
3075 4793 3161 4847 isti
3210 4793 3333 4862 quia
3387 4806 3473 4860 per
3524 4789 3808 4858 justitiam

2214 4888 2417 4942 nultum
2480 4897 2757 4956 peccatmo
2802 4888 3017 4942 habens
3060 4888 3237 4955 imago
3294 4886 3385 4942 Dei
3435 4894 3728 4952 separatur
3773 4900 3801 4937 ε

2212 4992 2377 5048 regno
2411 4978 2534 5044 Dei;
2574 4998 2590 5030 ι
2620 4989 2669 5033 et
2701 4978 2794 5032 lib.
2826 4994 2855 5031 ν
2878 4988 3063 5032 contra
3092 4978 3222 5044 Jul.,
3246 4992 3364 5045 cap.
3395 4977 3451 5031 ll
3493 4993 3506 5031 :
3545 4994 3565 5027 ι
3603 4976 3797 5031 Verum

2211 5085 2309 5125 vos
2330 5085 2542 5139 quoque
2565 5072 2655 5139 qui
2682 5084 2775 5123 eos
2793 5069 2933 5124 velut
2962 5069 3161 5124 liberos
3191 5070 3258 5123 ab
3287 5066 3433 5123 omni
3458 5065 3800 5122 damnatione

2216 5178 2336 5219 esse
2364 5164 2708 5227 contenditis,
2741 5163 2978 5233 cogitare
3008 5179 3111 5219 non
3144 5164 3302 5220 vultis
3350 5176 3455 5233 qua
3482 5161 3609 5217 illos
3650 5161 3799 5215 dam-

2212 5257 2427 5309 natione
2457 5254 2709 5321 puniatis,
2736 5254 3021 5310 alienando
3045 5269 3075 5309 a
3108 5255 3220 5309 vita
3251 5254 3345 5308 Dei
3367 5262 3421 5309 et
3444 5268 3474 5306 ιι
3495 5266 3668 5323 regno
3698 5250 3787 5306 Dei

2210 5355 2288 5401 tot
2312 5346 2572 5414 imagines
2606 5344 2728 5410 Dei,
2763 5353 2866 5399 etc.
2902 5344 3029 5399 llmc
3052 5352 3230 5399 autem
3257 5343 3455 5413 injuste
3492 5343 3789 5412 patiuntur,

2211 5438 2254 5491 si
2288 5436 2487 5490 nullum
2539 5434 2737 5488 habent
2784 5437 3009 5491 omnino
3041 5444 3358 5505 peccaturo;
3396 5442 3488 5488 aut
3520 5434 3569 5488 si
3615 5432 3795 5500 juste,

2212 5542 2340 5596 ergo
2372 5526 2570 5580 habent
2592 5526 2856 5595 originale
2901 5537 3195 5595 peccaturo.
3232 5546 3249 5580 ι
3290 5527 3357 5581 Ει
3404 5526 3494 5580 lib.
3532 5540 3573 5579 ιι
3604 5523 3795 5593 Operis

2214 5617 2447 5686 imperi,
2482 5632 2599 5687 cap.
2649 5617 2753 5673 .325
2795 5636 2807 5670 :
2858 5637 2877 5669 ι
2914 5618 3196 5688 Nunquam
3245 5618 3488 5672 dicturus
3530 5624 3598 5669 es
3638 5627 3693 5667 ut
3731 5616 3795 5667 sit

2209 5710 2411 5779 justum
2445 5717 2501 5762 ut
2544 5710 2751 5778 parvuli
2782 5709 2927 5762 nulla
2959 5724 3085 5775 sua,
3117 5709 3258 5779 nulla
3301 5708 3601 5778 plerunque
3629 5715 3689 5759 et
3713 5719 3792 5756 aztl

2214 5815 2434 5858 suorum
2474 5799 2627 5870 culpa
2658 5798 2772 5854 sine
2816 5798 3138 5869 baptismate
3168 5796 3364 5878 mortui
3395 5810 3425 5849 a
3470 5794 3793 5865 parentibus
