  <div class='ocr_page' id='page_1' title='image "/cluster/home/n/w/nwhite01/storage/ocr_20150623/47/uva.x000827107/398.png"; bbox 0 0 3930 6310; ppageno 0'>
   <div class='ocr_carea' id='block_1_1' title="bbox 149 382 1697 452">
    <p class='ocr_par' dir='ltr' id='par_1_1' title="bbox 149 385 1697 452">
     <span class='ocr_line' id='line_1_1' title="bbox 149 385 1697 452; baseline 0.008 -24"><span class='ocrx_word' id='word_1_1' title='bbox 149 392 232 452; x_wconf 66' lang='grc' dir='ltr'><strong>ιε,</strong></span> <span class='ocrx_word' id='word_1_2' title='bbox 1304 385 1628 443; x_wconf 74' lang='lat' dir='ltr'><strong>VtNDlChE</strong></span> <span class='ocrx_word' id='word_1_3' title='bbox 1665 387 1697 440; x_wconf 74' lang='grc' dir='ltr'>Α</span> 
     </span>
    </p>
   </div>
   <div class='ocr_carea' id='block_1_2' title="bbox 1804 382 2224 452">
    <p class='ocr_par' dir='ltr' id='par_1_2' title="bbox 1804 382 2224 442">
     <span class='ocr_line' id='line_1_2' title="bbox 1804 382 2224 442; baseline 0.002 -1"><span class='ocrx_word' id='word_1_4' title='bbox 1804 382 2224 442; x_wconf 58' lang='grc' dir='ltr'><strong>πυΞΤΙΝΙΑΝἎΕ.</strong></span> 
     </span>
    </p>
   </div>
   <div class='ocr_carea' id='block_1_3' title="bbox 3298 393 3401 453">
    <p class='ocr_par' dir='ltr' id='par_1_3' title="bbox 3298 393 3401 453">
     <span class='ocr_line' id='line_1_3' title="bbox 3298 393 3401 453; baseline 0.019 -4"><span class='ocrx_word' id='word_1_5' title='bbox 3298 393 3401 453; x_wconf 69' lang='lat'><strong>782</strong></span> 
     </span>
    </p>
   </div>
   <div class='ocr_carea' id='block_1_4' title="bbox 141 498 3401 580">
    <p class='ocr_par' dir='ltr' id='par_1_4' title="bbox 141 498 3401 580">
     <span class='ocr_line' id='line_1_4' title="bbox 141 498 3401 580; baseline 0.003 -25"><span class='ocrx_word' id='word_1_6' title='bbox 141 514 190 560; x_wconf 83' lang='lat' dir='ltr'><strong>et</strong></span> <span class='ocrx_word' id='word_1_7' title='bbox 225 501 471 571; x_wconf 72' lang='lat' dir='ltr'><strong>proximis</strong></span> <span class='ocrx_word' id='word_1_8' title='bbox 517 502 770 558; x_wconf 86' lang='lat' dir='ltr'><strong>tidellbus</strong></span> <span class='ocrx_word' id='word_1_9' title='bbox 797 509 1145 572; x_wconf 76' lang='lat' dir='ltr'><strong>separentur,</strong></span> <span class='ocrx_word' id='word_1_10' title='bbox 1179 511 1234 558; x_wconf 89' lang='lat' dir='ltr'><strong>et</strong></span> <span class='ocrx_word' id='word_1_11' title='bbox 1256 505 1322 557; x_wconf 85' lang='lat' dir='ltr'><strong>ad</strong></span> <span class='ocrx_word' id='word_1_12' title='bbox 1354 518 1580 573; x_wconf 79' lang='lat' dir='ltr'><strong>regnum</strong></span> <span class='ocrx_word' id='word_1_13' title='bbox 1609 502 1705 557; x_wconf 85' lang='lat' dir='ltr'><strong>Dei</strong></span> <span class='ocrx_word' id='word_1_14' title='bbox 1737 498 1869 560; x_wconf 81' lang='lat' dir='ltr'><strong>Ain</strong></span> <span class='ocrx_word' id='word_1_15' title='bbox 1913 499 2281 555; x_wconf 77' lang='lat' dir='ltr'><strong>confutatione</strong></span> <span class='ocrx_word' id='word_1_16' title='bbox 2317 501 2603 557; x_wconf 58' lang='lat' dir='ltr'><strong>sententias</strong></span> <span class='ocrx_word' id='word_1_17' title='bbox 2649 502 2839 560; x_wconf 75' lang='lat' dir='ltr'><strong>Jsvelli</strong></span> <span class='ocrx_word' id='word_1_18' title='bbox 2896 505 2970 561; x_wconf 91' lang='lat' dir='ltr'><strong>ait</strong></span> <span class='ocrx_word' id='word_1_19' title='bbox 3020 524 3034 560; x_wconf 90' lang='lat'><strong>:</strong></span> <span class='ocrx_word' id='word_1_20' title='bbox 3084 509 3401 580; x_wconf 74' lang='lat' dir='ltr'><strong>Augustinus</strong></span> 
     </span>
    </p>
   </div>
   <div class='ocr_carea' id='block_1_5' title="bbox 140 591 1707 659">
    <p class='ocr_par' dir='ltr' id='par_1_5' title="bbox 140 591 1707 659">
     <span class='ocr_line' id='line_1_5' title="bbox 140 591 1707 659; baseline -0.003 -9"><span class='ocrx_word' id='word_1_21' title='bbox 140 608 239 650; x_wconf 86' lang='lat' dir='ltr'><strong>non</strong></span> <span class='ocrx_word' id='word_1_22' title='bbox 261 592 622 648; x_wconf 86' lang='lat' dir='ltr'><strong>admittantur.</strong></span> <span class='ocrx_word' id='word_1_23' title='bbox 669 609 688 645; x_wconf 76' lang='grc' dir='ltr'><strong><em>ι</em></strong></span> <span class='ocrx_word' id='word_1_24' title='bbox 723 594 840 648; x_wconf 87' lang='lat' dir='ltr'><strong>Lib.</strong></span> <span class='ocrx_word' id='word_1_25' title='bbox 871 610 905 648; x_wconf 86' lang='lat' dir='ltr'><strong>v</strong></span> <span class='ocrx_word' id='word_1_26' title='bbox 936 602 1126 650; x_wconf 87' lang='lat' dir='ltr'><strong>contra</strong></span> <span class='ocrx_word' id='word_1_27' title='bbox 1155 593 1291 657; x_wconf 87' lang='lat' dir='ltr'><strong>Jul.,</strong></span> <span class='ocrx_word' id='word_1_28' title='bbox 1333 607 1454 659; x_wconf 89' lang='lat' dir='ltr'><strong>cap.</strong></span> <span class='ocrx_word' id='word_1_29' title='bbox 1481 592 1538 659; x_wconf 82' lang='lat'><strong>9,</strong></span> <span class='ocrx_word' id='word_1_30' title='bbox 1570 591 1707 646; x_wconf 88' lang='lat' dir='ltr'><strong>scri-</strong></span> 
     </span>
    </p>
   </div>
   <div class='ocr_carea' id='block_1_6' title="bbox 136 680 1707 750">
    <p class='ocr_par' dir='ltr' id='par_1_6' title="bbox 136 680 1707 750">
     <span class='ocr_line' id='line_1_6' title="bbox 136 680 1707 750; baseline -0.001 -11"><span class='ocrx_word' id='word_1_31' title='bbox 136 683 208 739; x_wconf 85' lang='lat' dir='ltr'><strong>bit</strong></span> <span class='ocrx_word' id='word_1_32' title='bbox 236 693 249 737; x_wconf 80' lang='lat'><strong>‘:</strong></span> <span class='ocrx_word' id='word_1_33' title='bbox 284 699 303 733; x_wconf 81' lang='grc'><em>‹</em></span> <span class='ocrx_word' id='word_1_34' title='bbox 335 680 675 750; x_wconf 70' lang='lat' dir='ltr'><strong>Quapropter</strong></span> <span class='ocrx_word' id='word_1_35' title='bbox 697 691 852 738; x_wconf 87' lang='lat' dir='ltr'><strong>natos</strong></span> <span class='ocrx_word' id='word_1_36' title='bbox 875 698 946 738; x_wconf 80' lang='lat' dir='ltr'><strong>ex</strong></span> <span class='ocrx_word' id='word_1_37' title='bbox 980 683 1151 738; x_wconf 89' lang='lat' dir='ltr'><strong>Adam</strong></span> <span class='ocrx_word' id='word_1_38' title='bbox 1183 681 1460 737; x_wconf 75' lang='lat' dir='ltr'><strong>transferri</strong></span> <span class='ocrx_word' id='word_1_39' title='bbox 1489 689 1707 736; x_wconf 81' lang='lat' dir='ltr'><strong>renatos</strong></span> 
     </span>
    </p>
   </div>
   <div class='ocr_carea' id='block_1_7' title="bbox 136 770 1704 842">
    <p class='ocr_par' dir='ltr' id='par_1_7' title="bbox 136 770 1704 842">
     <span class='ocr_line' id='line_1_7' title="bbox 136 770 1704 842; baseline -0.001 -16"><span class='ocrx_word' id='word_1_40' title='bbox 136 779 331 839; x_wconf 91' lang='lat' dir='ltr'><strong>oportet</strong></span> <span class='ocrx_word' id='word_1_41' title='bbox 367 770 433 823; x_wconf 88' lang='lat' dir='ltr'><strong>ad</strong></span> <span class='ocrx_word' id='word_1_42' title='bbox 459 770 758 835; x_wconf 85' lang='lat' dir='ltr'><strong>Chrismm,</strong></span> <span class='ocrx_word' id='word_1_43' title='bbox 793 787 864 827; x_wconf 88' lang='lat' dir='ltr'><strong>ne</strong></span> <span class='ocrx_word' id='word_1_44' title='bbox 888 788 919 826; x_wconf 88' lang='lat' dir='ltr'><strong>a</strong></span> <span class='ocrx_word' id='word_1_45' title='bbox 945 785 1116 842; x_wconf 87' lang='lat' dir='ltr'><strong>regno</strong></span> <span class='ocrx_word' id='word_1_46' title='bbox 1155 771 1248 827; x_wconf 86' lang='lat' dir='ltr'><strong>Dei</strong></span> <span class='ocrx_word' id='word_1_47' title='bbox 1297 782 1521 842; x_wconf 82' lang='lat' dir='ltr'><strong>pereant</strong></span> <span class='ocrx_word' id='word_1_48' title='bbox 1567 771 1704 824; x_wconf 86' lang='lat' dir='ltr'><strong>ima-</strong></span> 
     </span>
    </p>
   </div>
   <div class='ocr_carea' id='block_1_8' title="bbox 133 861 1710 935">
    <p class='ocr_par' dir='ltr' id='par_1_8' title="bbox 133 861 1710 935">
     <span class='ocr_line' id='line_1_8' title="bbox 133 861 1710 935; baseline 0.001 -18"><span class='ocrx_word' id='word_1_49' title='bbox 133 861 274 933; x_wconf 88' lang='lat' dir='ltr'><strong>gines</strong></span> <span class='ocrx_word' id='word_1_50' title='bbox 302 861 418 928; x_wconf 87' lang='lat' dir='ltr'><strong>Dei,</strong></span> <span class='ocrx_word' id='word_1_51' title='bbox 447 863 589 933; x_wconf 88' lang='lat' dir='ltr'><strong>quod</strong></span> <span class='ocrx_word' id='word_1_52' title='bbox 619 864 738 920; x_wconf 87' lang='lat' dir='ltr'><strong>sine</strong></span> <span class='ocrx_word' id='word_1_53' title='bbox 761 865 904 920; x_wconf 90' lang='lat' dir='ltr'><strong>malo</strong></span> <span class='ocrx_word' id='word_1_54' title='bbox 937 864 1054 921; x_wconf 84' lang='lat' dir='ltr'><strong>ﬁeri</strong></span> <span class='ocrx_word' id='word_1_55' title='bbox 1087 865 1180 935; x_wconf 82' lang='lat' dir='ltr'><strong>qui</strong></span> <span class='ocrx_word' id='word_1_56' title='bbox 1206 864 1372 930; x_wconf 84' lang='lat' dir='ltr'><strong>dicit,</strong></span> <span class='ocrx_word' id='word_1_57' title='bbox 1409 879 1509 920; x_wconf 92' lang='lat' dir='ltr'><strong>nec</strong></span> <span class='ocrx_word' id='word_1_58' title='bbox 1555 876 1710 918; x_wconf 89' lang='lat' dir='ltr'><strong>amo-</strong></span> 
     </span>
    </p>
   </div>
   <div class='ocr_carea' id='block_1_9' title="bbox 133 956 1708 1029">
    <p class='ocr_par' dir='ltr' id='par_1_9' title="bbox 133 956 1708 1029">
     <span class='ocr_line' id='line_1_9' title="bbox 133 956 1708 1029; baseline 0.001 -16"><span class='ocrx_word' id='word_1_59' title='bbox 133 970 235 1013; x_wconf 89' lang='lat' dir='ltr'><strong>rem</strong></span> <span class='ocrx_word' id='word_1_60' title='bbox 267 956 425 1012; x_wconf 88' lang='lat' dir='ltr'><strong>habet</strong></span> <span class='ocrx_word' id='word_1_61' title='bbox 454 972 552 1012; x_wconf 93' lang='lat' dir='ltr'><strong>nec</strong></span> <span class='ocrx_word' id='word_1_62' title='bbox 579 961 827 1016; x_wconf 84' lang='lat' dir='ltr'><strong>timorem</strong></span> <span class='ocrx_word' id='word_1_63' title='bbox 861 959 981 1015; x_wconf 90' lang='lat' dir='ltr'><strong>Dei.</strong></span> <span class='ocrx_word' id='word_1_64' title='bbox 1020 977 1038 1012; x_wconf 74' lang='grc' dir='ltr'><strong>ι</strong></span> <span class='ocrx_word' id='word_1_65' title='bbox 1070 960 1138 1016; x_wconf 84' lang='lat' dir='ltr'><strong>Et</strong></span> <span class='ocrx_word' id='word_1_66' title='bbox 1163 961 1326 1029; x_wconf 87' lang='lat' dir='ltr'><strong>epist.</strong></span> <span class='ocrx_word' id='word_1_67' title='bbox 1363 959 1487 1026; x_wconf 80' lang='grc'><strong>106,</strong></span> <span class='ocrx_word' id='word_1_68' title='bbox 1525 977 1545 1011; x_wconf 70' lang='grc' dir='ltr'>ι</span> <span class='ocrx_word' id='word_1_69' title='bbox 1593 959 1708 1014; x_wconf 80' lang='lat' dir='ltr'><strong>Hoc</strong></span> 
     </span>
    </p>
   </div>
   <div class='ocr_carea' id='block_1_10' title="bbox 132 1046 1704 1118">
    <p class='ocr_par' dir='ltr' id='par_1_10' title="bbox 132 1046 1704 1118">
     <span class='ocr_line' id='line_1_10' title="bbox 132 1046 1704 1118; baseline 0.004 -20"><span class='ocrx_word' id='word_1_70' title='bbox 132 1060 156 1098; x_wconf 90' lang='lat' dir='ltr'><strong>a</strong></span> <span class='ocrx_word' id='word_1_71' title='bbox 182 1046 377 1112; x_wconf 78' lang='lat' dir='ltr'><strong>iustitia</strong></span> <span class='ocrx_word' id='word_1_72' title='bbox 408 1046 498 1100; x_wconf 91' lang='lat' dir='ltr'><strong>Dei</strong></span> <span class='ocrx_word' id='word_1_73' title='bbox 523 1049 730 1116; x_wconf 85' lang='lat' dir='ltr'><strong>penitus</strong></span> <span class='ocrx_word' id='word_1_74' title='bbox 753 1050 984 1105; x_wconf 90' lang='lat' dir='ltr'><strong>alienum</strong></span> <span class='ocrx_word' id='word_1_75' title='bbox 1025 1068 1043 1101; x_wconf 71' lang='grc' dir='ltr'><strong>ι</strong></span> <span class='ocrx_word' id='word_1_76' title='bbox 1101 1049 1310 1105; x_wconf 81' lang='lat' dir='ltr'><strong>scribit.</strong></span> <span class='ocrx_word' id='word_1_77' title='bbox 1337 1049 1456 1104; x_wconf 83' lang='lat' dir='ltr'><strong>Lib.</strong></span> <span class='ocrx_word' id='word_1_78' title='bbox 1479 1055 1553 1114; x_wconf 82' lang='lat' dir='ltr'><strong>vi,</strong></span> <span class='ocrx_word' id='word_1_79' title='bbox 1583 1063 1704 1118; x_wconf 81' lang='lat' dir='ltr'><strong>cap.</strong></span> 
     </span>
    </p>
   </div>
   <div class='ocr_carea' id='block_1_11' title="bbox 132 1134 1706 1210">
    <p class='ocr_par' dir='ltr' id='par_1_11' title="bbox 132 1134 1706 1210">
     <span class='ocr_line' id='line_1_11' title="bbox 132 1134 1706 1210; baseline 0.006 -25"><span class='ocrx_word' id='word_1_80' title='bbox 132 1134 198 1187; x_wconf 58' lang='lat' dir='ltr'><strong>ri:</strong></span> <span class='ocrx_word' id='word_1_81' title='bbox 232 1151 250 1185; x_wconf 71' lang='grc' dir='ltr'>ι</span> <span class='ocrx_word' id='word_1_82' title='bbox 286 1135 338 1189; x_wconf 91' lang='lat' dir='ltr'><strong>Si</strong></span> <span class='ocrx_word' id='word_1_83' title='bbox 367 1135 497 1190; x_wconf 88' lang='lat' dir='ltr'><strong>nihil</strong></span> <span class='ocrx_word' id='word_1_84' title='bbox 526 1139 850 1193; x_wconf 83' lang='lat' dir='ltr'><strong>meruissent</strong></span> <span class='ocrx_word' id='word_1_85' title='bbox 877 1141 1026 1207; x_wconf 90' lang='lat' dir='ltr'><strong>mali,</strong></span> <span class='ocrx_word' id='word_1_86' title='bbox 1062 1156 1332 1210; x_wconf 85' lang='lat' dir='ltr'><strong>nunquam</strong></span> <span class='ocrx_word' id='word_1_87' title='bbox 1366 1141 1706 1208; x_wconf 78' lang='lat' dir='ltr'><strong>privarentur</strong></span> 
     </span>
    </p>
   </div>
   <div class='ocr_carea' id='block_1_12' title="bbox 129 1226 1705 1302">
    <p class='ocr_par' dir='ltr' id='par_1_12' title="bbox 129 1226 1705 1302">
     <span class='ocr_line' id='line_1_12' title="bbox 129 1226 1705 1302; baseline 0.006 -23"><span class='ocrx_word' id='word_1_88' title='bbox 129 1226 178 1279; x_wconf 88' lang='lat' dir='ltr'><strong>in</strong></span> <span class='ocrx_word' id='word_1_89' title='bbox 205 1229 641 1283; x_wconf 86' lang='lat' dir='ltr'><strong>communicausa</strong></span> <span class='ocrx_word' id='word_1_90' title='bbox 667 1233 966 1298; x_wconf 80' lang='lat' dir='ltr'><strong>privatione</strong></span> <span class='ocrx_word' id='word_1_91' title='bbox 990 1235 1120 1288; x_wconf 82' lang='lat' dir='ltr'><strong>tanti</strong></span> <span class='ocrx_word' id='word_1_92' title='bbox 1143 1234 1287 1287; x_wconf 93' lang='lat' dir='ltr'><strong>boni.</strong></span> <span class='ocrx_word' id='word_1_93' title='bbox 1317 1251 1334 1284; x_wconf 78' lang='grc' dir='ltr'><strong><em>ι</em></strong></span> <span class='ocrx_word' id='word_1_94' title='bbox 1369 1233 1510 1302; x_wconf 88' lang='lat' dir='ltr'><strong>Lege</strong></span> <span class='ocrx_word' id='word_1_95' title='bbox 1533 1247 1705 1288; x_wconf 88' lang='lat' dir='ltr'><strong>serm.</strong></span> 
     </span>
    </p>
   </div>
   <div class='ocr_carea' id='block_1_13' title="bbox 129 1315 1704 1394">
    <p class='ocr_par' dir='ltr' id='par_1_13' title="bbox 129 1315 1704 1394">
     <span class='ocr_line' id='line_1_13' title="bbox 129 1315 1704 1394; baseline 0.008 -24"><span class='ocrx_word' id='word_1_96' title='bbox 129 1315 190 1370; x_wconf 76' lang='lat' dir='ltr'><strong>M</strong></span> <span class='ocrx_word' id='word_1_97' title='bbox 221 1319 286 1372; x_wconf 90' lang='lat' dir='ltr'><strong>de</strong></span> <span class='ocrx_word' id='word_1_98' title='bbox 317 1320 508 1376; x_wconf 81' lang='lat' dir='ltr'><strong>Verbis</strong></span> <span class='ocrx_word' id='word_1_99' title='bbox 540 1325 803 1392; x_wconf 81' lang='lat' dir='ltr'><strong>Apostoli,</strong></span> <span class='ocrx_word' id='word_1_100' title='bbox 835 1326 923 1380; x_wconf 92' lang='lat' dir='ltr'><strong>ubi</strong></span> <span class='ocrx_word' id='word_1_101' title='bbox 965 1328 1161 1382; x_wconf 88' lang='lat' dir='ltr'><strong>clamat</strong></span> <span class='ocrx_word' id='word_1_102' title='bbox 1216 1345 1229 1379; x_wconf 93' lang='lat'>:</span> <span class='ocrx_word' id='word_1_103' title='bbox 1274 1345 1294 1379; x_wconf 83' lang='lat' dir='ltr'><strong>t</strong></span> <span class='ocrx_word' id='word_1_104' title='bbox 1347 1327 1522 1394; x_wconf 87' lang='lat' dir='ltr'><strong>Quare</strong></span> <span class='ocrx_word' id='word_1_105' title='bbox 1563 1330 1704 1381; x_wconf 89' lang='lat' dir='ltr'><strong>enim</strong></span> 
     </span>
    </p>
   </div>
   <div class='ocr_carea' id='block_1_14' title="bbox 126 1411 1704 1486">
    <p class='ocr_par' dir='ltr' id='par_1_14' title="bbox 126 1411 1704 1486">
     <span class='ocr_line' id='line_1_14' title="bbox 126 1411 1704 1486; baseline 0.005 -23"><span class='ocrx_word' id='word_1_106' title='bbox 126 1411 502 1476; x_wconf 85' lang='lat' dir='ltr'><strong>patrimonium</strong></span> <span class='ocrx_word' id='word_1_107' title='bbox 530 1415 683 1483; x_wconf 87' lang='lat' dir='ltr'><strong>regni</strong></span> <span class='ocrx_word' id='word_1_108' title='bbox 731 1417 993 1472; x_wconf 78' lang='lat' dir='ltr'><strong>caelorum</strong></span> <span class='ocrx_word' id='word_1_109' title='bbox 1045 1417 1248 1486; x_wconf 87' lang='lat' dir='ltr'><strong>abripis</strong></span> <span class='ocrx_word' id='word_1_110' title='bbox 1292 1418 1603 1474; x_wconf 78' lang='lat' dir='ltr'><strong>innocenti?</strong></span> <span class='ocrx_word' id='word_1_111' title='bbox 1657 1419 1704 1472; x_wconf 82' lang='grc' dir='ltr'><strong>Α</strong></span> 
     </span>
    </p>
   </div>
   <div class='ocr_carea' id='block_1_15' title="bbox 123 1504 1708 1579">
    <p class='ocr_par' dir='ltr' id='par_1_15' title="bbox 123 1504 1708 1579">
     <span class='ocr_line' id='line_1_15' title="bbox 123 1504 1708 1579; baseline 0.009 -29"><span class='ocrx_word' id='word_1_112' title='bbox 123 1514 228 1564; x_wconf 83' lang='lat' dir='ltr'><strong>quo</strong></span> <span class='ocrx_word' id='word_1_113' title='bbox 252 1515 472 1568; x_wconf 83' lang='lat' dir='ltr'><strong>regnum</strong></span> <span class='ocrx_word' id='word_1_114' title='bbox 498 1504 760 1560; x_wconf 85' lang='lat' dir='ltr'><strong>caelorum</strong></span> <span class='ocrx_word' id='word_1_115' title='bbox 785 1521 892 1562; x_wconf 88' lang='lat' dir='ltr'><strong>non</strong></span> <span class='ocrx_word' id='word_1_116' title='bbox 915 1509 1231 1578; x_wconf 84' lang='lat' dir='ltr'><strong>acquiritur,</strong></span> <span class='ocrx_word' id='word_1_117' title='bbox 1250 1508 1492 1579; x_wconf 78' lang='lat' dir='ltr'><strong>profecto</strong></span> <span class='ocrx_word' id='word_1_118' title='bbox 1513 1522 1708 1578; x_wconf 87' lang='lat' dir='ltr'><strong>magno</strong></span> 
     </span>
    </p>
   </div>
   <div class='ocr_carea' id='block_1_16' title="bbox 124 1585 1697 1667">
    <p class='ocr_par' dir='ltr' id='par_1_16' title="bbox 124 1585 1697 1667">
     <span class='ocr_line' id='line_1_16' title="bbox 124 1585 1697 1667; baseline 0.01 -29"><span class='ocrx_word' id='word_1_119' title='bbox 124 1585 262 1640; x_wconf 91' lang='lat' dir='ltr'><strong>bono</strong></span> <span class='ocrx_word' id='word_1_120' title='bbox 312 1587 610 1646; x_wconf 77' lang='lat' dir='ltr'><strong>fraudator.</strong></span> <span class='ocrx_word' id='word_1_121' title='bbox 644 1594 776 1661; x_wconf 60' lang='lat' dir='ltr'><strong>Quae</strong></span> <span class='ocrx_word' id='word_1_122' title='bbox 805 1607 887 1652; x_wconf 88' lang='lat' dir='ltr'><strong>est</strong></span> <span class='ocrx_word' id='word_1_123' title='bbox 928 1598 1028 1652; x_wconf 88' lang='lat' dir='ltr'><strong>ista</strong></span> <span class='ocrx_word' id='word_1_124' title='bbox 1069 1597 1314 1667; x_wconf 76' lang='lat' dir='ltr'><strong>iustitia?</strong></span> <span class='ocrx_word' id='word_1_125' title='bbox 1352 1618 1372 1650; x_wconf 74' lang='grc' dir='ltr'><strong><em>ι</em></strong></span> <span class='ocrx_word' id='word_1_126' title='bbox 1397 1607 1503 1654; x_wconf 91' lang='lat' dir='ltr'><strong>etc.</strong></span> <span class='ocrx_word' id='word_1_127' title='bbox 1551 1598 1697 1654; x_wconf 87' lang='lat' dir='ltr'><strong>Idem</strong></span> 
     </span>
    </p>
   </div>
   <div class='ocr_carea' id='block_1_17' title="bbox 123 1674 1697 1761">
    <p class='ocr_par' dir='ltr' id='par_1_17' title="bbox 123 1674 1697 1761">
     <span class='ocr_line' id='line_1_17' title="bbox 123 1674 1697 1761; baseline 0.012 -33"><span class='ocrx_word' id='word_1_128' title='bbox 123 1674 302 1732; x_wconf 85' lang='lat' dir='ltr'><strong>docuit</strong></span> <span class='ocrx_word' id='word_1_129' title='bbox 323 1692 543 1736; x_wconf 84' lang='lat' dir='ltr'><strong>sanctus</strong></span> <span class='ocrx_word' id='word_1_130' title='bbox 574 1683 821 1742; x_wconf 87' lang='lat' dir='ltr'><strong>Gelasius</strong></span> <span class='ocrx_word' id='word_1_131' title='bbox 870 1703 1002 1758; x_wconf 87' lang='lat' dir='ltr'><strong>papa</strong></span> <span class='ocrx_word' id='word_1_132' title='bbox 1031 1691 1082 1743; x_wconf 92' lang='lat' dir='ltr'><strong>in</strong></span> <span class='ocrx_word' id='word_1_133' title='bbox 1121 1690 1280 1758; x_wconf 89' lang='lat' dir='ltr'><strong>epist.</strong></span> <span class='ocrx_word' id='word_1_134' title='bbox 1320 1690 1387 1746; x_wconf 88' lang='lat' dir='ltr'><strong>ad</strong></span> <span class='ocrx_word' id='word_1_135' title='bbox 1416 1689 1697 1761; x_wconf 87' lang='lat' dir='ltr'><strong>episcopos</strong></span> 
     </span>
    </p>
   </div>
   <div class='ocr_carea' id='block_1_18' title="bbox 123 1767 1696 1852">
    <p class='ocr_par' dir='ltr' id='par_1_18' title="bbox 123 1767 1696 1852">
     <span class='ocr_line' id='line_1_18' title="bbox 123 1767 1696 1852; baseline 0.013 -33"><span class='ocrx_word' id='word_1_136' title='bbox 123 1781 216 1836; x_wconf 87' lang='lat' dir='ltr'><strong>per</strong></span> <span class='ocrx_word' id='word_1_137' title='bbox 261 1767 554 1839; x_wconf 83' lang='lat' dir='ltr'><strong>Picenum,</strong></span> <span class='ocrx_word' id='word_1_138' title='bbox 602 1787 790 1832; x_wconf 89' lang='lat' dir='ltr'><strong>contra</strong></span> <span class='ocrx_word' id='word_1_139' title='bbox 840 1778 1157 1851; x_wconf 90' lang='lat' dir='ltr'><strong>Pelagianos</strong></span> <span class='ocrx_word' id='word_1_140' title='bbox 1210 1800 1225 1836; x_wconf 92' lang='lat'><strong>:</strong></span> <span class='ocrx_word' id='word_1_141' title='bbox 1275 1804 1294 1838; x_wconf 75' lang='grc' dir='ltr'>ι</span> <span class='ocrx_word' id='word_1_142' title='bbox 1347 1782 1457 1839; x_wconf 86' lang='lat' dir='ltr'><strong>Cur</strong></span> <span class='ocrx_word' id='word_1_143' title='bbox 1505 1786 1696 1852; x_wconf 78' lang='lat' dir='ltr'><strong>igitur,</strong></span> 
     </span>
    </p>
   </div>
   <div class='ocr_carea' id='block_1_19' title="bbox 1810 589 3401 672">
    <p class='ocr_par' dir='ltr' id='par_1_19' title="bbox 1810 589 3401 672">
     <span class='ocr_line' id='line_1_19' title="bbox 1810 589 3401 672; baseline 0.008 -29"><span class='ocrx_word' id='word_1_144' title='bbox 1810 592 1992 662; x_wconf 75' lang='lat' dir='ltr'><strong>gratia:</strong></span> <span class='ocrx_word' id='word_1_145' title='bbox 2028 589 2125 644; x_wconf 86' lang='lat' dir='ltr'><strong>Dei</strong></span> <span class='ocrx_word' id='word_1_146' title='bbox 2168 593 2307 646; x_wconf 85' lang='lat' dir='ltr'><strong>testis</strong></span> <span class='ocrx_word' id='word_1_147' title='bbox 2333 591 2552 664; x_wconf 74' lang='lat' dir='ltr'><strong>insignis</strong></span> <span class='ocrx_word' id='word_1_148' title='bbox 2584 603 2632 648; x_wconf 84' lang='lat' dir='ltr'><strong>ct</strong></span> <span class='ocrx_word' id='word_1_149' title='bbox 2673 596 3003 664; x_wconf 64' lang='lat' dir='ltr'><strong>praedicator;</strong></span> <span class='ocrx_word' id='word_1_150' title='bbox 3024 599 3126 670; x_wconf 61' lang='grc' dir='ltr'><strong>εις</strong></span> <span class='ocrx_word' id='word_1_151' title='bbox 3154 600 3251 654; x_wconf 83' lang='lat' dir='ltr'><strong>His</strong></span> <span class='ocrx_word' id='word_1_152' title='bbox 3280 618 3401 672; x_wconf 83' lang='lat' dir='ltr'><strong>ergo</strong></span> 
     </span>
    </p>
   </div>
   <div class='ocr_carea' id='block_1_20' title="bbox 1810 681 3397 763">
    <p class='ocr_par' dir='ltr' id='par_1_20' title="bbox 1810 681 3397 763">
     <span class='ocr_line' id='line_1_20' title="bbox 1810 681 3397 763; baseline 0.009 -30"><span class='ocrx_word' id='word_1_153' title='bbox 1810 681 2167 750; x_wconf 77' lang='lat' dir='ltr'><strong>apiniom&#39;bus,</strong></span> <span class='ocrx_word' id='word_1_154' title='bbox 2200 682 2386 737; x_wconf 89' lang='lat' dir='ltr'><strong>addit:</strong></span> <span class='ocrx_word' id='word_1_155' title='bbox 2413 683 2700 740; x_wconf 81' lang='lat' dir='ltr'><strong>Statuenda</strong></span> <span class='ocrx_word' id='word_1_156' title='bbox 2729 696 2802 742; x_wconf 82' lang='lat' dir='ltr'><strong>est</strong></span> <span class='ocrx_word' id='word_1_157' title='bbox 2829 704 2946 743; x_wconf 82' lang='lat' dir='ltr'><strong>vera</strong></span> <span class='ocrx_word' id='word_1_158' title='bbox 2971 692 3220 745; x_wconf 76' lang='lat' dir='ltr'><strong>sententia</strong></span> <span class='ocrx_word' id='word_1_159' title='bbox 3236 694 3397 763; x_wconf 75' lang='lat' dir='ltr'><strong>juxta</strong></span> 
     </span>
    </p>
   </div>
   <div class='ocr_carea' id='block_1_21' title="bbox 1808 768 3400 851">
    <p class='ocr_par' dir='ltr' id='par_1_21' title="bbox 1808 768 3400 851">
     <span class='ocr_line' id='line_1_21' title="bbox 1808 768 3400 851; baseline 0.012 -28"><span class='ocrx_word' id='word_1_160' title='bbox 1808 780 2026 824; x_wconf 87' lang='lat' dir='ltr'><strong>mentem</strong></span> <span class='ocrx_word' id='word_1_161' title='bbox 2053 774 2327 842; x_wconf 77' lang='lat' dir='ltr'><strong>Augustini</strong></span> <span class='ocrx_word' id='word_1_162' title='bbox 2370 783 2419 828; x_wconf 88' lang='lat' dir='ltr'><strong>et</strong></span> <span class='ocrx_word' id='word_1_163' title='bbox 2450 775 2518 830; x_wconf 80' lang='grc' dir='ltr'><strong>ι).</strong></span> <span class='ocrx_word' id='word_1_164' title='bbox 2554 768 2784 834; x_wconf 66' lang='lat' dir='ltr'><strong>Thema.</strong></span> <span class='ocrx_word' id='word_1_165' title='bbox 2821 780 3000 845; x_wconf 86' lang='lat' dir='ltr'><strong>Quare</strong></span> <span class='ocrx_word' id='word_1_166' title='bbox 3019 823 3034 846; x_wconf 92' lang='lat'><strong>,</strong></span> <span class='ocrx_word' id='word_1_167' title='bbox 3065 783 3111 837; x_wconf 89' lang='lat' dir='ltr'><strong>si</strong></span> <span class='ocrx_word' id='word_1_168' title='bbox 3142 783 3272 851; x_wconf 87' lang='lat' dir='ltr'><strong>quid</strong></span> <span class='ocrx_word' id='word_1_169' title='bbox 3302 785 3400 842; x_wconf 82' lang='lat' dir='ltr'><strong>de-</strong></span> 
     </span>
    </p>
   </div>
   <div class='ocr_carea' id='block_1_22' title="bbox 1808 863 3401 936">
    <p class='ocr_par' dir='ltr' id='par_1_22' title="bbox 1808 863 3401 936">
     <span class='ocr_line' id='line_1_22' title="bbox 1808 863 3401 936; baseline 0.008 -18"><span class='ocrx_word' id='word_1_170' title='bbox 1808 871 2000 930; x_wconf 91' lang='lat' dir='ltr'><strong>ceptus</strong></span> <span class='ocrx_word' id='word_1_171' title='bbox 2047 863 2184 917; x_wconf 81' lang='lat' dir='ltr'><strong>dixit</strong></span> <span class='ocrx_word' id='word_1_172' title='bbox 2233 866 2300 919; x_wconf 90' lang='lat' dir='ltr'><strong>de</strong></span> <span class='ocrx_word' id='word_1_173' title='bbox 2350 865 2682 936; x_wconf 84' lang='lat' dir='ltr'><strong>Augustino,</strong></span> <span class='ocrx_word' id='word_1_174' title='bbox 2740 871 2818 924; x_wconf 86' lang='lat' dir='ltr'><strong>uti</strong></span> <span class='ocrx_word' id='word_1_175' title='bbox 2862 875 3209 930; x_wconf 74' lang='lat' dir='ltr'><strong>excusatione</strong></span> <span class='ocrx_word' id='word_1_176' title='bbox 3251 877 3401 930; x_wconf 89' lang='lat' dir='ltr'><strong>illum</strong></span> 
     </span>
    </p>
   </div>
   <div class='ocr_carea' id='block_1_23' title="bbox 1807 953 3404 1025">
    <p class='ocr_par' dir='ltr' id='par_1_23' title="bbox 1807 953 3404 1025">
     <span class='ocr_line' id='line_1_23' title="bbox 1807 953 3404 1025; baseline 0.008 -18"><span class='ocrx_word' id='word_1_177' title='bbox 1807 953 2025 1022; x_wconf 88' lang='lat' dir='ltr'><strong>quidem</strong></span> <span class='ocrx_word' id='word_1_178' title='bbox 2055 954 2275 1025; x_wconf 88' lang='lat' dir='ltr'><strong>dignum</strong></span> <span class='ocrx_word' id='word_1_179' title='bbox 2304 957 2582 1023; x_wconf 85' lang='lat' dir='ltr'><strong>ducimus,</strong></span> <span class='ocrx_word' id='word_1_180' title='bbox 2628 962 2702 1015; x_wconf 88' lang='lat' dir='ltr'><strong>ita</strong></span> <span class='ocrx_word' id='word_1_181' title='bbox 2743 976 2850 1020; x_wconf 79' lang='lat' dir='ltr'><strong>non</strong></span> <span class='ocrx_word' id='word_1_182' title='bbox 2882 972 3042 1019; x_wconf 87' lang='lat' dir='ltr'><strong>tantae</strong></span> <span class='ocrx_word' id='word_1_183' title='bbox 3064 966 3404 1021; x_wconf 83' lang='lat' dir='ltr'><strong>auctoritatis</strong></span> 
     </span>
    </p>
   </div>
   <div class='ocr_carea' id='block_1_24' title="bbox 1808 1044 3397 1118">
    <p class='ocr_par' dir='ltr' id='par_1_24' title="bbox 1808 1044 3397 1118">
     <span class='ocr_line' id='line_1_24' title="bbox 1808 1044 3397 1118; baseline 0.009 -20"><span class='ocrx_word' id='word_1_184' title='bbox 1808 1044 2086 1100; x_wconf 85' lang='lat' dir='ltr'><strong>habendus</strong></span> <span class='ocrx_word' id='word_1_185' title='bbox 2112 1055 2228 1112; x_wconf 84' lang='lat' dir='ltr'><strong>est,</strong></span> <span class='ocrx_word' id='word_1_186' title='bbox 2281 1057 2338 1103; x_wconf 89' lang='lat' dir='ltr'><strong>ut</strong></span> <span class='ocrx_word' id='word_1_187' title='bbox 2367 1049 2483 1118; x_wconf 82' lang='lat' dir='ltr'><strong>ejus</strong></span> <span class='ocrx_word' id='word_1_188' title='bbox 2510 1053 2876 1108; x_wconf 89' lang='lat' dir='ltr'><strong>testimonium</strong></span> <span class='ocrx_word' id='word_1_189' title='bbox 2918 1064 3107 1110; x_wconf 84' lang='lat' dir='ltr'><strong>contra</strong></span> <span class='ocrx_word' id='word_1_190' title='bbox 3152 1067 3397 1113; x_wconf 89' lang='lat' dir='ltr'><strong>sanctum</strong></span> 
     </span>
    </p>
   </div>
   <div class='ocr_carea' id='block_1_25' title="bbox 1813 1136 3402 1218">
    <p class='ocr_par' dir='ltr' id='par_1_25' title="bbox 1813 1136 3402 1218">
     <span class='ocr_line' id='line_1_25' title="bbox 1813 1136 3402 1218; baseline 0.01 -28"><span class='ocrx_word' id='word_1_191' title='bbox 1813 1136 2090 1193; x_wconf 85' lang='lat' dir='ltr'><strong>doctorem</strong></span> <span class='ocrx_word' id='word_1_192' title='bbox 2139 1139 2462 1205; x_wconf 77' lang='lat' dir='ltr'><strong>palmaribus</strong></span> <span class='ocrx_word' id='word_1_193' title='bbox 2509 1143 2910 1201; x_wconf 85' lang='lat' dir='ltr'><strong>cltaracteribus</strong></span> <span class='ocrx_word' id='word_1_194' title='bbox 2962 1164 3278 1218; x_wconf 81' lang='lat' dir='ltr'><strong>expressum</strong></span> <span class='ocrx_word' id='word_1_195' title='bbox 3332 1153 3402 1206; x_wconf 86' lang='lat' dir='ltr'><strong>ab</strong></span> 
     </span>
    </p>
   </div>
   <div class='ocr_carea' id='block_1_26' title="bbox 1807 1230 2903 1300">
    <p class='ocr_par' dir='ltr' id='par_1_26' title="bbox 1807 1230 2903 1300">
     <span class='ocr_line' id='line_1_26' title="bbox 1807 1230 2903 1300; baseline 0.007 -18"><span class='ocrx_word' id='word_1_196' title='bbox 1807 1230 2133 1283; x_wconf 79' lang='lat' dir='ltr'><strong>adversariis</strong></span> <span class='ocrx_word' id='word_1_197' title='bbox 2175 1233 2603 1300; x_wconf 79' lang='lat' dir='ltr'><strong>exaggerandum</strong></span> <span class='ocrx_word' id='word_1_198' title='bbox 2637 1235 2903 1290; x_wconf 74' lang='lat' dir='ltr'><strong>videatur.</strong></span> 
     </span>
    </p>
   </div>
   <div class='ocr_carea' id='block_1_27' title="bbox 1807 1339 3400 1424">
    <p class='ocr_par' dir='ltr' id='par_1_27' title="bbox 1807 1339 3400 1424">
     <span class='ocr_line' id='line_1_27' title="bbox 1807 1339 3400 1424; baseline 0.013 -31"><span class='ocrx_word' id='word_1_199' title='bbox 1807 1339 1835 1410; x_wconf 86' lang='lat'><strong>§</strong></span> <span class='ocrx_word' id='word_1_200' title='bbox 1871 1340 1961 1396; x_wconf 77' lang='lat' dir='ltr'><strong>XI.</strong></span> <span class='ocrx_word' id='word_1_201' title='bbox 1991 1339 2216 1396; x_wconf 74' lang='lat' dir='ltr'><strong>Sanctus</strong></span> <span class='ocrx_word' id='word_1_202' title='bbox 2245 1341 2542 1424; x_wconf 54' lang='lat' dir='ltr'><strong>Bernartius</strong></span> <span class='ocrx_word' id='word_1_203' title='bbox 2564 1363 2829 1424; x_wconf 76' lang='lat' dir='ltr'><strong>perperam</strong></span> <span class='ocrx_word' id='word_1_204' title='bbox 2860 1361 3034 1405; x_wconf 84' lang='lat' dir='ltr'><strong>contra</strong></span> <span class='ocrx_word' id='word_1_205' title='bbox 3061 1353 3400 1424; x_wconf 73' lang='lat' dir='ltr'><strong>Augustinum</strong></span> 
     </span>
    </p>
   </div>
   <div class='ocr_carea' id='block_1_28' title="bbox 2304 1415 2902 1474">
    <p class='ocr_par' dir='ltr' id='par_1_28' title="bbox 2304 1415 2902 1474">
     <span class='ocr_line' id='line_1_28' title="bbox 2304 1415 2902 1474; baseline 0.013 -8"><span class='ocrx_word' id='word_1_206' title='bbox 2304 1415 2367 1467; x_wconf 85' lang='lat' dir='ltr'><strong>ab</strong></span> <span class='ocrx_word' id='word_1_207' title='bbox 2398 1417 2600 1470; x_wconf 74' lang='lat' dir='ltr'><strong>Annulo</strong></span> <span class='ocrx_word' id='word_1_208' title='bbox 2625 1421 2902 1474; x_wconf 78' lang='lat' dir='ltr'><strong>adductus.</strong></span> 
     </span>
    </p>
   </div>
   <div class='ocr_carea' id='block_1_29' title="bbox 1876 1512 3398 1594">
    <p class='ocr_par' dir='ltr' id='par_1_29' title="bbox 1876 1512 3398 1594">
     <span class='ocr_line' id='line_1_29' title="bbox 1876 1512 3398 1594; baseline 0.012 -27"><span class='ocrx_word' id='word_1_209' title='bbox 1876 1512 2246 1580; x_wconf 82' lang='lat' dir='ltr'><strong>Recentiores,</strong></span> <span class='ocrx_word' id='word_1_210' title='bbox 2266 1523 2324 1570; x_wconf 87' lang='lat' dir='ltr'><strong>ut</strong></span> <span class='ocrx_word' id='word_1_211' title='bbox 2367 1517 2550 1587; x_wconf 87' lang='lat' dir='ltr'><strong>ingens</strong></span> <span class='ocrx_word' id='word_1_212' title='bbox 2579 1523 2792 1575; x_wconf 87' lang='lat' dir='ltr'><strong>testium</strong></span> <span class='ocrx_word' id='word_1_213' title='bbox 2820 1538 3008 1591; x_wconf 89' lang='lat' dir='ltr'><strong>agmen</strong></span> <span class='ocrx_word' id='word_1_214' title='bbox 3028 1542 3133 1594; x_wconf 89' lang='lat' dir='ltr'><strong>quo</strong></span> <span class='ocrx_word' id='word_1_215' title='bbox 3155 1541 3398 1586; x_wconf 84' lang='lat' dir='ltr'><strong>sanctum</strong></span> 
     </span>
    </p>
   </div>
   <div class='ocr_carea' id='block_1_30' title="bbox 1809 1606 3403 1692">
    <p class='ocr_par' dir='ltr' id='par_1_30' title="bbox 1809 1606 3403 1692">
     <span class='ocr_line' id='line_1_30' title="bbox 1809 1606 3403 1692; baseline 0.013 -33"><span class='ocrx_word' id='word_1_216' title='bbox 1809 1606 2161 1674; x_wconf 77' lang='lat' dir='ltr'><strong>AuguStinum</strong></span> <span class='ocrx_word' id='word_1_217' title='bbox 2193 1622 2300 1661; x_wconf 90' lang='lat' dir='ltr'><strong>non</strong></span> <span class='ocrx_word' id='word_1_218' title='bbox 2330 1608 2448 1664; x_wconf 91' lang='lat' dir='ltr'><strong>loco</strong></span> <span class='ocrx_word' id='word_1_219' title='bbox 2476 1620 2678 1666; x_wconf 88' lang='lat' dir='ltr'><strong>tantum</strong></span> <span class='ocrx_word' id='word_1_220' title='bbox 2709 1629 2948 1682; x_wconf 88' lang='lat' dir='ltr'><strong>movere,</strong></span> <span class='ocrx_word' id='word_1_221' title='bbox 2980 1619 3075 1672; x_wconf 91' lang='lat' dir='ltr'><strong>sed</strong></span> <span class='ocrx_word' id='word_1_222' title='bbox 3105 1619 3265 1674; x_wconf 89' lang='lat' dir='ltr'><strong>etiam</strong></span> <span class='ocrx_word' id='word_1_223' title='bbox 3308 1638 3403 1692; x_wconf 81' lang='lat' dir='ltr'><strong>pe-</strong></span> 
     </span>
    </p>
   </div>
   <div class='ocr_carea' id='block_1_31' title="bbox 1809 1696 3400 1768">
    <p class='ocr_par' dir='ltr' id='par_1_31' title="bbox 1809 1696 3400 1768">
     <span class='ocr_line' id='line_1_31' title="bbox 1809 1696 3400 1768; baseline 0.012 -19"><span class='ocrx_word' id='word_1_224' title='bbox 1809 1696 1948 1750; x_wconf 79' lang='lat' dir='ltr'><strong>ni&#39;us</strong></span> <span class='ocrx_word' id='word_1_225' title='bbox 1970 1698 2200 1752; x_wconf 86' lang='lat' dir='ltr'><strong>obruere</strong></span> <span class='ocrx_word' id='word_1_226' title='bbox 2243 1708 2532 1767; x_wconf 89' lang='lat' dir='ltr'><strong>tentarunt,</strong></span> <span class='ocrx_word' id='word_1_227' title='bbox 2568 1703 2882 1759; x_wconf 86' lang='lat' dir='ltr'><strong>nobilissimi</strong></span> <span class='ocrx_word' id='word_1_228' title='bbox 2904 1707 3074 1763; x_wconf 86' lang='lat' dir='ltr'><strong>Patris</strong></span> <span class='ocrx_word' id='word_1_229' title='bbox 3097 1711 3400 1768; x_wconf 86' lang='lat' dir='ltr'><strong>testimonio</strong></span> 
     </span>
    </p>
   </div>
   <div class='ocr_carea' id='block_1_32' title="bbox 1807 1790 3394 1868">
    <p class='ocr_par' dir='ltr' id='par_1_32' title="bbox 1807 1790 3394 1868">
     <span class='ocr_line' id='line_1_32' title="bbox 1807 1790 3394 1868; baseline 0.011 -28"><span class='ocrx_word' id='word_1_230' title='bbox 1807 1790 2077 1855; x_wconf 85' lang='lat' dir='ltr'><strong>claudant,</strong></span> <span class='ocrx_word' id='word_1_231' title='bbox 2102 1801 2342 1844; x_wconf 90' lang='lat' dir='ltr'><strong>sanctum</strong></span> <span class='ocrx_word' id='word_1_232' title='bbox 2369 1792 2693 1848; x_wconf 87' lang='lat' dir='ltr'><strong>Bernardum</strong></span> <span class='ocrx_word' id='word_1_233' title='bbox 2712 1806 2895 1851; x_wconf 89' lang='lat' dir='ltr'><strong>contra</strong></span> <span class='ocrx_word' id='word_1_234' title='bbox 2915 1801 3264 1868; x_wconf 82' lang='lat' dir='ltr'><strong>Augustinum</strong></span> <span class='ocrx_word' id='word_1_235' title='bbox 3280 1804 3394 1858; x_wconf 80' lang='lat' dir='ltr'><strong>suf-</strong></span> 
     </span>
    </p>
   </div>
   <div class='ocr_carea' id='block_1_33' title="bbox 124 1852 3395 1964">
    <p class='ocr_par' dir='ltr' id='par_1_33' title="bbox 124 1852 3395 1964">
     <span class='ocr_line' id='line_1_33' title="bbox 124 1852 3395 1964; baseline 0.012 -55"><span class='ocrx_word' id='word_1_236' title='bbox 124 1852 330 1927; x_wconf 89' lang='lat' dir='ltr'><strong>inquit,</strong></span> <span class='ocrx_word' id='word_1_237' title='bbox 379 1862 558 1921; x_wconf 82' lang='lat' dir='ltr'><strong>infans</strong></span> <span class='ocrx_word' id='word_1_238' title='bbox 598 1865 699 1922; x_wconf 87' lang='lat' dir='ltr'><strong>hac</strong></span> <span class='ocrx_word' id='word_1_239' title='bbox 739 1880 886 1926; x_wconf 83' lang='lat' dir='ltr'><strong>sorte</strong></span> <span class='ocrx_word' id='word_1_240' title='bbox 937 1873 1278 1930; x_wconf 89' lang='lat' dir='ltr'><strong>concluditur</strong></span> <span class='ocrx_word' id='word_1_241' title='bbox 1323 1876 1544 1946; x_wconf 89' lang='lat' dir='ltr'><strong>(nempe</strong></span> <span class='ocrx_word' id='word_1_242' title='bbox 1595 1893 1699 1934; x_wconf 93' lang='lat' dir='ltr'><strong>non</strong></span> <span class='ocrx_word' id='word_1_243' title='bbox 1732 1863 1778 1923; x_wconf 85' lang='grc' dir='ltr'><strong>Β</strong></span> <span class='ocrx_word' id='word_1_244' title='bbox 1808 1878 2031 1946; x_wconf 80' lang='lat' dir='ltr'><strong>fragium</strong></span> <span class='ocrx_word' id='word_1_245' title='bbox 2055 1852 2186 1934; x_wconf 81' lang='lat' dir='ltr'><strong>dare</strong></span> <span class='ocrx_word' id='word_1_246' title='bbox 2225 1881 2514 1949; x_wconf 77' lang='lat' dir='ltr'><strong>afﬁrmant,</strong></span> <span class='ocrx_word' id='word_1_247' title='bbox 2543 1885 2836 1942; x_wconf 79' lang='lat' dir='ltr'><strong>clamantes</strong></span> <span class='ocrx_word' id='word_1_248' title='bbox 2862 1903 2980 1942; x_wconf 90' lang='lat' dir='ltr'><strong>cum</strong></span> <span class='ocrx_word' id='word_1_249' title='bbox 3012 1894 3242 1958; x_wconf 77' lang='lat' dir='ltr'><strong>Annato,</strong></span> <span class='ocrx_word' id='word_1_250' title='bbox 3272 1908 3395 1964; x_wconf 86' lang='lat' dir='ltr'><strong>pag.</strong></span> 
     </span>
    </p>
   </div>
   <div class='ocr_carea' id='block_1_34' title="bbox 121 1952 1700 2034">
    <p class='ocr_par' dir='ltr' id='par_1_34' title="bbox 121 1952 1700 2034">
     <span class='ocr_line' id='line_1_34' title="bbox 121 1952 1700 2034; baseline 0.012 -27"><span class='ocrx_word' id='word_1_251' title='bbox 121 1952 322 2008; x_wconf 84' lang='lat' dir='ltr'><strong>admitti</strong></span> <span class='ocrx_word' id='word_1_252' title='bbox 344 1955 398 2010; x_wconf 90' lang='lat' dir='ltr'><strong>in</strong></span> <span class='ocrx_word' id='word_1_253' title='bbox 424 1972 646 2028; x_wconf 82' lang='lat' dir='ltr'><strong>regnum</strong></span> <span class='ocrx_word' id='word_1_254' title='bbox 665 1962 974 2034; x_wconf 83' lang='lat' dir='ltr'><strong>caelorum),</strong></span> <span class='ocrx_word' id='word_1_255' title='bbox 999 1968 1044 2021; x_wconf 89' lang='lat' dir='ltr'><strong>si</strong></span> <span class='ocrx_word' id='word_1_256' title='bbox 1067 1968 1271 2022; x_wconf 87' lang='lat' dir='ltr'><strong>nullum</strong></span> <span class='ocrx_word' id='word_1_257' title='bbox 1290 1968 1454 2026; x_wconf 87' lang='lat' dir='ltr'><strong>habet</strong></span> <span class='ocrx_word' id='word_1_258' title='bbox 1480 1970 1700 2026; x_wconf 92' lang='lat' dir='ltr'><strong>omnino</strong></span> 
     </span>
    </p>
   </div>
   <div class='ocr_carea' id='block_1_35' title="bbox 125 2051 1701 2136">
    <p class='ocr_par' dir='ltr' id='par_1_35' title="bbox 125 2051 1701 2136">
     <span class='ocr_line' id='line_1_35' title="bbox 125 2051 1701 2136; baseline 0.015 -38"><span class='ocrx_word' id='word_1_259' title='bbox 125 2051 438 2115; x_wconf 72' lang='lat' dir='ltr'><strong>peccatum?</strong></span> <span class='ocrx_word' id='word_1_260' title='bbox 479 2057 758 2126; x_wconf 82' lang='lat' dir='ltr'><strong>magisque</strong></span> <span class='ocrx_word' id='word_1_261' title='bbox 799 2060 1044 2129; x_wconf 80' lang='lat' dir='ltr'><strong>videtur,</strong></span> <span class='ocrx_word' id='word_1_262' title='bbox 1085 2063 1226 2132; x_wconf 88' lang='lat' dir='ltr'><strong>quod</strong></span> <span class='ocrx_word' id='word_1_263' title='bbox 1254 2064 1425 2131; x_wconf 88' lang='lat' dir='ltr'><strong>absit,</strong></span> <span class='ocrx_word' id='word_1_264' title='bbox 1468 2065 1701 2136; x_wconf 80' lang='lat' dir='ltr'><strong>injustas</strong></span> 
     </span>
    </p>
   </div>
   <div class='ocr_carea' id='block_1_36' title="bbox 129 2136 1694 2225">
    <p class='ocr_par' dir='ltr' id='par_1_36' title="bbox 129 2136 1694 2225">
     <span class='ocr_line' id='line_1_36' title="bbox 129 2136 1694 2225; baseline 0.012 -35"><span class='ocrx_word' id='word_1_265' title='bbox 129 2136 290 2204; x_wconf 88' lang='lat' dir='ltr'><strong>Deus,</strong></span> <span class='ocrx_word' id='word_1_266' title='bbox 328 2141 373 2196; x_wconf 81' lang='lat' dir='ltr'><strong>si</strong></span> <span class='ocrx_word' id='word_1_267' title='bbox 408 2141 520 2199; x_wconf 84' lang='lat' dir='ltr'><strong>illic</strong></span> <span class='ocrx_word' id='word_1_268' title='bbox 547 2145 820 2218; x_wconf 85' lang='lat' dir='ltr'><strong>inﬂigatur</strong></span> <span class='ocrx_word' id='word_1_269' title='bbox 855 2166 1038 2222; x_wconf 68' lang='lat' dir='ltr'><strong>paena,</strong></span> <span class='ocrx_word' id='word_1_270' title='bbox 1071 2152 1161 2208; x_wconf 91' lang='lat' dir='ltr'><strong>ubi</strong></span> <span class='ocrx_word' id='word_1_271' title='bbox 1189 2156 1331 2210; x_wconf 91' lang='lat' dir='ltr'><strong>nulla</strong></span> <span class='ocrx_word' id='word_1_272' title='bbox 1361 2156 1433 2210; x_wconf 85' lang='lat' dir='ltr'><strong>sit</strong></span> <span class='ocrx_word' id='word_1_273' title='bbox 1457 2157 1634 2225; x_wconf 90' lang='lat' dir='ltr'><strong>culpa.</strong></span> <span class='ocrx_word' id='word_1_274' title='bbox 1672 2174 1694 2208; x_wconf 73' lang='grc' dir='ltr'><strong>ι</strong></span> 
     </span>
    </p>
   </div>
   <div class='ocr_carea' id='block_1_37' title="bbox 119 2232 1700 2315">
    <p class='ocr_par' dir='ltr' id='par_1_37' title="bbox 119 2232 1700 2315">
     <span class='ocr_line' id='line_1_37' title="bbox 119 2232 1700 2315; baseline 0.012 -27"><span class='ocrx_word' id='word_1_275' title='bbox 119 2232 356 2293; x_wconf 87' lang='lat' dir='ltr'><strong>Concinit</strong></span> <span class='ocrx_word' id='word_1_276' title='bbox 385 2239 625 2309; x_wconf 84' lang='lat' dir='ltr'><strong>synodus</strong></span> <span class='ocrx_word' id='word_1_277' title='bbox 671 2241 1069 2312; x_wconf 82' lang='lat' dir='ltr'><strong>Byzacenorum</strong></span> <span class='ocrx_word' id='word_1_278' title='bbox 1107 2245 1350 2315; x_wconf 86' lang='lat' dir='ltr'><strong>Patrum,</strong></span> <span class='ocrx_word' id='word_1_279' title='bbox 1388 2249 1441 2304; x_wconf 92' lang='lat' dir='ltr'><strong>in</strong></span> <span class='ocrx_word' id='word_1_280' title='bbox 1485 2249 1582 2304; x_wconf 91' lang='lat' dir='ltr'><strong>lib.</strong></span> <span class='ocrx_word' id='word_1_281' title='bbox 1629 2249 1700 2306; x_wconf 88' lang='lat' dir='ltr'><strong>de</strong></span> 
     </span>
    </p>
   </div>
   <div class='ocr_carea' id='block_1_38' title="bbox 119 2325 1694 2405">
    <p class='ocr_par' dir='ltr' id='par_1_38' title="bbox 119 2325 1694 2405">
     <span class='ocr_line' id='line_1_38' title="bbox 119 2325 1694 2405; baseline 0.011 -26"><span class='ocrx_word' id='word_1_282' title='bbox 119 2325 486 2385; x_wconf 86' lang='lat' dir='ltr'><strong>lucaruatione</strong></span> <span class='ocrx_word' id='word_1_283' title='bbox 508 2340 562 2386; x_wconf 90' lang='lat' dir='ltr'><strong>et</strong></span> <span class='ocrx_word' id='word_1_284' title='bbox 581 2333 774 2401; x_wconf 87' lang='lat' dir='ltr'><strong>gratia,</strong></span> <span class='ocrx_word' id='word_1_285' title='bbox 803 2350 920 2405; x_wconf 86' lang='lat' dir='ltr'><strong>cap.</strong></span> <span class='ocrx_word' id='word_1_286' title='bbox 953 2337 1042 2403; x_wconf 70' lang='grc'><strong>14,</strong></span> <span class='ocrx_word' id='word_1_287' title='bbox 1073 2338 1166 2392; x_wconf 85' lang='lat' dir='ltr'><strong>ubi</strong></span> <span class='ocrx_word' id='word_1_288' title='bbox 1187 2340 1338 2395; x_wconf 84' lang='lat' dir='ltr'><strong>aiunt</strong></span> <span class='ocrx_word' id='word_1_289' title='bbox 1371 2357 1385 2393; x_wconf 73' lang='grc' dir='ltr'>ε</span> <span class='ocrx_word' id='word_1_290' title='bbox 1415 2359 1435 2393; x_wconf 87' lang='grc'><strong>‹</strong></span> <span class='ocrx_word' id='word_1_291' title='bbox 1474 2339 1544 2395; x_wconf 83' lang='lat' dir='ltr'><strong>Et</strong></span> <span class='ocrx_word' id='word_1_292' title='bbox 1572 2356 1694 2396; x_wconf 91' lang='lat' dir='ltr'><strong>cum</strong></span> 
     </span>
    </p>
   </div>
   <div class='ocr_carea' id='block_1_39' title="bbox 117 2419 1693 2496">
    <p class='ocr_par' dir='ltr' id='par_1_39' title="bbox 117 2419 1693 2496">
     <span class='ocr_line' id='line_1_39' title="bbox 117 2419 1693 2496; baseline 0.013 -28"><span class='ocrx_word' id='word_1_293' title='bbox 117 2429 214 2469; x_wconf 88' lang='lat' dir='ltr'><strong>non</strong></span> <span class='ocrx_word' id='word_1_294' title='bbox 238 2419 307 2472; x_wconf 90' lang='lat' dir='ltr'><strong>sit</strong></span> <span class='ocrx_word' id='word_1_295' title='bbox 346 2420 602 2490; x_wconf 86' lang='lat' dir='ltr'><strong>iniquitas</strong></span> <span class='ocrx_word' id='word_1_296' title='bbox 627 2425 764 2493; x_wconf 91' lang='lat' dir='ltr'><strong>apud</strong></span> <span class='ocrx_word' id='word_1_297' title='bbox 795 2426 993 2492; x_wconf 91' lang='lat' dir='ltr'><strong>Deum,</strong></span> <span class='ocrx_word' id='word_1_298' title='bbox 1027 2429 1120 2496; x_wconf 92' lang='lat' dir='ltr'><strong>qui</strong></span> <span class='ocrx_word' id='word_1_299' title='bbox 1151 2431 1280 2484; x_wconf 75' lang='lat' dir='ltr'><strong>fecit</strong></span> <span class='ocrx_word' id='word_1_300' title='bbox 1309 2431 1583 2488; x_wconf 90' lang='lat' dir='ltr'><strong>hominem</strong></span> <span class='ocrx_word' id='word_1_301' title='bbox 1625 2434 1693 2489; x_wconf 91' lang='lat' dir='ltr'><strong>ad</strong></span> 
     </span>
    </p>
   </div>
   <div class='ocr_carea' id='block_1_40' title="bbox 115 2503 1694 2591">
    <p class='ocr_par' dir='ltr' id='par_1_40' title="bbox 115 2503 1694 2591">
     <span class='ocr_line' id='line_1_40' title="bbox 115 2503 1694 2591; baseline 0.013 -33"><span class='ocrx_word' id='word_1_302' title='bbox 115 2503 394 2575; x_wconf 88' lang='lat' dir='ltr'><strong>imaginem</strong></span> <span class='ocrx_word' id='word_1_303' title='bbox 423 2523 575 2566; x_wconf 89' lang='lat' dir='ltr'><strong>suam</strong></span> <span class='ocrx_word' id='word_1_304' title='bbox 599 2553 614 2577; x_wconf 96' lang='lat'><strong>,</strong></span> <span class='ocrx_word' id='word_1_305' title='bbox 643 2527 762 2582; x_wconf 79' lang='lat' dir='ltr'><strong>qua:</strong></span> <span class='ocrx_word' id='word_1_306' title='bbox 785 2514 991 2584; x_wconf 86' lang='lat' dir='ltr'><strong>justitia</strong></span> <span class='ocrx_word' id='word_1_307' title='bbox 1017 2527 1098 2572; x_wconf 86' lang='lat' dir='ltr'><strong>est</strong></span> <span class='ocrx_word' id='word_1_308' title='bbox 1119 2528 1178 2573; x_wconf 88' lang='lat' dir='ltr'><strong>ut</strong></span> <span class='ocrx_word' id='word_1_309' title='bbox 1205 2521 1382 2590; x_wconf 86' lang='lat' dir='ltr'><strong>imago</strong></span> <span class='ocrx_word' id='word_1_310' title='bbox 1410 2523 1544 2588; x_wconf 92' lang='lat' dir='ltr'><strong>Dei,</strong></span> <span class='ocrx_word' id='word_1_311' title='bbox 1573 2539 1694 2591; x_wconf 75' lang='lat' dir='ltr'><strong>qua:</strong></span> 
     </span>
    </p>
   </div>
   <div class='ocr_carea' id='block_1_41' title="bbox 112 2593 1698 2677">
    <p class='ocr_par' dir='ltr' id='par_1_41' title="bbox 112 2593 1698 2677">
     <span class='ocr_line' id='line_1_41' title="bbox 112 2593 1698 2677; baseline 0.016 -32"><span class='ocrx_word' id='word_1_312' title='bbox 112 2593 238 2650; x_wconf 90' lang='lat' dir='ltr'><strong>nihil</strong></span> <span class='ocrx_word' id='word_1_313' title='bbox 265 2604 436 2665; x_wconf 88' lang='lat' dir='ltr'><strong>potuit</strong></span> <span class='ocrx_word' id='word_1_314' title='bbox 460 2615 558 2669; x_wconf 87' lang='lat' dir='ltr'><strong>per</strong></span> <span class='ocrx_word' id='word_1_315' title='bbox 575 2616 634 2657; x_wconf 91' lang='lat' dir='ltr'><strong>se</strong></span> <span class='ocrx_word' id='word_1_316' title='bbox 652 2604 824 2670; x_wconf 82' lang='lat' dir='ltr'><strong>ipsam</strong></span> <span class='ocrx_word' id='word_1_317' title='bbox 846 2606 1179 2677; x_wconf 87' lang='lat' dir='ltr'><strong>delinquere,</strong></span> <span class='ocrx_word' id='word_1_318' title='bbox 1203 2612 1248 2667; x_wconf 90' lang='lat' dir='ltr'><strong>si</strong></span> <span class='ocrx_word' id='word_1_319' title='bbox 1275 2626 1381 2667; x_wconf 90' lang='lat' dir='ltr'><strong>non</strong></span> <span class='ocrx_word' id='word_1_320' title='bbox 1403 2613 1698 2670; x_wconf 79' lang='lat' dir='ltr'><strong>redimatur</strong></span> 
     </span>
    </p>
   </div>
   <div class='ocr_carea' id='block_1_42' title="bbox 109 2690 1700 2774">
    <p class='ocr_par' dir='ltr' id='par_1_42' title="bbox 109 2690 1700 2774">
     <span class='ocr_line' id='line_1_42' title="bbox 109 2690 1700 2774; baseline 0.016 -36"><span class='ocrx_word' id='word_1_321' title='bbox 109 2690 370 2758; x_wconf 86' lang='lat' dir='ltr'><strong>sanguine</strong></span> <span class='ocrx_word' id='word_1_322' title='bbox 419 2691 542 2747; x_wconf 82' lang='lat' dir='ltr'><strong>Filii</strong></span> <span class='ocrx_word' id='word_1_323' title='bbox 573 2694 689 2761; x_wconf 82' lang='lat' dir='ltr'><strong>Dci,</strong></span> <span class='ocrx_word' id='word_1_324' title='bbox 727 2698 778 2751; x_wconf 91' lang='lat' dir='ltr'><strong>in</strong></span> <span class='ocrx_word' id='word_1_325' title='bbox 820 2713 1044 2767; x_wconf 85' lang='lat' dir='ltr'><strong>regnum</strong></span> <span class='ocrx_word' id='word_1_326' title='bbox 1075 2703 1166 2757; x_wconf 91' lang='lat' dir='ltr'><strong>Dei</strong></span> <span class='ocrx_word' id='word_1_327' title='bbox 1208 2718 1313 2759; x_wconf 90' lang='lat' dir='ltr'><strong>non</strong></span> <span class='ocrx_word' id='word_1_328' title='bbox 1353 2706 1700 2774; x_wconf 84' lang='lat' dir='ltr'><strong>permittatur</strong></span> 
     </span>
    </p>
   </div>
   <div class='ocr_carea' id='block_1_43' title="bbox 110 2777 1694 2865">
    <p class='ocr_par' dir='ltr' id='par_1_43' title="bbox 110 2777 1694 2865">
     <span class='ocr_line' id='line_1_43' title="bbox 110 2777 1694 2865; baseline 0.015 -34"><span class='ocrx_word' id='word_1_329' title='bbox 110 2777 349 2834; x_wconf 82' lang='lat' dir='ltr'><strong>intrare?</strong></span> <span class='ocrx_word' id='word_1_330' title='bbox 415 2801 436 2834; x_wconf 72' lang='grc' dir='ltr'><strong>ι</strong></span> <span class='ocrx_word' id='word_1_331' title='bbox 494 2784 625 2849; x_wconf 83' lang='lat' dir='ltr'><strong>Quae</strong></span> <span class='ocrx_word' id='word_1_332' title='bbox 671 2787 777 2841; x_wconf 89' lang='lat' dir='ltr'><strong>duo</strong></span> <span class='ocrx_word' id='word_1_333' title='bbox 818 2791 1127 2848; x_wconf 88' lang='lat' dir='ltr'><strong>testimonia</strong></span> <span class='ocrx_word' id='word_1_334' title='bbox 1173 2796 1422 2851; x_wconf 87' lang='lat' dir='ltr'><strong>consulto</strong></span> <span class='ocrx_word' id='word_1_335' title='bbox 1474 2798 1694 2865; x_wconf 80' lang='lat' dir='ltr'><strong>addidi,</strong></span> 
     </span>
    </p>
   </div>
   <div class='ocr_carea' id='block_1_44' title="bbox 111 2871 1694 2946">
    <p class='ocr_par' dir='ltr' id='par_1_44' title="bbox 111 2871 1694 2946">
     <span class='ocr_line' id='line_1_44' title="bbox 111 2871 1694 2946; baseline 0.015 -23"><span class='ocrx_word' id='word_1_336' title='bbox 111 2871 227 2938; x_wconf 81' lang='lat' dir='ltr'><strong>quia</strong></span> <span class='ocrx_word' id='word_1_337' title='bbox 261 2874 510 2928; x_wconf 90' lang='lat' dir='ltr'><strong>nonnulli</strong></span> <span class='ocrx_word' id='word_1_338' title='bbox 534 2889 886 2934; x_wconf 89' lang='lat' dir='ltr'><strong>memoratam</strong></span> <span class='ocrx_word' id='word_1_339' title='bbox 915 2885 1081 2938; x_wconf 88' lang='lat' dir='ltr'><strong>sancti</strong></span> <span class='ocrx_word' id='word_1_340' title='bbox 1103 2884 1343 2941; x_wconf 89' lang='lat' dir='ltr'><strong>doctoris</strong></span> <span class='ocrx_word' id='word_1_341' title='bbox 1371 2891 1694 2946; x_wconf 90' lang='lat' dir='ltr'><strong>sententiam</strong></span> 
     </span>
    </p>
   </div>
   <div class='ocr_carea' id='block_1_45' title="bbox 115 2962 1695 3050">
    <p class='ocr_par' dir='ltr' id='par_1_45' title="bbox 115 2962 1695 3050">
     <span class='ocr_line' id='line_1_45' title="bbox 115 2962 1695 3050; baseline 0.015 -36"><span class='ocrx_word' id='word_1_342' title='bbox 115 2962 295 3018; x_wconf 78' lang='lat' dir='ltr'><strong>iolsam</strong></span> <span class='ocrx_word' id='word_1_343' title='bbox 366 2966 701 3022; x_wconf 81' lang='lat' dir='ltr'><strong>existimant.</strong></span> <span class='ocrx_word' id='word_1_344' title='bbox 768 2971 949 3042; x_wconf 85' lang='lat' dir='ltr'><strong>itaque</strong></span> <span class='ocrx_word' id='word_1_345' title='bbox 996 2973 1160 3029; x_wconf 79' lang='lat' dir='ltr'><strong>ﬁxum</strong></span> <span class='ocrx_word' id='word_1_346' title='bbox 1229 2978 1329 3031; x_wconf 81' lang='lat' dir='ltr'><strong>fuit</strong></span> <span class='ocrx_word' id='word_1_347' title='bbox 1379 2988 1695 3050; x_wconf 87' lang='lat' dir='ltr'><strong>certumque</strong></span> 
     </span>
    </p>
   </div>
   <div class='ocr_carea' id='block_1_46' title="bbox 119 3055 1693 3142">
    <p class='ocr_par' dir='ltr' id='par_1_46' title="bbox 119 3055 1693 3142">
     <span class='ocr_line' id='line_1_46' title="bbox 119 3055 1693 3142; baseline 0.013 -35"><span class='ocrx_word' id='word_1_348' title='bbox 119 3055 331 3110; x_wconf 82' lang='lat' dir='ltr'><strong>omnino</strong></span> <span class='ocrx_word' id='word_1_349' title='bbox 359 3059 502 3126; x_wconf 89' lang='lat' dir='ltr'><strong>apud</strong></span> <span class='ocrx_word' id='word_1_350' title='bbox 534 3061 915 3132; x_wconf 79' lang='lat' dir='ltr'><strong>Augustinum,</strong></span> <span class='ocrx_word' id='word_1_351' title='bbox 968 3080 1034 3123; x_wconf 91' lang='lat' dir='ltr'><strong>ac</strong></span> <span class='ocrx_word' id='word_1_352' title='bbox 1072 3076 1290 3125; x_wconf 91' lang='lat' dir='ltr'><strong>sanctos</strong></span> <span class='ocrx_word' id='word_1_353' title='bbox 1321 3069 1509 3127; x_wconf 85' lang='lat' dir='ltr'><strong>Patres</strong></span> <span class='ocrx_word' id='word_1_354' title='bbox 1545 3072 1693 3142; x_wconf 80' lang='lat' dir='ltr'><strong>ejus-</strong></span> 
     </span>
    </p>
   </div>
   <div class='ocr_carea' id='block_1_47' title="bbox 115 3145 1691 3231">
    <p class='ocr_par' dir='ltr' id='par_1_47' title="bbox 115 3145 1691 3231">
     <span class='ocr_line' id='line_1_47' title="bbox 115 3145 1691 3231; baseline 0.013 -34"><span class='ocrx_word' id='word_1_355' title='bbox 115 3145 228 3200; x_wconf 88' lang='lat' dir='ltr'><strong>dem</strong></span> <span class='ocrx_word' id='word_1_356' title='bbox 258 3147 574 3219; x_wconf 86' lang='lat' dir='ltr'><strong>discipulos,</strong></span> <span class='ocrx_word' id='word_1_357' title='bbox 607 3156 876 3211; x_wconf 89' lang='lat' dir='ltr'><strong>neminem</strong></span> <span class='ocrx_word' id='word_1_358' title='bbox 901 3172 1062 3226; x_wconf 90' lang='lat' dir='ltr'><strong>posse</strong></span> <span class='ocrx_word' id='word_1_359' title='bbox 1089 3161 1207 3216; x_wconf 90' lang='lat' dir='ltr'><strong>sine</strong></span> <span class='ocrx_word' id='word_1_360' title='bbox 1229 3162 1382 3231; x_wconf 90' lang='lat' dir='ltr'><strong>culpa</strong></span> <span class='ocrx_word' id='word_1_361' title='bbox 1406 3163 1691 3231; x_wconf 85' lang='lat' dir='ltr'><strong>reprobari</strong></span> 
     </span>
    </p>
   </div>
   <div class='ocr_carea' id='block_1_48' title="bbox 122 3241 1695 3320">
    <p class='ocr_par' dir='ltr' id='par_1_48' title="bbox 122 3241 1695 3320">
     <span class='ocr_line' id='line_1_48' title="bbox 122 3241 1695 3320; baseline 0.014 -34"><span class='ocrx_word' id='word_1_362' title='bbox 122 3247 242 3300; x_wconf 88' lang='lat' dir='ltr'><strong>pure</strong></span> <span class='ocrx_word' id='word_1_363' title='bbox 272 3241 528 3308; x_wconf 84' lang='lat' dir='ltr'><strong>negative</strong></span> <span class='ocrx_word' id='word_1_364' title='bbox 570 3257 597 3295; x_wconf 86' lang='lat' dir='ltr'><strong>a</strong></span> <span class='ocrx_word' id='word_1_365' title='bbox 640 3260 807 3313; x_wconf 71' lang='lat' dir='ltr'><strong>regno</strong></span> <span class='ocrx_word' id='word_1_366' title='bbox 836 3249 1096 3303; x_wconf 72' lang='lat' dir='ltr'><strong>malorum</strong></span> <span class='ocrx_word' id='word_1_367' title='bbox 1143 3260 1392 3320; x_wconf 89' lang='lat' dir='ltr'><strong>tanquam</strong></span> <span class='ocrx_word' id='word_1_368' title='bbox 1434 3253 1695 3308; x_wconf 84' lang='lat' dir='ltr'><strong>beneficio</strong></span> 
     </span>
    </p>
   </div>
   <div class='ocr_carea' id='block_1_49' title="bbox 122 3325 1693 3401">
    <p class='ocr_par' dir='ltr' id='par_1_49' title="bbox 122 3325 1693 3401">
     <span class='ocr_line' id='line_1_49' title="bbox 122 3325 1693 3401; baseline 0.015 -24"><span class='ocrx_word' id='word_1_369' title='bbox 122 3325 378 3393; x_wconf 89' lang='lat' dir='ltr'><strong>indebito,</strong></span> <span class='ocrx_word' id='word_1_370' title='bbox 435 3333 517 3385; x_wconf 91' lang='lat' dir='ltr'><strong>uti</strong></span> <span class='ocrx_word' id='word_1_371' title='bbox 551 3337 908 3391; x_wconf 87' lang='lat' dir='ltr'><strong>certissimum</strong></span> <span class='ocrx_word' id='word_1_372' title='bbox 951 3339 1052 3394; x_wconf 80' lang='lat' dir='ltr'><strong>fuit</strong></span> <span class='ocrx_word' id='word_1_373' title='bbox 1101 3342 1276 3396; x_wconf 89' lang='lat' dir='ltr'><strong>eidem</strong></span> <span class='ocrx_word' id='word_1_374' title='bbox 1320 3345 1589 3400; x_wconf 87' lang='lat' dir='ltr'><strong>neminem</strong></span> <span class='ocrx_word' id='word_1_375' title='bbox 1640 3346 1693 3401; x_wconf 88' lang='lat' dir='ltr'><strong>in</strong></span> 
     </span>
    </p>
   </div>
   <div class='ocr_carea' id='block_1_50' title="bbox 111 3419 1692 3502">
    <p class='ocr_par' dir='ltr' id='par_1_50' title="bbox 111 3419 1692 3502">
     <span class='ocr_line' id='line_1_50' title="bbox 111 3419 1692 3502; baseline 0.016 -37"><span class='ocrx_word' id='word_1_376' title='bbox 111 3419 242 3469; x_wconf 87' lang='lat' dir='ltr'><strong>statu</strong></span> <span class='ocrx_word' id='word_1_377' title='bbox 287 3429 505 3475; x_wconf 74' lang='lat' dir='ltr'><strong>naturae</strong></span> <span class='ocrx_word' id='word_1_378' title='bbox 550 3424 713 3493; x_wconf 86' lang='lat' dir='ltr'><strong>lapsae</strong></span> <span class='ocrx_word' id='word_1_379' title='bbox 745 3429 1110 3494; x_wconf 69' lang='lat' dir='ltr'><strong>prredestinari</strong></span> <span class='ocrx_word' id='word_1_380' title='bbox 1144 3447 1211 3485; x_wconf 79' lang='lat' dir='ltr'><strong>ex</strong></span> <span class='ocrx_word' id='word_1_381' title='bbox 1243 3435 1566 3502; x_wconf 76' lang='lat' dir='ltr'><strong>prazvisione</strong></span> <span class='ocrx_word' id='word_1_382' title='bbox 1591 3436 1692 3490; x_wconf 87' lang='lat' dir='ltr'><strong>ali-</strong></span> 
     </span>
    </p>
   </div>
   <div class='ocr_carea' id='block_1_51' title="bbox 107 3507 1692 3594">
    <p class='ocr_par' dir='ltr' id='par_1_51' title="bbox 107 3507 1692 3594">
     <span class='ocr_line' id='line_1_51' title="bbox 107 3507 1692 3594; baseline 0.016 -37"><span class='ocrx_word' id='word_1_383' title='bbox 107 3507 254 3574; x_wconf 87' lang='lat' dir='ltr'><strong>cujus</strong></span> <span class='ocrx_word' id='word_1_384' title='bbox 284 3510 408 3566; x_wconf 90' lang='lat' dir='ltr'><strong>boni</strong></span> <span class='ocrx_word' id='word_1_385' title='bbox 437 3517 650 3584; x_wconf 81' lang='lat' dir='ltr'><strong>operis.</strong></span> <span class='ocrx_word' id='word_1_386' title='bbox 676 3517 854 3584; x_wconf 87' lang='lat' dir='ltr'><strong>Quare</strong></span> <span class='ocrx_word' id='word_1_387' title='bbox 875 3521 1243 3594; x_wconf 81' lang='lat' dir='ltr'><strong>diSparitatem</strong></span> <span class='ocrx_word' id='word_1_388' title='bbox 1283 3526 1422 3580; x_wconf 89' lang='lat' dir='ltr'><strong>inter</strong></span> <span class='ocrx_word' id='word_1_389' title='bbox 1455 3527 1692 3594; x_wconf 62' lang='lat' dir='ltr'><strong>praedes-</strong></span> 
     </span>
    </p>
   </div>
   <div class='ocr_carea' id='block_1_52' title="bbox 105 3599 1694 3680">
    <p class='ocr_par' dir='ltr' id='par_1_52' title="bbox 105 3599 1694 3680">
     <span class='ocr_line' id='line_1_52' title="bbox 105 3599 1694 3680; baseline 0.016 -30"><span class='ocrx_word' id='word_1_390' title='bbox 105 3599 418 3671; x_wconf 87' lang='lat' dir='ltr'><strong>tinationem</strong></span> <span class='ocrx_word' id='word_1_391' title='bbox 467 3615 540 3662; x_wconf 85' lang='lat' dir='ltr'><strong>et</strong></span> <span class='ocrx_word' id='word_1_392' title='bbox 583 3611 1018 3680; x_wconf 87' lang='lat' dir='ltr'><strong>reprobationem</strong></span> <span class='ocrx_word' id='word_1_393' title='bbox 1063 3630 1181 3670; x_wconf 86' lang='lat' dir='ltr'><strong>eam</strong></span> <span class='ocrx_word' id='word_1_394' title='bbox 1225 3619 1536 3674; x_wconf 87' lang='lat' dir='ltr'><strong>necessario</strong></span> <span class='ocrx_word' id='word_1_395' title='bbox 1574 3633 1694 3675; x_wconf 89' lang='lat' dir='ltr'><strong>esse</strong></span> 
     </span>
    </p>
   </div>
   <div class='ocr_carea' id='block_1_53' title="bbox 100 3689 1694 3780">
    <p class='ocr_par' dir='ltr' id='par_1_53' title="bbox 100 3689 1694 3780">
     <span class='ocr_line' id='line_1_53' title="bbox 100 3689 1694 3780; baseline 0.015 -37"><span class='ocrx_word' id='word_1_396' title='bbox 100 3689 275 3762; x_wconf 83' lang='lat' dir='ltr'><strong>dixit,</strong></span> <span class='ocrx_word' id='word_1_397' title='bbox 331 3707 392 3751; x_wconf 88' lang='lat' dir='ltr'><strong>ut</strong></span> <span class='ocrx_word' id='word_1_398' title='bbox 438 3699 593 3755; x_wconf 52' lang='lat' dir='ltr'><strong>Deus</strong></span> <span class='ocrx_word' id='word_1_399' title='bbox 643 3705 778 3757; x_wconf 86' lang='lat' dir='ltr'><strong>citra</strong></span> <span class='ocrx_word' id='word_1_400' title='bbox 822 3704 1137 3773; x_wconf 76' lang='lat' dir='ltr'><strong>iniustitiam</strong></span> <span class='ocrx_word' id='word_1_401' title='bbox 1197 3723 1304 3763; x_wconf 92' lang='lat' dir='ltr'><strong>non</strong></span> <span class='ocrx_word' id='word_1_402' title='bbox 1361 3720 1546 3780; x_wconf 87' lang='lat' dir='ltr'><strong>posset</strong></span> <span class='ocrx_word' id='word_1_403' title='bbox 1595 3727 1694 3766; x_wconf 85' lang='lat' dir='ltr'><strong>ex-</strong></span> 
     </span>
    </p>
   </div>
   <div class='ocr_carea' id='block_1_54' title="bbox 107 3783 1691 3874">
    <p class='ocr_par' dir='ltr' id='par_1_54' title="bbox 107 3783 1691 3874">
     <span class='ocr_line' id='line_1_54' title="bbox 107 3783 1691 3874; baseline 0.013 -36"><span class='ocrx_word' id='word_1_404' title='bbox 107 3783 320 3843; x_wconf 87' lang='lat' dir='ltr'><strong>cludere</strong></span> <span class='ocrx_word' id='word_1_405' title='bbox 383 3805 410 3845; x_wconf 88' lang='lat' dir='ltr'><strong>a</strong></span> <span class='ocrx_word' id='word_1_406' title='bbox 454 3809 636 3866; x_wconf 85' lang='lat' dir='ltr'><strong>regno</strong></span> <span class='ocrx_word' id='word_1_407' title='bbox 701 3797 962 3852; x_wconf 74' lang='lat' dir='ltr'><strong>cmlorum</strong></span> <span class='ocrx_word' id='word_1_408' title='bbox 1011 3801 1262 3867; x_wconf 87' lang='lat' dir='ltr'><strong>parvulos</strong></span> <span class='ocrx_word' id='word_1_409' title='bbox 1319 3801 1435 3857; x_wconf 89' lang='lat' dir='ltr'><strong>sine</strong></span> <span class='ocrx_word' id='word_1_410' title='bbox 1487 3803 1640 3874; x_wconf 85' lang='lat' dir='ltr'><strong>culpa</strong></span> <span class='ocrx_word' id='word_1_411' title='bbox 1672 3843 1691 3872; x_wconf 91' lang='lat'><strong>,</strong></span> 
     </span>
    </p>
   </div>
   <div class='ocr_carea' id='block_1_55' title="bbox 110 3875 1696 3964">
    <p class='ocr_par' dir='ltr' id='par_1_55' title="bbox 110 3875 1696 3964">
     <span class='ocr_line' id='line_1_55' title="bbox 110 3875 1696 3964; baseline 0.013 -37"><span class='ocrx_word' id='word_1_412' title='bbox 110 3875 228 3931; x_wconf 90' lang='lat' dir='ltr'><strong>licet</strong></span> <span class='ocrx_word' id='word_1_413' title='bbox 272 3879 321 3934; x_wconf 91' lang='lat' dir='ltr'><strong>id</strong></span> <span class='ocrx_word' id='word_1_414' title='bbox 378 3896 483 3937; x_wconf 90' lang='lat' dir='ltr'><strong>non</strong></span> <span class='ocrx_word' id='word_1_415' title='bbox 553 3884 758 3940; x_wconf 82' lang='lat' dir='ltr'><strong>faceret</strong></span> <span class='ocrx_word' id='word_1_416' title='bbox 808 3888 860 3940; x_wconf 91' lang='lat' dir='ltr'><strong>in</strong></span> <span class='ocrx_word' id='word_1_417' title='bbox 912 3902 1147 3956; x_wconf 75' lang='lat' dir='ltr'><strong>pmnam.</strong></span> <span class='ocrx_word' id='word_1_418' title='bbox 1212 3891 1327 3947; x_wconf 85' lang='lat' dir='ltr'><strong>Non</strong></span> <span class='ocrx_word' id='word_1_419' title='bbox 1385 3901 1468 3947; x_wconf 87' lang='lat' dir='ltr'><strong>est</strong></span> <span class='ocrx_word' id='word_1_420' title='bbox 1533 3895 1696 3964; x_wconf 83' lang='lat' dir='ltr'><strong>igitur</strong></span> 
     </span>
    </p>
   </div>
   <div class='ocr_carea' id='block_1_56' title="bbox 115 3966 1693 4051">
    <p class='ocr_par' dir='ltr' id='par_1_56' title="bbox 115 3966 1693 4051">
     <span class='ocr_line' id='line_1_56' title="bbox 115 3966 1693 4051; baseline 0.013 -32"><span class='ocrx_word' id='word_1_421' title='bbox 115 3966 434 4039; x_wconf 82' lang='lat' dir='ltr'><strong>Augustinus</strong></span> <span class='ocrx_word' id='word_1_422' title='bbox 473 3977 761 4031; x_wconf 87' lang='lat' dir='ltr'><strong>docendus</strong></span> <span class='ocrx_word' id='word_1_423' title='bbox 790 3979 934 4033; x_wconf 84' lang='lat' dir='ltr'><strong>il‘am</strong></span> <span class='ocrx_word' id='word_1_424' title='bbox 969 3983 1338 4051; x_wconf 78' lang='lat' dir='ltr'><strong>disparitatrm</strong></span> <span class='ocrx_word' id='word_1_425' title='bbox 1363 4025 1375 4046; x_wconf 88' lang='lat'><strong>,</strong></span> <span class='ocrx_word' id='word_1_426' title='bbox 1408 3986 1489 4039; x_wconf 83' lang='lat' dir='ltr'><strong>vel</strong></span> <span class='ocrx_word' id='word_1_427' title='bbox 1536 3987 1693 4039; x_wconf 82' lang='lat' dir='ltr'><strong>mali-</strong></span> 
     </span>
    </p>
   </div>
   <div class='ocr_carea' id='block_1_57' title="bbox 111 4063 1693 4148">
    <p class='ocr_par' dir='ltr' id='par_1_57' title="bbox 111 4063 1693 4148">
     <span class='ocr_line' id='line_1_57' title="bbox 111 4063 1693 4148; baseline 0.013 -34"><span class='ocrx_word' id='word_1_428' title='bbox 111 4063 230 4119; x_wconf 88' lang='lat' dir='ltr'><strong>tiam</strong></span> <span class='ocrx_word' id='word_1_429' title='bbox 253 4071 666 4140; x_wconf 83' lang='lat' dir='ltr'><strong>consequentiae</strong></span> <span class='ocrx_word' id='word_1_430' title='bbox 705 4086 734 4125; x_wconf 90' lang='lat' dir='ltr'><strong>a</strong></span> <span class='ocrx_word' id='word_1_431' title='bbox 780 4074 1074 4140; x_wconf 84' lang='lat' dir='ltr'><strong>Bannesio,</strong></span> <span class='ocrx_word' id='word_1_432' title='bbox 1109 4092 1230 4132; x_wconf 92' lang='lat' dir='ltr'><strong>cum</strong></span> <span class='ocrx_word' id='word_1_433' title='bbox 1263 4087 1318 4133; x_wconf 91' lang='lat' dir='ltr'><strong>et</strong></span> <span class='ocrx_word' id='word_1_434' title='bbox 1357 4080 1474 4148; x_wconf 89' lang='lat' dir='ltr'><strong>ipso</strong></span> <span class='ocrx_word' id='word_1_435' title='bbox 1501 4079 1693 4135; x_wconf 90' lang='lat' dir='ltr'><strong>melius</strong></span> 
     </span>
    </p>
   </div>
   <div class='ocr_carea' id='block_1_58' title="bbox 114 4158 1691 4235">
    <p class='ocr_par' dir='ltr' id='par_1_58' title="bbox 114 4158 1691 4235">
     <span class='ocr_line' id='line_1_58' title="bbox 114 4158 1691 4235; baseline 0.011 -27"><span class='ocrx_word' id='word_1_436' title='bbox 114 4158 339 4215; x_wconf 87' lang='lat' dir='ltr'><strong>eamdem</strong></span> <span class='ocrx_word' id='word_1_437' title='bbox 371 4163 559 4230; x_wconf 87' lang='lat' dir='ltr'><strong>norit,</strong></span> <span class='ocrx_word' id='word_1_438' title='bbox 614 4173 666 4218; x_wconf 89' lang='lat' dir='ltr'><strong>et</strong></span> <span class='ocrx_word' id='word_1_439' title='bbox 699 4165 855 4233; x_wconf 87' lang='lat' dir='ltr'><strong>longe</strong></span> <span class='ocrx_word' id='word_1_440' title='bbox 884 4165 1109 4235; x_wconf 84' lang='lat' dir='ltr'><strong>rigidius</strong></span> <span class='ocrx_word' id='word_1_441' title='bbox 1133 4168 1454 4224; x_wconf 79' lang='lat' dir='ltr'><strong>defenderit.</strong></span> <span class='ocrx_word' id='word_1_442' title='bbox 1483 4171 1691 4225; x_wconf 58' lang='lat' dir='ltr'><strong>lli-ceu-</strong></span> 
     </span>
    </p>
   </div>
   <div class='ocr_carea' id='block_1_59' title="bbox 117 4247 1693 4331">
    <p class='ocr_par' dir='ltr' id='par_1_59' title="bbox 117 4247 1693 4331">
     <span class='ocr_line' id='line_1_59' title="bbox 117 4247 1693 4331; baseline 0.01 -31"><span class='ocrx_word' id='word_1_443' title='bbox 117 4247 270 4305; x_wconf 87' lang='lat' dir='ltr'><strong>liores</strong></span> <span class='ocrx_word' id='word_1_444' title='bbox 296 4253 558 4322; x_wconf 82' lang='lat' dir='ltr'><strong>Alarcon,</strong></span> <span class='ocrx_word' id='word_1_445' title='bbox 591 4253 780 4309; x_wconf 83' lang='lat' dir='ltr'><strong>llerice</strong></span> <span class='ocrx_word' id='word_1_446' title='bbox 806 4255 1005 4324; x_wconf 76' lang='lat' dir='ltr'><strong>aliique</strong></span> <span class='ocrx_word' id='word_1_447' title='bbox 1033 4259 1397 4325; x_wconf 85' lang='lat' dir='ltr'><strong>reprobationi</strong></span> <span class='ocrx_word' id='word_1_448' title='bbox 1423 4261 1497 4315; x_wconf 83' lang='lat' dir='ltr'><strong>illi</strong></span> <span class='ocrx_word' id='word_1_449' title='bbox 1532 4277 1693 4331; x_wconf 81' lang='lat' dir='ltr'><strong>nega-</strong></span> 
     </span>
    </p>
   </div>
   <div class='ocr_carea' id='block_1_60' title="bbox 114 4341 1690 4422">
    <p class='ocr_par' dir='ltr' id='par_1_60' title="bbox 114 4341 1690 4422">
     <span class='ocr_line' id='line_1_60' title="bbox 114 4341 1690 4422; baseline 0.012 -32"><span class='ocrx_word' id='word_1_450' title='bbox 114 4341 226 4393; x_wconf 72' lang='lat' dir='ltr'><strong>tivre</strong></span> <span class='ocrx_word' id='word_1_451' title='bbox 253 4352 374 4397; x_wconf 89' lang='lat' dir='ltr'><strong>ante</strong></span> <span class='ocrx_word' id='word_1_452' title='bbox 397 4346 636 4413; x_wconf 79' lang='lat' dir='ltr'><strong>praevisa</strong></span> <span class='ocrx_word' id='word_1_453' title='bbox 669 4345 930 4400; x_wconf 90' lang='lat' dir='ltr'><strong>demerita</strong></span> <span class='ocrx_word' id='word_1_454' title='bbox 953 4347 1264 4405; x_wconf 84' lang='lat' dir='ltr'><strong>Calvinismi</strong></span> <span class='ocrx_word' id='word_1_455' title='bbox 1290 4350 1559 4422; x_wconf 81' lang='lat' dir='ltr'><strong>fuliginem</strong></span> <span class='ocrx_word' id='word_1_456' title='bbox 1591 4355 1690 4409; x_wconf 91' lang='lat' dir='ltr'><strong>ob-</strong></span> 
     </span>
    </p>
   </div>
   <div class='ocr_carea' id='block_1_61' title="bbox 112 4428 1692 4511">
    <p class='ocr_par' dir='ltr' id='par_1_61' title="bbox 112 4428 1692 4511">
     <span class='ocr_line' id='line_1_61' title="bbox 112 4428 1692 4511; baseline 0.013 -28"><span class='ocrx_word' id='word_1_457' title='bbox 112 4428 324 4503; x_wconf 77' lang='lat' dir='ltr'><strong>iectant,</strong></span> <span class='ocrx_word' id='word_1_458' title='bbox 359 4441 504 4493; x_wconf 87' lang='lat' dir='ltr'><strong>unde</strong></span> <span class='ocrx_word' id='word_1_459' title='bbox 535 4452 748 4506; x_wconf 71' lang='lat' dir='ltr'><strong>magna:</strong></span> <span class='ocrx_word' id='word_1_460' title='bbox 774 4447 960 4493; x_wconf 89' lang='lat' dir='ltr'><strong>contra</strong></span> <span class='ocrx_word' id='word_1_461' title='bbox 989 4441 1135 4508; x_wconf 88' lang='lat' dir='ltr'><strong>ipsos</strong></span> <span class='ocrx_word' id='word_1_462' title='bbox 1164 4444 1397 4511; x_wconf 65' lang='lat' dir='ltr'><strong>querelae</strong></span> <span class='ocrx_word' id='word_1_463' title='bbox 1446 4443 1692 4503; x_wconf 55' lang='lat' dir='ltr'><strong>Themis-</strong></span> 
     </span>
    </p>
   </div>
   <div class='ocr_carea' id='block_1_62' title="bbox 113 4523 1686 4603">
    <p class='ocr_par' dir='ltr' id='par_1_62' title="bbox 113 4523 1686 4603">
     <span class='ocr_line' id='line_1_62' title="bbox 113 4523 1686 4603; baseline 0.011 -30"><span class='ocrx_word' id='word_1_464' title='bbox 113 4523 274 4576; x_wconf 75' lang='lat' dir='ltr'><strong>tarum</strong></span> <span class='ocrx_word' id='word_1_465' title='bbox 301 4526 679 4591; x_wconf 88' lang='lat' dir='ltr'><strong>inaudiuntur,</strong></span> <span class='ocrx_word' id='word_1_466' title='bbox 726 4527 963 4584; x_wconf 87' lang='lat' dir='ltr'><strong>Joannes</strong></span> <span class='ocrx_word' id='word_1_467' title='bbox 991 4544 1020 4583; x_wconf 88' lang='lat' dir='ltr'><strong>a</strong></span> <span class='ocrx_word' id='word_1_468' title='bbox 1051 4532 1250 4585; x_wconf 86' lang='lat' dir='ltr'><strong>Sancto</strong></span> <span class='ocrx_word' id='word_1_469' title='bbox 1280 4533 1512 4600; x_wconf 84' lang='lat' dir='ltr'><strong>Thema,</strong></span> <span class='ocrx_word' id='word_1_470' title='bbox 1549 4544 1686 4603; x_wconf 88' lang='lat' dir='ltr'><strong>part.</strong></span> 
     </span>
    </p>
   </div>
   <div class='ocr_carea' id='block_1_63' title="bbox 123 4610 1692 4694">
    <p class='ocr_par' dir='ltr' id='par_1_63' title="bbox 123 4610 1692 4694">
     <span class='ocr_line' id='line_1_63' title="bbox 123 4610 1692 4694; baseline 0.013 -34"><span class='ocrx_word' id='word_1_471' title='bbox 123 4622 154 4672; x_wconf 89' lang='lat' dir='ltr'><strong>t,</strong></span> <span class='ocrx_word' id='word_1_472' title='bbox 176 4610 307 4681; x_wconf 82' lang='lat' dir='ltr'><strong>disp.</strong></span> <span class='ocrx_word' id='word_1_473' title='bbox 337 4618 423 4679; x_wconf 77' lang='lat' dir='ltr'><strong>tt),</strong></span> <span class='ocrx_word' id='word_1_474' title='bbox 457 4619 524 4671; x_wconf 90' lang='lat' dir='ltr'><strong>de</strong></span> <span class='ocrx_word' id='word_1_475' title='bbox 557 4618 816 4684; x_wconf 73' lang='lat' dir='ltr'><strong>Rem-0b.,</strong></span> <span class='ocrx_word' id='word_1_476' title='bbox 847 4635 994 4673; x_wconf 90' lang='lat' dir='ltr'><strong>num.</strong></span> <span class='ocrx_word' id='word_1_477' title='bbox 1028 4621 1110 4682; x_wconf 73' lang='lat'><strong>19;</strong></span> <span class='ocrx_word' id='word_1_478' title='bbox 1142 4621 1376 4689; x_wconf 84' lang='lat' dir='ltr'><strong>Gonetti,</strong></span> <span class='ocrx_word' id='word_1_479' title='bbox 1403 4626 1603 4694; x_wconf 88' lang='lat' dir='ltr'><strong>disput.</strong></span> <span class='ocrx_word' id='word_1_480' title='bbox 1638 4629 1692 4691; x_wconf 79' lang='lat'><strong>5,</strong></span> 
     </span>
    </p>
   </div>
   <div class='ocr_carea' id='block_1_64' title="bbox 119 4706 1699 4786">
    <p class='ocr_par' dir='ltr' id='par_1_64' title="bbox 119 4706 1699 4786">
     <span class='ocr_line' id='line_1_64' title="bbox 119 4706 1699 4786; baseline 0.011 -34"><span class='ocrx_word' id='word_1_481' title='bbox 119 4706 238 4755; x_wconf 87' lang='lat' dir='ltr'><strong>tom.</strong></span> <span class='ocrx_word' id='word_1_482' title='bbox 269 4719 340 4772; x_wconf 78' lang='grc' dir='ltr'><strong>ιν,</strong></span> <span class='ocrx_word' id='word_1_483' title='bbox 374 4719 477 4762; x_wconf 89' lang='lat' dir='ltr'><strong>art.</strong></span> <span class='ocrx_word' id='word_1_484' title='bbox 513 4709 574 4774; x_wconf 72' lang='lat'><strong>2,</strong></span> <span class='ocrx_word' id='word_1_485' title='bbox 629 4710 657 4778; x_wconf 63' lang='grc' dir='ltr'><strong><em>ξ</em></strong></span> <span class='ocrx_word' id='word_1_486' title='bbox 692 4709 744 4761; x_wconf 83' lang='grc'><strong>5.</strong></span> <span class='ocrx_word' id='word_1_487' title='bbox 789 4710 852 4763; x_wconf 83' lang='lat' dir='ltr'><strong>Et</strong></span> <span class='ocrx_word' id='word_1_488' title='bbox 890 4720 1036 4767; x_wconf 87' lang='lat' dir='ltr'><strong>certe</strong></span> <span class='ocrx_word' id='word_1_489' title='bbox 1066 4713 1319 4770; x_wconf 83' lang='lat' dir='ltr'><strong>Calvinus</strong></span> <span class='ocrx_word' id='word_1_490' title='bbox 1359 4718 1699 4786; x_wconf 79' lang='lat' dir='ltr'><strong>reprobatio-</strong></span> 
     </span>
    </p>
   </div>
   <div class='ocr_carea' id='block_1_65' title="bbox 119 4793 1697 4873">
    <p class='ocr_par' dir='ltr' id='par_1_65' title="bbox 119 4793 1697 4873">
     <span class='ocr_line' id='line_1_65' title="bbox 119 4793 1697 4873; baseline 0.011 -24"><span class='ocrx_word' id='word_1_491' title='bbox 119 4795 226 4847; x_wconf 82' lang='lat' dir='ltr'><strong>ne&#39;m</strong></span> <span class='ocrx_word' id='word_1_492' title='bbox 273 4799 566 4867; x_wconf 82' lang='lat' dir='ltr'><strong>positivam</strong></span> <span class='ocrx_word' id='word_1_493' title='bbox 616 4811 742 4854; x_wconf 88' lang='lat' dir='ltr'><strong>ante</strong></span> <span class='ocrx_word' id='word_1_494' title='bbox 789 4793 1164 4871; x_wconf 66' lang='lat' dir='ltr'><strong>praevisionem</strong></span> <span class='ocrx_word' id='word_1_495' title='bbox 1225 4817 1559 4873; x_wconf 81' lang='lat' dir='ltr'><strong>peccatorum</strong></span> <span class='ocrx_word' id='word_1_496' title='bbox 1610 4817 1697 4866; x_wconf 82' lang='lat' dir='ltr'><strong>a&#39;s-</strong></span> 
     </span>
    </p>
   </div>
   <div class='ocr_carea' id='block_1_66' title="bbox 119 4885 1694 4969">
    <p class='ocr_par' dir='ltr' id='par_1_66' title="bbox 119 4885 1694 4969">
     <span class='ocr_line' id='line_1_66' title="bbox 119 4885 1694 4969; baseline 0.013 -34"><span class='ocrx_word' id='word_1_497' title='bbox 119 4885 300 4950; x_wconf 65' lang='lat' dir='ltr'><strong>truxit,</strong></span> <span class='ocrx_word' id='word_1_498' title='bbox 330 4889 436 4944; x_wconf 86' lang='lat' dir='ltr'><strong>imo</strong></span> <span class='ocrx_word' id='word_1_499' title='bbox 466 4893 538 4946; x_wconf 89' lang='lat' dir='ltr'><strong>ab</strong></span> <span class='ocrx_word' id='word_1_500' title='bbox 561 4890 751 4945; x_wconf 87' lang='lat' dir='ltr'><strong>eadem</strong></span> <span class='ocrx_word' id='word_1_501' title='bbox 781 4892 914 4946; x_wconf 69' lang='lat' dir='ltr'><strong>dixit</strong></span> <span class='ocrx_word' id='word_1_502' title='bbox 939 4905 1151 4961; x_wconf 83' lang='lat' dir='ltr'><strong>peccata</strong></span> <span class='ocrx_word' id='word_1_503' title='bbox 1177 4900 1409 4961; x_wconf 84' lang='lat' dir='ltr'><strong>causari,</strong></span> <span class='ocrx_word' id='word_1_504' title='bbox 1441 4909 1597 4969; x_wconf 88' lang='lat' dir='ltr'><strong>atque</strong></span> <span class='ocrx_word' id='word_1_505' title='bbox 1627 4903 1694 4956; x_wconf 90' lang='lat' dir='ltr'><strong>ad</strong></span> 
     </span>
    </p>
   </div>
   <div class='ocr_carea' id='block_1_67' title="bbox 122 4973 1698 5057">
    <p class='ocr_par' dir='ltr' id='par_1_67' title="bbox 122 4973 1698 5057">
     <span class='ocr_line' id='line_1_67' title="bbox 122 4973 1698 5057; baseline 0.015 -30"><span class='ocrx_word' id='word_1_506' title='bbox 122 4973 230 5030; x_wconf 83' lang='lat' dir='ltr'><strong>haec</strong></span> <span class='ocrx_word' id='word_1_507' title='bbox 261 4983 621 5051; x_wconf 85' lang='lat' dir='ltr'><strong>perpetranda</strong></span> <span class='ocrx_word' id='word_1_508' title='bbox 650 4983 897 5039; x_wconf 87' lang='lat' dir='ltr'><strong>homines</strong></span> <span class='ocrx_word' id='word_1_509' title='bbox 928 4987 1150 5055; x_wconf 88' lang='lat' dir='ltr'><strong>impelli,</strong></span> <span class='ocrx_word' id='word_1_510' title='bbox 1183 5004 1302 5057; x_wconf 70' lang='lat' dir='ltr'><strong>qua:</strong></span> <span class='ocrx_word' id='word_1_511' title='bbox 1347 5005 1376 5044; x_wconf 91' lang='lat' dir='ltr'><strong>a</strong></span> <span class='ocrx_word' id='word_1_512' title='bbox 1406 4991 1698 5050; x_wconf 83' lang='lat' dir='ltr'><strong>Thomistis</strong></span> 
     </span>
    </p>
   </div>
   <div class='ocr_carea' id='block_1_68' title="bbox 121 5076 1700 5148">
    <p class='ocr_par' dir='ltr' id='par_1_68' title="bbox 121 5076 1700 5148">
     <span class='ocr_line' id='line_1_68' title="bbox 121 5076 1700 5148; baseline 0.015 -31"><span class='ocrx_word' id='word_1_513' title='bbox 121 5082 218 5122; x_wconf 88' lang='lat' dir='ltr'><strong>una</strong></span> <span class='ocrx_word' id='word_1_514' title='bbox 250 5085 368 5125; x_wconf 70' lang='lat' dir='ltr'><strong>cu&#39;n</strong></span> <span class='ocrx_word' id='word_1_515' title='bbox 422 5076 652 5145; x_wconf 85' lang='lat' dir='ltr'><strong>reliquis</strong></span> <span class='ocrx_word' id='word_1_516' title='bbox 696 5076 976 5130; x_wconf 78' lang='lat' dir='ltr'><strong>catholicis</strong></span> <span class='ocrx_word' id='word_1_517' title='bbox 1001 5087 1280 5148; x_wconf 84' lang='lat' dir='ltr'><strong>negantur.</strong></span> <span class='ocrx_word' id='word_1_518' title='bbox 1324 5082 1393 5136; x_wconf 85' lang='lat' dir='ltr'><strong>At</strong></span> <span class='ocrx_word' id='word_1_519' title='bbox 1429 5097 1530 5136; x_wconf 88' lang='lat' dir='ltr'><strong>nos</strong></span> <span class='ocrx_word' id='word_1_520' title='bbox 1559 5085 1700 5140; x_wconf 85' lang='lat' dir='ltr'><strong>absit</strong></span> 
     </span>
    </p>
   </div>
   <div class='ocr_carea' id='block_1_69' title="bbox 123 5169 1694 5254">
    <p class='ocr_par' dir='ltr' id='par_1_69' title="bbox 123 5169 1694 5254">
     <span class='ocr_line' id='line_1_69' title="bbox 123 5169 1694 5254; baseline 0.013 -36"><span class='ocrx_word' id='word_1_521' title='bbox 123 5175 172 5220; x_wconf 91' lang='lat' dir='ltr'><strong>ut</strong></span> <span class='ocrx_word' id='word_1_522' title='bbox 203 5169 650 5240; x_wconf 85' lang='lat' dir='ltr'><strong>Pelagianismum</strong></span> <span class='ocrx_word' id='word_1_523' title='bbox 682 5177 1093 5244; x_wconf 78' lang='lat' dir='ltr'><strong>sapientissimis</strong></span> <span class='ocrx_word' id='word_1_524' title='bbox 1125 5180 1286 5248; x_wconf 85' lang='lat' dir='ltr'><strong>viris,</strong></span> <span class='ocrx_word' id='word_1_525' title='bbox 1320 5190 1373 5236; x_wconf 85' lang='lat' dir='ltr'><strong>et</strong></span> <span class='ocrx_word' id='word_1_526' title='bbox 1403 5182 1454 5236; x_wconf 91' lang='lat' dir='ltr'><strong>in</strong></span> <span class='ocrx_word' id='word_1_527' title='bbox 1484 5186 1694 5254; x_wconf 87' lang='lat' dir='ltr'><strong>Augus-</strong></span> 
     </span>
    </p>
   </div>
   <div class='ocr_carea' id='block_1_70' title="bbox 124 5246 1697 5340">
    <p class='ocr_par' dir='ltr' id='par_1_70' title="bbox 124 5246 1697 5340">
     <span class='ocr_line' id='line_1_70' title="bbox 124 5246 1697 5340; baseline 0.015 -28"><span class='ocrx_word' id='word_1_528' title='bbox 124 5246 226 5319; x_wconf 84' lang='lat' dir='ltr'><strong>tino</strong></span> <span class='ocrx_word' id='word_1_529' title='bbox 266 5267 613 5326; x_wconf 80' lang='lat' dir='ltr'><strong>deieudendo</strong></span> <span class='ocrx_word' id='word_1_530' title='bbox 641 5287 705 5325; x_wconf 75' lang='lat' dir='ltr'><strong>ex</strong></span> <span class='ocrx_word' id='word_1_531' title='bbox 745 5273 1048 5340; x_wconf 78' lang='lat' dir='ltr'><strong>iuramento</strong></span> <span class='ocrx_word' id='word_1_532' title='bbox 1091 5275 1500 5332; x_wconf 88' lang='lat' dir='ltr'><strong>Salmanticeusi</strong></span> <span class='ocrx_word' id='word_1_533' title='bbox 1550 5295 1697 5334; x_wconf 84' lang='lat' dir='ltr'><strong>com-</strong></span> 
     </span>
    </p>
   </div>
   <div class='ocr_carea' id='block_1_71' title="bbox 125 5363 1696 5445">
    <p class='ocr_par' dir='ltr' id='par_1_71' title="bbox 125 5363 1696 5445">
     <span class='ocr_line' id='line_1_71' title="bbox 125 5363 1696 5445; baseline 0.011 -29"><span class='ocrx_word' id='word_1_534' title='bbox 125 5363 445 5424; x_wconf 88' lang='lat' dir='ltr'><strong>militonibus</strong></span> <span class='ocrx_word' id='word_1_535' title='bbox 490 5386 557 5426; x_wconf 88' lang='lat' dir='ltr'><strong>ac</strong></span> <span class='ocrx_word' id='word_1_536' title='bbox 607 5374 804 5427; x_wconf 87' lang='lat' dir='ltr'><strong>nostris</strong></span> <span class='ocrx_word' id='word_1_537' title='bbox 860 5373 1135 5430; x_wconf 72' lang='lat' dir='ltr'><strong>imderatis</strong></span> <span class='ocrx_word' id='word_1_538' title='bbox 1184 5376 1560 5445; x_wconf 85' lang='lat' dir='ltr'><strong>imponamus;</strong></span> <span class='ocrx_word' id='word_1_539' title='bbox 1607 5379 1696 5435; x_wconf 74' lang='lat' dir='ltr'><strong>illa</strong></span> 
     </span>
    </p>
   </div>
   <div class='ocr_carea' id='block_1_72' title="bbox 125 5463 1696 5542">
    <p class='ocr_par' dir='ltr' id='par_1_72' title="bbox 125 5463 1696 5542">
     <span class='ocr_line' id='line_1_72' title="bbox 125 5463 1696 5542; baseline 0.014 -27"><span class='ocrx_word' id='word_1_540' title='bbox 125 5463 256 5518; x_wconf 88' lang='lat' dir='ltr'><strong>enim</strong></span> <span class='ocrx_word' id='word_1_541' title='bbox 301 5477 509 5524; x_wconf 87' lang='lat' dir='ltr'><strong>tantum</strong></span> <span class='ocrx_word' id='word_1_542' title='bbox 567 5470 849 5537; x_wconf 77' lang='lat' dir='ltr'><strong>diximus,</strong></span> <span class='ocrx_word' id='word_1_543' title='bbox 905 5475 1057 5542; x_wconf 89' lang='lat' dir='ltr'><strong>queis</strong></span> <span class='ocrx_word' id='word_1_544' title='bbox 1106 5474 1355 5531; x_wconf 87' lang='lat' dir='ltr'><strong>Bannesii</strong></span> <span class='ocrx_word' id='word_1_545' title='bbox 1409 5493 1696 5537; x_wconf 86' lang='lat' dir='ltr'><strong>censuram</strong></span> 
     </span>
    </p>
   </div>
   <div class='ocr_carea' id='block_1_73' title="bbox 127 5562 1697 5651">
    <p class='ocr_par' dir='ltr' id='par_1_73' title="bbox 127 5562 1697 5651">
     <span class='ocr_line' id='line_1_73' title="bbox 127 5562 1697 5651; baseline 0.014 -37"><span class='ocrx_word' id='word_1_546' title='bbox 127 5562 320 5626; x_wconf 83' lang='lat' dir='ltr'><strong>plenius</strong></span> <span class='ocrx_word' id='word_1_547' title='bbox 350 5570 780 5628; x_wconf 73' lang='lat' dir='ltr'><strong>confutaremus.</strong></span> <span class='ocrx_word' id='word_1_548' title='bbox 816 5573 931 5628; x_wconf 86' lang='lat' dir='ltr'><strong>Non</strong></span> <span class='ocrx_word' id='word_1_549' title='bbox 958 5587 1038 5630; x_wconf 89' lang='lat' dir='ltr'><strong>est</strong></span> <span class='ocrx_word' id='word_1_550' title='bbox 1077 5587 1251 5633; x_wconf 90' lang='lat' dir='ltr'><strong>tamen</strong></span> <span class='ocrx_word' id='word_1_551' title='bbox 1281 5593 1376 5634; x_wconf 90' lang='lat' dir='ltr'><strong>cur</strong></span> <span class='ocrx_word' id='word_1_552' title='bbox 1404 5580 1697 5651; x_wconf 81' lang='lat' dir='ltr'><strong>adversarii</strong></span> 
     </span>
    </p>
   </div>
   <div class='ocr_carea' id='block_1_74' title="bbox 118 5654 1698 5756">
    <p class='ocr_par' dir='ltr' id='par_1_74' title="bbox 118 5654 1698 5756">
     <span class='ocr_line' id='line_1_74' title="bbox 118 5654 1698 5756; baseline 0.014 -43"><span class='ocrx_word' id='word_1_553' title='bbox 118 5654 264 5726; x_wconf 75' lang='lat' dir='ltr'><strong>hujus</strong></span> <span class='ocrx_word' id='word_1_554' title='bbox 304 5663 539 5737; x_wconf 78' lang='lat' dir='ltr'><strong>theologi</strong></span> <span class='ocrx_word' id='word_1_555' title='bbox 580 5672 943 5728; x_wconf 81' lang='lat' dir='ltr'><strong>testiinonium</strong></span> <span class='ocrx_word' id='word_1_556' title='bbox 975 5688 1162 5730; x_wconf 85' lang='lat' dir='ltr'><strong>contra</strong></span> <span class='ocrx_word' id='word_1_557' title='bbox 1184 5672 1698 5756; x_wconf 24' lang='lat' dir='ltr'><strong>Augustinum‘pro-</strong></span> 
     </span>
    </p>
   </div>
   <div class='ocr_carea' id='block_1_75' title="bbox 117 5760 1693 5852">
    <p class='ocr_par' dir='ltr' id='par_1_75' title="bbox 117 5760 1693 5852">
     <span class='ocr_line' id='line_1_75' title="bbox 117 5760 1693 5852; baseline 0.015 -38"><span class='ocrx_word' id='word_1_558' title='bbox 117 5760 320 5829; x_wconf 86' lang='lat' dir='ltr'><strong>ducant,</strong></span> <span class='ocrx_word' id='word_1_559' title='bbox 344 5771 513 5838; x_wconf 75' lang='lat' dir='ltr'><strong>quiin</strong></span> <span class='ocrx_word' id='word_1_560' title='bbox 536 5787 566 5827; x_wconf 88' lang='lat' dir='ltr'><strong>e</strong></span> <span class='ocrx_word' id='word_1_561' title='bbox 583 5775 736 5830; x_wconf 91' lang='lat' dir='ltr'><strong>odem</strong></span> <span class='ocrx_word' id='word_1_562' title='bbox 756 5777 893 5845; x_wconf 88' lang='lat' dir='ltr'><strong>loco,</strong></span> <span class='ocrx_word' id='word_1_563' title='bbox 916 5793 1108 5849; x_wconf 88' lang='lat' dir='ltr'><strong>nempe</strong></span> <span class='ocrx_word' id='word_1_564' title='bbox 1129 5779 1353 5837; x_wconf 87' lang='lat' dir='ltr'><strong>articulo</strong></span> <span class='ocrx_word' id='word_1_565' title='bbox 1375 5782 1468 5836; x_wconf 82' lang='lat' dir='ltr'><strong>illo</strong></span> <span class='ocrx_word' id='word_1_566' title='bbox 1485 5782 1693 5852; x_wconf 86' lang='lat' dir='ltr'><strong>quinto,</strong></span> 
     </span>
    </p>
   </div>
   <div class='ocr_carea' id='block_1_76' title="bbox 1808 1969 3394 2052">
    <p class='ocr_par' dir='ltr' id='par_1_76' title="bbox 1808 1969 3394 2052">
     <span class='ocr_line' id='line_1_76' title="bbox 1808 1969 3394 2052; baseline 0.011 -27"><span class='ocrx_word' id='word_1_567' title='bbox 1808 1969 1912 2025; x_wconf 63' lang='lat'><strong>8-334</strong></span> <span class='ocrx_word' id='word_1_568' title='bbox 1944 1986 1958 2024; x_wconf 92' lang='lat'><strong>:</strong></span> <span class='ocrx_word' id='word_1_569' title='bbox 1993 1989 2012 2022; x_wconf 87' lang='grc'><strong>‹</strong></span> <span class='ocrx_word' id='word_1_570' title='bbox 2035 1971 2229 2028; x_wconf 78' lang='lat' dir='ltr'><strong>Veniat</strong></span> <span class='ocrx_word' id='word_1_571' title='bbox 2253 1990 2381 2044; x_wconf 89' lang='lat' dir='ltr'><strong>ergo</strong></span> <span class='ocrx_word' id='word_1_572' title='bbox 2404 1987 2523 2044; x_wconf 89' lang='lat' dir='ltr'><strong>post</strong></span> <span class='ocrx_word' id='word_1_573' title='bbox 2545 1978 2792 2032; x_wconf 91' lang='lat' dir='ltr'><strong>ultimum</strong></span> <span class='ocrx_word' id='word_1_574' title='bbox 2821 1990 3036 2038; x_wconf 88' lang='lat' dir='ltr'><strong>sanctus</strong></span> <span class='ocrx_word' id='word_1_575' title='bbox 3065 1985 3394 2052; x_wconf 77' lang='lat' dir='ltr'><strong>Bernartius,</strong></span> 
     </span>
    </p>
   </div>
   <div class='ocr_carea' id='block_1_77' title="bbox 1805 2060 3402 2136">
    <p class='ocr_par' dir='ltr' id='par_1_77' title="bbox 1805 2060 3402 2136">
     <span class='ocr_line' id='line_1_77' title="bbox 1805 2060 3402 2136; baseline 0.013 -23"><span class='ocrx_word' id='word_1_576' title='bbox 1805 2060 1895 2130; x_wconf 89' lang='lat' dir='ltr'><strong>qui</strong></span> <span class='ocrx_word' id='word_1_577' title='bbox 1926 2063 2191 2118; x_wconf 90' lang='lat' dir='ltr'><strong>nominari</strong></span> <span class='ocrx_word' id='word_1_578' title='bbox 2237 2064 2420 2120; x_wconf 90' lang='lat' dir='ltr'><strong>debuit</strong></span> <span class='ocrx_word' id='word_1_579' title='bbox 2457 2077 2581 2121; x_wconf 90' lang='lat' dir='ltr'><strong>ante</strong></span> <span class='ocrx_word' id='word_1_580' title='bbox 2612 2068 2865 2136; x_wconf 86' lang='lat' dir='ltr'><strong>primum.</strong></span> <span class='ocrx_word' id='word_1_581' title='bbox 2906 2090 2925 2123; x_wconf 73' lang='grc' dir='ltr'><strong><em>ι</em></strong></span> <span class='ocrx_word' id='word_1_582' title='bbox 2961 2074 3050 2129; x_wconf 87' lang='lat' dir='ltr'><strong>ille</strong></span> <span class='ocrx_word' id='word_1_583' title='bbox 3091 2090 3218 2130; x_wconf 88' lang='lat' dir='ltr'><strong>vero</strong></span> <span class='ocrx_word' id='word_1_584' title='bbox 3258 2093 3402 2133; x_wconf 56' lang='lat' dir='ltr'><strong>nuna</strong></span> 
     </span>
    </p>
   </div>
   <div class='ocr_carea' id='block_1_78' title="bbox 1803 2154 3396 2228">
    <p class='ocr_par' dir='ltr' id='par_1_78' title="bbox 1803 2154 3396 2228">
     <span class='ocr_line' id='line_1_78' title="bbox 1803 2154 3396 2228; baseline 0.013 -25"><span class='ocrx_word' id='word_1_585' title='bbox 1803 2164 1967 2218; x_wconf 87' lang='lat' dir='ltr'><strong>quam</strong></span> <span class='ocrx_word' id='word_1_586' title='bbox 1995 2161 2187 2207; x_wconf 87' lang='lat' dir='ltr'><strong>contra</strong></span> <span class='ocrx_word' id='word_1_587' title='bbox 2210 2154 2562 2224; x_wconf 87' lang='lat' dir='ltr'><strong>Augustinum</strong></span> <span class='ocrx_word' id='word_1_588' title='bbox 2586 2157 2900 2228; x_wconf 88' lang='lat' dir='ltr'><strong>descendet,</strong></span> <span class='ocrx_word' id='word_1_589' title='bbox 2923 2178 3021 2219; x_wconf 88' lang='lat' dir='ltr'><strong>nec</strong></span> <span class='ocrx_word' id='word_1_590' title='bbox 3048 2166 3094 2220; x_wconf 92' lang='lat' dir='ltr'><strong>si</strong></span> <span class='ocrx_word' id='word_1_591' title='bbox 3122 2167 3396 2223; x_wconf 87' lang='lat' dir='ltr'><strong>machinas</strong></span> 
     </span>
    </p>
   </div>
   <div class='ocr_carea' id='block_1_79' title="bbox 1803 2245 3395 2324">
    <p class='ocr_par' dir='ltr' id='par_1_79' title="bbox 1803 2245 3395 2324">
     <span class='ocr_line' id='line_1_79' title="bbox 1803 2245 3395 2324; baseline 0.014 -28"><span class='ocrx_word' id='word_1_592' title='bbox 1803 2257 1988 2299; x_wconf 82' lang='lat' dir='ltr'><strong>omnes</strong></span> <span class='ocrx_word' id='word_1_593' title='bbox 2014 2245 2366 2304; x_wconf 87' lang='lat' dir='ltr'><strong>admoveatis.</strong></span> <span class='ocrx_word' id='word_1_594' title='bbox 2393 2248 2457 2302; x_wconf 89' lang='lat' dir='ltr'><strong>At</strong></span> <span class='ocrx_word' id='word_1_595' title='bbox 2479 2250 2722 2320; x_wconf 89' lang='lat' dir='ltr'><strong>inquiunt</strong></span> <span class='ocrx_word' id='word_1_596' title='bbox 2747 2268 2762 2306; x_wconf 89' lang='lat'><strong>:</strong></span> <span class='ocrx_word' id='word_1_597' title='bbox 2791 2271 2810 2305; x_wconf 71' lang='grc' dir='ltr'><strong>ε</strong></span> <span class='ocrx_word' id='word_1_598' title='bbox 2840 2253 3000 2324; x_wconf 87' lang='lat' dir='ltr'><strong>[gitur</strong></span> <span class='ocrx_word' id='word_1_599' title='bbox 3019 2271 3236 2315; x_wconf 88' lang='lat' dir='ltr'><strong>sanctus</strong></span> <span class='ocrx_word' id='word_1_600' title='bbox 3263 2262 3395 2319; x_wconf 68' lang='lat' dir='ltr'><strong>Iter.</strong></span> 
     </span>
    </p>
   </div>
   <div class='ocr_carea' id='block_1_80' title="bbox 1802 2336 3395 2422">
    <p class='ocr_par' dir='ltr' id='par_1_80' title="bbox 1802 2336 3395 2422">
     <span class='ocr_line' id='line_1_80' title="bbox 1802 2336 3395 2422; baseline 0.013 -34"><span class='ocrx_word' id='word_1_601' title='bbox 1802 2336 2022 2401; x_wconf 86' lang='lat' dir='ltr'><strong>nardus,</strong></span> <span class='ocrx_word' id='word_1_602' title='bbox 2057 2346 2162 2392; x_wconf 90' lang='lat' dir='ltr'><strong>tam</strong></span> <span class='ocrx_word' id='word_1_603' title='bbox 2209 2339 2494 2409; x_wconf 86' lang='lat' dir='ltr'><strong>religiosus</strong></span> <span class='ocrx_word' id='word_1_604' title='bbox 2522 2345 2691 2398; x_wconf 89' lang='lat' dir='ltr'><strong>sancti</strong></span> <span class='ocrx_word' id='word_1_605' title='bbox 2725 2346 3008 2416; x_wconf 86' lang='lat' dir='ltr'><strong>Augustini</strong></span> <span class='ocrx_word' id='word_1_606' title='bbox 3050 2356 3244 2422; x_wconf 86' lang='lat' dir='ltr'><strong>cultor,</strong></span> <span class='ocrx_word' id='word_1_607' title='bbox 3287 2363 3395 2409; x_wconf 90' lang='lat' dir='ltr'><strong>tam</strong></span> 
     </span>
    </p>
   </div>
   <div class='ocr_carea' id='block_1_81' title="bbox 1801 2427 3394 2501">
    <p class='ocr_par' dir='ltr' id='par_1_81' title="bbox 1801 2427 3394 2501">
     <span class='ocr_line' id='line_1_81' title="bbox 1801 2427 3394 2501; baseline 0.013 -20"><span class='ocrx_word' id='word_1_608' title='bbox 1801 2427 2078 2483; x_wconf 88' lang='lat' dir='ltr'><strong>studiosus</strong></span> <span class='ocrx_word' id='word_1_609' title='bbox 2109 2429 2298 2496; x_wconf 89' lang='lat' dir='ltr'><strong>lector,</strong></span> <span class='ocrx_word' id='word_1_610' title='bbox 2325 2441 2430 2484; x_wconf 88' lang='lat' dir='ltr'><strong>tam</strong></span> <span class='ocrx_word' id='word_1_611' title='bbox 2459 2431 2682 2489; x_wconf 86' lang='lat' dir='ltr'><strong>idoneus</strong></span> <span class='ocrx_word' id='word_1_612' title='bbox 2703 2436 2904 2491; x_wconf 87' lang='lat' dir='ltr'><strong>arbiter</strong></span> <span class='ocrx_word' id='word_1_613' title='bbox 2931 2439 3305 2499; x_wconf 85' lang='lat' dir='ltr'><strong>ecclesiasticae</strong></span> <span class='ocrx_word' id='word_1_614' title='bbox 3331 2460 3394 2501; x_wconf 89' lang='lat' dir='ltr'><strong>ac</strong></span> 
     </span>
    </p>
   </div>
   <div class='ocr_carea' id='block_1_82' title="bbox 1801 2519 3395 2599">
    <p class='ocr_par' dir='ltr' id='par_1_82' title="bbox 1801 2519 3395 2599">
     <span class='ocr_line' id='line_1_82' title="bbox 1801 2519 3395 2599; baseline 0.013 -29"><span class='ocrx_word' id='word_1_615' title='bbox 1801 2519 2121 2573; x_wconf 88' lang='lat' dir='ltr'><strong>necessariae</strong></span> <span class='ocrx_word' id='word_1_616' title='bbox 2159 2520 2436 2588; x_wconf 66' lang='lat' dir='ltr'><strong>doctrinm,</strong></span> <span class='ocrx_word' id='word_1_617' title='bbox 2470 2524 2793 2592; x_wconf 89' lang='lat' dir='ltr'><strong>peculiarem</strong></span> <span class='ocrx_word' id='word_1_618' title='bbox 2827 2538 3003 2585; x_wconf 89' lang='lat' dir='ltr'><strong>tamen</strong></span> <span class='ocrx_word' id='word_1_619' title='bbox 3031 2532 3145 2599; x_wconf 73' lang='lat' dir='ltr'><strong>ejus</strong></span> <span class='ocrx_word' id='word_1_620' title='bbox 3175 2544 3395 2590; x_wconf 81' lang='lat' dir='ltr'><strong>senten-</strong></span> 
     </span>
    </p>
   </div>
   <div class='ocr_carea' id='block_1_83' title="bbox 1803 2607 3397 2690">
    <p class='ocr_par' dir='ltr' id='par_1_83' title="bbox 1803 2607 3397 2690">
     <span class='ocr_line' id='line_1_83' title="bbox 1803 2607 3397 2690; baseline 0.013 -31"><span class='ocrx_word' id='word_1_621' title='bbox 1803 2607 1953 2672; x_wconf 85' lang='lat' dir='ltr'><strong>tiam,</strong></span> <span class='ocrx_word' id='word_1_622' title='bbox 1971 2622 2075 2675; x_wconf 89' lang='lat' dir='ltr'><strong>qua</strong></span> <span class='ocrx_word' id='word_1_623' title='bbox 2105 2619 2519 2676; x_wconf 86' lang='lat' dir='ltr'><strong>negatsanctum</strong></span> <span class='ocrx_word' id='word_1_624' title='bbox 2535 2612 2794 2669; x_wconf 86' lang='lat' dir='ltr'><strong>Joannem</strong></span> <span class='ocrx_word' id='word_1_625' title='bbox 2814 2617 3103 2684; x_wconf 86' lang='lat' dir='ltr'><strong>Baptistam</strong></span> <span class='ocrx_word' id='word_1_626' title='bbox 3125 2623 3397 2690; x_wconf 83' lang='lat' dir='ltr'><strong>accepisse</strong></span> 
     </span>
    </p>
   </div>
   <div class='ocr_carea' id='block_1_84' title="bbox 1801 2696 3397 2780">
    <p class='ocr_par' dir='ltr' id='par_1_84' title="bbox 1801 2696 3397 2780">
     <span class='ocr_line' id='line_1_84' title="bbox 1801 2696 3397 2780; baseline 0.011 -30"><span class='ocrx_word' id='word_1_627' title='bbox 1801 2696 2012 2764; x_wconf 90' lang='lat' dir='ltr'><strong>plenam</strong></span> <span class='ocrx_word' id='word_1_628' title='bbox 2042 2697 2095 2752; x_wconf 92' lang='lat' dir='ltr'><strong>in</strong></span> <span class='ocrx_word' id='word_1_629' title='bbox 2109 2707 2260 2753; x_wconf 90' lang='lat' dir='ltr'><strong>utero</strong></span> <span class='ocrx_word' id='word_1_630' title='bbox 2275 2708 2520 2754; x_wconf 85' lang='lat' dir='ltr'><strong>materno</strong></span> <span class='ocrx_word' id='word_1_631' title='bbox 2536 2702 2972 2760; x_wconf 82' lang='lat' dir='ltr'><strong>sanctiﬁcationis</strong></span> <span class='ocrx_word' id='word_1_632' title='bbox 2997 2709 3243 2778; x_wconf 85' lang='lat' dir='ltr'><strong>gratiam,</strong></span> <span class='ocrx_word' id='word_1_633' title='bbox 3269 2713 3397 2780; x_wconf 80' lang='lat' dir='ltr'><strong>reji-</strong></span> 
     </span>
    </p>
   </div>
   <div class='ocr_carea' id='block_1_85' title="bbox 1800 2788 3395 2872">
    <p class='ocr_par' dir='ltr' id='par_1_85' title="bbox 1800 2788 3395 2872">
     <span class='ocr_line' id='line_1_85' title="bbox 1800 2788 3395 2872; baseline 0.01 -30"><span class='ocrx_word' id='word_1_634' title='bbox 1800 2788 1870 2842; x_wconf 90' lang='lat' dir='ltr'><strong>cit</strong></span> <span class='ocrx_word' id='word_1_635' title='bbox 1892 2790 1944 2842; x_wconf 91' lang='lat' dir='ltr'><strong>in</strong></span> <span class='ocrx_word' id='word_1_636' title='bbox 1962 2790 2190 2858; x_wconf 88' lang='lat' dir='ltr'><strong>epistola</strong></span> <span class='ocrx_word' id='word_1_637' title='bbox 2215 2791 2280 2845; x_wconf 90' lang='lat' dir='ltr'><strong>ad</strong></span> <span class='ocrx_word' id='word_1_638' title='bbox 2302 2790 2592 2848; x_wconf 81' lang='lat' dir='ltr'><strong>canenicos</strong></span> <span class='ocrx_word' id='word_1_639' title='bbox 2615 2793 3021 2864; x_wconf 83' lang='lat' dir='ltr'><strong>Lugdunenses,</strong></span> <span class='ocrx_word' id='word_1_640' title='bbox 3046 2809 3101 2854; x_wconf 90' lang='lat' dir='ltr'><strong>et</strong></span> <span class='ocrx_word' id='word_1_641' title='bbox 3129 2803 3395 2872; x_wconf 88' lang='lat' dir='ltr'><strong>principio</strong></span> 
     </span>
    </p>
   </div>
   <div class='ocr_carea' id='block_1_86' title="bbox 1799 2880 3395 2953">
    <p class='ocr_par' dir='ltr' id='par_1_86' title="bbox 1799 2880 3395 2953">
     <span class='ocr_line' id='line_1_86' title="bbox 1799 2880 3395 2953; baseline 0.013 -23"><span class='ocrx_word' id='word_1_642' title='bbox 1799 2892 1905 2945; x_wconf 90' lang='lat' dir='ltr'><strong>quo</strong></span> <span class='ocrx_word' id='word_1_643' title='bbox 1935 2880 2201 2935; x_wconf 85' lang='lat' dir='ltr'><strong>nitebatur</strong></span> <span class='ocrx_word' id='word_1_644' title='bbox 2226 2883 2572 2951; x_wconf 70' lang='lat' dir='ltr'><strong>Augusﬁnus,</strong></span> <span class='ocrx_word' id='word_1_645' title='bbox 2596 2886 2736 2953; x_wconf 92' lang='lat' dir='ltr'><strong>quod</strong></span> <span class='ocrx_word' id='word_1_646' title='bbox 2762 2888 2966 2944; x_wconf 88' lang='lat' dir='ltr'><strong>scilicet</strong></span> <span class='ocrx_word' id='word_1_647' title='bbox 2994 2907 3151 2946; x_wconf 87' lang='lat' dir='ltr'><strong>nemo</strong></span> <span class='ocrx_word' id='word_1_648' title='bbox 3175 2906 3395 2952; x_wconf 87' lang='lat' dir='ltr'><strong>renatus</strong></span> 
     </span>
    </p>
   </div>
   <div class='ocr_carea' id='block_1_87' title="bbox 1799 2968 3394 3053">
    <p class='ocr_par' dir='ltr' id='par_1_87' title="bbox 1799 2968 3394 3053">
     <span class='ocr_line' id='line_1_87' title="bbox 1799 2968 3394 3053; baseline 0.013 -34"><span class='ocrx_word' id='word_1_649' title='bbox 1799 2968 1901 3023; x_wconf 92' lang='lat' dir='ltr'><strong>dici</strong></span> <span class='ocrx_word' id='word_1_650' title='bbox 1918 2969 2084 3037; x_wconf 90' lang='lat' dir='ltr'><strong>possit</strong></span> <span class='ocrx_word' id='word_1_651' title='bbox 2097 2971 2402 3041; x_wconf 83' lang='lat' dir='ltr'><strong>priusquam</strong></span> <span class='ocrx_word' id='word_1_652' title='bbox 2419 2982 2593 3038; x_wconf 88' lang='lat' dir='ltr'><strong>natus,</strong></span> <span class='ocrx_word' id='word_1_653' title='bbox 2607 2976 2933 3032; x_wconf 88' lang='lat' dir='ltr'><strong>contrarium</strong></span> <span class='ocrx_word' id='word_1_654' title='bbox 2951 2981 3191 3049; x_wconf 83' lang='lat' dir='ltr'><strong>opponit,</strong></span> <span class='ocrx_word' id='word_1_655' title='bbox 3209 2984 3394 3053; x_wconf 78' lang='lat' dir='ltr'><strong>aitque</strong></span> 
     </span>
    </p>
   </div>
   <div class='ocr_carea' id='block_1_88' title="bbox 1799 3060 3386 3138">
    <p class='ocr_par' dir='ltr' id='par_1_88' title="bbox 1799 3060 3386 3138">
     <span class='ocr_line' id='line_1_88' title="bbox 1799 3060 3386 3138; baseline 0.011 -29"><span class='ocrx_word' id='word_1_656' title='bbox 1799 3071 1957 3126; x_wconf 85' lang='lat' dir='ltr'><strong>posse</strong></span> <span class='ocrx_word' id='word_1_657' title='bbox 2003 3060 2232 3129; x_wconf 87' lang='lat' dir='ltr'><strong>aliquem</strong></span> <span class='ocrx_word' id='word_1_658' title='bbox 2266 3062 2414 3131; x_wconf 90' lang='lat' dir='ltr'><strong>prius</strong></span> <span class='ocrx_word' id='word_1_659' title='bbox 2460 3071 2705 3119; x_wconf 88' lang='lat' dir='ltr'><strong>sanctum</strong></span> <span class='ocrx_word' id='word_1_660' title='bbox 2756 3081 2876 3121; x_wconf 89' lang='lat' dir='ltr'><strong>esse</strong></span> <span class='ocrx_word' id='word_1_661' title='bbox 2919 3084 3079 3138; x_wconf 89' lang='lat' dir='ltr'><strong>quam</strong></span> <span class='ocrx_word' id='word_1_662' title='bbox 3112 3082 3316 3129; x_wconf 87' lang='lat' dir='ltr'><strong>natum.</strong></span> <span class='ocrx_word' id='word_1_663' title='bbox 3365 3093 3386 3126; x_wconf 72' lang='grc' dir='ltr'><strong><em>ι</em></strong></span> 
     </span>
    </p>
   </div>
   <div class='ocr_carea' id='block_1_89' title="bbox 1801 3147 3395 3228">
    <p class='ocr_par' dir='ltr' id='par_1_89' title="bbox 1801 3147 3395 3228">
     <span class='ocr_line' id='line_1_89' title="bbox 1801 3147 3395 3228; baseline 0.013 -28"><span class='ocrx_word' id='word_1_664' title='bbox 1801 3147 1937 3201; x_wconf 92' lang='lat' dir='ltr'><strong>Cum</strong></span> <span class='ocrx_word' id='word_1_665' title='bbox 1969 3163 2096 3204; x_wconf 90' lang='lat' dir='ltr'><strong>vero</strong></span> <span class='ocrx_word' id='word_1_666' title='bbox 2127 3151 2302 3206; x_wconf 80' lang='lat' dir='ltr'><strong>sciant</strong></span> <span class='ocrx_word' id='word_1_667' title='bbox 2327 3152 2683 3222; x_wconf 86' lang='lat' dir='ltr'><strong>Augustinum</strong></span> <span class='ocrx_word' id='word_1_668' title='bbox 2709 3157 3030 3228; x_wconf 88' lang='lat' dir='ltr'><strong>quandoque</strong></span> <span class='ocrx_word' id='word_1_669' title='bbox 3057 3176 3090 3215; x_wconf 87' lang='lat' dir='ltr'><strong>a</strong></span> <span class='ocrx_word' id='word_1_670' title='bbox 3119 3163 3395 3220; x_wconf 88' lang='lat' dir='ltr'><strong>Bernardo</strong></span> 
     </span>
    </p>
   </div>
   <div class='ocr_carea' id='block_1_90' title="bbox 1725 3233 3398 3325">
    <p class='ocr_par' dir='ltr' id='par_1_90' title="bbox 1725 3233 3398 3325">
     <span class='ocr_line' id='line_1_90' title="bbox 1725 3233 3398 3325; baseline 0.01 -31"><span class='ocrx_word' id='word_1_671' title='bbox 1725 3233 1769 3294; x_wconf 91' lang='lat' dir='ltr'><strong>C</strong></span> <span class='ocrx_word' id='word_1_672' title='bbox 1801 3239 2126 3307; x_wconf 90' lang='lat' dir='ltr'><strong>appellatum</strong></span> <span class='ocrx_word' id='word_1_673' title='bbox 2141 3241 2534 3298; x_wconf 77' lang='lat' dir='ltr'><strong>validissimum</strong></span> <span class='ocrx_word' id='word_1_674' title='bbox 2555 3246 2806 3300; x_wconf 89' lang='lat' dir='ltr'><strong>malleum</strong></span> <span class='ocrx_word' id='word_1_675' title='bbox 2829 3248 3398 3325; x_wconf 65' lang='lat' dir='ltr'><strong>haereticorum,atque</strong></span> 
     </span>
    </p>
   </div>
   <div class='ocr_carea' id='block_1_91' title="bbox 1797 3330 3395 3409">
    <p class='ocr_par' dir='ltr' id='par_1_91' title="bbox 1797 3330 3395 3409">
     <span class='ocr_line' id='line_1_91' title="bbox 1797 3330 3395 3409; baseline 0.014 -29"><span class='ocrx_word' id='word_1_676' title='bbox 1797 3330 2080 3386; x_wconf 66' lang='lat' dir='ltr'><strong>catholicae</strong></span> <span class='ocrx_word' id='word_1_677' title='bbox 2109 3330 2385 3402; x_wconf 86' lang='lat' dir='ltr'><strong>religionis</strong></span> <span class='ocrx_word' id='word_1_678' title='bbox 2413 3335 2740 3402; x_wconf 90' lang='lat' dir='ltr'><strong>columnam,</strong></span> <span class='ocrx_word' id='word_1_679' title='bbox 2766 3340 2917 3407; x_wconf 77' lang='lat' dir='ltr'><strong>quasi</strong></span> <span class='ocrx_word' id='word_1_680' title='bbox 2963 3357 3060 3409; x_wconf 80' lang='lat' dir='ltr'><strong>per</strong></span> <span class='ocrx_word' id='word_1_681' title='bbox 3099 3345 3265 3400; x_wconf 90' lang='lat' dir='ltr'><strong>risum</strong></span> <span class='ocrx_word' id='word_1_682' title='bbox 3318 3346 3395 3402; x_wconf 78' lang='lat' dir='ltr'><strong>ita</strong></span> 
     </span>
    </p>
   </div>
   <div class='ocr_carea' id='block_1_92' title="bbox 1797 3421 3396 3498">
    <p class='ocr_par' dir='ltr' id='par_1_92' title="bbox 1797 3421 3396 3498">
     <span class='ocr_line' id='line_1_92' title="bbox 1797 3421 3396 3498; baseline 0.013 -26"><span class='ocrx_word' id='word_1_683' title='bbox 1797 3421 2168 3476; x_wconf 84' lang='lat' dir='ltr'><strong>concludunt:</strong></span> <span class='ocrx_word' id='word_1_684' title='bbox 2198 3440 2217 3474; x_wconf 87' lang='grc'><em>‹</em></span> <span class='ocrx_word' id='word_1_685' title='bbox 2254 3423 2478 3479; x_wconf 89' lang='lat' dir='ltr'><strong>Constat</strong></span> <span class='ocrx_word' id='word_1_686' title='bbox 2499 3440 2626 3495; x_wconf 89' lang='lat' dir='ltr'><strong>ergo</strong></span> <span class='ocrx_word' id='word_1_687' title='bbox 2652 3431 2901 3498; x_wconf 76' lang='lat' dir='ltr'><strong>exemplo</strong></span> <span class='ocrx_word' id='word_1_688' title='bbox 2929 3434 3100 3487; x_wconf 87' lang='lat' dir='ltr'><strong>sancti</strong></span> <span class='ocrx_word' id='word_1_689' title='bbox 3135 3437 3396 3492; x_wconf 83' lang='lat' dir='ltr'><strong>Bernardi</strong></span> 
     </span>
    </p>
   </div>
   <div class='ocr_carea' id='block_1_93' title="bbox 1797 3511 3394 3590">
    <p class='ocr_par' dir='ltr' id='par_1_93' title="bbox 1797 3511 3394 3590">
     <span class='ocr_line' id='line_1_93' title="bbox 1797 3511 3394 3590; baseline 0.014 -28"><span class='ocrx_word' id='word_1_690' title='bbox 1797 3511 1933 3564; x_wconf 80' lang='lat' dir='ltr'><strong>tales</strong></span> <span class='ocrx_word' id='word_1_691' title='bbox 1963 3526 2083 3567; x_wconf 89' lang='lat' dir='ltr'><strong>esse</strong></span> <span class='ocrx_word' id='word_1_692' title='bbox 2112 3527 2246 3582; x_wconf 89' lang='lat' dir='ltr'><strong>quas</strong></span> <span class='ocrx_word' id='word_1_693' title='bbox 2272 3515 2482 3571; x_wconf 82' lang='lat' dir='ltr'><strong>dixerat</strong></span> <span class='ocrx_word' id='word_1_694' title='bbox 2527 3516 2661 3573; x_wconf 83' lang='lat' dir='ltr'><strong>duas</strong></span> <span class='ocrx_word' id='word_1_695' title='bbox 2708 3520 2826 3573; x_wconf 81' lang='lat' dir='ltr'><strong>illas</strong></span> <span class='ocrx_word' id='word_1_696' title='bbox 2855 3523 3156 3590; x_wconf 89' lang='lat' dir='ltr'><strong>columnas,</strong></span> <span class='ocrx_word' id='word_1_697' title='bbox 3180 3538 3238 3582; x_wconf 91' lang='lat' dir='ltr'><strong>ut</strong></span> <span class='ocrx_word' id='word_1_698' title='bbox 3285 3546 3394 3585; x_wconf 89' lang='lat' dir='ltr'><strong>non</strong></span> 
     </span>
    </p>
   </div>
   <div class='ocr_carea' id='block_1_94' title="bbox 1796 3599 3397 3672">
    <p class='ocr_par' dir='ltr' id='par_1_94' title="bbox 1796 3599 3397 3672">
     <span class='ocr_line' id='line_1_94' title="bbox 1796 3599 3397 3672; baseline 0.013 -20"><span class='ocrx_word' id='word_1_699' title='bbox 1796 3599 1869 3653; x_wconf 90' lang='lat' dir='ltr'><strong>sit</strong></span> <span class='ocrx_word' id='word_1_700' title='bbox 1889 3602 2200 3656; x_wconf 89' lang='lat' dir='ltr'><strong>necessario</strong></span> <span class='ocrx_word' id='word_1_701' title='bbox 2231 3603 2545 3670; x_wconf 87' lang='lat' dir='ltr'><strong>timendum,</strong></span> <span class='ocrx_word' id='word_1_702' title='bbox 2577 3607 2618 3660; x_wconf 94' lang='lat' dir='ltr'><strong>si</strong></span> <span class='ocrx_word' id='word_1_703' title='bbox 2642 3606 2762 3672; x_wconf 89' lang='lat' dir='ltr'><strong>quis</strong></span> <span class='ocrx_word' id='word_1_704' title='bbox 2792 3610 2866 3664; x_wconf 84' lang='lat' dir='ltr'><strong>ita</strong></span> <span class='ocrx_word' id='word_1_705' title='bbox 2892 3612 3176 3670; x_wconf 82' lang='lat' dir='ltr'><strong>divellatur</strong></span> <span class='ocrx_word' id='word_1_706' title='bbox 3197 3617 3264 3672; x_wconf 90' lang='lat' dir='ltr'><strong>ab</strong></span> <span class='ocrx_word' id='word_1_707' title='bbox 3282 3619 3397 3672; x_wconf 88' lang='lat' dir='ltr'><strong>Au-</strong></span> 
     </span>
    </p>
   </div>
   <div class='ocr_carea' id='block_1_95' title="bbox 1796 3689 3394 3765">
    <p class='ocr_par' dir='ltr' id='par_1_95' title="bbox 1796 3689 3394 3765">
     <span class='ocr_line' id='line_1_95' title="bbox 1796 3689 3394 3765; baseline 0.014 -24"><span class='ocrx_word' id='word_1_708' title='bbox 1796 3689 2032 3755; x_wconf 87' lang='lat' dir='ltr'><strong>gustino,</strong></span> <span class='ocrx_word' id='word_1_709' title='bbox 2063 3699 2120 3743; x_wconf 90' lang='lat' dir='ltr'><strong>ut</strong></span> <span class='ocrx_word' id='word_1_710' title='bbox 2149 3699 2328 3746; x_wconf 90' lang='lat' dir='ltr'><strong>tamen</strong></span> <span class='ocrx_word' id='word_1_711' title='bbox 2373 3693 2632 3749; x_wconf 90' lang='lat' dir='ltr'><strong>innitatur</strong></span> <span class='ocrx_word' id='word_1_712' title='bbox 2660 3697 2968 3765; x_wconf 80' lang='lat' dir='ltr'><strong>Ambrosio,</strong></span> <span class='ocrx_word' id='word_1_713' title='bbox 3010 3701 3172 3758; x_wconf 86' lang='lat' dir='ltr'><strong>etiam</strong></span> <span class='ocrx_word' id='word_1_714' title='bbox 3222 3707 3274 3761; x_wconf 90' lang='lat' dir='ltr'><strong>in</strong></span> <span class='ocrx_word' id='word_1_715' title='bbox 3325 3707 3394 3764; x_wconf 91' lang='lat' dir='ltr'><strong>iis</strong></span> 
     </span>
    </p>
   </div>
   <div class='ocr_carea' id='block_1_96' title="bbox 1796 3783 3388 3870">
    <p class='ocr_par' dir='ltr' id='par_1_96' title="bbox 1796 3783 3388 3870">
     <span class='ocr_line' id='line_1_96' title="bbox 1796 3783 3388 3870; baseline 0.015 -37"><span class='ocrx_word' id='word_1_716' title='bbox 1796 3796 1914 3850; x_wconf 74' lang='lat' dir='ltr'><strong>quae</strong></span> <span class='ocrx_word' id='word_1_717' title='bbox 1945 3792 2133 3838; x_wconf 89' lang='lat' dir='ltr'><strong>contra</strong></span> <span class='ocrx_word' id='word_1_718' title='bbox 2165 3783 2478 3856; x_wconf 85' lang='lat' dir='ltr'><strong>Pelagianos</strong></span> <span class='ocrx_word' id='word_1_719' title='bbox 2507 3787 2838 3859; x_wconf 87' lang='lat' dir='ltr'><strong>Augustinus</strong></span> <span class='ocrx_word' id='word_1_720' title='bbox 2866 3793 3177 3863; x_wconf 77' lang='lat' dir='ltr'><strong>diSputavit,</strong></span> <span class='ocrx_word' id='word_1_721' title='bbox 3211 3815 3388 3870; x_wconf 88' lang='lat' dir='ltr'><strong>neque</strong></span> 
     </span>
    </p>
   </div>
   <div class='ocr_carea' id='block_1_97' title="bbox 1795 3870 3393 3949">
    <p class='ocr_par' dir='ltr' id='par_1_97' title="bbox 1795 3870 3393 3949">
     <span class='ocr_line' id='line_1_97' title="bbox 1795 3870 3393 3949; baseline 0.016 -26"><span class='ocrx_word' id='word_1_722' title='bbox 1795 3870 2000 3925; x_wconf 88' lang='lat' dir='ltr'><strong>nullum</strong></span> <span class='ocrx_word' id='word_1_723' title='bbox 2031 3872 2199 3928; x_wconf 90' lang='lat' dir='ltr'><strong>videri</strong></span> <span class='ocrx_word' id='word_1_724' title='bbox 2231 3890 2386 3943; x_wconf 90' lang='lat' dir='ltr'><strong>posse</strong></span> <span class='ocrx_word' id='word_1_725' title='bbox 2423 3878 2710 3949; x_wconf 86' lang='lat' dir='ltr'><strong>aliquando</strong></span> <span class='ocrx_word' id='word_1_726' title='bbox 2739 3882 3059 3942; x_wconf 87' lang='lat' dir='ltr'><strong>validissimi</strong></span> <span class='ocrx_word' id='word_1_727' title='bbox 3107 3888 3393 3948; x_wconf 65' lang='lat' dir='ltr'><strong>haeretico-</strong></span> 
     </span>
    </p>
   </div>
   <div class='ocr_carea' id='block_1_98' title="bbox 1795 3965 2972 4032">
    <p class='ocr_par' dir='ltr' id='par_1_98' title="bbox 1795 3965 2972 4032">
     <span class='ocr_line' id='line_1_98' title="bbox 1795 3965 2972 4032; baseline 0.014 -17"><span class='ocrx_word' id='word_1_728' title='bbox 1795 3978 1912 4016; x_wconf 91' lang='lat' dir='ltr'><strong>rum</strong></span> <span class='ocrx_word' id='word_1_729' title='bbox 1943 3965 2117 4019; x_wconf 74' lang='lat' dir='ltr'><strong>ma&#39;lei</strong></span> <span class='ocrx_word' id='word_1_730' title='bbox 2146 3967 2410 4024; x_wconf 88' lang='lat' dir='ltr'><strong>incertum</strong></span> <span class='ocrx_word' id='word_1_731' title='bbox 2444 3970 2629 4028; x_wconf 87' lang='lat' dir='ltr'><strong>ictum.</strong></span> <span class='ocrx_word' id='word_1_732' title='bbox 2671 3990 2690 4024; x_wconf 71' lang='grc' dir='ltr'><strong>ι</strong></span> <span class='ocrx_word' id='word_1_733' title='bbox 2725 3974 2850 4028; x_wconf 74' lang='lat' dir='ltr'><strong>litec</strong></span> <span class='ocrx_word' id='word_1_734' title='bbox 2878 3976 2972 4032; x_wconf 93' lang='lat' dir='ltr'><strong>illi.</strong></span> 
     </span>
    </p>
   </div>
   <div class='ocr_carea' id='block_1_99' title="bbox 1869 4056 3392 4135">
    <p class='ocr_par' dir='ltr' id='par_1_99' title="bbox 1869 4056 3392 4135">
     <span class='ocr_line' id='line_1_99' title="bbox 1869 4056 3392 4135; baseline 0.018 -27"><span class='ocrx_word' id='word_1_735' title='bbox 1869 4056 2121 4113; x_wconf 86' lang='lat' dir='ltr'><strong>Fatemur</strong></span> <span class='ocrx_word' id='word_1_736' title='bbox 2153 4060 2529 4127; x_wconf 85' lang='lat' dir='ltr'><strong>particularem</strong></span> <span class='ocrx_word' id='word_1_737' title='bbox 2564 4065 2726 4121; x_wconf 68' lang='lat' dir='ltr'><strong>fuisse</strong></span> <span class='ocrx_word' id='word_1_738' title='bbox 2771 4071 2944 4125; x_wconf 88' lang='lat' dir='ltr'><strong>sancti</strong></span> <span class='ocrx_word' id='word_1_739' title='bbox 2980 4070 3216 4132; x_wconf 87' lang='lat' dir='ltr'><strong>doctoris</strong></span> <span class='ocrx_word' id='word_1_740' title='bbox 3267 4093 3392 4135; x_wconf 90' lang='lat' dir='ltr'><strong>sen-</strong></span> 
     </span>
    </p>
   </div>
   <div class='ocr_carea' id='block_1_100' title="bbox 1741 4149 3392 4235">
    <p class='ocr_par' dir='ltr' id='par_1_100' title="bbox 1741 4149 3392 4235">
     <span class='ocr_line' id='line_1_100' title="bbox 1741 4149 3392 4235; baseline 0.017 -37"><span class='ocrx_word' id='word_1_741' title='bbox 1741 4196 1744 4198; x_wconf 14' lang='lat' dir='ltr'><strong>t</strong></span> <span class='ocrx_word' id='word_1_742' title='bbox 1795 4149 2022 4203; x_wconf 79' lang='lat' dir='ltr'><strong>tentiam</strong></span> <span class='ocrx_word' id='word_1_743' title='bbox 2053 4149 2310 4206; x_wconf 86' lang='lat' dir='ltr'><strong>adversus</strong></span> <span class='ocrx_word' id='word_1_744' title='bbox 2339 4152 2653 4223; x_wconf 88' lang='lat' dir='ltr'><strong>Pelagianos</strong></span> <span class='ocrx_word' id='word_1_745' title='bbox 2682 4157 2749 4212; x_wconf 87' lang='lat' dir='ltr'><strong>de</strong></span> <span class='ocrx_word' id='word_1_746' title='bbox 2780 4170 2997 4228; x_wconf 88' lang='lat' dir='ltr'><strong>peccato</strong></span> <span class='ocrx_word' id='word_1_747' title='bbox 3018 4165 3258 4235; x_wconf 87' lang='lat' dir='ltr'><strong>originali</strong></span> <span class='ocrx_word' id='word_1_748' title='bbox 3288 4170 3392 4225; x_wconf 77' lang='lat' dir='ltr'><strong>dis-</strong></span> 
     </span>
    </p>
   </div>
   <div class='ocr_carea' id='block_1_101' title="bbox 1796 4239 3392 4319">
    <p class='ocr_par' dir='ltr' id='par_1_101' title="bbox 1796 4239 3392 4319">
     <span class='ocr_line' id='line_1_101' title="bbox 1796 4239 3392 4319; baseline 0.016 -29"><span class='ocrx_word' id='word_1_749' title='bbox 1796 4239 2056 4306; x_wconf 83' lang='lat' dir='ltr'><strong>putantis,</strong></span> <span class='ocrx_word' id='word_1_750' title='bbox 2089 4241 2378 4297; x_wconf 88' lang='lat' dir='ltr'><strong>Jeremiam</strong></span> <span class='ocrx_word' id='word_1_751' title='bbox 2403 4257 2467 4298; x_wconf 86' lang='lat' dir='ltr'><strong>ac</strong></span> <span class='ocrx_word' id='word_1_752' title='bbox 2487 4246 2748 4302; x_wconf 82' lang='lat' dir='ltr'><strong>Joannem</strong></span> <span class='ocrx_word' id='word_1_753' title='bbox 2781 4251 3075 4319; x_wconf 84' lang='lat' dir='ltr'><strong>Baptistam</strong></span> <span class='ocrx_word' id='word_1_754' title='bbox 3104 4271 3208 4311; x_wconf 88' lang='lat' dir='ltr'><strong>non</strong></span> <span class='ocrx_word' id='word_1_755' title='bbox 3223 4259 3392 4316; x_wconf 82' lang='lat' dir='ltr'><strong>fuisse</strong></span> 
     </span>
    </p>
   </div>
   <div class='ocr_carea' id='block_1_102' title="bbox 1795 4327 3391 4418">
    <p class='ocr_par' dir='ltr' id='par_1_102' title="bbox 1795 4327 3391 4418">
     <span class='ocr_line' id='line_1_102' title="bbox 1795 4327 3391 4418; baseline 0.014 -38"><span class='ocrx_word' id='word_1_756' title='bbox 1795 4327 1957 4395; x_wconf 88' lang='lat' dir='ltr'><strong>plene</strong></span> <span class='ocrx_word' id='word_1_757' title='bbox 1985 4343 2014 4381; x_wconf 87' lang='lat' dir='ltr'><strong>a</strong></span> <span class='ocrx_word' id='word_1_758' title='bbox 2046 4340 2270 4398; x_wconf 86' lang='lat' dir='ltr'><strong>peccato</strong></span> <span class='ocrx_word' id='word_1_759' title='bbox 2300 4333 2543 4403; x_wconf 88' lang='lat' dir='ltr'><strong>originali</strong></span> <span class='ocrx_word' id='word_1_760' title='bbox 2588 4336 2639 4391; x_wconf 92' lang='lat' dir='ltr'><strong>in</strong></span> <span class='ocrx_word' id='word_1_761' title='bbox 2672 4341 2835 4394; x_wconf 91' lang='lat' dir='ltr'><strong>uteris</strong></span> <span class='ocrx_word' id='word_1_762' title='bbox 2865 4352 3094 4398; x_wconf 87' lang='lat' dir='ltr'><strong>matrum</strong></span> <span class='ocrx_word' id='word_1_763' title='bbox 3139 4360 3234 4412; x_wconf 88' lang='lat' dir='ltr'><strong>per</strong></span> <span class='ocrx_word' id='word_1_764' title='bbox 3261 4363 3391 4418; x_wconf 83' lang='lat' dir='ltr'><strong>gra-</strong></span> 
     </span>
    </p>
   </div>
   <div class='ocr_carea' id='block_1_103' title="bbox 1795 4418 3391 4502">
    <p class='ocr_par' dir='ltr' id='par_1_103' title="bbox 1795 4418 3391 4502">
     <span class='ocr_line' id='line_1_103' title="bbox 1795 4418 3391 4502; baseline 0.015 -32"><span class='ocrx_word' id='word_1_765' title='bbox 1795 4418 1919 4472; x_wconf 87' lang='lat' dir='ltr'><strong>tiam</strong></span> <span class='ocrx_word' id='word_1_766' title='bbox 1945 4421 2366 4478; x_wconf 87' lang='lat' dir='ltr'><strong>sanctilicantem</strong></span> <span class='ocrx_word' id='word_1_767' title='bbox 2397 4425 2670 4483; x_wconf 87' lang='lat' dir='ltr'><strong>liberatos.</strong></span> <span class='ocrx_word' id='word_1_768' title='bbox 2706 4429 2816 4485; x_wconf 80' lang='lat' dir='ltr'><strong>Hoc</strong></span> <span class='ocrx_word' id='word_1_769' title='bbox 2833 4431 3015 4488; x_wconf 90' lang='lat' dir='ltr'><strong>docuit</strong></span> <span class='ocrx_word' id='word_1_770' title='bbox 3035 4434 3191 4502; x_wconf 89' lang='lat' dir='ltr'><strong>epist.</strong></span> <span class='ocrx_word' id='word_1_771' title='bbox 3226 4435 3294 4488; x_wconf 82' lang='lat'><strong>57</strong></span> <span class='ocrx_word' id='word_1_772' title='bbox 3317 4437 3391 4494; x_wconf 87' lang='lat' dir='ltr'><strong>ad</strong></span> 
     </span>
    </p>
   </div>
   <div class='ocr_carea' id='block_1_104' title="bbox 1797 4506 3392 4596">
    <p class='ocr_par' dir='ltr' id='par_1_104' title="bbox 1797 4506 3392 4596">
     <span class='ocr_line' id='line_1_104' title="bbox 1797 4506 3392 4596; baseline 0.014 -37"><span class='ocrx_word' id='word_1_773' title='bbox 1797 4506 2122 4573; x_wconf 86' lang='lat' dir='ltr'><strong>Dardanum,</strong></span> <span class='ocrx_word' id='word_1_774' title='bbox 2144 4520 2195 4565; x_wconf 89' lang='lat' dir='ltr'><strong>et</strong></span> <span class='ocrx_word' id='word_1_775' title='bbox 2239 4512 2328 4567; x_wconf 90' lang='lat' dir='ltr'><strong>lib.</strong></span> <span class='ocrx_word' id='word_1_776' title='bbox 2357 4529 2409 4568; x_wconf 86' lang='lat' dir='ltr'><strong>tv</strong></span> <span class='ocrx_word' id='word_1_777' title='bbox 2438 4525 2623 4572; x_wconf 87' lang='lat' dir='ltr'><strong>contra</strong></span> <span class='ocrx_word' id='word_1_778' title='bbox 2653 4519 2784 4586; x_wconf 93' lang='lat' dir='ltr'><strong>Jul.,</strong></span> <span class='ocrx_word' id='word_1_779' title='bbox 2827 4521 3016 4590; x_wconf 88' lang='lat' dir='ltr'><strong>Operis</strong></span> <span class='ocrx_word' id='word_1_780' title='bbox 3038 4524 3392 4596; x_wconf 73' lang='lat' dir='ltr'><strong>imperi.cap.-</strong></span> 
     </span>
    </p>
   </div>
   <div class='ocr_carea' id='block_1_105' title="bbox 1806 4598 3389 4688">
    <p class='ocr_par' dir='ltr' id='par_1_105' title="bbox 1806 4598 3389 4688">
     <span class='ocr_line' id='line_1_105' title="bbox 1806 4598 3389 4688; baseline 0.014 -35"><span class='ocrx_word' id='word_1_781' title='bbox 1806 4598 1926 4665; x_wconf 80' lang='grc'><strong>155,</strong></span> <span class='ocrx_word' id='word_1_782' title='bbox 1960 4603 2049 4656; x_wconf 89' lang='lat' dir='ltr'><strong>ubi</strong></span> <span class='ocrx_word' id='word_1_783' title='bbox 2080 4604 2152 4658; x_wconf 90' lang='lat' dir='ltr'><strong>ait</strong></span> <span class='ocrx_word' id='word_1_784' title='bbox 2185 4622 2198 4656; x_wconf 92' lang='lat'>:</span> <span class='ocrx_word' id='word_1_785' title='bbox 2237 4623 2254 4657; x_wconf 75' lang='grc' dir='ltr'>ι</span> <span class='ocrx_word' id='word_1_786' title='bbox 2293 4605 2425 4673; x_wconf 89' lang='lat' dir='ltr'><strong>Quia</strong></span> <span class='ocrx_word' id='word_1_787' title='bbox 2456 4618 2510 4663; x_wconf 86' lang='lat' dir='ltr'><strong>et.</strong></span> <span class='ocrx_word' id='word_1_788' title='bbox 2539 4610 2804 4667; x_wconf 89' lang='lat' dir='ltr'><strong>Jeremias</strong></span> <span class='ocrx_word' id='word_1_789' title='bbox 2832 4626 2885 4668; x_wconf 90' lang='lat' dir='ltr'><strong>et</strong></span> <span class='ocrx_word' id='word_1_790' title='bbox 2927 4615 3180 4683; x_wconf 89' lang='lat' dir='ltr'><strong>Joannes,</strong></span> <span class='ocrx_word' id='word_1_791' title='bbox 3207 4634 3389 4688; x_wconf 89' lang='lat' dir='ltr'><strong>quam-</strong></span> 
     </span>
    </p>
   </div>
   <div class='ocr_carea' id='block_1_106' title="bbox 1799 4690 3390 4768">
    <p class='ocr_par' dir='ltr' id='par_1_106' title="bbox 1799 4690 3390 4768">
     <span class='ocr_line' id='line_1_106' title="bbox 1799 4690 3390 4768; baseline 0.015 -26"><span class='ocrx_word' id='word_1_792' title='bbox 1799 4690 1882 4746; x_wconf 87' lang='lat' dir='ltr'><strong>vis</strong></span> <span class='ocrx_word' id='word_1_793' title='bbox 1902 4692 2217 4750; x_wconf 82' lang='lat' dir='ltr'><strong>sanctiﬁcati</strong></span> <span class='ocrx_word' id='word_1_794' title='bbox 2243 4697 2295 4751; x_wconf 92' lang='lat' dir='ltr'><strong>in</strong></span> <span class='ocrx_word' id='word_1_795' title='bbox 2316 4699 2480 4755; x_wconf 91' lang='lat' dir='ltr'><strong>uteris</strong></span> <span class='ocrx_word' id='word_1_796' title='bbox 2506 4713 2756 4768; x_wconf 89' lang='lat' dir='ltr'><strong>matrum,</strong></span> <span class='ocrx_word' id='word_1_797' title='bbox 2783 4713 3055 4760; x_wconf 80' lang='lat' dir='ltr'><strong>traxerunt</strong></span> <span class='ocrx_word' id='word_1_798' title='bbox 3082 4715 3258 4764; x_wconf 91' lang='lat' dir='ltr'><strong>tamen</strong></span> <span class='ocrx_word' id='word_1_799' title='bbox 3280 4712 3390 4766; x_wconf 83' lang='lat' dir='ltr'><strong>ori-</strong></span> 
     </span>
    </p>
   </div>
   <div class='ocr_carea' id='block_1_107' title="bbox 1800 4781 3389 4862">
    <p class='ocr_par' dir='ltr' id='par_1_107' title="bbox 1800 4781 3389 4862">
     <span class='ocr_line' id='line_1_107' title="bbox 1800 4781 3389 4862; baseline 0.015 -29"><span class='ocrx_word' id='word_1_800' title='bbox 1800 4781 1978 4850; x_wconf 80' lang='lat' dir='ltr'><strong>giuale</strong></span> <span class='ocrx_word' id='word_1_801' title='bbox 2005 4795 2278 4853; x_wconf 85' lang='lat' dir='ltr'><strong>peccatum</strong></span> <span class='ocrx_word' id='word_1_802' title='bbox 2307 4807 2320 4841; x_wconf 87' lang='lat'><strong>:</strong></span> <span class='ocrx_word' id='word_1_803' title='bbox 2354 4805 2475 4845; x_wconf 85' lang='lat' dir='ltr'><strong>nam</strong></span> <span class='ocrx_word' id='word_1_804' title='bbox 2506 4807 2613 4862; x_wconf 90' lang='lat' dir='ltr'><strong>quo</strong></span> <span class='ocrx_word' id='word_1_805' title='bbox 2641 4794 2751 4847; x_wconf 89' lang='lat' dir='ltr'><strong>alio</strong></span> <span class='ocrx_word' id='word_1_806' title='bbox 2773 4796 2964 4849; x_wconf 90' lang='lat' dir='ltr'><strong>merito</strong></span> <span class='ocrx_word' id='word_1_807' title='bbox 2995 4796 3274 4854; x_wconf 85' lang='lat' dir='ltr'><strong>interirent</strong></span> <span class='ocrx_word' id='word_1_808' title='bbox 3297 4818 3389 4857; x_wconf 87' lang='lat' dir='ltr'><strong>co-</strong></span> 
     </span>
    </p>
   </div>
   <div class='ocr_carea' id='block_1_108' title="bbox 1802 4878 3388 4952">
    <p class='ocr_par' dir='ltr' id='par_1_108' title="bbox 1802 4878 3388 4952">
     <span class='ocr_line' id='line_1_108' title="bbox 1802 4878 3388 4952; baseline 0.015 -25"><span class='ocrx_word' id='word_1_809' title='bbox 1802 4889 1920 4929; x_wconf 90' lang='lat' dir='ltr'><strong>rum</strong></span> <span class='ocrx_word' id='word_1_810' title='bbox 1949 4878 2143 4934; x_wconf 70' lang='lat' dir='ltr'><strong>anima:</strong></span> <span class='ocrx_word' id='word_1_811' title='bbox 2171 4881 2240 4936; x_wconf 91' lang='lat' dir='ltr'><strong>de</strong></span> <span class='ocrx_word' id='word_1_812' title='bbox 2272 4885 2464 4952; x_wconf 86' lang='lat' dir='ltr'><strong>populo</strong></span> <span class='ocrx_word' id='word_1_813' title='bbox 2489 4898 2604 4950; x_wconf 91' lang='lat' dir='ltr'><strong>suo,</strong></span> <span class='ocrx_word' id='word_1_814' title='bbox 2637 4885 2737 4938; x_wconf 89' lang='lat' dir='ltr'><strong>nisi</strong></span> <span class='ocrx_word' id='word_1_815' title='bbox 2767 4885 2858 4941; x_wconf 89' lang='lat' dir='ltr'><strong>die</strong></span> <span class='ocrx_word' id='word_1_816' title='bbox 2889 4896 3078 4944; x_wconf 88' lang='lat' dir='ltr'><strong>octavo</strong></span> <span class='ocrx_word' id='word_1_817' title='bbox 3107 4893 3388 4952; x_wconf 83' lang='lat' dir='ltr'><strong>circumci-</strong></span> 
     </span>
    </p>
   </div>
   <div class='ocr_carea' id='block_1_109' title="bbox 1801 4967 3383 5047">
    <p class='ocr_par' dir='ltr' id='par_1_109' title="bbox 1801 4967 3383 5047">
     <span class='ocr_line' id='line_1_109' title="bbox 1801 4967 3383 5047; baseline 0.013 -23"><span class='ocrx_word' id='word_1_818' title='bbox 1801 4967 2079 5036; x_wconf 89' lang='lat' dir='ltr'><strong>derentur,</strong></span> <span class='ocrx_word' id='word_1_819' title='bbox 2110 4972 2214 5026; x_wconf 92' lang='lat' dir='ltr'><strong>nisi</strong></span> <span class='ocrx_word' id='word_1_820' title='bbox 2264 4974 2329 5026; x_wconf 89' lang='lat' dir='ltr'><strong>ad</strong></span> <span class='ocrx_word' id='word_1_821' title='bbox 2377 4974 2573 5028; x_wconf 81' lang='lat' dir='ltr'><strong>Christi</strong></span> <span class='ocrx_word' id='word_1_822' title='bbox 2619 4977 2841 5044; x_wconf 80' lang='lat' dir='ltr'><strong>gratiam</strong></span> <span class='ocrx_word' id='word_1_823' title='bbox 2887 4985 3246 5047; x_wconf 85' lang='lat' dir='ltr'><strong>pervenirent.</strong></span> <span class='ocrx_word' id='word_1_824' title='bbox 3277 4999 3383 5045; x_wconf 86' lang='lat' dir='ltr'><strong>etc.</strong></span> 
     </span>
    </p>
   </div>
   <div class='ocr_carea' id='block_1_110' title="bbox 1802 5059 3383 5146">
    <p class='ocr_par' dir='ltr' id='par_1_110' title="bbox 1802 5059 3383 5146">
     <span class='ocr_line' id='line_1_110' title="bbox 1802 5059 3383 5146; baseline 0.016 -34"><span class='ocrx_word' id='word_1_825' title='bbox 1802 5059 1968 5113; x_wconf 81' lang='lat' dir='ltr'><strong>Erant</strong></span> <span class='ocrx_word' id='word_1_826' title='bbox 1995 5075 2122 5130; x_wconf 89' lang='lat' dir='ltr'><strong>ergo</strong></span> <span class='ocrx_word' id='word_1_827' title='bbox 2154 5062 2227 5116; x_wconf 91' lang='lat' dir='ltr'><strong>illi</strong></span> <span class='ocrx_word' id='word_1_828' title='bbox 2257 5072 2312 5116; x_wconf 87' lang='lat' dir='ltr'><strong>et</strong></span> <span class='ocrx_word' id='word_1_829' title='bbox 2353 5073 2541 5119; x_wconf 90' lang='lat' dir='ltr'><strong>natura</strong></span> <span class='ocrx_word' id='word_1_830' title='bbox 2577 5067 2666 5120; x_wconf 80' lang='lat' dir='ltr'><strong>lilii</strong></span> <span class='ocrx_word' id='word_1_831' title='bbox 2709 5069 2802 5124; x_wconf 66' lang='lat' dir='ltr'><strong>iraa</strong></span> <span class='ocrx_word' id='word_1_832' title='bbox 2831 5071 2898 5126; x_wconf 89' lang='lat' dir='ltr'><strong>ab</strong></span> <span class='ocrx_word' id='word_1_833' title='bbox 2928 5077 3093 5132; x_wconf 90' lang='lat' dir='ltr'><strong>uteris</strong></span> <span class='ocrx_word' id='word_1_834' title='bbox 3135 5090 3383 5146; x_wconf 85' lang='lat' dir='ltr'><strong>matrum,</strong></span> 
     </span>
    </p>
   </div>
   <div class='ocr_carea' id='block_1_111' title="bbox 1801 5149 3385 5232">
    <p class='ocr_par' dir='ltr' id='par_1_111' title="bbox 1801 5149 3385 5232">
     <span class='ocr_line' id='line_1_111' title="bbox 1801 5149 3385 5232; baseline 0.015 -31"><span class='ocrx_word' id='word_1_835' title='bbox 1801 5157 1856 5202; x_wconf 84' lang='lat' dir='ltr'><strong>et.</strong></span> <span class='ocrx_word' id='word_1_836' title='bbox 1915 5151 2082 5218; x_wconf 87' lang='lat' dir='ltr'><strong>gratia</strong></span> <span class='ocrx_word' id='word_1_837' title='bbox 2140 5149 2233 5205; x_wconf 81' lang='lat' dir='ltr'><strong>ﬁlii</strong></span> <span class='ocrx_word' id='word_1_838' title='bbox 2303 5152 2687 5211; x_wconf 86' lang='lat' dir='ltr'><strong>misericordiae</strong></span> <span class='ocrx_word' id='word_1_839' title='bbox 2756 5160 2826 5214; x_wconf 87' lang='lat' dir='ltr'><strong>ab</strong></span> <span class='ocrx_word' id='word_1_840' title='bbox 2895 5168 3060 5220; x_wconf 86' lang='lat' dir='ltr'><strong>utet-is</strong></span> <span class='ocrx_word' id='word_1_841' title='bbox 3129 5182 3385 5232; x_wconf 87' lang='lat' dir='ltr'><strong>matrum.</strong></span> 
     </span>
    </p>
   </div>
   <div class='ocr_carea' id='block_1_112' title="bbox 1803 5240 3386 5322">
    <p class='ocr_par' dir='ltr' id='par_1_112' title="bbox 1803 5240 3386 5322">
     <span class='ocr_line' id='line_1_112' title="bbox 1803 5240 3386 5322; baseline 0.013 -30"><span class='ocrx_word' id='word_1_842' title='bbox 1803 5240 1922 5309; x_wconf 88' lang='lat' dir='ltr'><strong>quia</strong></span> <span class='ocrx_word' id='word_1_843' title='bbox 1954 5255 2052 5295; x_wconf 90' lang='lat' dir='ltr'><strong>nec</strong></span> <span class='ocrx_word' id='word_1_844' title='bbox 2073 5241 2247 5297; x_wconf 85' lang='lat' dir='ltr'><strong>adhuc</strong></span> <span class='ocrx_word' id='word_1_845' title='bbox 2272 5244 2352 5298; x_wconf 87' lang='lat' dir='ltr'><strong>eis</strong></span> <span class='ocrx_word' id='word_1_846' title='bbox 2382 5246 2554 5299; x_wconf 88' lang='lat' dir='ltr'><strong>inerat</strong></span> <span class='ocrx_word' id='word_1_847' title='bbox 2574 5251 2824 5305; x_wconf 87' lang='lat' dir='ltr'><strong>sanctitas</strong></span> <span class='ocrx_word' id='word_1_848' title='bbox 2847 5269 2964 5322; x_wconf 68' lang='lat' dir='ltr'><strong>qua:</strong></span> <span class='ocrx_word' id='word_1_849' title='bbox 2982 5257 3250 5312; x_wconf 83' lang='lat' dir='ltr'><strong>vinculum</strong></span> <span class='ocrx_word' id='word_1_850' title='bbox 3277 5260 3386 5312; x_wconf 88' lang='lat' dir='ltr'><strong>sol-</strong></span> 
     </span>
    </p>
   </div>
   <div class='ocr_carea' id='block_1_113' title="bbox 1803 5335 3386 5417">
    <p class='ocr_par' dir='ltr' id='par_1_113' title="bbox 1803 5335 3386 5417">
     <span class='ocr_line' id='line_1_113' title="bbox 1803 5335 3386 5417; baseline 0.013 -33"><span class='ocrx_word' id='word_1_851' title='bbox 1803 5341 1954 5386; x_wconf 88' lang='lat' dir='ltr'><strong>veret</strong></span> <span class='ocrx_word' id='word_1_852' title='bbox 1983 5335 2342 5391; x_wconf 84' lang='lat' dir='ltr'><strong>successionis</strong></span> <span class='ocrx_word' id='word_1_853' title='bbox 2369 5337 2636 5404; x_wconf 58' lang='lat' dir='ltr'><strong>obnoxiae,</strong></span> <span class='ocrx_word' id='word_1_854' title='bbox 2682 5345 2822 5412; x_wconf 90' lang='lat' dir='ltr'><strong>quod</strong></span> <span class='ocrx_word' id='word_1_855' title='bbox 2852 5361 2949 5400; x_wconf 89' lang='lat' dir='ltr'><strong>suo</strong></span> <span class='ocrx_word' id='word_1_856' title='bbox 2980 5357 3220 5417; x_wconf 87' lang='lat' dir='ltr'><strong>tempore</strong></span> <span class='ocrx_word' id='word_1_857' title='bbox 3248 5351 3386 5405; x_wconf 86' lang='lat' dir='ltr'><strong>solvi</strong></span> 
     </span>
    </p>
   </div>
   <div class='ocr_carea' id='block_1_114' title="bbox 1803 5425 3386 5502">
    <p class='ocr_par' dir='ltr' id='par_1_114' title="bbox 1803 5425 3386 5502">
     <span class='ocr_line' id='line_1_114' title="bbox 1803 5425 3386 5502; baseline 0.013 -27"><span class='ocrx_word' id='word_1_858' title='bbox 1803 5425 2186 5492; x_wconf 77' lang='lat' dir='ltr'><strong>oportebat,oet</strong></span> <span class='ocrx_word' id='word_1_859' title='bbox 2218 5428 2389 5483; x_wconf 89' lang='lat' dir='ltr'><strong>inerat</strong></span> <span class='ocrx_word' id='word_1_860' title='bbox 2437 5438 2612 5484; x_wconf 89' lang='lat' dir='ltr'><strong>tamen</strong></span> <span class='ocrx_word' id='word_1_861' title='bbox 2641 5446 2761 5500; x_wconf 68' lang='lat' dir='ltr'><strong>quae</strong></span> <span class='ocrx_word' id='word_1_862' title='bbox 2791 5449 3092 5502; x_wconf 62' lang='lat' dir='ltr'><strong>praeconem</strong></span> <span class='ocrx_word' id='word_1_863' title='bbox 3120 5438 3334 5493; x_wconf 83' lang='lat' dir='ltr'><strong>Christi’</strong></span> <span class='ocrx_word' id='word_1_864' title='bbox 3353 5455 3386 5495; x_wconf 85' lang='lat' dir='ltr'><strong>a</strong></span> 
     </span>
    </p>
   </div>
   <div class='ocr_carea' id='block_1_115' title="bbox 1804 5513 3387 5590">
    <p class='ocr_par' dir='ltr' id='par_1_115' title="bbox 1804 5513 3387 5590">
     <span class='ocr_line' id='line_1_115' title="bbox 1804 5513 3387 5590; baseline 0.013 -24"><span class='ocrx_word' id='word_1_865' title='bbox 1804 5513 2058 5568; x_wconf 78' lang='lat' dir='ltr'><strong>maternis</strong></span> <span class='ocrx_word' id='word_1_866' title='bbox 2089 5517 2379 5572; x_wconf 83' lang='lat' dir='ltr'><strong>visceribus</strong></span> <span class='ocrx_word' id='word_1_867' title='bbox 2417 5519 2749 5590; x_wconf 86' lang='lat' dir='ltr'><strong>designabat.</strong></span> <span class='ocrx_word' id='word_1_868' title='bbox 2789 5542 2810 5575; x_wconf 76' lang='grc' dir='ltr'><strong><em>ι</em></strong></span> <span class='ocrx_word' id='word_1_869' title='bbox 2847 5525 2959 5576; x_wconf 92' lang='lat' dir='ltr'><strong>Duo</strong></span> <span class='ocrx_word' id='word_1_870' title='bbox 3005 5526 3092 5580; x_wconf 87' lang='lat' dir='ltr'><strong>hic</strong></span> <span class='ocrx_word' id='word_1_871' title='bbox 3137 5530 3387 5586; x_wconf 82' lang='lat' dir='ltr'><strong>conside—</strong></span> 
     </span>
    </p>
   </div>
   <div class='ocr_carea' id='block_1_116' title="bbox 1803 5601 3385 5687">
    <p class='ocr_par' dir='ltr' id='par_1_116' title="bbox 1803 5601 3385 5687">
     <span class='ocr_line' id='line_1_116' title="bbox 1803 5601 3385 5687; baseline 0.012 -32"><span class='ocrx_word' id='word_1_872' title='bbox 1803 5601 1967 5656; x_wconf 85' lang='lat' dir='ltr'><strong>randa</strong></span> <span class='ocrx_word' id='word_1_873' title='bbox 1998 5611 2143 5680; x_wconf 78' lang='lat' dir='ltr'><strong>sunt,</strong></span> <span class='ocrx_word' id='word_1_874' title='bbox 2169 5603 2428 5662; x_wconf 88' lang='lat' dir='ltr'><strong>Joannem</strong></span> <span class='ocrx_word' id='word_1_875' title='bbox 2460 5608 2748 5676; x_wconf 84' lang='lat' dir='ltr'><strong>Baptistam</strong></span> <span class='ocrx_word' id='word_1_876' title='bbox 2794 5613 3058 5680; x_wconf 84' lang='lat' dir='ltr'><strong>repletum</strong></span> <span class='ocrx_word' id='word_1_877' title='bbox 3095 5631 3189 5685; x_wconf 89' lang='lat' dir='ltr'><strong>per</strong></span> <span class='ocrx_word' id='word_1_878' title='bbox 3216 5617 3385 5687; x_wconf 87' lang='lat' dir='ltr'><strong>Spiri-</strong></span> 
     </span>
    </p>
   </div>
   <div class='ocr_carea' id='block_1_117' title="bbox 1801 5693 3384 5770">
    <p class='ocr_par' dir='ltr' id='par_1_117' title="bbox 1801 5693 3384 5770">
     <span class='ocr_line' id='line_1_117' title="bbox 1801 5693 3384 5770; baseline 0.013 -25"><span class='ocrx_word' id='word_1_879' title='bbox 1801 5698 1888 5746; x_wconf 91' lang='lat' dir='ltr'><strong>tus</strong></span> <span class='ocrx_word' id='word_1_880' title='bbox 1931 5693 2101 5748; x_wconf 89' lang='lat' dir='ltr'><strong>sancti</strong></span> <span class='ocrx_word' id='word_1_881' title='bbox 2132 5698 2352 5763; x_wconf 81' lang='lat' dir='ltr'><strong>gratiam</strong></span> <span class='ocrx_word' id='word_1_882' title='bbox 2385 5698 2677 5767; x_wconf 75' lang='lat' dir='ltr'><strong>prophetia:</strong></span> <span class='ocrx_word' id='word_1_883' title='bbox 2703 5701 2868 5766; x_wconf 85' lang='lat' dir='ltr'><strong>dono,</strong></span> <span class='ocrx_word' id='word_1_884' title='bbox 2897 5713 3084 5770; x_wconf 89' lang='lat' dir='ltr'><strong>postea</strong></span> <span class='ocrx_word' id='word_1_885' title='bbox 3110 5723 3245 5763; x_wconf 81' lang='lat' dir='ltr'><strong>noxa</strong></span> <span class='ocrx_word' id='word_1_886' title='bbox 3273 5712 3384 5766; x_wconf 83' lang='lat' dir='ltr'><strong>ori-</strong></span> 
     </span>
    </p>
   </div>
   <div class='ocr_carea' id='block_1_118' title="bbox 1803 5783 3386 5863">
    <p class='ocr_par' dir='ltr' id='par_1_118' title="bbox 1803 5783 3386 5863">
     <span class='ocr_line' id='line_1_118' title="bbox 1803 5783 3386 5863; baseline 0.013 -28"><span class='ocrx_word' id='word_1_887' title='bbox 1803 5783 1960 5851; x_wconf 88' lang='lat' dir='ltr'><strong>ginali</strong></span> <span class='ocrx_word' id='word_1_888' title='bbox 2005 5784 2287 5841; x_wconf 67' lang='lat' dir='ltr'><strong>liberatum</strong></span> <span class='ocrx_word' id='word_1_889' title='bbox 2339 5787 2502 5844; x_wconf 78' lang='lat' dir='ltr'><strong>fuisse</strong></span> <span class='ocrx_word' id='word_1_890' title='bbox 2548 5791 2600 5844; x_wconf 93' lang='lat' dir='ltr'><strong>in</strong></span> <span class='ocrx_word' id='word_1_891' title='bbox 2656 5801 2830 5848; x_wconf 87' lang='lat' dir='ltr'><strong>utero.</strong></span> <span class='ocrx_word' id='word_1_892' title='bbox 2867 5794 3104 5852; x_wconf 77' lang='lat' dir='ltr'><strong>Primum</strong></span> <span class='ocrx_word' id='word_1_893' title='bbox 3143 5799 3386 5863; x_wconf 82' lang='lat' dir='ltr'><strong>concedit</strong></span> 
     </span>
    </p>
   </div>
  </div>
