  <div class='ocr_page' id='page_1' title='image "/cluster/home/n/w/nwhite01/storage/ocr_20150623/47/uva.x000827107/399.png"; bbox 0 0 3930 6338; ppageno 0'>
   <div class='ocr_carea' id='block_1_1' title="bbox 535 378 673 437">
    <p class='ocr_par' dir='ltr' id='par_1_1' title="bbox 535 378 673 437">
     <span class='ocr_line' id='line_1_1' title="bbox 535 378 673 437; baseline -0.014 0"><span class='ocrx_word' id='word_1_1' title='bbox 535 378 673 437; x_wconf 53' lang='grc'><strong>785</strong></span> 
     </span>
    </p>
   </div>
   <div class='ocr_carea' id='block_1_2' title="bbox 1427 381 2919 441">
    <p class='ocr_par' dir='ltr' id='par_1_2' title="bbox 1427 381 2919 441">
     <span class='ocr_line' id='line_1_2' title="bbox 1427 381 2919 441; baseline 0.001 -3"><span class='ocrx_word' id='word_1_2' title='bbox 1427 381 1992 438; x_wconf 53' lang='grc' dir='ltr'>ευιιιιιλιιιιιῖΝ-ιυιι</span> <span class='ocrx_word' id='word_1_3' title='bbox 2034 383 2123 438; x_wconf 88' lang='lat' dir='ltr'><strong>AD</strong></span> <span class='ocrx_word' id='word_1_4' title='bbox 2163 383 2390 438; x_wconf 74' lang='lat' dir='ltr'>OPERA</span> <span class='ocrx_word' id='word_1_5' title='bbox 2434 383 2490 438; x_wconf 85' lang='lat' dir='ltr'><strong>S.</strong></span> <span class='ocrx_word' id='word_1_6' title='bbox 2532 385 2919 441; x_wconf 79' lang='lat' dir='ltr'><strong>AUGUSTlNl.</strong></span> 
     </span>
    </p>
   </div>
   <div class='ocr_carea' id='block_1_3' title="bbox 3692 388 3781 441">
    <p class='ocr_par' dir='ltr' id='par_1_3' title="bbox 3692 388 3781 441">
     <span class='ocr_line' id='line_1_3' title="bbox 3692 388 3781 441; baseline 0.034 -3"><span class='ocrx_word' id='word_1_7' title='bbox 3692 388 3781 441; x_wconf 63' lang='grc'><strong>788</strong></span> 
     </span>
    </p>
   </div>
   <div class='ocr_carea' id='block_1_4' title="bbox 533 497 3777 570">
    <p class='ocr_par' dir='ltr' id='par_1_4' title="bbox 533 497 3777 570">
     <span class='ocr_line' id='line_1_4' title="bbox 533 497 3777 570; baseline -0.002 -13"><span class='ocrx_word' id='word_1_8' title='bbox 533 512 749 558; x_wconf 69' lang='lat' dir='ltr'><strong>sanctus</strong></span> <span class='ocrx_word' id='word_1_9' title='bbox 763 500 1109 570; x_wconf 76' lang='lat' dir='ltr'><strong>Augustinus,</strong></span> <span class='ocrx_word' id='word_1_10' title='bbox 1128 502 1354 556; x_wconf 88' lang='lat' dir='ltr'><strong>alterum</strong></span> <span class='ocrx_word' id='word_1_11' title='bbox 1378 512 1556 569; x_wconf 86' lang='lat' dir='ltr'><strong>negat,</strong></span> <span class='ocrx_word' id='word_1_12' title='bbox 1585 508 1642 553; x_wconf 91' lang='lat' dir='ltr'><strong>ut</strong></span> <span class='ocrx_word' id='word_1_13' title='bbox 1669 500 1784 568; x_wconf 74' lang='lat' dir='ltr'><strong>eius</strong></span> <span class='ocrx_word' id='word_1_14' title='bbox 1806 500 1960 553; x_wconf 89' lang='lat' dir='ltr'><strong>vcrba</strong></span> <span class='ocrx_word' id='word_1_15' title='bbox 1983 500 2124 556; x_wconf 88' lang='lat' dir='ltr'><strong>clare</strong></span> <span class='ocrx_word' id='word_1_16' title='bbox 2152 504 2206 563; x_wconf 84' lang='grc' dir='ltr'><strong>Λ</strong></span> <span class='ocrx_word' id='word_1_17' title='bbox 2233 503 2474 569; x_wconf 76' lang='lat' dir='ltr'><strong>sequitur</strong></span> <span class='ocrx_word' id='word_1_18' title='bbox 2501 510 2713 555; x_wconf 58' lang='lat' dir='ltr'><strong>sanctus</strong></span> <span class='ocrx_word' id='word_1_19' title='bbox 2739 500 3064 565; x_wconf 81' lang='lat' dir='ltr'><strong>Bcrnardus,</strong></span> <span class='ocrx_word' id='word_1_20' title='bbox 3096 498 3183 552; x_wconf 89' lang='lat' dir='ltr'><strong>illa</strong></span> <span class='ocrx_word' id='word_1_21' title='bbox 3217 498 3269 551; x_wconf 93' lang='lat' dir='ltr'><strong>iu</strong></span> <span class='ocrx_word' id='word_1_22' title='bbox 3302 497 3524 566; x_wconf 75' lang='lat' dir='ltr'><strong>epistola</strong></span> <span class='ocrx_word' id='word_1_23' title='bbox 3558 498 3638 563; x_wconf 89' lang='lat' dir='ltr'><strong>&#39;l‘l,</strong></span> <span class='ocrx_word' id='word_1_24' title='bbox 3662 516 3777 569; x_wconf 79' lang='lat' dir='ltr'><strong>quo-</strong></span> 
     </span>
    </p>
   </div>
   <div class='ocr_carea' id='block_1_5' title="bbox 531 594 2128 663">
    <p class='ocr_par' dir='ltr' id='par_1_5' title="bbox 531 594 2128 663">
     <span class='ocr_line' id='line_1_5' title="bbox 531 594 2128 663; baseline -0.001 -13"><span class='ocrx_word' id='word_1_25' title='bbox 531 598 839 651; x_wconf 84' lang='lat' dir='ltr'><strong>ostcudmit.</strong></span> <span class='ocrx_word' id='word_1_26' title='bbox 873 596 1104 651; x_wconf 82' lang='lat' dir='ltr'><strong>Sanctus</strong></span> <span class='ocrx_word' id='word_1_27' title='bbox 1154 594 1453 649; x_wconf 78' lang='lat' dir='ltr'><strong>Deruardus</strong></span> <span class='ocrx_word' id='word_1_28' title='bbox 1504 597 1730 663; x_wconf 87' lang='lat' dir='ltr'><strong>primum</strong></span> <span class='ocrx_word' id='word_1_29' title='bbox 1774 604 1827 649; x_wconf 87' lang='lat' dir='ltr'><strong>et</strong></span> <span class='ocrx_word' id='word_1_30' title='bbox 1858 595 1971 663; x_wconf 88' lang='lat' dir='ltr'><strong>ipse</strong></span> <span class='ocrx_word' id='word_1_31' title='bbox 2011 594 2128 649; x_wconf 84' lang='lat' dir='ltr'><strong>sine</strong></span> 
     </span>
    </p>
   </div>
   <div class='ocr_carea' id='block_1_6' title="bbox 532 687 2125 755">
    <p class='ocr_par' dir='ltr' id='par_1_6' title="bbox 532 687 2125 755">
     <span class='ocr_line' id='line_1_6' title="bbox 532 687 2125 755; baseline -0.003 -12"><span class='ocrx_word' id='word_1_32' title='bbox 532 690 872 744; x_wconf 64' lang='lat' dir='ltr'><strong>lia&#39;sitatione</strong></span> <span class='ocrx_word' id='word_1_33' title='bbox 903 688 1170 755; x_wconf 87' lang='lat' dir='ltr'><strong>concedit,</strong></span> <span class='ocrx_word' id='word_1_34' title='bbox 1201 687 1267 742; x_wconf 89' lang='lat' dir='ltr'><strong>de</strong></span> <span class='ocrx_word' id='word_1_35' title='bbox 1290 687 1460 740; x_wconf 79' lang='lat' dir='ltr'><strong>altero</strong></span> <span class='ocrx_word' id='word_1_36' title='bbox 1490 702 1618 740; x_wconf 71' lang='lat' dir='ltr'><strong>vero</strong></span> <span class='ocrx_word' id='word_1_37' title='bbox 1646 688 1774 741; x_wconf 76' lang='lat' dir='ltr'><strong>dicit</strong></span> <span class='ocrx_word' id='word_1_38' title='bbox 1809 702 1869 740; x_wconf 90' lang='lat' dir='ltr'><strong>se</strong></span> <span class='ocrx_word' id='word_1_39' title='bbox 1900 702 2003 741; x_wconf 92' lang='lat' dir='ltr'><strong>non</strong></span> <span class='ocrx_word' id='word_1_40' title='bbox 2034 701 2125 740; x_wconf 76' lang='lat' dir='ltr'><strong>au-</strong></span> 
     </span>
    </p>
   </div>
   <div class='ocr_carea' id='block_1_7' title="bbox 530 776 2125 849">
    <p class='ocr_par' dir='ltr' id='par_1_7' title="bbox 530 776 2125 849">
     <span class='ocr_line' id='line_1_7' title="bbox 530 776 2125 849; baseline -0.003 -14"><span class='ocrx_word' id='word_1_41' title='bbox 530 783 661 836; x_wconf 87' lang='lat' dir='ltr'><strong>dere</strong></span> <span class='ocrx_word' id='word_1_42' title='bbox 713 782 980 849; x_wconf 83' lang='lat' dir='ltr'><strong>quippiam</strong></span> <span class='ocrx_word' id='word_1_43' title='bbox 1029 778 1272 833; x_wconf 82' lang='lat' dir='ltr'><strong>delinire.</strong></span> <span class='ocrx_word' id='word_1_44' title='bbox 1328 778 1623 832; x_wconf 89' lang='lat' dir='ltr'><strong>Audiantur</strong></span> <span class='ocrx_word' id='word_1_45' title='bbox 1663 778 1837 831; x_wconf 80' lang='lat' dir='ltr'><strong>dulcia</strong></span> <span class='ocrx_word' id='word_1_46' title='bbox 1884 776 2125 832; x_wconf 76' lang='lat' dir='ltr'><strong>Melliﬂui</strong></span> 
     </span>
    </p>
   </div>
   <div class='ocr_carea' id='block_1_8' title="bbox 530 871 2125 939">
    <p class='ocr_par' dir='ltr' id='par_1_8' title="bbox 530 871 2125 939">
     <span class='ocr_line' id='line_1_8' title="bbox 530 871 2125 939; baseline -0.001 -12"><span class='ocrx_word' id='word_1_47' title='bbox 530 876 765 929; x_wconf 87' lang='lat' dir='ltr'><strong>doctoris</strong></span> <span class='ocrx_word' id='word_1_48' title='bbox 818 877 1004 937; x_wconf 76' lang='lat' dir='ltr'><strong>verba,</strong></span> <span class='ocrx_word' id='word_1_49' title='bbox 1039 887 1104 926; x_wconf 89' lang='lat' dir='ltr'><strong>ne</strong></span> <span class='ocrx_word' id='word_1_50' title='bbox 1153 871 1350 926; x_wconf 78' lang='lat' dir='ltr'><strong>Annali</strong></span> <span class='ocrx_word' id='word_1_51' title='bbox 1400 872 1452 925; x_wconf 91' lang='lat' dir='ltr'><strong>in</strong></span> <span class='ocrx_word' id='word_1_52' title='bbox 1502 871 1853 939; x_wconf 81' lang='lat' dir='ltr'><strong>Augustinum</strong></span> <span class='ocrx_word' id='word_1_53' title='bbox 1908 886 2125 925; x_wconf 88' lang='lat' dir='ltr'><strong>amarus</strong></span> 
     </span>
    </p>
   </div>
   <div class='ocr_carea' id='block_1_9' title="bbox 526 963 2119 1042">
    <p class='ocr_par' dir='ltr' id='par_1_9' title="bbox 526 963 2119 1042">
     <span class='ocr_line' id='line_1_9' title="bbox 526 963 2119 1042; baseline -0.004 -21"><span class='ocrx_word' id='word_1_54' title='bbox 526 982 709 1023; x_wconf 80' lang='lat' dir='ltr'><strong>sermo</strong></span> <span class='ocrx_word' id='word_1_55' title='bbox 736 967 891 1022; x_wconf 91' lang='lat' dir='ltr'><strong>nobis</strong></span> <span class='ocrx_word' id='word_1_56' title='bbox 922 965 1194 1019; x_wconf 78' lang='lat' dir='ltr'><strong>fastidium</strong></span> <span class='ocrx_word' id='word_1_57' title='bbox 1237 966 1443 1033; x_wconf 78' lang='lat' dir='ltr'><strong>ingerat</strong></span> <span class='ocrx_word' id='word_1_58' title='bbox 1473 982 1486 1019; x_wconf 88' lang='lat'><strong>:</strong></span> <span class='ocrx_word' id='word_1_59' title='bbox 1526 963 1889 1042; x_wconf 65' lang='lat' dir='ltr'><strong>cCertissime</strong></span> <span class='ocrx_word' id='word_1_60' title='bbox 1917 973 2119 1028; x_wconf 88' lang='lat' dir='ltr'><strong>autem,</strong></span> 
     </span>
    </p>
   </div>
   <div class='ocr_carea' id='block_1_10' title="bbox 527 1055 2118 1128">
    <p class='ocr_par' dir='ltr' id='par_1_10' title="bbox 527 1055 2118 1128">
     <span class='ocr_line' id='line_1_10' title="bbox 527 1055 2118 1128; baseline -0.004 -16"><span class='ocrx_word' id='word_1_61' title='bbox 527 1059 728 1128; x_wconf 84' lang='lat' dir='ltr'><strong>inquit,</strong></span> <span class='ocrx_word' id='word_1_62' title='bbox 753 1066 970 1111; x_wconf 85' lang='lat' dir='ltr'><strong>sanctus</strong></span> <span class='ocrx_word' id='word_1_63' title='bbox 994 1056 1246 1125; x_wconf 83' lang='lat' dir='ltr'><strong>Spiritus,</strong></span> <span class='ocrx_word' id='word_1_64' title='bbox 1278 1070 1434 1124; x_wconf 86' lang='lat' dir='ltr'><strong>quem</strong></span> <span class='ocrx_word' id='word_1_65' title='bbox 1468 1055 1715 1123; x_wconf 78' lang='lat' dir='ltr'><strong>replevit,</strong></span> <span class='ocrx_word' id='word_1_66' title='bbox 1748 1055 2118 1110; x_wconf 89' lang='lat' dir='ltr'><strong>sanctiﬁcavit.</strong></span> 
     </span>
    </p>
   </div>
   <div class='ocr_carea' id='block_1_11' title="bbox 526 1145 2120 1215">
    <p class='ocr_par' dir='ltr' id='par_1_11' title="bbox 526 1145 2120 1215">
     <span class='ocr_line' id='line_1_11' title="bbox 526 1145 2120 1215; baseline 0 -16"><span class='ocrx_word' id='word_1_67' title='bbox 526 1145 793 1201; x_wconf 63' lang='lat' dir='ltr'><strong>Cancrum</strong></span> <span class='ocrx_word' id='word_1_68' title='bbox 823 1158 1083 1215; x_wconf 81' lang='lat' dir='ltr'><strong>quatenus</strong></span> <span class='ocrx_word' id='word_1_69' title='bbox 1114 1147 1378 1201; x_wconf 87' lang='lat' dir='ltr'><strong>adversus</strong></span> <span class='ocrx_word' id='word_1_70' title='bbox 1407 1147 1661 1215; x_wconf 66' lang='lat' dir='ltr'><strong>originale</strong></span> <span class='ocrx_word' id='word_1_71' title='bbox 1694 1157 1967 1215; x_wconf 88' lang='lat' dir='ltr'><strong>peccatum</strong></span> <span class='ocrx_word' id='word_1_72' title='bbox 2006 1146 2120 1200; x_wconf 66' lang='lat' dir='ltr'><strong>bare</strong></span> 
     </span>
    </p>
   </div>
   <div class='ocr_carea' id='block_1_12' title="bbox 522 1235 2119 1305">
    <p class='ocr_par' dir='ltr' id='par_1_12' title="bbox 522 1235 2119 1305">
     <span class='ocr_line' id='line_1_12' title="bbox 522 1235 2119 1305; baseline -0.001 -16"><span class='ocrx_word' id='word_1_73' title='bbox 522 1237 641 1304; x_wconf 80' lang='lat' dir='ltr'><strong>ipsa</strong></span> <span class='ocrx_word' id='word_1_74' title='bbox 672 1236 1028 1290; x_wconf 82' lang='lat' dir='ltr'><strong>sanctiﬁcatio</strong></span> <span class='ocrx_word' id='word_1_75' title='bbox 1057 1235 1300 1299; x_wconf 79' lang='lat' dir='ltr'><strong>valuerit,</strong></span> <span class='ocrx_word' id='word_1_76' title='bbox 1335 1237 1447 1290; x_wconf 90' lang='lat' dir='ltr'><strong>sive</strong></span> <span class='ocrx_word' id='word_1_77' title='bbox 1476 1251 1571 1305; x_wconf 87' lang='lat' dir='ltr'><strong>pro</strong></span> <span class='ocrx_word' id='word_1_78' title='bbox 1599 1236 1722 1300; x_wconf 87' lang='lat' dir='ltr'><strong>isto,</strong></span> <span class='ocrx_word' id='word_1_79' title='bbox 1756 1237 1870 1291; x_wconf 82' lang='lat' dir='ltr'><strong>sive</strong></span> <span class='ocrx_word' id='word_1_80' title='bbox 1903 1250 2001 1305; x_wconf 89' lang='lat' dir='ltr'><strong>pro</strong></span> <span class='ocrx_word' id='word_1_81' title='bbox 2031 1236 2119 1289; x_wconf 87' lang='lat' dir='ltr'><strong>illo</strong></span> 
     </span>
    </p>
   </div>
   <div class='ocr_carea' id='block_1_13' title="bbox 521 1324 2118 1396">
    <p class='ocr_par' dir='ltr' id='par_1_13' title="bbox 521 1324 2118 1396">
     <span class='ocr_line' id='line_1_13' title="bbox 521 1324 2118 1396; baseline -0.002 -15"><span class='ocrx_word' id='word_1_82' title='bbox 521 1325 807 1396; x_wconf 78' lang='lat' dir='ltr'><strong>prapbeta,</strong></span> <span class='ocrx_word' id='word_1_83' title='bbox 836 1327 920 1381; x_wconf 88' lang='lat' dir='ltr'><strong>vel</strong></span> <span class='ocrx_word' id='word_1_84' title='bbox 944 1326 988 1379; x_wconf 90' lang='lat' dir='ltr'><strong>si</strong></span> <span class='ocrx_word' id='word_1_85' title='bbox 1011 1325 1130 1395; x_wconf 84' lang='lat' dir='ltr'><strong>quis</strong></span> <span class='ocrx_word' id='word_1_86' title='bbox 1152 1324 1290 1379; x_wconf 87' lang='lat' dir='ltr'><strong>alius</strong></span> <span class='ocrx_word' id='word_1_87' title='bbox 1312 1324 1469 1379; x_wconf 85' lang='lat' dir='ltr'><strong>simili</strong></span> <span class='ocrx_word' id='word_1_88' title='bbox 1500 1335 1798 1394; x_wconf 73' lang='lat' dir='ltr'><strong>prmientus</strong></span> <span class='ocrx_word' id='word_1_89' title='bbox 1820 1326 1985 1396; x_wconf 88' lang='lat' dir='ltr'><strong>gratia</strong></span> <span class='ocrx_word' id='word_1_90' title='bbox 2006 1326 2118 1379; x_wconf 82' lang='lat' dir='ltr'><strong>lue-</strong></span> 
     </span>
    </p>
   </div>
   <div class='ocr_carea' id='block_1_14' title="bbox 519 1415 2116 1482">
    <p class='ocr_par' dir='ltr' id='par_1_14' title="bbox 519 1415 2116 1482">
     <span class='ocr_line' id='line_1_14' title="bbox 519 1415 2116 1482; baseline 0 -12"><span class='ocrx_word' id='word_1_91' title='bbox 519 1415 616 1482; x_wconf 81' lang='lat' dir='ltr'><strong>rit,</strong></span> <span class='ocrx_word' id='word_1_92' title='bbox 640 1430 742 1470; x_wconf 66' lang='lat' dir='ltr'><strong>non</strong></span> <span class='ocrx_word' id='word_1_93' title='bbox 779 1430 996 1469; x_wconf 71' lang='lat' dir='ltr'><strong>renuas</strong></span> <span class='ocrx_word' id='word_1_94' title='bbox 1028 1430 1265 1469; x_wconf 72' lang='lat' dir='ltr'><strong>primum.</strong></span> <span class='ocrx_word' id='word_1_95' title='bbox 1310 1433 1329 1467; x_wconf 71' lang='grc' dir='ltr'><strong>ι</strong></span> <span class='ocrx_word' id='word_1_96' title='bbox 1366 1415 1567 1471; x_wconf 86' lang='lat' dir='ltr'><strong>Deinde</strong></span> <span class='ocrx_word' id='word_1_97' title='bbox 1596 1416 1915 1470; x_wconf 90' lang='lat' dir='ltr'><strong>sententiam</strong></span> <span class='ocrx_word' id='word_1_98' title='bbox 1944 1416 2116 1470; x_wconf 85' lang='lat' dir='ltr'><strong>sancti</strong></span> 
     </span>
    </p>
   </div>
   <div class='ocr_carea' id='block_1_15' title="bbox 517 1505 2118 1576">
    <p class='ocr_par' dir='ltr' id='par_1_15' title="bbox 517 1505 2118 1576">
     <span class='ocr_line' id='line_1_15' title="bbox 517 1505 2118 1576; baseline -0.001 -15"><span class='ocrx_word' id='word_1_99' title='bbox 517 1505 802 1574; x_wconf 71' lang='lat' dir='ltr'><strong>Augustini</strong></span> <span class='ocrx_word' id='word_1_100' title='bbox 832 1506 1180 1560; x_wconf 83' lang='lat' dir='ltr'><strong>considerans</strong></span> <span class='ocrx_word' id='word_1_101' title='bbox 1230 1505 1373 1559; x_wconf 85' lang='lat' dir='ltr'><strong>addit</strong></span> <span class='ocrx_word' id='word_1_102' title='bbox 1408 1522 1421 1558; x_wconf 87' lang='lat'><strong>:</strong></span> <span class='ocrx_word' id='word_1_103' title='bbox 1456 1524 1474 1556; x_wconf 88' lang='grc' dir='ltr'><strong>ι</strong></span> <span class='ocrx_word' id='word_1_104' title='bbox 1515 1509 1763 1561; x_wconf 83' lang='lat' dir='ltr'><strong>Attamen</strong></span> <span class='ocrx_word' id='word_1_105' title='bbox 1811 1507 1929 1576; x_wconf 87' lang='lat' dir='ltr'><strong>quis</strong></span> <span class='ocrx_word' id='word_1_106' title='bbox 1976 1506 2118 1559; x_wconf 75' lang='lat' dir='ltr'><strong>dit-at</strong></span> 
     </span>
    </p>
   </div>
   <div class='ocr_carea' id='block_1_16' title="bbox 519 1594 2116 1665">
    <p class='ocr_par' dir='ltr' id='par_1_16' title="bbox 519 1594 2116 1665">
     <span class='ocr_line' id='line_1_16' title="bbox 519 1594 2116 1665; baseline -0.002 -14"><span class='ocrx_word' id='word_1_107' title='bbox 519 1594 722 1663; x_wconf 68' lang='lat' dir='ltr'><strong>Spiritu</strong></span> <span class='ocrx_word' id='word_1_108' title='bbox 749 1604 935 1650; x_wconf 89' lang='lat' dir='ltr'><strong>sancto</strong></span> <span class='ocrx_word' id='word_1_109' title='bbox 964 1595 1230 1665; x_wconf 88' lang='lat' dir='ltr'><strong>repletum</strong></span> <span class='ocrx_word' id='word_1_110' title='bbox 1257 1611 1477 1650; x_wconf 88' lang='lat' dir='ltr'><strong>manere</strong></span> <span class='ocrx_word' id='word_1_111' title='bbox 1518 1597 1693 1649; x_wconf 85' lang='lat' dir='ltr'><strong>adhuc</strong></span> <span class='ocrx_word' id='word_1_112' title='bbox 1722 1597 1884 1650; x_wconf 85' lang='lat' dir='ltr'><strong>lilium</strong></span> <span class='ocrx_word' id='word_1_113' title='bbox 1917 1596 2116 1650; x_wconf 83' lang='lat' dir='ltr'><strong>nihilo-</strong></span> 
     </span>
    </p>
   </div>
   <div class='ocr_carea' id='block_1_17' title="bbox 519 1688 2116 1758">
    <p class='ocr_par' dir='ltr' id='par_1_17' title="bbox 519 1688 2116 1758">
     <span class='ocr_line' id='line_1_17' title="bbox 519 1688 2116 1758; baseline 0.002 -17"><span class='ocrx_word' id='word_1_114' title='bbox 519 1688 698 1742; x_wconf 78' lang='lat' dir='ltr'><strong>minus</strong></span> <span class='ocrx_word' id='word_1_115' title='bbox 727 1688 845 1755; x_wconf 65' lang='grc' dir='ltr'><strong>ἱνα),</strong></span> <span class='ocrx_word' id='word_1_116' title='bbox 875 1697 951 1756; x_wconf 88' lang='lat' dir='ltr'><strong>et,</strong></span> <span class='ocrx_word' id='word_1_117' title='bbox 982 1690 1026 1743; x_wconf 92' lang='lat' dir='ltr'><strong>si</strong></span> <span class='ocrx_word' id='word_1_118' title='bbox 1056 1688 1192 1743; x_wconf 84' lang='lat' dir='ltr'><strong>meri</strong></span> <span class='ocrx_word' id='word_1_119' title='bbox 1224 1688 1275 1742; x_wconf 93' lang='lat' dir='ltr'><strong>in</strong></span> <span class='ocrx_word' id='word_1_120' title='bbox 1306 1699 1457 1742; x_wconf 85' lang='lat' dir='ltr'><strong>utero</strong></span> <span class='ocrx_word' id='word_1_121' title='bbox 1488 1689 1823 1758; x_wconf 79' lang='lat' dir='ltr'><strong>contigisset,</strong></span> <span class='ocrx_word' id='word_1_122' title='bbox 1854 1702 1972 1742; x_wconf 92' lang='lat' dir='ltr'><strong>cum</strong></span> <span class='ocrx_word' id='word_1_123' title='bbox 2016 1690 2116 1744; x_wconf 81' lang='lat' dir='ltr'><strong>liae</strong></span> 
     </span>
    </p>
   </div>
   <div class='ocr_carea' id='block_1_18' title="bbox 516 1780 2115 1851">
    <p class='ocr_par' dir='ltr' id='par_1_18' title="bbox 516 1780 2115 1851">
     <span class='ocr_line' id='line_1_18' title="bbox 516 1780 2115 1851; baseline 0.001 -16"><span class='ocrx_word' id='word_1_124' title='bbox 516 1780 853 1849; x_wconf 60' lang='lat' dir='ltr'><strong>plenitudine</strong></span> <span class='ocrx_word' id='word_1_125' title='bbox 907 1782 1128 1851; x_wconf 84' lang='lat' dir='ltr'><strong>spiritus</strong></span> <span class='ocrx_word' id='word_1_126' title='bbox 1179 1796 1366 1850; x_wconf 62' lang='lat' dir='ltr'><strong>poenas</strong></span> <span class='ocrx_word' id='word_1_127' title='bbox 1413 1782 1663 1837; x_wconf 87' lang='lat' dir='ltr'><strong>luiturum</strong></span> <span class='ocrx_word' id='word_1_128' title='bbox 1714 1782 2115 1836; x_wconf 82' lang='lat' dir='ltr'><strong>damnationis?</strong></span> 
     </span>
    </p>
   </div>
   <div class='ocr_carea' id='block_1_19' title="bbox 2233 583 3771 659">
    <p class='ocr_par' dir='ltr' id='par_1_19' title="bbox 2233 583 3771 659">
     <span class='ocr_line' id='line_1_19' title="bbox 2233 583 3771 659; baseline -0.001 -13"><span class='ocrx_word' id='word_1_129' title='bbox 2233 583 2348 647; x_wconf 76' lang='lat' dir='ltr'><strong>rum</strong></span> <span class='ocrx_word' id='word_1_130' title='bbox 2400 594 2700 650; x_wconf 86' lang='lat' dir='ltr'><strong>testimonia</strong></span> <span class='ocrx_word' id='word_1_131' title='bbox 2759 593 2958 656; x_wconf 84' lang='lat' dir='ltr'><strong>laudat,</strong></span> <span class='ocrx_word' id='word_1_132' title='bbox 2996 591 3240 645; x_wconf 88' lang='lat' dir='ltr'><strong>scribens</strong></span> <span class='ocrx_word' id='word_1_133' title='bbox 3273 608 3288 643; x_wconf 86' lang='lat'><strong>:</strong></span> <span class='ocrx_word' id='word_1_134' title='bbox 3326 608 3343 640; x_wconf 86' lang='grc' dir='ltr'><strong>ι</strong></span> <span class='ocrx_word' id='word_1_135' title='bbox 3401 590 3482 644; x_wconf 91' lang='lat' dir='ltr'><strong>Ab</strong></span> <span class='ocrx_word' id='word_1_136' title='bbox 3541 590 3617 643; x_wconf 87' lang='lat' dir='ltr'><strong>his</strong></span> <span class='ocrx_word' id='word_1_137' title='bbox 3664 607 3771 659; x_wconf 82' lang='lat' dir='ltr'><strong>ergo</strong></span> 
     </span>
    </p>
   </div>
   <div class='ocr_carea' id='block_1_20' title="bbox 2227 683 3780 755">
    <p class='ocr_par' dir='ltr' id='par_1_20' title="bbox 2227 683 3780 755">
     <span class='ocr_line' id='line_1_20' title="bbox 2227 683 3780 755; baseline -0.003 -14"><span class='ocrx_word' id='word_1_138' title='bbox 2227 687 2439 743; x_wconf 84' lang='lat' dir='ltr'><strong>duabus</strong></span> <span class='ocrx_word' id='word_1_139' title='bbox 2490 688 2756 742; x_wconf 85' lang='lat' dir='ltr'><strong>columnis</strong></span> <span class='ocrx_word' id='word_1_140' title='bbox 2801 686 3178 755; x_wconf 75' lang='lat' dir='ltr'><strong>(Augustinum</strong></span> <span class='ocrx_word' id='word_1_141' title='bbox 3246 683 3435 750; x_wconf 88' lang='lat' dir='ltr'><strong>loquor</strong></span> <span class='ocrx_word' id='word_1_142' title='bbox 3484 694 3537 735; x_wconf 89' lang='lat' dir='ltr'><strong>et</strong></span> <span class='ocrx_word' id='word_1_143' title='bbox 3580 684 3780 736; x_wconf 85' lang='lat' dir='ltr'><strong>Ambro-</strong></span> 
     </span>
    </p>
   </div>
   <div class='ocr_carea' id='block_1_21' title="bbox 2228 766 3823 846">
    <p class='ocr_par' dir='ltr' id='par_1_21' title="bbox 2228 766 3823 846">
     <span class='ocr_line' id='line_1_21' title="bbox 2228 766 3823 846; baseline -0.003 -14"><span class='ocrx_word' id='word_1_144' title='bbox 2228 779 2592 846; x_wconf 84' lang='lat' dir='ltr'><strong>sium),crede</strong></span> <span class='ocrx_word' id='word_1_145' title='bbox 2615 775 2998 841; x_wconf 82' lang='lat' dir='ltr'><strong>milti,dilticile</strong></span> <span class='ocrx_word' id='word_1_146' title='bbox 3025 774 3248 829; x_wconf 85' lang='lat' dir='ltr'><strong>avellor.</strong></span> <span class='ocrx_word' id='word_1_147' title='bbox 3278 774 3413 828; x_wconf 83' lang='lat' dir='ltr'><strong>Cum</strong></span> <span class='ocrx_word' id='word_1_148' title='bbox 3438 772 3545 837; x_wconf 84' lang='lat' dir='ltr'><strong>bis,</strong></span> <span class='ocrx_word' id='word_1_149' title='bbox 3569 774 3778 843; x_wconf 85' lang='lat' dir='ltr'><strong>inquam,</strong></span> <span class='ocrx_word' id='word_1_150' title='bbox 3812 766 3823 841; x_wconf 58' lang='grc' dir='ltr'><em>ἶ</em></span> 
     </span>
    </p>
   </div>
   <div class='ocr_carea' id='block_1_22' title="bbox 2227 844 3817 937">
    <p class='ocr_par' dir='ltr' id='par_1_22' title="bbox 2227 844 3817 937">
     <span class='ocr_line' id='line_1_22' title="bbox 2227 844 3817 937; baseline -0.004 -13"><span class='ocrx_word' id='word_1_151' title='bbox 2227 883 2313 925; x_wconf 88' lang='lat' dir='ltr'><strong>me</strong></span> <span class='ocrx_word' id='word_1_152' title='bbox 2344 844 2432 924; x_wconf 81' lang='lat' dir='ltr'><strong>aut</strong></span> <span class='ocrx_word' id='word_1_153' title='bbox 2488 884 2673 925; x_wconf 88' lang='lat' dir='ltr'><strong>errare</strong></span> <span class='ocrx_word' id='word_1_154' title='bbox 2718 879 2807 923; x_wconf 87' lang='lat' dir='ltr'><strong>aut</strong></span> <span class='ocrx_word' id='word_1_155' title='bbox 2847 883 3037 937; x_wconf 90' lang='lat' dir='ltr'><strong>sapere</strong></span> <span class='ocrx_word' id='word_1_156' title='bbox 3094 868 3293 931; x_wconf 81' lang='lat' dir='ltr'><strong>lateor;</strong></span> <span class='ocrx_word' id='word_1_157' title='bbox 3327 866 3554 920; x_wconf 81' lang='lat' dir='ltr'><strong>credens</strong></span> <span class='ocrx_word' id='word_1_158' title='bbox 3606 876 3657 921; x_wconf 89' lang='lat' dir='ltr'><strong>et</strong></span> <span class='ocrx_word' id='word_1_159' title='bbox 3685 844 3817 935; x_wconf 37' lang='lat' dir='ltr'><strong>ipse:</strong></span> 
     </span>
    </p>
   </div>
   <div class='ocr_carea' id='block_1_23' title="bbox 2224 955 3819 1027">
    <p class='ocr_par' dir='ltr' id='par_1_23' title="bbox 2224 955 3819 1027">
     <span class='ocr_line' id='line_1_23' title="bbox 2224 955 3819 1027; baseline -0.003 -14"><span class='ocrx_word' id='word_1_160' title='bbox 2224 960 2335 1013; x_wconf 89' lang='lat' dir='ltr'><strong>sola</strong></span> <span class='ocrx_word' id='word_1_161' title='bbox 2370 960 2475 1013; x_wconf 87' lang='lat' dir='ltr'><strong>ﬁde</strong></span> <span class='ocrx_word' id='word_1_162' title='bbox 2504 957 2774 1013; x_wconf 77' lang='lat' dir='ltr'><strong>hominem</strong></span> <span class='ocrx_word' id='word_1_163' title='bbox 2808 972 2965 1027; x_wconf 81' lang='lat' dir='ltr'><strong>posse</strong></span> <span class='ocrx_word' id='word_1_164' title='bbox 2994 957 3186 1012; x_wconf 84' lang='lat' dir='ltr'><strong>salvari</strong></span> <span class='ocrx_word' id='word_1_165' title='bbox 3217 971 3338 1010; x_wconf 90' lang='lat' dir='ltr'><strong>cum</strong></span> <span class='ocrx_word' id='word_1_166' title='bbox 3394 955 3653 1011; x_wconf 78' lang='lat' dir='ltr'><strong>desiderio</strong></span> <span class='ocrx_word' id='word_1_167' title='bbox 3682 972 3784 1026; x_wconf 84' lang='lat' dir='ltr'><strong>per-</strong></span> <span class='ocrx_word' id='word_1_168' title='bbox 3812 972 3819 1009; x_wconf 70' lang='grc' dir='ltr'><strong>ι</strong></span> 
     </span>
    </p>
   </div>
   <div class='ocr_carea' id='block_1_24' title="bbox 2225 1034 3817 1121">
    <p class='ocr_par' dir='ltr' id='par_1_24' title="bbox 2225 1034 3817 1121">
     <span class='ocr_line' id='line_1_24' title="bbox 2225 1034 3817 1121; baseline -0.004 -18"><span class='ocrx_word' id='word_1_169' title='bbox 2225 1049 2457 1116; x_wconf 68' lang='lat' dir='ltr'><strong>Cipirndi</strong></span> <span class='ocrx_word' id='word_1_170' title='bbox 2486 1061 2911 1121; x_wconf 82' lang='lat' dir='ltr'><strong>sacramentum,</strong></span> <span class='ocrx_word' id='word_1_171' title='bbox 2938 1049 2983 1103; x_wconf 91' lang='lat' dir='ltr'><strong>si</strong></span> <span class='ocrx_word' id='word_1_172' title='bbox 3010 1059 3188 1102; x_wconf 85' lang='lat' dir='ltr'><strong>tamen</strong></span> <span class='ocrx_word' id='word_1_173' title='bbox 3221 1048 3311 1116; x_wconf 91' lang='lat' dir='ltr'><strong>pio</strong></span> <span class='ocrx_word' id='word_1_174' title='bbox 3358 1047 3677 1114; x_wconf 86' lang='lat' dir='ltr'><strong>adimpleudi</strong></span> <span class='ocrx_word' id='word_1_175' title='bbox 3702 1049 3782 1102; x_wconf 85' lang='lat' dir='ltr'><strong>de-</strong></span> <span class='ocrx_word' id='word_1_176' title='bbox 3812 1034 3817 1097; x_wconf 69' lang='grc' dir='ltr'>ξ</span> 
     </span>
    </p>
   </div>
   <div class='ocr_carea' id='block_1_25' title="bbox 2223 1124 3816 1208">
    <p class='ocr_par' dir='ltr' id='par_1_25' title="bbox 2223 1124 3816 1208">
     <span class='ocr_line' id='line_1_25' title="bbox 2223 1124 3816 1208; baseline -0.003 -13"><span class='ocrx_word' id='word_1_177' title='bbox 2223 1142 2425 1195; x_wconf 86' lang='lat' dir='ltr'><strong>siderio</strong></span> <span class='ocrx_word' id='word_1_178' title='bbox 2452 1156 2596 1195; x_wconf 83' lang='lat' dir='ltr'><strong>mors</strong></span> <span class='ocrx_word' id='word_1_179' title='bbox 2627 1141 2949 1208; x_wconf 80' lang='lat' dir='ltr'><strong>anticipans.</strong></span> <span class='ocrx_word' id='word_1_180' title='bbox 2977 1154 3074 1193; x_wconf 86' lang='lat' dir='ltr'><strong>seu</strong></span> <span class='ocrx_word' id='word_1_181' title='bbox 3119 1138 3222 1192; x_wconf 77' lang='lat' dir='ltr'><strong>alia</strong></span> <span class='ocrx_word' id='word_1_182' title='bbox 3259 1152 3591 1207; x_wconf 72' lang='lat' dir='ltr'><strong>quzecuuque</strong></span> <span class='ocrx_word' id='word_1_183' title='bbox 3615 1137 3689 1191; x_wconf 80' lang='lat' dir='ltr'><strong>vis</strong></span> <span class='ocrx_word' id='word_1_184' title='bbox 3709 1138 3779 1190; x_wconf 82' lang='lat' dir='ltr'><strong>iu-</strong></span> <span class='ocrx_word' id='word_1_185' title='bbox 3813 1124 3816 1133; x_wconf 67' lang='grc'><strong>’</strong></span> 
     </span>
    </p>
   </div>
   <div class='ocr_carea' id='block_1_26' title="bbox 2226 1226 3779 1293">
    <p class='ocr_par' dir='ltr' id='par_1_26' title="bbox 2226 1226 3779 1293">
     <span class='ocr_line' id='line_1_26' title="bbox 2226 1226 3779 1293; baseline -0.003 -10"><span class='ocrx_word' id='word_1_186' title='bbox 2226 1230 2491 1284; x_wconf 82' lang='lat' dir='ltr'><strong>viucibilis</strong></span> <span class='ocrx_word' id='word_1_187' title='bbox 2523 1230 2835 1285; x_wconf 80' lang='lat' dir='ltr'><strong>obviaverit.</strong></span> <span class='ocrx_word' id='word_1_188' title='bbox 2873 1249 2890 1281; x_wconf 73' lang='grc' dir='ltr'><strong>ι</strong></span> <span class='ocrx_word' id='word_1_189' title='bbox 2927 1229 3115 1293; x_wconf 80' lang='lat' dir='ltr'><strong>Audis,</strong></span> <span class='ocrx_word' id='word_1_190' title='bbox 3146 1226 3473 1281; x_wconf 73' lang='lat' dir='ltr'><strong>Bernard-um</strong></span> <span class='ocrx_word' id='word_1_191' title='bbox 3502 1227 3663 1280; x_wconf 79' lang='lat' dir='ltr'><strong>virum</strong></span> <span class='ocrx_word' id='word_1_192' title='bbox 3686 1230 3779 1280; x_wconf 81' lang='lat' dir='ltr'><strong>mi-</strong></span> 
     </span>
    </p>
   </div>
   <div class='ocr_carea' id='block_1_27' title="bbox 2222 1320 3775 1389">
    <p class='ocr_par' dir='ltr' id='par_1_27' title="bbox 2222 1320 3775 1389">
     <span class='ocr_line' id='line_1_27' title="bbox 2222 1320 3775 1389; baseline -0.003 -14"><span class='ocrx_word' id='word_1_193' title='bbox 2222 1324 2363 1376; x_wconf 78' lang='lat' dir='ltr'><strong>nimc</strong></span> <span class='ocrx_word' id='word_1_194' title='bbox 2388 1323 2768 1389; x_wconf 76' lang='lat' dir='ltr'><strong>jactabundum</strong></span> <span class='ocrx_word' id='word_1_195' title='bbox 2799 1337 2918 1375; x_wconf 91' lang='lat' dir='ltr'><strong>cum</strong></span> <span class='ocrx_word' id='word_1_196' title='bbox 2954 1320 3252 1389; x_wconf 78' lang='lat' dir='ltr'><strong>Augustino</strong></span> <span class='ocrx_word' id='word_1_197' title='bbox 3269 1333 3460 1388; x_wconf 82' lang='lat' dir='ltr'><strong>sapere</strong></span> <span class='ocrx_word' id='word_1_198' title='bbox 3486 1328 3537 1373; x_wconf 88' lang='lat' dir='ltr'><strong>et</strong></span> <span class='ocrx_word' id='word_1_199' title='bbox 3556 1321 3775 1380; x_wconf 70' lang='lat' dir='ltr'><strong>credere,</strong></span> 
     </span>
    </p>
   </div>
   <div class='ocr_carea' id='block_1_28' title="bbox 2216 1410 3776 1482">
    <p class='ocr_par' dir='ltr' id='par_1_28' title="bbox 2216 1410 3776 1482">
     <span class='ocr_line' id='line_1_28' title="bbox 2216 1410 3776 1482; baseline -0.004 -15"><span class='ocrx_word' id='word_1_200' title='bbox 2216 1415 2327 1467; x_wconf 82' lang='lat' dir='ltr'><strong>sola</strong></span> <span class='ocrx_word' id='word_1_201' title='bbox 2356 1414 2460 1482; x_wconf 77' lang='lat' dir='ltr'><strong>ﬁde</strong></span> <span class='ocrx_word' id='word_1_202' title='bbox 2516 1416 2766 1467; x_wconf 75' lang='lat' dir='ltr'><strong>hominem</strong></span> <span class='ocrx_word' id='word_1_203' title='bbox 2800 1430 2943 1481; x_wconf 79' lang='lat' dir='ltr'><strong>posse</strong></span> <span class='ocrx_word' id='word_1_204' title='bbox 2982 1412 3171 1465; x_wconf 77' lang='lat' dir='ltr'><strong>salvari</strong></span> <span class='ocrx_word' id='word_1_205' title='bbox 3199 1427 3313 1464; x_wconf 85' lang='lat' dir='ltr'><strong>cum</strong></span> <span class='ocrx_word' id='word_1_206' title='bbox 3350 1410 3595 1464; x_wconf 77' lang='lat' dir='ltr'><strong>desiderio</strong></span> <span class='ocrx_word' id='word_1_207' title='bbox 3623 1411 3776 1479; x_wconf 78' lang='lat' dir='ltr'><strong>pmi-</strong></span> 
     </span>
    </p>
   </div>
   <div class='ocr_carea' id='block_1_29' title="bbox 2218 1501 3781 1571">
    <p class='ocr_par' dir='ltr' id='par_1_29' title="bbox 2218 1501 3781 1571">
     <span class='ocr_line' id='line_1_29' title="bbox 2218 1501 3781 1571; baseline -0.001 -18"><span class='ocrx_word' id='word_1_208' title='bbox 2218 1503 2390 1571; x_wconf 80' lang='lat' dir='ltr'><strong>piendi</strong></span> <span class='ocrx_word' id='word_1_209' title='bbox 2417 1503 2827 1557; x_wconf 82' lang='lat' dir='ltr'><strong>sacramentum?</strong></span> <span class='ocrx_word' id='word_1_210' title='bbox 2857 1502 2963 1555; x_wconf 88' lang='lat' dir='ltr'><strong>Cur</strong></span> <span class='ocrx_word' id='word_1_211' title='bbox 2991 1516 3124 1555; x_wconf 86' lang='lat' dir='ltr'><strong>vero</strong></span> <span class='ocrx_word' id='word_1_212' title='bbox 3173 1515 3291 1555; x_wconf 81' lang='lat' dir='ltr'><strong>eam</strong></span> <span class='ocrx_word' id='word_1_213' title='bbox 3337 1501 3652 1555; x_wconf 79' lang='lat' dir='ltr'><strong>sententiam</strong></span> <span class='ocrx_word' id='word_1_214' title='bbox 3685 1503 3781 1553; x_wconf 75' lang='lat' dir='ltr'><strong>An-</strong></span> 
     </span>
    </p>
   </div>
   <div class='ocr_carea' id='block_1_30' title="bbox 2217 1590 3780 1661">
    <p class='ocr_par' dir='ltr' id='par_1_30' title="bbox 2217 1590 3780 1661">
     <span class='ocr_line' id='line_1_30' title="bbox 2217 1590 3780 1661; baseline -0.002 -16"><span class='ocrx_word' id='word_1_215' title='bbox 2217 1590 2409 1661; x_wconf 79' lang='lat' dir='ltr'><strong>guStini</strong></span> <span class='ocrx_word' id='word_1_216' title='bbox 2442 1591 2648 1646; x_wconf 76' lang='lat' dir='ltr'><strong>diceret</strong></span> <span class='ocrx_word' id='word_1_217' title='bbox 2702 1592 2865 1647; x_wconf 81' lang='lat' dir='ltr'><strong>fuisse</strong></span> <span class='ocrx_word' id='word_1_218' title='bbox 2893 1592 3100 1661; x_wconf 79' lang='lat' dir='ltr'><strong>uSpiam</strong></span> <span class='ocrx_word' id='word_1_219' title='bbox 3128 1590 3197 1646; x_wconf 90' lang='lat' dir='ltr'><strong>ab</strong></span> <span class='ocrx_word' id='word_1_220' title='bbox 3244 1605 3309 1645; x_wconf 88' lang='lat' dir='ltr'><strong>co</strong></span> <span class='ocrx_word' id='word_1_221' title='bbox 3338 1600 3707 1655; x_wconf 71' lang='lat' dir='ltr'><strong>retractatum,</strong></span> <span class='ocrx_word' id='word_1_222' title='bbox 3733 1592 3780 1642; x_wconf 88' lang='lat' dir='ltr'><strong>in</strong></span> 
     </span>
    </p>
   </div>
   <div class='ocr_carea' id='block_1_31' title="bbox 2216 1682 3780 1756">
    <p class='ocr_par' dir='ltr' id='par_1_31' title="bbox 2216 1682 3780 1756">
     <span class='ocr_line' id='line_1_31' title="bbox 2216 1682 3780 1756; baseline -0.001 -20"><span class='ocrx_word' id='word_1_223' title='bbox 2216 1699 2374 1751; x_wconf 76' lang='lat' dir='ltr'><strong>quam</strong></span> <span class='ocrx_word' id='word_1_224' title='bbox 2408 1685 2631 1751; x_wconf 83' lang='lat' dir='ltr'><strong>pedibus</strong></span> <span class='ocrx_word' id='word_1_225' title='bbox 2660 1684 2789 1740; x_wconf 83' lang='lat' dir='ltr'><strong>ivit?</strong></span> <span class='ocrx_word' id='word_1_226' title='bbox 2821 1684 2925 1756; x_wconf 73' lang='lat' dir='ltr'><strong>sed</strong></span> <span class='ocrx_word' id='word_1_227' title='bbox 2951 1693 3004 1739; x_wconf 85' lang='lat' dir='ltr'><strong>et</strong></span> <span class='ocrx_word' id='word_1_228' title='bbox 3034 1683 3330 1753; x_wconf 83' lang='lat' dir='ltr'><strong>apostolica</strong></span> <span class='ocrx_word' id='word_1_229' title='bbox 3360 1682 3521 1739; x_wconf 82' lang='lat' dir='ltr'><strong>sedes</strong></span> <span class='ocrx_word' id='word_1_230' title='bbox 3550 1682 3780 1737; x_wconf 84' lang='lat' dir='ltr'><strong>eamdem</strong></span> 
     </span>
    </p>
   </div>
   <div class='ocr_carea' id='block_1_32' title="bbox 2216 1775 3779 1846">
    <p class='ocr_par' dir='ltr' id='par_1_32' title="bbox 2216 1775 3779 1846">
     <span class='ocr_line' id='line_1_32' title="bbox 2216 1775 3779 1846; baseline 0 -19"><span class='ocrx_word' id='word_1_231' title='bbox 2216 1775 2539 1831; x_wconf 86' lang='lat' dir='ltr'><strong>sententiam</strong></span> <span class='ocrx_word' id='word_1_232' title='bbox 2572 1777 2641 1830; x_wconf 90' lang='lat' dir='ltr'><strong>ob</strong></span> <span class='ocrx_word' id='word_1_233' title='bbox 2692 1776 2973 1846; x_wconf 81' lang='lat' dir='ltr'><strong>Augustini</strong></span> <span class='ocrx_word' id='word_1_234' title='bbox 3030 1776 3403 1830; x_wconf 83' lang='lat' dir='ltr'><strong>auctoritatem</strong></span> <span class='ocrx_word' id='word_1_235' title='bbox 3456 1776 3779 1844; x_wconf 76' lang='lat' dir='ltr'><strong>approbavit.</strong></span> 
     </span>
    </p>
   </div>
   <div class='ocr_carea' id='block_1_33' title="bbox 515 1865 3784 1961">
    <p class='ocr_par' dir='ltr' id='par_1_33' title="bbox 515 1865 3784 1961">
     <span class='ocr_line' id='line_1_33' title="bbox 515 1865 3784 1961; baseline 0.003 -51"><span class='ocrx_word' id='word_1_236' title='bbox 515 1871 719 1929; x_wconf 58' lang='lat' dir='ltr'><strong>parum</strong></span> <span class='ocrx_word' id='word_1_237' title='bbox 750 1882 869 1938; x_wconf 52' lang='lat' dir='ltr'><strong>est;</strong></span> <span class='ocrx_word' id='word_1_238' title='bbox 900 1889 1086 1929; x_wconf 58' lang='lat' dir='ltr'><strong>mm“</strong></span> <span class='ocrx_word' id='word_1_239' title='bbox 1126 1884 1302 1930; x_wconf 50' lang='lat' dir='ltr'><strong>tamen</strong></span> <span class='ocrx_word' id='word_1_240' title='bbox 1336 1891 1495 1930; x_wconf 59' lang='lat' dir='ltr'><strong>ws“,</strong></span> <span class='ocrx_word' id='word_1_241' title='bbox 1546 1876 1669 1931; x_wconf 68' lang='lat' dir='ltr'><strong>hinc</strong></span> <span class='ocrx_word' id='word_1_242' title='bbox 1712 1891 1957 1938; x_wconf 67' lang='grc' dir='ltr'>θυιρρωι</span> <span class='ocrx_word' id='word_1_243' title='bbox 2006 1892 2112 1930; x_wconf 54' lang='lat' dir='ltr'><strong>&quot;EA</strong></span> <span class='ocrx_word' id='word_1_244' title='bbox 2148 1900 2193 1961; x_wconf 75' lang='grc' dir='ltr'><strong>Β</strong></span> <span class='ocrx_word' id='word_1_245' title='bbox 2222 1865 2558 1920; x_wconf 86' lang='lat' dir='ltr'><strong>Innocentius</strong></span> <span class='ocrx_word' id='word_1_246' title='bbox 2589 1866 2654 1920; x_wconf 90' lang='lat' dir='ltr'><strong>Ill</strong></span> <span class='ocrx_word' id='word_1_247' title='bbox 2676 1910 2689 1930; x_wconf 86' lang='lat'><strong>,</strong></span> <span class='ocrx_word' id='word_1_248' title='bbox 2720 1867 2989 1961; x_wconf 30' lang='lat' dir='ltr'><strong>in‘littetis</strong></span> <span class='ocrx_word' id='word_1_249' title='bbox 3015 1866 3079 1920; x_wconf 87' lang='lat' dir='ltr'><strong>ad</strong></span> <span class='ocrx_word' id='word_1_250' title='bbox 3112 1867 3544 1961; x_wconf 52' lang='lat' dir='ltr'><strong>Eremonensem</strong></span> <span class='ocrx_word' id='word_1_251' title='bbox 3594 1867 3784 1961; x_wconf 75' lang='lat' dir='ltr'><strong>episco-</strong></span> 
     </span>
    </p>
   </div>
   <div class='ocr_carea' id='block_1_34' title="bbox 517 1967 2109 2037">
    <p class='ocr_par' dir='ltr' id='par_1_34' title="bbox 517 1967 2109 2037">
     <span class='ocr_line' id='line_1_34' title="bbox 517 1967 2109 2037; baseline -0.001 -16"><span class='ocrx_word' id='word_1_252' title='bbox 517 1980 812 2021; x_wconf 66' lang='lat' dir='ltr'><strong>stzu&#39;rss&#39;rts</strong></span> <span class='ocrx_word' id='word_1_253' title='bbox 844 1983 1115 2021; x_wconf 76' lang='lat' dir='ltr'><strong>DEFINIRE.</strong></span> <span class='ocrx_word' id='word_1_254' title='bbox 1150 1967 1256 2023; x_wconf 81' lang='lat' dir='ltr'><strong>Sed</strong></span> <span class='ocrx_word' id='word_1_255' title='bbox 1286 1968 1542 2037; x_wconf 91' lang='lat' dir='ltr'><strong>quidquid</strong></span> <span class='ocrx_word' id='word_1_256' title='bbox 1586 1969 1653 2023; x_wconf 90' lang='lat' dir='ltr'><strong>de</strong></span> <span class='ocrx_word' id='word_1_257' title='bbox 1699 1969 1797 2023; x_wconf 88' lang='lat' dir='ltr'><strong>ltoc</strong></span> <span class='ocrx_word' id='word_1_258' title='bbox 1825 1969 1913 2033; x_wconf 91' lang='lat' dir='ltr'><strong>sit,</strong></span> <span class='ocrx_word' id='word_1_259' title='bbox 1942 1977 2046 2023; x_wconf 89' lang='lat' dir='ltr'><strong>etc.</strong></span> <span class='ocrx_word' id='word_1_260' title='bbox 2089 1987 2109 2020; x_wconf 79' lang='grc' dir='ltr'><strong>ι</strong></span> 
     </span>
    </p>
   </div>
   <div class='ocr_carea' id='block_1_35' title="bbox 518 2053 2110 2128">
    <p class='ocr_par' dir='ltr' id='par_1_35' title="bbox 518 2053 2110 2128">
     <span class='ocr_line' id='line_1_35' title="bbox 518 2053 2110 2128; baseline 0.004 -20"><span class='ocrx_word' id='word_1_261' title='bbox 518 2053 702 2122; x_wconf 67' lang='lat' dir='ltr'><strong>Vides,</strong></span> <span class='ocrx_word' id='word_1_262' title='bbox 738 2056 968 2120; x_wconf 85' lang='lat' dir='ltr'><strong>Armate.</strong></span> <span class='ocrx_word' id='word_1_263' title='bbox 998 2058 1128 2112; x_wconf 85' lang='lat' dir='ltr'><strong>nihil</strong></span> <span class='ocrx_word' id='word_1_264' title='bbox 1173 2073 1236 2114; x_wconf 90' lang='lat' dir='ltr'><strong>ea</strong></span> <span class='ocrx_word' id='word_1_265' title='bbox 1285 2059 1337 2113; x_wconf 93' lang='lat' dir='ltr'><strong>in</strong></span> <span class='ocrx_word' id='word_1_266' title='bbox 1393 2075 1451 2113; x_wconf 89' lang='lat' dir='ltr'><strong>re</strong></span> <span class='ocrx_word' id='word_1_267' title='bbox 1491 2060 1814 2114; x_wconf 79' lang='lat' dir='ltr'><strong>Bct‘ttardttm</strong></span> <span class='ocrx_word' id='word_1_268' title='bbox 1866 2060 2110 2128; x_wconf 85' lang='lat' dir='ltr'><strong>delinire,</strong></span> 
     </span>
    </p>
   </div>
   <div class='ocr_carea' id='block_1_36' title="bbox 515 2143 2113 2217">
    <p class='ocr_par' dir='ltr' id='par_1_36' title="bbox 515 2143 2113 2217">
     <span class='ocr_line' id='line_1_36' title="bbox 515 2143 2113 2217; baseline 0.004 -21"><span class='ocrx_word' id='word_1_269' title='bbox 515 2143 767 2205; x_wconf 83' lang='lat' dir='ltr'><strong>unius.ut</strong></span> <span class='ocrx_word' id='word_1_270' title='bbox 790 2144 911 2213; x_wconf 87' lang='lat' dir='ltr'><strong>jure</strong></span> <span class='ocrx_word' id='word_1_271' title='bbox 937 2146 1153 2215; x_wconf 87' lang='lat' dir='ltr'><strong>quidem</strong></span> <span class='ocrx_word' id='word_1_272' title='bbox 1196 2147 1446 2207; x_wconf 86' lang='lat' dir='ltr'><strong>arbitror,</strong></span> <span class='ocrx_word' id='word_1_273' title='bbox 1482 2149 1783 2217; x_wconf 79' lang='lat' dir='ltr'><strong>Augustini,</strong></span> <span class='ocrx_word' id='word_1_274' title='bbox 1812 2165 1971 2216; x_wconf 87' lang='lat' dir='ltr'><strong>quem</strong></span> <span class='ocrx_word' id='word_1_275' title='bbox 2020 2149 2113 2203; x_wconf 87' lang='lat' dir='ltr'><strong>ba-</strong></span> 
     </span>
    </p>
   </div>
   <div class='ocr_carea' id='block_1_37' title="bbox 512 2232 2109 2309">
    <p class='ocr_par' dir='ltr' id='par_1_37' title="bbox 512 2232 2109 2309">
     <span class='ocr_line' id='line_1_37' title="bbox 512 2232 2109 2309; baseline 0.003 -20"><span class='ocrx_word' id='word_1_276' title='bbox 512 2232 694 2299; x_wconf 76' lang='lat' dir='ltr'><strong>hebat,</strong></span> <span class='ocrx_word' id='word_1_277' title='bbox 723 2248 779 2289; x_wconf 87' lang='lat' dir='ltr'><strong>ut</strong></span> <span class='ocrx_word' id='word_1_278' title='bbox 806 2236 963 2301; x_wconf 77' lang='lat' dir='ltr'><strong>dicis,</strong></span> <span class='ocrx_word' id='word_1_279' title='bbox 1000 2238 1122 2289; x_wconf 88' lang='lat' dir='ltr'><strong>dum</strong></span> <span class='ocrx_word' id='word_1_280' title='bbox 1154 2239 1261 2290; x_wconf 78' lang='lat' dir='ltr'><strong>lucc</strong></span> <span class='ocrx_word' id='word_1_281' title='bbox 1291 2238 1547 2303; x_wconf 72' lang='lat' dir='ltr'><strong>scriberet,</strong></span> <span class='ocrx_word' id='word_1_282' title='bbox 1575 2254 1670 2309; x_wconf 85' lang='lat' dir='ltr'><strong>pra</strong></span> <span class='ocrx_word' id='word_1_283' title='bbox 1684 2249 1892 2302; x_wconf 78' lang='lat' dir='ltr'><strong>sentem,</strong></span> <span class='ocrx_word' id='word_1_284' title='bbox 1921 2250 2109 2293; x_wconf 87' lang='lat' dir='ltr'><strong>aucto-</strong></span> 
     </span>
    </p>
   </div>
   <div class='ocr_carea' id='block_1_38' title="bbox 511 2323 2106 2394">
    <p class='ocr_par' dir='ltr' id='par_1_38' title="bbox 511 2323 2106 2394">
     <span class='ocr_line' id='line_1_38' title="bbox 511 2323 2106 2394; baseline 0.004 -20"><span class='ocrx_word' id='word_1_285' title='bbox 511 2323 669 2377; x_wconf 81' lang='lat' dir='ltr'><strong>ritate</strong></span> <span class='ocrx_word' id='word_1_286' title='bbox 685 2335 1007 2378; x_wconf 85' lang='lat' dir='ltr'><strong>remoratum</strong></span> <span class='ocrx_word' id='word_1_287' title='bbox 1025 2328 1046 2376; x_wconf 87' lang='lat'><strong>?</strong></span> <span class='ocrx_word' id='word_1_288' title='bbox 1066 2326 1202 2378; x_wconf 83' lang='lat' dir='ltr'><strong>Dura</strong></span> <span class='ocrx_word' id='word_1_289' title='bbox 1220 2327 1290 2378; x_wconf 90' lang='lat' dir='ltr'><strong>illi</strong></span> <span class='ocrx_word' id='word_1_290' title='bbox 1311 2327 1587 2394; x_wconf 82' lang='lat' dir='ltr'><strong>Augustini</strong></span> <span class='ocrx_word' id='word_1_291' title='bbox 1602 2330 1863 2382; x_wconf 71' lang='lat' dir='ltr'><strong>sententia</strong></span> <span class='ocrx_word' id='word_1_292' title='bbox 1880 2330 1988 2382; x_wconf 88' lang='lat' dir='ltr'><strong>visa</strong></span> <span class='ocrx_word' id='word_1_293' title='bbox 2003 2339 2106 2394; x_wconf 84' lang='lat' dir='ltr'><strong>est,</strong></span> 
     </span>
    </p>
   </div>
   <div class='ocr_carea' id='block_1_39' title="bbox 510 2412 2111 2483">
    <p class='ocr_par' dir='ltr' id='par_1_39' title="bbox 510 2412 2111 2483">
     <span class='ocr_line' id='line_1_39' title="bbox 510 2412 2111 2483; baseline 0.006 -20"><span class='ocrx_word' id='word_1_294' title='bbox 510 2419 566 2463; x_wconf 82' lang='lat' dir='ltr'><strong>at</strong></span> <span class='ocrx_word' id='word_1_295' title='bbox 592 2413 774 2465; x_wconf 87' lang='lat' dir='ltr'><strong>durius</strong></span> <span class='ocrx_word' id='word_1_296' title='bbox 803 2412 974 2467; x_wconf 81' lang='lat' dir='ltr'><strong>lassus</strong></span> <span class='ocrx_word' id='word_1_297' title='bbox 1023 2426 1101 2468; x_wconf 88' lang='lat' dir='ltr'><strong>est</strong></span> <span class='ocrx_word' id='word_1_298' title='bbox 1145 2416 1211 2467; x_wconf 87' lang='lat' dir='ltr'><strong>ab</strong></span> <span class='ocrx_word' id='word_1_299' title='bbox 1236 2417 1527 2483; x_wconf 76' lang='lat' dir='ltr'><strong>Augustino</strong></span> <span class='ocrx_word' id='word_1_300' title='bbox 1547 2416 1832 2473; x_wconf 69' lang='lat' dir='ltr'><strong>discedere</strong></span> <span class='ocrx_word' id='word_1_301' title='bbox 1857 2434 1870 2471; x_wconf 91' lang='lat'><strong>:</strong></span> <span class='ocrx_word' id='word_1_302' title='bbox 1898 2418 2111 2473; x_wconf 80' lang='lat' dir='ltr'><strong>Minime</strong></span> 
     </span>
    </p>
   </div>
   <div class='ocr_carea' id='block_1_40' title="bbox 509 2504 2109 2577">
    <p class='ocr_par' dir='ltr' id='par_1_40' title="bbox 509 2504 2109 2577">
     <span class='ocr_line' id='line_1_40' title="bbox 509 2504 2109 2577; baseline 0.006 -24"><span class='ocrx_word' id='word_1_303' title='bbox 509 2511 700 2568; x_wconf 71' lang='lat' dir='ltr'><strong>tamen,</strong></span> <span class='ocrx_word' id='word_1_304' title='bbox 728 2504 920 2573; x_wconf 79' lang='lat' dir='ltr'><strong>inquit,</strong></span> <span class='ocrx_word' id='word_1_305' title='bbox 949 2506 1112 2559; x_wconf 81' lang='lat' dir='ltr'><strong>ausim</strong></span> <span class='ocrx_word' id='word_1_306' title='bbox 1141 2508 1259 2559; x_wconf 81' lang='lat' dir='ltr'><strong>hinc</strong></span> <span class='ocrx_word' id='word_1_307' title='bbox 1284 2508 1548 2577; x_wconf 71' lang='lat' dir='ltr'><strong>quippiam</strong></span> <span class='ocrx_word' id='word_1_308' title='bbox 1572 2524 1682 2561; x_wconf 86' lang='lat' dir='ltr'><strong>mea</strong></span> <span class='ocrx_word' id='word_1_309' title='bbox 1703 2510 1948 2563; x_wconf 78' lang='lat' dir='ltr'><strong>sententia</strong></span> <span class='ocrx_word' id='word_1_310' title='bbox 1974 2512 2109 2577; x_wconf 80' lang='lat' dir='ltr'><strong>defi-</strong></span> 
     </span>
    </p>
   </div>
   <div class='ocr_carea' id='block_1_41' title="bbox 509 2593 2106 2671">
    <p class='ocr_par' dir='ltr' id='par_1_41' title="bbox 509 2593 2106 2671">
     <span class='ocr_line' id='line_1_41' title="bbox 509 2593 2106 2671; baseline 0.008 -28"><span class='ocrx_word' id='word_1_311' title='bbox 509 2593 639 2645; x_wconf 78' lang='lat' dir='ltr'><strong>nire.</strong></span> <span class='ocrx_word' id='word_1_312' title='bbox 669 2594 898 2649; x_wconf 48' lang='lat' dir='ltr'><strong>lloi‘cine</strong></span> <span class='ocrx_word' id='word_1_313' title='bbox 919 2605 1022 2658; x_wconf 87' lang='lat' dir='ltr'><strong>est,</strong></span> <span class='ocrx_word' id='word_1_314' title='bbox 1041 2598 1268 2659; x_wconf 87' lang='lat' dir='ltr'><strong>Aunate,</strong></span> <span class='ocrx_word' id='word_1_315' title='bbox 1295 2609 1349 2651; x_wconf 93' lang='lat' dir='ltr'><strong>ut</strong></span> <span class='ocrx_word' id='word_1_316' title='bbox 1369 2598 1588 2666; x_wconf 71' lang='lat' dir='ltr'><strong>iocaris,</strong></span> <span class='ocrx_word' id='word_1_317' title='bbox 1612 2599 1785 2654; x_wconf 58' lang='lat' dir='ltr'><strong>divelli</strong></span> <span class='ocrx_word' id='word_1_318' title='bbox 1813 2599 1877 2654; x_wconf 86' lang='lat' dir='ltr'><strong>ab</strong></span> <span class='ocrx_word' id='word_1_319' title='bbox 1900 2600 2106 2671; x_wconf 82' lang='lat' dir='ltr'><strong>Augus-</strong></span> 
     </span>
    </p>
   </div>
   <div class='ocr_carea' id='block_1_42' title="bbox 514 2684 2104 2755">
    <p class='ocr_par' dir='ltr' id='par_1_42' title="bbox 514 2684 2104 2755">
     <span class='ocr_line' id='line_1_42' title="bbox 514 2684 2104 2755; baseline 0.007 -22"><span class='ocrx_word' id='word_1_320' title='bbox 514 2684 659 2737; x_wconf 77' lang='lat' dir='ltr'><strong>tino?</strong></span> <span class='ocrx_word' id='word_1_321' title='bbox 688 2686 788 2738; x_wconf 83' lang='lat' dir='ltr'><strong>hoc</strong></span> <span class='ocrx_word' id='word_1_322' title='bbox 812 2698 999 2753; x_wconf 89' lang='lat' dir='ltr'><strong>putare</strong></span> <span class='ocrx_word' id='word_1_323' title='bbox 1030 2688 1226 2740; x_wconf 86' lang='lat' dir='ltr'><strong>nullum</strong></span> <span class='ocrx_word' id='word_1_324' title='bbox 1278 2688 1556 2755; x_wconf 83' lang='lat' dir='ltr'><strong>aliquando</strong></span> <span class='ocrx_word' id='word_1_325' title='bbox 1577 2689 1876 2743; x_wconf 74' lang='lat' dir='ltr'><strong>validissimi</strong></span> <span class='ocrx_word' id='word_1_326' title='bbox 1899 2690 2104 2746; x_wconf 67' lang='lat' dir='ltr'><strong>lucreti-</strong></span> 
     </span>
    </p>
   </div>
   <div class='ocr_carea' id='block_1_43' title="bbox 509 2775 2109 2838">
    <p class='ocr_par' dir='ltr' id='par_1_43' title="bbox 509 2775 2109 2838">
     <span class='ocr_line' id='line_1_43' title="bbox 509 2775 2109 2838; baseline 0.009 -14"><span class='ocrx_word' id='word_1_327' title='bbox 509 2786 686 2826; x_wconf 79' lang='lat' dir='ltr'><strong>corum</strong></span> <span class='ocrx_word' id='word_1_328' title='bbox 708 2775 880 2829; x_wconf 86' lang='lat' dir='ltr'><strong>mallei</strong></span> <span class='ocrx_word' id='word_1_329' title='bbox 900 2777 1143 2831; x_wconf 82' lang='lat' dir='ltr'><strong>incertum</strong></span> <span class='ocrx_word' id='word_1_330' title='bbox 1168 2778 1362 2832; x_wconf 78' lang='lat' dir='ltr'><strong>ictum!</strong></span> <span class='ocrx_word' id='word_1_331' title='bbox 1387 2781 1494 2833; x_wconf 86' lang='lat' dir='ltr'><strong>lmo</strong></span> <span class='ocrx_word' id='word_1_332' title='bbox 1522 2780 1701 2835; x_wconf 73' lang='lat' dir='ltr'><strong>horest</strong></span> <span class='ocrx_word' id='word_1_333' title='bbox 1718 2782 2005 2837; x_wconf 89' lang='lat' dir='ltr'><strong>lectoribus</strong></span> <span class='ocrx_word' id='word_1_334' title='bbox 2029 2783 2109 2838; x_wconf 60' lang='lat' dir='ltr'><strong>fu»</strong></span> 
     </span>
    </p>
   </div>
   <div class='ocr_carea' id='block_1_44' title="bbox 506 2857 2104 2943">
    <p class='ocr_par' dir='ltr' id='par_1_44' title="bbox 506 2857 2104 2943">
     <span class='ocr_line' id='line_1_44' title="bbox 506 2857 2104 2943; baseline 0.006 -25"><span class='ocrx_word' id='word_1_335' title='bbox 506 2876 628 2918; x_wconf 80' lang='lat' dir='ltr'><strong>eum</strong></span> <span class='ocrx_word' id='word_1_336' title='bbox 662 2864 858 2931; x_wconf 77' lang='lat' dir='ltr'><strong>facere,</strong></span> <span class='ocrx_word' id='word_1_337' title='bbox 899 2883 961 2922; x_wconf 88' lang='lat' dir='ltr'><strong>ac</strong></span> <span class='ocrx_word' id='word_1_338' title='bbox 1015 2857 1288 2925; x_wconf 67' lang='lat' dir='ltr'><strong>Bernardo</strong></span> <span class='ocrx_word' id='word_1_339' title='bbox 1339 2872 1557 2926; x_wconf 85' lang='lat' dir='ltr'><strong>nimium</strong></span> <span class='ocrx_word' id='word_1_340' title='bbox 1602 2874 1918 2943; x_wconf 63' lang='lat' dir='ltr'><strong>iniuriosum</strong></span> <span class='ocrx_word' id='word_1_341' title='bbox 1961 2889 2104 2939; x_wconf 86' lang='lat' dir='ltr'><strong>esse,</strong></span> 
     </span>
    </p>
   </div>
   <div class='ocr_carea' id='block_1_45' title="bbox 506 2956 2103 3034">
    <p class='ocr_par' dir='ltr' id='par_1_45' title="bbox 506 2956 2103 3034">
     <span class='ocr_line' id='line_1_45' title="bbox 506 2956 2103 3034; baseline 0.006 -25"><span class='ocrx_word' id='word_1_342' title='bbox 506 2956 631 3011; x_wconf 83' lang='lat' dir='ltr'><strong>dum</strong></span> <span class='ocrx_word' id='word_1_343' title='bbox 650 2958 800 3013; x_wconf 84' lang='lat' dir='ltr'><strong>illum</strong></span> <span class='ocrx_word' id='word_1_344' title='bbox 817 2975 876 3013; x_wconf 87' lang='lat' dir='ltr'><strong>ea</strong></span> <span class='ocrx_word' id='word_1_345' title='bbox 911 2963 1225 3015; x_wconf 86' lang='lat' dir='ltr'><strong>recitantem</strong></span> <span class='ocrx_word' id='word_1_346' title='bbox 1256 2963 1462 3016; x_wconf 84' lang='lat' dir='ltr'><strong>inducis</strong></span> <span class='ocrx_word' id='word_1_347' title='bbox 1489 2965 1555 3017; x_wconf 91' lang='lat' dir='ltr'><strong>de</strong></span> <span class='ocrx_word' id='word_1_348' title='bbox 1570 2965 1862 3032; x_wconf 85' lang='lat' dir='ltr'><strong>Augustino</strong></span> <span class='ocrx_word' id='word_1_349' title='bbox 1890 2980 2009 3034; x_wconf 71' lang='lat' dir='ltr'><strong>qua:</strong></span> <span class='ocrx_word' id='word_1_350' title='bbox 2036 2981 2103 3019; x_wconf 88' lang='lat' dir='ltr'><strong>ne</strong></span> 
     </span>
    </p>
   </div>
   <div class='ocr_carea' id='block_1_46' title="bbox 514 3046 2101 3119">
    <p class='ocr_par' dir='ltr' id='par_1_46' title="bbox 514 3046 2101 3119">
     <span class='ocr_line' id='line_1_46' title="bbox 514 3046 2101 3119; baseline 0.005 -21"><span class='ocrx_word' id='word_1_351' title='bbox 514 3046 767 3113; x_wconf 76' lang='lat' dir='ltr'><strong>cogitavit</strong></span> <span class='ocrx_word' id='word_1_352' title='bbox 809 3048 1050 3114; x_wconf 74' lang='lat' dir='ltr'><strong>quidem.</strong></span> <span class='ocrx_word' id='word_1_353' title='bbox 1086 3051 1172 3103; x_wconf 90' lang='lat' dir='ltr'><strong>llla</strong></span> <span class='ocrx_word' id='word_1_354' title='bbox 1217 3050 1395 3119; x_wconf 78' lang='lat' dir='ltr'><strong>itaque</strong></span> <span class='ocrx_word' id='word_1_355' title='bbox 1439 3063 1519 3105; x_wconf 90' lang='lat' dir='ltr'><strong>est</strong></span> <span class='ocrx_word' id='word_1_356' title='bbox 1558 3053 1790 3108; x_wconf 81' lang='lat' dir='ltr'><strong>Melliﬂui</strong></span> <span class='ocrx_word' id='word_1_357' title='bbox 1839 3056 2101 3110; x_wconf 76' lang='lat' dir='ltr'><strong>sententia</strong></span> 
     </span>
    </p>
   </div>
   <div class='ocr_carea' id='block_1_47' title="bbox 514 3135 1649 3215">
    <p class='ocr_par' dir='ltr' id='par_1_47' title="bbox 514 3135 1649 3215">
     <span class='ocr_line' id='line_1_47' title="bbox 514 3135 1649 3215; baseline 0.006 -28"><span class='ocrx_word' id='word_1_358' title='bbox 514 3135 672 3199; x_wconf 76' lang='lat' dir='ltr'><strong>epist.</strong></span> <span class='ocrx_word' id='word_1_359' title='bbox 709 3135 809 3187; x_wconf 81' lang='lat' dir='ltr'><strong>t7t</strong></span> <span class='ocrx_word' id='word_1_360' title='bbox 840 3135 911 3188; x_wconf 86' lang='lat' dir='ltr'><strong>ad</strong></span> <span class='ocrx_word' id='word_1_361' title='bbox 931 3136 1217 3215; x_wconf 78' lang='lat' dir='ltr'><strong>canonicos</strong></span> <span class='ocrx_word' id='word_1_362' title='bbox 1244 3137 1649 3209; x_wconf 77' lang='lat' dir='ltr'><strong>Lugdunenses.</strong></span> 
     </span>
    </p>
   </div>
   <div class='ocr_carea' id='block_1_48' title="bbox 2219 1956 3780 2028">
    <p class='ocr_par' dir='ltr' id='par_1_48' title="bbox 2219 1956 3780 2028">
     <span class='ocr_line' id='line_1_48' title="bbox 2219 1956 3780 2028; baseline 0 -17"><span class='ocrx_word' id='word_1_363' title='bbox 2219 1973 2363 2024; x_wconf 83' lang='lat' dir='ltr'><strong>pum,</strong></span> <span class='ocrx_word' id='word_1_364' title='bbox 2388 1973 2506 2022; x_wconf 72' lang='lat' dir='ltr'><strong>que</strong></span> <span class='ocrx_word' id='word_1_365' title='bbox 2559 1958 2698 2025; x_wconf 83' lang='lat' dir='ltr'><strong>apud</strong></span> <span class='ocrx_word' id='word_1_366' title='bbox 2753 1956 3063 2028; x_wconf 79' lang='lat' dir='ltr'><strong>Gregorium</strong></span> <span class='ocrx_word' id='word_1_367' title='bbox 3112 1958 3180 2011; x_wconf 71' lang='lat' dir='ltr'><strong>IX</strong></span> <span class='ocrx_word' id='word_1_368' title='bbox 3236 1967 3447 2012; x_wconf 78' lang='lat' dir='ltr'><strong>exstant</strong></span> <span class='ocrx_word' id='word_1_369' title='bbox 3478 1958 3676 2022; x_wconf 84' lang='lat' dir='ltr'><strong>lib.m,</strong></span> <span class='ocrx_word' id='word_1_370' title='bbox 3708 1959 3780 2011; x_wconf 91' lang='lat' dir='ltr'><strong>tit.</strong></span> 
     </span>
    </p>
   </div>
   <div class='ocr_carea' id='block_1_49' title="bbox 2214 2047 3785 2117">
    <p class='ocr_par' dir='ltr' id='par_1_49' title="bbox 2214 2047 3785 2117">
     <span class='ocr_line' id='line_1_49' title="bbox 2214 2047 3785 2117; baseline 0.001 -15"><span class='ocrx_word' id='word_1_371' title='bbox 2214 2049 2422 2116; x_wconf 64' lang='lat' dir='ltr'><strong>45,eap</strong></span> <span class='ocrx_word' id='word_1_372' title='bbox 2458 2047 2512 2111; x_wconf 74' lang='lat'><strong>2,</strong></span> <span class='ocrx_word' id='word_1_373' title='bbox 2542 2049 2608 2101; x_wconf 85' lang='lat' dir='ltr'><strong>ita</strong></span> <span class='ocrx_word' id='word_1_374' title='bbox 2643 2049 2827 2102; x_wconf 74' lang='lat' dir='ltr'><strong>scribit</strong></span> <span class='ocrx_word' id='word_1_375' title='bbox 2857 2065 2870 2102; x_wconf 90' lang='lat'><strong>:</strong></span> <span class='ocrx_word' id='word_1_376' title='bbox 2913 2069 2929 2098; x_wconf 85' lang='grc' dir='ltr'><strong>ι</strong></span> <span class='ocrx_word' id='word_1_377' title='bbox 2950 2050 3120 2115; x_wconf 82' lang='lat' dir='ltr'><strong>Quem</strong></span> <span class='ocrx_word' id='word_1_378' title='bbox 3153 2050 3269 2103; x_wconf 84' lang='lat' dir='ltr'><strong>sine</strong></span> <span class='ocrx_word' id='word_1_379' title='bbox 3300 2048 3440 2103; x_wconf 84' lang='lat' dir='ltr'><strong>unda</strong></span> <span class='ocrx_word' id='word_1_380' title='bbox 3464 2048 3785 2117; x_wconf 81' lang='lat' dir='ltr'><strong>baptismatis</strong></span> 
     </span>
    </p>
   </div>
   <div class='ocr_carea' id='block_1_50' title="bbox 2212 2140 3777 2210">
    <p class='ocr_par' dir='ltr' id='par_1_50' title="bbox 2212 2140 3777 2210">
     <span class='ocr_line' id='line_1_50' title="bbox 2212 2140 3777 2210; baseline 0.001 -17"><span class='ocrx_word' id='word_1_381' title='bbox 2212 2153 2510 2193; x_wconf 76' lang='lat' dir='ltr'><strong>extremum</strong></span> <span class='ocrx_word' id='word_1_382' title='bbox 2544 2141 2686 2194; x_wconf 53' lang='lat' dir='ltr'><strong>diem</strong></span> <span class='ocrx_word' id='word_1_383' title='bbox 2720 2142 2976 2195; x_wconf 48' lang='lat' dir='ltr'><strong>clausisse</strong></span> <span class='ocrx_word' id='word_1_384' title='bbox 3026 2140 3359 2210; x_wconf 84' lang='lat' dir='ltr'><strong>signiﬁcasti,</strong></span> <span class='ocrx_word' id='word_1_385' title='bbox 3389 2140 3515 2210; x_wconf 85' lang='lat' dir='ltr'><strong>quia</strong></span> <span class='ocrx_word' id='word_1_386' title='bbox 3545 2142 3598 2194; x_wconf 89' lang='lat' dir='ltr'><strong>in</strong></span> <span class='ocrx_word' id='word_1_387' title='bbox 3630 2157 3777 2194; x_wconf 83' lang='lat' dir='ltr'><strong>sauc-</strong></span> 
     </span>
    </p>
   </div>
   <div class='ocr_carea' id='block_1_51' title="bbox 2216 2230 3782 2300">
    <p class='ocr_par' dir='ltr' id='par_1_51' title="bbox 2216 2230 3782 2300">
     <span class='ocr_line' id='line_1_51' title="bbox 2216 2230 3782 2300; baseline 0.003 -19"><span class='ocrx_word' id='word_1_388' title='bbox 2216 2236 2285 2281; x_wconf 66' lang='lat' dir='ltr'><strong>ta:</strong></span> <span class='ocrx_word' id='word_1_389' title='bbox 2320 2230 2504 2282; x_wconf 75' lang='lat' dir='ltr'><strong>matris</strong></span> <span class='ocrx_word' id='word_1_390' title='bbox 2531 2230 2785 2283; x_wconf 67' lang='lat' dir='ltr'><strong>Et‘CiOaitB</strong></span> <span class='ocrx_word' id='word_1_391' title='bbox 2818 2231 2922 2285; x_wconf 88' lang='lat' dir='ltr'><strong>lide</strong></span> <span class='ocrx_word' id='word_1_392' title='bbox 2954 2242 3007 2284; x_wconf 92' lang='lat' dir='ltr'><strong>ct</strong></span> <span class='ocrx_word' id='word_1_393' title='bbox 3031 2232 3229 2285; x_wconf 78' lang='lat' dir='ltr'><strong>Christi</strong></span> <span class='ocrx_word' id='word_1_394' title='bbox 3274 2234 3490 2286; x_wconf 83' lang='lat' dir='ltr'><strong>nomine</strong></span> <span class='ocrx_word' id='word_1_395' title='bbox 3540 2246 3782 2300; x_wconf 80' lang='lat' dir='ltr'><strong>perseve-</strong></span> 
     </span>
    </p>
   </div>
   <div class='ocr_carea' id='block_1_52' title="bbox 2212 2319 3780 2390">
    <p class='ocr_par' dir='ltr' id='par_1_52' title="bbox 2212 2319 3780 2390">
     <span class='ocr_line' id='line_1_52' title="bbox 2212 2319 3780 2390; baseline 0.004 -19"><span class='ocrx_word' id='word_1_396' title='bbox 2212 2319 2371 2383; x_wconf 78' lang='lat' dir='ltr'><strong>rarit,</strong></span> <span class='ocrx_word' id='word_1_397' title='bbox 2399 2319 2465 2373; x_wconf 88' lang='lat' dir='ltr'><strong>ab</strong></span> <span class='ocrx_word' id='word_1_398' title='bbox 2488 2319 2735 2388; x_wconf 76' lang='lat' dir='ltr'><strong>originali</strong></span> <span class='ocrx_word' id='word_1_399' title='bbox 2780 2330 3002 2388; x_wconf 87' lang='lat' dir='ltr'><strong>peccato</strong></span> <span class='ocrx_word' id='word_1_400' title='bbox 3052 2322 3285 2376; x_wconf 79' lang='lat' dir='ltr'><strong>si-lutnm</strong></span> <span class='ocrx_word' id='word_1_401' title='bbox 3336 2331 3392 2377; x_wconf 92' lang='lat' dir='ltr'><strong>et</strong></span> <span class='ocrx_word' id='word_1_402' title='bbox 3436 2324 3667 2378; x_wconf 72' lang='lat' dir='ltr'><strong>cmtcstis</strong></span> <span class='ocrx_word' id='word_1_403' title='bbox 3698 2338 3780 2390; x_wconf 82' lang='lat' dir='ltr'><strong>pa-</strong></span> 
     </span>
    </p>
   </div>
   <div class='ocr_carea' id='block_1_53' title="bbox 2213 2409 3781 2480">
    <p class='ocr_par' dir='ltr' id='par_1_53' title="bbox 2213 2409 3781 2480">
     <span class='ocr_line' id='line_1_53' title="bbox 2213 2409 3781 2480; baseline 0.004 -19"><span class='ocrx_word' id='word_1_404' title='bbox 2213 2409 2326 2463; x_wconf 69' lang='lat' dir='ltr'><strong>tritc</strong></span> <span class='ocrx_word' id='word_1_405' title='bbox 2359 2410 2549 2479; x_wconf 85' lang='lat' dir='ltr'><strong>gaudia</strong></span> <span class='ocrx_word' id='word_1_406' title='bbox 2600 2425 2719 2466; x_wconf 82' lang='lat' dir='ltr'><strong>esse</strong></span> <span class='ocrx_word' id='word_1_407' title='bbox 2747 2412 3000 2480; x_wconf 84' lang='lat' dir='ltr'><strong>adeptum</strong></span> <span class='ocrx_word' id='word_1_408' title='bbox 3059 2416 3351 2469; x_wconf 85' lang='lat' dir='ltr'><strong>asserimus</strong></span> <span class='ocrx_word' id='word_1_409' title='bbox 3398 2414 3781 2470; x_wconf 72' lang='lat' dir='ltr'><strong>incunctanter.</strong></span> 
     </span>
    </p>
   </div>
   <div class='ocr_carea' id='block_1_54' title="bbox 2211 2497 3783 2573">
    <p class='ocr_par' dir='ltr' id='par_1_54' title="bbox 2211 2497 3783 2573">
     <span class='ocr_line' id='line_1_54' title="bbox 2211 2497 3783 2573; baseline 0.005 -22"><span class='ocrx_word' id='word_1_410' title='bbox 2211 2497 2349 2567; x_wconf 81' lang='lat' dir='ltr'><strong>Lege</strong></span> <span class='ocrx_word' id='word_1_411' title='bbox 2372 2517 2533 2569; x_wconf 81' lang='lat' dir='ltr'><strong>super</strong></span> <span class='ocrx_word' id='word_1_412' title='bbox 2582 2512 2772 2555; x_wconf 84' lang='lat' dir='ltr'><strong>octavo</strong></span> <span class='ocrx_word' id='word_1_413' title='bbox 2812 2503 2946 2558; x_wconf 89' lang='lat' dir='ltr'><strong>libro</strong></span> <span class='ocrx_word' id='word_1_414' title='bbox 2988 2506 3265 2573; x_wconf 70' lang='lat' dir='ltr'><strong>Augustini</strong></span> <span class='ocrx_word' id='word_1_415' title='bbox 3294 2507 3362 2560; x_wconf 90' lang='lat' dir='ltr'><strong>de</strong></span> <span class='ocrx_word' id='word_1_416' title='bbox 3387 2504 3613 2561; x_wconf 86' lang='lat' dir='ltr'><strong>Civitate</strong></span> <span class='ocrx_word' id='word_1_417' title='bbox 3668 2508 3783 2572; x_wconf 85' lang='lat' dir='ltr'><strong>Dei,</strong></span> 
     </span>
    </p>
   </div>
   <div class='ocr_carea' id='block_1_55' title="bbox 2210 2590 3781 2666">
    <p class='ocr_par' dir='ltr' id='par_1_55' title="bbox 2210 2590 3781 2666">
     <span class='ocr_line' id='line_1_55' title="bbox 2210 2590 3781 2666; baseline 0.004 -23"><span class='ocrx_word' id='word_1_418' title='bbox 2210 2590 2297 2643; x_wconf 91' lang='lat' dir='ltr'><strong>ubi</strong></span> <span class='ocrx_word' id='word_1_419' title='bbox 2332 2590 2470 2645; x_wconf 89' lang='lat' dir='ltr'><strong>inter</strong></span> <span class='ocrx_word' id='word_1_420' title='bbox 2498 2602 2689 2645; x_wconf 57' lang='lat' dir='ltr'><strong>caetera</strong></span> <span class='ocrx_word' id='word_1_421' title='bbox 2751 2594 2945 2665; x_wconf 82' lang='lat' dir='ltr'><strong>legitur</strong></span> <span class='ocrx_word' id='word_1_422' title='bbox 2980 2612 2992 2648; x_wconf 92' lang='lat'>:</span> <span class='ocrx_word' id='word_1_423' title='bbox 3024 2593 3321 2666; x_wconf 82' lang='lat' dir='ltr'><strong>Baptismus</strong></span> <span class='ocrx_word' id='word_1_424' title='bbox 3342 2598 3657 2651; x_wconf 68' lang='lat' dir='ltr'><strong>invisibiliter</strong></span> <span class='ocrx_word' id='word_1_425' title='bbox 3682 2600 3781 2650; x_wconf 85' lang='lat' dir='ltr'><strong>mi-</strong></span> 
     </span>
    </p>
   </div>
   <div class='ocr_carea' id='block_1_56' title="bbox 2208 2681 3781 2759">
    <p class='ocr_par' dir='ltr' id='par_1_56' title="bbox 2208 2681 3781 2759">
     <span class='ocr_line' id='line_1_56' title="bbox 2208 2681 3781 2759; baseline 0.005 -27"><span class='ocrx_word' id='word_1_426' title='bbox 2208 2681 2478 2745; x_wconf 82' lang='lat' dir='ltr'><strong>nis&#39;ratur,</strong></span> <span class='ocrx_word' id='word_1_427' title='bbox 2508 2699 2655 2752; x_wconf 83' lang='lat' dir='ltr'><strong>qttcnt</strong></span> <span class='ocrx_word' id='word_1_428' title='bbox 2685 2700 2785 2737; x_wconf 86' lang='lat' dir='ltr'><strong>non</strong></span> <span class='ocrx_word' id='word_1_429' title='bbox 2816 2697 3129 2757; x_wconf 86' lang='lat' dir='ltr'><strong>contemptus</strong></span> <span class='ocrx_word' id='word_1_430' title='bbox 3148 2688 3408 2759; x_wconf 84' lang='lat' dir='ltr'><strong>religionis</strong></span> <span class='ocrx_word' id='word_1_431' title='bbox 3428 2732 3443 2757; x_wconf 86' lang='lat'><strong>,</strong></span> <span class='ocrx_word' id='word_1_432' title='bbox 3472 2690 3563 2743; x_wconf 81' lang='lat' dir='ltr'><strong>sed</strong></span> <span class='ocrx_word' id='word_1_433' title='bbox 3606 2692 3781 2741; x_wconf 80' lang='lat' dir='ltr'><strong>termi-</strong></span> 
     </span>
    </p>
   </div>
   <div class='ocr_carea' id='block_1_57' title="bbox 2208 2774 3779 2848">
    <p class='ocr_par' dir='ltr' id='par_1_57' title="bbox 2208 2774 3779 2848">
     <span class='ocr_line' id='line_1_57' title="bbox 2208 2774 3779 2848; baseline 0.007 -25"><span class='ocrx_word' id='word_1_434' title='bbox 2208 2787 2306 2824; x_wconf 88' lang='lat' dir='ltr'><strong>nus</strong></span> <span class='ocrx_word' id='word_1_435' title='bbox 2338 2774 2648 2828; x_wconf 67' lang='lat' dir='ltr'><strong>necessitatis</strong></span> <span class='ocrx_word' id='word_1_436' title='bbox 2674 2776 2917 2830; x_wconf 76' lang='lat' dir='ltr'><strong>excludit.</strong></span> <span class='ocrx_word' id='word_1_437' title='bbox 2949 2796 2969 2829; x_wconf 73' lang='grc' dir='ltr'><strong>ι</strong></span> <span class='ocrx_word' id='word_1_438' title='bbox 3002 2777 3166 2831; x_wconf 80' lang='lat' dir='ltr'><strong>Error</strong></span> <span class='ocrx_word' id='word_1_439' title='bbox 3196 2787 3372 2835; x_wconf 83' lang='lat' dir='ltr'><strong>tatnen</strong></span> <span class='ocrx_word' id='word_1_440' title='bbox 3406 2779 3644 2848; x_wconf 83' lang='lat' dir='ltr'><strong>irrepsit,</strong></span> <span class='ocrx_word' id='word_1_441' title='bbox 3666 2797 3779 2834; x_wconf 74' lang='lat' dir='ltr'><strong>nim</strong></span> 
     </span>
    </p>
   </div>
   <div class='ocr_carea' id='block_1_58' title="bbox 2216 2863 3782 2936">
    <p class='ocr_par' dir='ltr' id='par_1_58' title="bbox 2216 2863 3782 2936">
     <span class='ocr_line' id='line_1_58' title="bbox 2216 2863 3782 2936; baseline 0.006 -22"><span class='ocrx_word' id='word_1_442' title='bbox 2216 2863 2376 2917; x_wconf 86' lang='lat' dir='ltr'><strong>\erba</strong></span> <span class='ocrx_word' id='word_1_443' title='bbox 2411 2863 2497 2916; x_wconf 90' lang='lat' dir='ltr'><strong>illa</strong></span> <span class='ocrx_word' id='word_1_444' title='bbox 2531 2864 2774 2933; x_wconf 81' lang='lat' dir='ltr'><strong>leguntur</strong></span> <span class='ocrx_word' id='word_1_445' title='bbox 2804 2881 2907 2919; x_wconf 88' lang='lat' dir='ltr'><strong>non</strong></span> <span class='ocrx_word' id='word_1_446' title='bbox 2934 2867 2986 2920; x_wconf 91' lang='lat' dir='ltr'><strong>in</strong></span> <span class='ocrx_word' id='word_1_447' title='bbox 3019 2866 3158 2920; x_wconf 90' lang='lat' dir='ltr'><strong>libro</strong></span> <span class='ocrx_word' id='word_1_448' title='bbox 3182 2868 3294 2921; x_wconf 71' lang='lat' dir='ltr'><strong>\‘lll</strong></span> <span class='ocrx_word' id='word_1_449' title='bbox 3328 2868 3396 2923; x_wconf 86' lang='lat' dir='ltr'><strong>de</strong></span> <span class='ocrx_word' id='word_1_450' title='bbox 3415 2868 3641 2923; x_wconf 81' lang='lat' dir='ltr'><strong>Civitate</strong></span> <span class='ocrx_word' id='word_1_451' title='bbox 3672 2870 3782 2936; x_wconf 66' lang='lat' dir='ltr'><strong>Dei,</strong></span> 
     </span>
    </p>
   </div>
   <div class='ocr_carea' id='block_1_59' title="bbox 2211 2955 3781 3033">
    <p class='ocr_par' dir='ltr' id='par_1_59' title="bbox 2211 2955 3781 3033">
     <span class='ocr_line' id='line_1_59' title="bbox 2211 2955 3781 3033; baseline 0.009 -26"><span class='ocrx_word' id='word_1_452' title='bbox 2211 2957 2304 3008; x_wconf 82' lang='lat' dir='ltr'><strong>sed</strong></span> <span class='ocrx_word' id='word_1_453' title='bbox 2345 2955 2435 3009; x_wconf 86' lang='lat' dir='ltr'><strong>lth.</strong></span> <span class='ocrx_word' id='word_1_454' title='bbox 2471 2972 2522 3007; x_wconf 86' lang='lat' dir='ltr'><strong>tv</strong></span> <span class='ocrx_word' id='word_1_455' title='bbox 2551 2958 2617 3011; x_wconf 83' lang='lat' dir='ltr'><strong>de</strong></span> <span class='ocrx_word' id='word_1_456' title='bbox 2647 2959 2934 3027; x_wconf 75' lang='lat' dir='ltr'><strong>Baptisrno,</strong></span> <span class='ocrx_word' id='word_1_457' title='bbox 2964 2969 3021 3015; x_wconf 76' lang='lat' dir='ltr'><strong>ut</strong></span> <span class='ocrx_word' id='word_1_458' title='bbox 3047 2963 3422 3027; x_wconf 69' lang='lat' dir='ltr'><strong>recitarimus,</strong></span> <span class='ocrx_word' id='word_1_459' title='bbox 3454 2979 3577 3033; x_wconf 64' lang='lat' dir='ltr'><strong>quae</strong></span> <span class='ocrx_word' id='word_1_460' title='bbox 3627 2966 3781 3021; x_wconf 82' lang='lat' dir='ltr'><strong>etiam</strong></span> 
     </span>
    </p>
   </div>
   <div class='ocr_carea' id='block_1_60' title="bbox 2207 3046 3785 3109">
    <p class='ocr_par' dir='ltr' id='par_1_60' title="bbox 2207 3046 3785 3109">
     <span class='ocr_line' id='line_1_60' title="bbox 2207 3046 3785 3109; baseline 0.006 -10"><span class='ocrx_word' id='word_1_461' title='bbox 2207 3046 2451 3100; x_wconf 72' lang='lat' dir='ltr'><strong>laudatus</strong></span> <span class='ocrx_word' id='word_1_462' title='bbox 2480 3047 2781 3103; x_wconf 82' lang='lat' dir='ltr'><strong>Bernardus</strong></span> <span class='ocrx_word' id='word_1_463' title='bbox 2809 3065 2871 3103; x_wconf 84' lang='lat' dir='ltr'><strong>ex</strong></span> <span class='ocrx_word' id='word_1_464' title='bbox 2903 3052 3095 3106; x_wconf 80' lang='lat' dir='ltr'><strong>eodem</strong></span> <span class='ocrx_word' id='word_1_465' title='bbox 3125 3052 3265 3106; x_wconf 88' lang='lat' dir='ltr'><strong>libro</strong></span> <span class='ocrx_word' id='word_1_466' title='bbox 3296 3068 3348 3105; x_wconf 80' lang='lat' dir='ltr'><strong>tv</strong></span> <span class='ocrx_word' id='word_1_467' title='bbox 3378 3055 3622 3109; x_wconf 70' lang='lat' dir='ltr'><strong>adduxit.</strong></span> <span class='ocrx_word' id='word_1_468' title='bbox 3655 3058 3785 3109; x_wconf 82' lang='lat' dir='ltr'><strong>ltiuc</strong></span> 
     </span>
    </p>
   </div>
   <div class='ocr_carea' id='block_1_61' title="bbox 2205 3138 3781 3216">
    <p class='ocr_par' dir='ltr' id='par_1_61' title="bbox 2205 3138 3781 3216">
     <span class='ocr_line' id='line_1_61' title="bbox 2205 3138 3781 3216; baseline 0.007 -26"><span class='ocrx_word' id='word_1_469' title='bbox 2205 3138 2436 3207; x_wconf 82' lang='lat' dir='ltr'><strong>theologi</strong></span> <span class='ocrx_word' id='word_1_470' title='bbox 2470 3140 2789 3206; x_wconf 81' lang='lat' dir='ltr'><strong>baptismum</strong></span> <span class='ocrx_word' id='word_1_471' title='bbox 2817 3142 3141 3209; x_wconf 85' lang='lat' dir='ltr'><strong>l&#39;laminis,et</strong></span> <span class='ocrx_word' id='word_1_472' title='bbox 3168 3144 3475 3199; x_wconf 84' lang='lat' dir='ltr'><strong>Tridentina</strong></span> <span class='ocrx_word' id='word_1_473' title='bbox 3523 3150 3781 3216; x_wconf 70' lang='lat' dir='ltr'><strong>synodus.</strong></span> 
     </span>
    </p>
   </div>
   <div class='ocr_carea' id='block_1_62' title="bbox 524 3224 3783 3316">
    <p class='ocr_par' dir='ltr' id='par_1_62' title="bbox 524 3224 3783 3316">
     <span class='ocr_line' id='line_1_62' title="bbox 524 3224 3783 3316; baseline 0.005 -41"><span class='ocrx_word' id='word_1_474' title='bbox 524 3236 527 3239; x_wconf 52' lang='grc' dir='ltr'><strong><em>λ</em></strong></span> <span class='ocrx_word' id='word_1_475' title='bbox 589 3224 695 3278; x_wconf 90' lang='lat' dir='ltr'><strong>Sed</strong></span> <span class='ocrx_word' id='word_1_476' title='bbox 722 3225 864 3278; x_wconf 85' lang='lat' dir='ltr'><strong>aliud</strong></span> <span class='ocrx_word' id='word_1_477' title='bbox 894 3228 1016 3294; x_wconf 92' lang='lat' dir='ltr'><strong>quid</strong></span> <span class='ocrx_word' id='word_1_478' title='bbox 1047 3230 1285 3282; x_wconf 83' lang='lat' dir='ltr'><strong>Armatus</strong></span> <span class='ocrx_word' id='word_1_479' title='bbox 1330 3231 1516 3299; x_wconf 80' lang='lat' dir='ltr'><strong>garrit,</strong></span> <span class='ocrx_word' id='word_1_480' title='bbox 1548 3234 1929 3304; x_wconf 87' lang='lat' dir='ltr'><strong>contenditque</strong></span> <span class='ocrx_word' id='word_1_481' title='bbox 1959 3234 2090 3290; x_wconf 82' lang='lat' dir='ltr'><strong>Ber-</strong></span> <span class='ocrx_word' id='word_1_482' title='bbox 2119 3255 2163 3316; x_wconf 67' lang='grc' dir='ltr'>ο</span> <span class='ocrx_word' id='word_1_483' title='bbox 2201 3242 2337 3284; x_wconf 88' lang='lat' dir='ltr'><strong>sess.</strong></span> <span class='ocrx_word' id='word_1_484' title='bbox 2358 3230 2607 3299; x_wconf 74' lang='lat' dir='ltr'><strong>6,cap.4,</strong></span> <span class='ocrx_word' id='word_1_485' title='bbox 2631 3235 3016 3303; x_wconf 69' lang='lat' dir='ltr'><strong>bapt‘smumin</strong></span> <span class='ocrx_word' id='word_1_486' title='bbox 3036 3235 3783 3305; x_wconf 75' lang='lat' dir='ltr'><strong>t&#39;olojustilicarcdecernunt.</strong></span> 
     </span>
    </p>
   </div>
   <div class='ocr_carea' id='block_1_63' title="bbox 503 3312 2084 3394">
    <p class='ocr_par' dir='ltr' id='par_1_63' title="bbox 503 3312 2084 3394">
     <span class='ocr_line' id='line_1_63' title="bbox 503 3312 2084 3394; baseline 0.009 -28"><span class='ocrx_word' id='word_1_487' title='bbox 503 3312 730 3367; x_wconf 80' lang='lat' dir='ltr'><strong>nardum</strong></span> <span class='ocrx_word' id='word_1_488' title='bbox 761 3312 996 3379; x_wconf 87' lang='lat' dir='ltr'><strong>diversa,</strong></span> <span class='ocrx_word' id='word_1_489' title='bbox 1030 3320 1135 3371; x_wconf 92' lang='lat' dir='ltr'><strong>imo</strong></span> <span class='ocrx_word' id='word_1_490' title='bbox 1186 3319 1408 3373; x_wconf 80' lang='lat' dir='ltr'><strong>adversa</strong></span> <span class='ocrx_word' id='word_1_491' title='bbox 1462 3336 1651 3391; x_wconf 85' lang='lat' dir='ltr'><strong>sapere</strong></span> <span class='ocrx_word' id='word_1_492' title='bbox 1672 3325 1756 3379; x_wconf 76' lang='lat' dir='ltr'><strong>vel</strong></span> <span class='ocrx_word' id='word_1_493' title='bbox 1799 3340 1864 3379; x_wconf 93' lang='lat' dir='ltr'><strong>eo</strong></span> <span class='ocrx_word' id='word_1_494' title='bbox 1887 3326 2002 3394; x_wconf 91' lang='lat' dir='ltr'><strong>ipso</strong></span> <span class='ocrx_word' id='word_1_495' title='bbox 2032 3328 2084 3381; x_wconf 91' lang='lat' dir='ltr'><strong>in</strong></span> 
     </span>
    </p>
   </div>
   <div class='ocr_carea' id='block_1_64' title="bbox 499 3402 2087 3485">
    <p class='ocr_par' dir='ltr' id='par_1_64' title="bbox 499 3402 2087 3485">
     <span class='ocr_line' id='line_1_64' title="bbox 499 3402 2087 3485; baseline 0.01 -29"><span class='ocrx_word' id='word_1_496' title='bbox 499 3403 621 3459; x_wconf 88' lang='lat' dir='ltr'><strong>loco</strong></span> <span class='ocrx_word' id='word_1_497' title='bbox 645 3402 714 3457; x_wconf 89' lang='lat' dir='ltr'><strong>ab</strong></span> <span class='ocrx_word' id='word_1_498' title='bbox 740 3407 1038 3475; x_wconf 78' lang='lat' dir='ltr'><strong>Augustino</strong></span> <span class='ocrx_word' id='word_1_499' title='bbox 1067 3410 1388 3474; x_wconf 87' lang='lat' dir='ltr'><strong>reccdemlo,</strong></span> <span class='ocrx_word' id='word_1_500' title='bbox 1426 3412 1513 3465; x_wconf 92' lang='lat' dir='ltr'><strong>ubi</strong></span> <span class='ocrx_word' id='word_1_501' title='bbox 1545 3428 1604 3467; x_wconf 90' lang='lat' dir='ltr'><strong>se</strong></span> <span class='ocrx_word' id='word_1_502' title='bbox 1637 3428 1757 3468; x_wconf 90' lang='lat' dir='ltr'><strong>cum</strong></span> <span class='ocrx_word' id='word_1_503' title='bbox 1793 3418 2087 3485; x_wconf 89' lang='lat' dir='ltr'><strong>Augustino</strong></span> 
     </span>
    </p>
   </div>
   <div class='ocr_carea' id='block_1_65' title="bbox 497 3501 2083 3574">
    <p class='ocr_par' dir='ltr' id='par_1_65' title="bbox 497 3501 2083 3574">
     <span class='ocr_line' id='line_1_65' title="bbox 497 3501 2083 3574; baseline 0.01 -29"><span class='ocrx_word' id='word_1_504' title='bbox 497 3504 591 3548; x_wconf 82' lang='lat' dir='ltr'><strong>aut</strong></span> <span class='ocrx_word' id='word_1_505' title='bbox 620 3509 808 3551; x_wconf 88' lang='lat' dir='ltr'><strong>errare</strong></span> <span class='ocrx_word' id='word_1_506' title='bbox 833 3505 925 3550; x_wconf 83' lang='lat' dir='ltr'><strong>aut</strong></span> <span class='ocrx_word' id='word_1_507' title='bbox 951 3512 1141 3568; x_wconf 86' lang='lat' dir='ltr'><strong>sapere</strong></span> <span class='ocrx_word' id='word_1_508' title='bbox 1172 3501 1476 3568; x_wconf 86' lang='lat' dir='ltr'><strong>proﬁtetur,</strong></span> <span class='ocrx_word' id='word_1_509' title='bbox 1511 3519 1701 3573; x_wconf 85' lang='lat' dir='ltr'><strong>nempe</strong></span> <span class='ocrx_word' id='word_1_510' title='bbox 1730 3506 1891 3574; x_wconf 81' lang='lat' dir='ltr'><strong>epist.</strong></span> <span class='ocrx_word' id='word_1_511' title='bbox 1922 3509 1986 3561; x_wconf 87' lang='lat'><strong>&#39;77</strong></span> <span class='ocrx_word' id='word_1_512' title='bbox 2018 3510 2083 3561; x_wconf 92' lang='lat' dir='ltr'><strong>ad</strong></span> 
     </span>
    </p>
   </div>
   <div class='ocr_carea' id='block_1_66' title="bbox 499 3587 2087 3669">
    <p class='ocr_par' dir='ltr' id='par_1_66' title="bbox 499 3587 2087 3669">
     <span class='ocr_line' id='line_1_66' title="bbox 499 3587 2087 3669; baseline 0.011 -29"><span class='ocrx_word' id='word_1_513' title='bbox 499 3587 805 3658; x_wconf 78' lang='lat' dir='ltr'><strong>llugonem.</strong></span> <span class='ocrx_word' id='word_1_514' title='bbox 840 3588 918 3644; x_wconf 88' lang='lat' dir='ltr'><strong>Do</strong></span> <span class='ocrx_word' id='word_1_515' title='bbox 945 3593 1136 3646; x_wconf 88' lang='lat' dir='ltr'><strong>Annati</strong></span> <span class='ocrx_word' id='word_1_516' title='bbox 1160 3594 1360 3647; x_wconf 87' lang='lat' dir='ltr'><strong>verba:</strong></span> <span class='ocrx_word' id='word_1_517' title='bbox 1394 3614 1410 3645; x_wconf 90' lang='grc' dir='ltr'><strong>ι</strong></span> <span class='ocrx_word' id='word_1_518' title='bbox 1444 3594 1512 3650; x_wconf 87' lang='lat' dir='ltr'><strong>Ut</strong></span> <span class='ocrx_word' id='word_1_519' title='bbox 1538 3600 1780 3652; x_wconf 83' lang='lat' dir='ltr'><strong>omittam</strong></span> <span class='ocrx_word' id='word_1_520' title='bbox 1812 3601 1952 3669; x_wconf 88' lang='lat' dir='ltr'><strong>quod</strong></span> <span class='ocrx_word' id='word_1_521' title='bbox 2001 3617 2087 3658; x_wconf 85' lang='lat' dir='ltr'><strong>re-</strong></span> 
     </span>
    </p>
   </div>
   <div class='ocr_carea' id='block_1_67' title="bbox 495 3677 2081 3755">
    <p class='ocr_par' dir='ltr' id='par_1_67' title="bbox 495 3677 2081 3755">
     <span class='ocr_line' id='line_1_67' title="bbox 495 3677 2081 3755; baseline 0.011 -25"><span class='ocrx_word' id='word_1_522' title='bbox 495 3677 599 3731; x_wconf 85' lang='lat' dir='ltr'><strong>lata</strong></span> <span class='ocrx_word' id='word_1_523' title='bbox 632 3680 724 3735; x_wconf 88' lang='lat' dir='ltr'><strong>illa</strong></span> <span class='ocrx_word' id='word_1_524' title='bbox 772 3681 1037 3736; x_wconf 68' lang='lat' dir='ltr'><strong>sententia</strong></span> <span class='ocrx_word' id='word_1_525' title='bbox 1070 3698 1171 3751; x_wconf 88' lang='lat' dir='ltr'><strong>qua</strong></span> <span class='ocrx_word' id='word_1_526' title='bbox 1215 3685 1387 3739; x_wconf 85' lang='lat' dir='ltr'><strong>sensit</strong></span> <span class='ocrx_word' id='word_1_527' title='bbox 1432 3687 1758 3755; x_wconf 82' lang='lat' dir='ltr'><strong>Augustinus</strong></span> <span class='ocrx_word' id='word_1_528' title='bbox 1816 3691 2081 3747; x_wconf 84' lang='lat' dir='ltr'><strong>internam</strong></span> 
     </span>
    </p>
   </div>
   <div class='ocr_carea' id='block_1_68' title="bbox 494 3770 2083 3852">
    <p class='ocr_par' dir='ltr' id='par_1_68' title="bbox 494 3770 2083 3852">
     <span class='ocr_line' id='line_1_68' title="bbox 494 3770 2083 3852; baseline 0.011 -30"><span class='ocrx_word' id='word_1_529' title='bbox 494 3770 681 3826; x_wconf 86' lang='lat' dir='ltr'><strong>cordis</strong></span> <span class='ocrx_word' id='word_1_530' title='bbox 738 3774 1148 3829; x_wconf 78' lang='lat' dir='ltr'><strong>conversionem</strong></span> <span class='ocrx_word' id='word_1_531' title='bbox 1203 3778 1267 3828; x_wconf 88' lang='lat' dir='ltr'><strong>ad</strong></span> <span class='ocrx_word' id='word_1_532' title='bbox 1325 3778 1488 3831; x_wconf 83' lang='lat' dir='ltr'><strong>Deum</strong></span> <span class='ocrx_word' id='word_1_533' title='bbox 1523 3789 1798 3835; x_wconf 61' lang='lat' dir='ltr'><strong>externam</strong></span> <span class='ocrx_word' id='word_1_534' title='bbox 1833 3783 2083 3852; x_wconf 68' lang='lat' dir='ltr'><strong>bapti~mi</strong></span> 
     </span>
    </p>
   </div>
   <div class='ocr_carea' id='block_1_69' title="bbox 495 3861 2082 3937">
    <p class='ocr_par' dir='ltr' id='par_1_69' title="bbox 495 3861 2082 3937">
     <span class='ocr_line' id='line_1_69' title="bbox 495 3861 2082 3937; baseline 0.011 -24"><span class='ocrx_word' id='word_1_535' title='bbox 495 3861 895 3930; x_wconf 77' lang='lat' dir='ltr'><strong>susceptionem</strong></span> <span class='ocrx_word' id='word_1_536' title='bbox 923 3878 1081 3930; x_wconf 78' lang='lat' dir='ltr'><strong>pesse</strong></span> <span class='ocrx_word' id='word_1_537' title='bbox 1105 3866 1464 3931; x_wconf 81' lang='lat' dir='ltr'><strong>supplere,vir</strong></span> <span class='ocrx_word' id='word_1_538' title='bbox 1486 3868 1707 3924; x_wconf 88' lang='lat' dir='ltr'><strong>minime</strong></span> <span class='ocrx_word' id='word_1_539' title='bbox 1722 3870 2082 3937; x_wconf 82' lang='lat' dir='ltr'><strong>jactabundus</strong></span> 
     </span>
    </p>
   </div>
   <div class='ocr_carea' id='block_1_70' title="bbox 495 3949 2083 4032">
    <p class='ocr_par' dir='ltr' id='par_1_70' title="bbox 495 3949 2083 4032">
     <span class='ocr_line' id='line_1_70' title="bbox 495 3949 2083 4032; baseline 0.012 -32"><span class='ocrx_word' id='word_1_540' title='bbox 495 3962 694 4013; x_wconf 82' lang='lat' dir='ltr'><strong>negare</strong></span> <span class='ocrx_word' id='word_1_541' title='bbox 716 3949 875 4002; x_wconf 78' lang='lat' dir='ltr'><strong>audet</strong></span> <span class='ocrx_word' id='word_1_542' title='bbox 902 3949 1067 4004; x_wconf 82' lang='lat' dir='ltr'><strong>fuisse</strong></span> <span class='ocrx_word' id='word_1_543' title='bbox 1098 3954 1302 4017; x_wconf 81' lang='lat' dir='ltr'><strong>uspiam</strong></span> <span class='ocrx_word' id='word_1_544' title='bbox 1333 3955 1400 4005; x_wconf 90' lang='lat' dir='ltr'><strong>ab</strong></span> <span class='ocrx_word' id='word_1_545' title='bbox 1430 3970 1494 4007; x_wconf 90' lang='lat' dir='ltr'><strong>eo</strong></span> <span class='ocrx_word' id='word_1_546' title='bbox 1523 3966 2083 4032; x_wconf 88' lang='lat' dir='ltr'><strong>retractatam,quam-</strong></span> 
     </span>
    </p>
   </div>
   <div class='ocr_carea' id='block_1_71' title="bbox 492 4038 2081 4117">
    <p class='ocr_par' dir='ltr' id='par_1_71' title="bbox 492 4038 2081 4117">
     <span class='ocr_line' id='line_1_71' title="bbox 492 4038 2081 4117; baseline 0.016 -31"><span class='ocrx_word' id='word_1_547' title='bbox 492 4038 574 4089; x_wconf 77' lang='lat' dir='ltr'><strong>vis</strong></span> <span class='ocrx_word' id='word_1_548' title='bbox 596 4046 941 4092; x_wconf 81' lang='lat' dir='ltr'><strong>retractassct</strong></span> <span class='ocrx_word' id='word_1_549' title='bbox 969 4043 1271 4109; x_wconf 79' lang='lat' dir='ltr'><strong>exemplum</strong></span> <span class='ocrx_word' id='word_1_550' title='bbox 1300 4047 1439 4109; x_wconf 90' lang='lat' dir='ltr'><strong>quod</strong></span> <span class='ocrx_word' id='word_1_551' title='bbox 1470 4049 1768 4117; x_wconf 66' lang='lat' dir='ltr'><strong>subiecerat</strong></span> <span class='ocrx_word' id='word_1_552' title='bbox 1804 4056 1971 4109; x_wconf 88' lang='lat' dir='ltr'><strong>sancti</strong></span> <span class='ocrx_word' id='word_1_553' title='bbox 2004 4055 2081 4111; x_wconf 85' lang='lat' dir='ltr'><strong>la-</strong></span> 
     </span>
    </p>
   </div>
   <div class='ocr_carea' id='block_1_72' title="bbox 493 4127 2079 4216">
    <p class='ocr_par' dir='ltr' id='par_1_72' title="bbox 493 4127 2079 4216">
     <span class='ocr_line' id='line_1_72' title="bbox 493 4127 2079 4216; baseline 0.015 -37"><span class='ocrx_word' id='word_1_554' title='bbox 493 4127 686 4191; x_wconf 81' lang='lat' dir='ltr'><strong>tronis,</strong></span> <span class='ocrx_word' id='word_1_555' title='bbox 712 4141 774 4182; x_wconf 90' lang='lat' dir='ltr'><strong>ea</strong></span> <span class='ocrx_word' id='word_1_556' title='bbox 798 4130 1009 4185; x_wconf 62' lang='lat' dir='ltr'><strong>ratione</strong></span> <span class='ocrx_word' id='word_1_557' title='bbox 1025 4135 1162 4202; x_wconf 92' lang='lat' dir='ltr'><strong>quod</strong></span> <span class='ocrx_word' id='word_1_558' title='bbox 1193 4136 1452 4191; x_wconf 60' lang='lat' dir='ltr'><strong>incertum</strong></span> <span class='ocrx_word' id='word_1_559' title='bbox 1478 4150 1625 4195; x_wconf 90' lang='lat' dir='ltr'><strong>esset</strong></span> <span class='ocrx_word' id='word_1_560' title='bbox 1644 4157 1709 4195; x_wconf 90' lang='lat' dir='ltr'><strong>an</strong></span> <span class='ocrx_word' id='word_1_561' title='bbox 1734 4142 1915 4199; x_wconf 83' lang='lat' dir='ltr'><strong>luisset</strong></span> <span class='ocrx_word' id='word_1_562' title='bbox 1948 4146 2079 4216; x_wconf 63' lang='lat' dir='ltr'><strong>bap.</strong></span> 
     </span>
    </p>
   </div>
   <div class='ocr_carea' id='block_1_73' title="bbox 490 4218 2081 4308">
    <p class='ocr_par' dir='ltr' id='par_1_73' title="bbox 490 4218 2081 4308">
     <span class='ocr_line' id='line_1_73' title="bbox 490 4218 2081 4308; baseline 0.014 -36"><span class='ocrx_word' id='word_1_563' title='bbox 490 4218 703 4274; x_wconf 78' lang='lat' dir='ltr'><strong>tizatus.</strong></span> <span class='ocrx_word' id='word_1_564' title='bbox 741 4238 763 4273; x_wconf 83' lang='grc'><strong>›</strong></span> <span class='ocrx_word' id='word_1_565' title='bbox 801 4221 995 4278; x_wconf 83' lang='lat' dir='ltr'><strong>Nescio</strong></span> <span class='ocrx_word' id='word_1_566' title='bbox 1025 4241 1131 4294; x_wconf 89' lang='lat' dir='ltr'><strong>quo</strong></span> <span class='ocrx_word' id='word_1_567' title='bbox 1161 4229 1386 4283; x_wconf 87' lang='lat' dir='ltr'><strong>consilio</strong></span> <span class='ocrx_word' id='word_1_568' title='bbox 1411 4232 1656 4288; x_wconf 75' lang='lat' dir='ltr'><strong>Armatus</strong></span> <span class='ocrx_word' id='word_1_569' title='bbox 1685 4234 1770 4289; x_wconf 79' lang='lat' dir='ltr'><strong>hic</strong></span> <span class='ocrx_word' id='word_1_570' title='bbox 1815 4239 2081 4308; x_wconf 86' lang='lat' dir='ltr'><strong>paralepsi</strong></span> 
     </span>
    </p>
   </div>
   <div class='ocr_carea' id='block_1_74' title="bbox 488 4311 2075 4397">
    <p class='ocr_par' dir='ltr' id='par_1_74' title="bbox 488 4311 2075 4397">
     <span class='ocr_line' id='line_1_74' title="bbox 488 4311 2075 4397; baseline 0.014 -34"><span class='ocrx_word' id='word_1_571' title='bbox 488 4320 686 4366; x_wconf 79' lang='lat' dir='ltr'><strong>utatur.</strong></span> <span class='ocrx_word' id='word_1_572' title='bbox 713 4311 811 4367; x_wconf 84' lang='lat' dir='ltr'><strong>Eia</strong></span> <span class='ocrx_word' id='word_1_573' title='bbox 864 4328 981 4385; x_wconf 70' lang='lat' dir='ltr'><strong>age,</strong></span> <span class='ocrx_word' id='word_1_574' title='bbox 1008 4316 1248 4373; x_wconf 90' lang='lat' dir='ltr'><strong>edissere</strong></span> <span class='ocrx_word' id='word_1_575' title='bbox 1275 4334 1373 4375; x_wconf 89' lang='lat' dir='ltr'><strong>cur</strong></span> <span class='ocrx_word' id='word_1_576' title='bbox 1406 4336 1469 4377; x_wconf 85' lang='lat' dir='ltr'><strong>ex</strong></span> <span class='ocrx_word' id='word_1_577' title='bbox 1522 4322 1798 4380; x_wconf 87' lang='lat' dir='ltr'><strong>Bernardo</strong></span> <span class='ocrx_word' id='word_1_578' title='bbox 1826 4327 2075 4397; x_wconf 80' lang='lat' dir='ltr'><strong>Angusti-</strong></span> 
     </span>
    </p>
   </div>
   <div class='ocr_carea' id='block_1_75' title="bbox 486 4407 2069 4482">
    <p class='ocr_par' dir='ltr' id='par_1_75' title="bbox 486 4407 2069 4482">
     <span class='ocr_line' id='line_1_75' title="bbox 486 4407 2069 4482; baseline 0.013 -27"><span class='ocrx_word' id='word_1_579' title='bbox 486 4416 613 4455; x_wconf 76' lang='lat' dir='ltr'><strong>num</strong></span> <span class='ocrx_word' id='word_1_580' title='bbox 639 4417 894 4459; x_wconf 87' lang='lat' dir='ltr'><strong>accusare</strong></span> <span class='ocrx_word' id='word_1_581' title='bbox 936 4407 1029 4461; x_wconf 88' lang='lat' dir='ltr'><strong>tibi</strong></span> <span class='ocrx_word' id='word_1_582' title='bbox 1062 4408 1115 4460; x_wconf 90' lang='lat' dir='ltr'><strong>in</strong></span> <span class='ocrx_word' id='word_1_583' title='bbox 1140 4411 1451 4479; x_wconf 78' lang='lat' dir='ltr'><strong>religionem</strong></span> <span class='ocrx_word' id='word_1_584' title='bbox 1482 4415 1668 4469; x_wconf 81' lang='lat' dir='ltr'><strong>venit?</strong></span> <span class='ocrx_word' id='word_1_585' title='bbox 1694 4418 1767 4471; x_wconf 92' lang='lat' dir='ltr'><strong>lta</strong></span> <span class='ocrx_word' id='word_1_586' title='bbox 1797 4428 1909 4482; x_wconf 87' lang='lat' dir='ltr'><strong>est,</strong></span> <span class='ocrx_word' id='word_1_587' title='bbox 1940 4421 2069 4475; x_wconf 85' lang='lat' dir='ltr'><strong>Ber-</strong></span> 
     </span>
    </p>
   </div>
   <div class='ocr_carea' id='block_1_76' title="bbox 484 4490 2067 4577">
    <p class='ocr_par' dir='ltr' id='par_1_76' title="bbox 484 4490 2067 4577">
     <span class='ocr_line' id='line_1_76' title="bbox 484 4490 2067 4577; baseline 0.013 -34"><span class='ocrx_word' id='word_1_588' title='bbox 484 4490 683 4545; x_wconf 82' lang='lat' dir='ltr'><strong>nardus</strong></span> <span class='ocrx_word' id='word_1_589' title='bbox 706 4494 788 4548; x_wconf 88' lang='lat' dir='ltr'><strong>vir</strong></span> <span class='ocrx_word' id='word_1_590' title='bbox 819 4495 1408 4565; x_wconf 80' lang='lat' dir='ltr'><strong>ntiuimejactabundus</strong></span> <span class='ocrx_word' id='word_1_591' title='bbox 1424 4503 1699 4573; x_wconf 84' lang='lat' dir='ltr'><strong>Augustini</strong></span> <span class='ocrx_word' id='word_1_592' title='bbox 1725 4513 2067 4577; x_wconf 76' lang='lat' dir='ltr'><strong>sententiam,</strong></span> 
     </span>
    </p>
   </div>
   <div class='ocr_carea' id='block_1_77' title="bbox 2195 3320 3781 3396">
    <p class='ocr_par' dir='ltr' id='par_1_77' title="bbox 2195 3320 3781 3396">
     <span class='ocr_line' id='line_1_77' title="bbox 2195 3320 3781 3396; baseline 0.008 -25"><span class='ocrx_word' id='word_1_593' title='bbox 2195 3320 2329 3386; x_wconf 85' lang='lat' dir='ltr'><strong>Quid</strong></span> <span class='ocrx_word' id='word_1_594' title='bbox 2361 3322 2521 3389; x_wconf 84' lang='lat' dir='ltr'><strong>igitur</strong></span> <span class='ocrx_word' id='word_1_595' title='bbox 2552 3326 2646 3379; x_wconf 90' lang='lat' dir='ltr'><strong>tibi</strong></span> <span class='ocrx_word' id='word_1_596' title='bbox 2675 3325 2727 3379; x_wconf 89' lang='lat' dir='ltr'><strong>in</strong></span> <span class='ocrx_word' id='word_1_597' title='bbox 2777 3336 3010 3381; x_wconf 86' lang='lat' dir='ltr'><strong>mentem</strong></span> <span class='ocrx_word' id='word_1_598' title='bbox 3042 3328 3207 3393; x_wconf 85' lang='lat' dir='ltr'><strong>venit,</strong></span> <span class='ocrx_word' id='word_1_599' title='bbox 3243 3330 3474 3396; x_wconf 86' lang='lat' dir='ltr'><strong>Annate,</strong></span> <span class='ocrx_word' id='word_1_600' title='bbox 3500 3329 3628 3383; x_wconf 70' lang='lat' dir='ltr'><strong>dum</strong></span> <span class='ocrx_word' id='word_1_601' title='bbox 3663 3347 3781 3385; x_wconf 88' lang='lat' dir='ltr'><strong>sen-</strong></span> 
     </span>
    </p>
   </div>
   <div class='ocr_carea' id='block_1_78' title="bbox 2193 3412 3781 3490">
    <p class='ocr_par' dir='ltr' id='par_1_78' title="bbox 2193 3412 3781 3490">
     <span class='ocr_line' id='line_1_78' title="bbox 2193 3412 3781 3490; baseline 0.005 -25"><span class='ocrx_word' id='word_1_602' title='bbox 2193 3412 2415 3466; x_wconf 86' lang='lat' dir='ltr'><strong>tentiam</strong></span> <span class='ocrx_word' id='word_1_603' title='bbox 2450 3413 2594 3479; x_wconf 81' lang='lat' dir='ltr'><strong>illam</strong></span> <span class='ocrx_word' id='word_1_604' title='bbox 2644 3418 2819 3471; x_wconf 79' lang='lat' dir='ltr'><strong>sancti</strong></span> <span class='ocrx_word' id='word_1_605' title='bbox 2846 3418 3084 3472; x_wconf 76' lang='lat' dir='ltr'><strong>doctoris</strong></span> <span class='ocrx_word' id='word_1_606' title='bbox 3123 3418 3190 3471; x_wconf 90' lang='lat' dir='ltr'><strong>ab</strong></span> <span class='ocrx_word' id='word_1_607' title='bbox 3234 3419 3466 3473; x_wconf 69' lang='lat' dir='ltr'><strong>Ecclesia</strong></span> <span class='ocrx_word' id='word_1_608' title='bbox 3513 3424 3781 3490; x_wconf 83' lang='lat' dir='ltr'><strong>approba-</strong></span> 
     </span>
    </p>
   </div>
   <div class='ocr_carea' id='block_1_79' title="bbox 2193 3505 3781 3579">
    <p class='ocr_par' dir='ltr' id='par_1_79' title="bbox 2193 3505 3781 3579">
     <span class='ocr_line' id='line_1_79' title="bbox 2193 3505 3781 3579; baseline 0.008 -26"><span class='ocrx_word' id='word_1_609' title='bbox 2193 3511 2295 3554; x_wconf 85' lang='lat' dir='ltr'><strong>tam</strong></span> <span class='ocrx_word' id='word_1_610' title='bbox 2323 3505 2474 3571; x_wconf 81' lang='lat' dir='ltr'><strong>quasi</strong></span> <span class='ocrx_word' id='word_1_611' title='bbox 2523 3509 2906 3561; x_wconf 83' lang='lat' dir='ltr'><strong>retractatione</strong></span> <span class='ocrx_word' id='word_1_612' title='bbox 2951 3509 3165 3577; x_wconf 86' lang='lat' dir='ltr'><strong>dignam</strong></span> <span class='ocrx_word' id='word_1_613' title='bbox 3225 3510 3566 3577; x_wconf 81' lang='lat' dir='ltr'><strong>recensoisti,</strong></span> <span class='ocrx_word' id='word_1_614' title='bbox 3618 3528 3781 3579; x_wconf 75' lang='lat' dir='ltr'><strong>quam</strong></span> 
     </span>
    </p>
   </div>
   <div class='ocr_carea' id='block_1_80' title="bbox 2188 3594 3777 3671">
    <p class='ocr_par' dir='ltr' id='par_1_80' title="bbox 2188 3594 3777 3671">
     <span class='ocr_line' id='line_1_80' title="bbox 2188 3594 3777 3671; baseline 0.007 -26"><span class='ocrx_word' id='word_1_615' title='bbox 2188 3594 2347 3647; x_wconf 88' lang='lat' dir='ltr'><strong>etiam</strong></span> <span class='ocrx_word' id='word_1_616' title='bbox 2379 3605 2688 3652; x_wconf 81' lang='lat' dir='ltr'><strong>constanter</strong></span> <span class='ocrx_word' id='word_1_617' title='bbox 2718 3599 2855 3653; x_wconf 85' lang='lat' dir='ltr'><strong>idem</strong></span> <span class='ocrx_word' id='word_1_618' title='bbox 2887 3602 3049 3653; x_wconf 88' lang='lat' dir='ltr'><strong>tenuit</strong></span> <span class='ocrx_word' id='word_1_619' title='bbox 3074 3611 3189 3668; x_wconf 79' lang='lat' dir='ltr'><strong>post</strong></span> <span class='ocrx_word' id='word_1_620' title='bbox 3214 3610 3431 3654; x_wconf 72' lang='lat' dir='ltr'><strong>exiirtos</strong></span> <span class='ocrx_word' id='word_1_621' title='bbox 3458 3601 3777 3671; x_wconf 74' lang='lat' dir='ltr'><strong>Pelagianos</strong></span> 
     </span>
    </p>
   </div>
   <div class='ocr_carea' id='block_1_81' title="bbox 2187 3692 3780 3766">
    <p class='ocr_par' dir='ltr' id='par_1_81' title="bbox 2187 3692 3780 3766">
     <span class='ocr_line' id='line_1_81' title="bbox 2187 3692 3780 3766; baseline 0.006 -25"><span class='ocrx_word' id='word_1_622' title='bbox 2187 3692 2250 3745; x_wconf 83' lang='lat' dir='ltr'><strong>ad</strong></span> <span class='ocrx_word' id='word_1_623' title='bbox 2288 3694 2445 3747; x_wconf 88' lang='lat' dir='ltr'><strong>linem</strong></span> <span class='ocrx_word' id='word_1_624' title='bbox 2472 3709 2636 3762; x_wconf 87' lang='lat' dir='ltr'><strong>usque</strong></span> <span class='ocrx_word' id='word_1_625' title='bbox 2659 3696 2812 3747; x_wconf 68' lang='lat' dir='ltr'><strong>vitae?</strong></span> <span class='ocrx_word' id='word_1_626' title='bbox 2838 3695 3063 3764; x_wconf 69' lang='lat' dir='ltr'><strong>Legatur</strong></span> <span class='ocrx_word' id='word_1_627' title='bbox 3088 3696 3180 3751; x_wconf 83' lang='lat' dir='ltr'><strong>lib.</strong></span> <span class='ocrx_word' id='word_1_628' title='bbox 3198 3696 3297 3750; x_wconf 81' lang='lat' dir='ltr'><strong>tde</strong></span> <span class='ocrx_word' id='word_1_629' title='bbox 3319 3697 3539 3766; x_wconf 83' lang='lat' dir='ltr'><strong>Origine</strong></span> <span class='ocrx_word' id='word_1_630' title='bbox 3561 3699 3780 3763; x_wconf 56' lang='lat' dir='ltr'><strong>animm,</strong></span> 
     </span>
    </p>
   </div>
   <div class='ocr_carea' id='block_1_82' title="bbox 2184 3787 3780 3857">
    <p class='ocr_par' dir='ltr' id='par_1_82' title="bbox 2184 3787 3780 3857">
     <span class='ocr_line' id='line_1_82' title="bbox 2184 3787 3780 3857; baseline 0.005 -20"><span class='ocrx_word' id='word_1_631' title='bbox 2184 3799 2300 3852; x_wconf 80' lang='lat' dir='ltr'><strong>cap.</strong></span> <span class='ocrx_word' id='word_1_632' title='bbox 2334 3787 2366 3839; x_wconf 88' lang='lat'><strong>9</strong></span> <span class='ocrx_word' id='word_1_633' title='bbox 2396 3796 2448 3839; x_wconf 88' lang='lat' dir='ltr'><strong>ct</strong></span> <span class='ocrx_word' id='word_1_634' title='bbox 2479 3787 2569 3841; x_wconf 92' lang='lat' dir='ltr'><strong>lib.</strong></span> <span class='ocrx_word' id='word_1_635' title='bbox 2604 3802 2635 3840; x_wconf 88' lang='grc' dir='ltr'><strong>ιι</strong></span> <span class='ocrx_word' id='word_1_636' title='bbox 2672 3788 2930 3853; x_wconf 73' lang='lat' dir='ltr'><strong>ltetract.,</strong></span> <span class='ocrx_word' id='word_1_637' title='bbox 2963 3803 3083 3857; x_wconf 81' lang='lat' dir='ltr'><strong>cup.</strong></span> <span class='ocrx_word' id='word_1_638' title='bbox 3113 3788 3197 3843; x_wconf 66' lang='lat'><strong>18.</strong></span> <span class='ocrx_word' id='word_1_639' title='bbox 3227 3790 3325 3855; x_wconf 85' lang='lat' dir='ltr'><strong>Qui</strong></span> <span class='ocrx_word' id='word_1_640' title='bbox 3361 3791 3509 3857; x_wconf 75' lang='lat' dir='ltr'><strong>plura</strong></span> <span class='ocrx_word' id='word_1_641' title='bbox 3546 3806 3609 3844; x_wconf 89' lang='lat' dir='ltr'><strong>ea</strong></span> <span class='ocrx_word' id='word_1_642' title='bbox 3636 3792 3705 3845; x_wconf 88' lang='lat' dir='ltr'><strong>de</strong></span> <span class='ocrx_word' id='word_1_643' title='bbox 3724 3808 3780 3845; x_wconf 81' lang='lat' dir='ltr'><strong>re</strong></span> 
     </span>
    </p>
   </div>
   <div class='ocr_carea' id='block_1_83' title="bbox 2183 3876 3779 3951">
    <p class='ocr_par' dir='ltr' id='par_1_83' title="bbox 2183 3876 3779 3951">
     <span class='ocr_line' id='line_1_83' title="bbox 2183 3876 3779 3951; baseline 0.007 -24"><span class='ocrx_word' id='word_1_644' title='bbox 2183 3876 2321 3930; x_wconf 90' lang='lat' dir='ltr'><strong>scire</strong></span> <span class='ocrx_word' id='word_1_645' title='bbox 2352 3880 2780 3946; x_wconf 88' lang='lat' dir='ltr'><strong>cupit,consulat</strong></span> <span class='ocrx_word' id='word_1_646' title='bbox 2826 3880 3187 3935; x_wconf 83' lang='lat' dir='ltr'><strong>Christianum</strong></span> <span class='ocrx_word' id='word_1_647' title='bbox 3231 3882 3464 3951; x_wconf 88' lang='lat' dir='ltr'><strong>Lupum,</strong></span> <span class='ocrx_word' id='word_1_648' title='bbox 3493 3893 3779 3939; x_wconf 76' lang='lat' dir='ltr'><strong>auctorem</strong></span> 
     </span>
    </p>
   </div>
   <div class='ocr_carea' id='block_1_84' title="bbox 2182 3968 3784 4043">
    <p class='ocr_par' dir='ltr' id='par_1_84' title="bbox 2182 3968 3784 4043">
     <span class='ocr_line' id='line_1_84' title="bbox 2182 3968 3784 4043; baseline 0.005 -22"><span class='ocrx_word' id='word_1_649' title='bbox 2182 3968 2310 4021; x_wconf 86' lang='lat' dir='ltr'><strong>satis</strong></span> <span class='ocrx_word' id='word_1_650' title='bbox 2332 3980 2541 4035; x_wconf 88' lang='lat' dir='ltr'><strong>notum,</strong></span> <span class='ocrx_word' id='word_1_651' title='bbox 2561 3970 2615 4023; x_wconf 92' lang='lat' dir='ltr'><strong>in</strong></span> <span class='ocrx_word' id='word_1_652' title='bbox 2643 3971 2734 4025; x_wconf 73' lang='grc' dir='ltr'>ιιι».</span> <span class='ocrx_word' id='word_1_653' title='bbox 2750 3972 2816 4026; x_wconf 89' lang='lat' dir='ltr'><strong>de</strong></span> <span class='ocrx_word' id='word_1_654' title='bbox 2833 3973 3118 4026; x_wconf 77' lang='lat' dir='ltr'><strong>Attritione</strong></span> <span class='ocrx_word' id='word_1_655' title='bbox 3140 3981 3193 4027; x_wconf 89' lang='lat' dir='ltr'><strong>et</strong></span> <span class='ocrx_word' id='word_1_656' title='bbox 3211 3974 3560 4039; x_wconf 83' lang='lat' dir='ltr'><strong>cnntritione,</strong></span> <span class='ocrx_word' id='word_1_657' title='bbox 3578 3989 3703 4043; x_wconf 88' lang='lat' dir='ltr'><strong>cap.</strong></span> <span class='ocrx_word' id='word_1_658' title='bbox 3723 3976 3784 4029; x_wconf 86' lang='lat'><strong>8.</strong></span> 
     </span>
    </p>
   </div>
   <div class='ocr_carea' id='block_1_85' title="bbox 2252 4061 3785 4135">
    <p class='ocr_par' dir='ltr' id='par_1_85' title="bbox 2252 4061 3785 4135">
     <span class='ocr_line' id='line_1_85' title="bbox 2252 4061 3785 4135; baseline 0.001 -18"><span class='ocrx_word' id='word_1_659' title='bbox 2252 4062 2336 4117; x_wconf 89' lang='lat' dir='ltr'><strong>An</strong></span> <span class='ocrx_word' id='word_1_660' title='bbox 2361 4061 2498 4117; x_wconf 80' lang='lat' dir='ltr'><strong>forte</strong></span> <span class='ocrx_word' id='word_1_661' title='bbox 2530 4063 2723 4118; x_wconf 87' lang='lat' dir='ltr'><strong>irrides</strong></span> <span class='ocrx_word' id='word_1_662' title='bbox 2749 4065 2891 4133; x_wconf 91' lang='lat' dir='ltr'><strong>quod</strong></span> <span class='ocrx_word' id='word_1_663' title='bbox 2941 4064 3008 4120; x_wconf 90' lang='lat' dir='ltr'><strong>de</strong></span> <span class='ocrx_word' id='word_1_664' title='bbox 3037 4065 3301 4135; x_wconf 88' lang='lat' dir='ltr'><strong>baptismo</strong></span> <span class='ocrx_word' id='word_1_665' title='bbox 3346 4066 3523 4120; x_wconf 89' lang='lat' dir='ltr'><strong>sancti</strong></span> <span class='ocrx_word' id='word_1_666' title='bbox 3552 4066 3785 4121; x_wconf 79' lang='lat' dir='ltr'><strong>latronis</strong></span> 
     </span>
    </p>
   </div>
   <div class='ocr_carea' id='block_1_86' title="bbox 2182 4154 3779 4222">
    <p class='ocr_par' dir='ltr' id='par_1_86' title="bbox 2182 4154 3779 4222">
     <span class='ocr_line' id='line_1_86' title="bbox 2182 4154 3779 4222; baseline 0.001 -14"><span class='ocrx_word' id='word_1_667' title='bbox 2182 4154 2848 4222; x_wconf 74' lang='lat' dir='ltr'><strong>Angustinusinsinuaviti</strong></span> <span class='ocrx_word' id='word_1_668' title='bbox 2878 4155 3106 4210; x_wconf 78' lang='lat' dir='ltr'><strong>Samtus</strong></span> <span class='ocrx_word' id='word_1_669' title='bbox 3138 4157 3325 4211; x_wconf 85' lang='lat' dir='ltr'><strong>doctor</strong></span> <span class='ocrx_word' id='word_1_670' title='bbox 3376 4171 3490 4210; x_wconf 91' lang='lat' dir='ltr'><strong>rem</strong></span> <span class='ocrx_word' id='word_1_671' title='bbox 3521 4157 3627 4211; x_wconf 87' lang='lat' dir='ltr'><strong>sibi</strong></span> <span class='ocrx_word' id='word_1_672' title='bbox 3659 4172 3779 4210; x_wconf 89' lang='lat' dir='ltr'><strong>cer-</strong></span> 
     </span>
    </p>
   </div>
   <div class='ocr_carea' id='block_1_87' title="bbox 2180 4246 3780 4315">
    <p class='ocr_par' dir='ltr' id='par_1_87' title="bbox 2180 4246 3780 4315">
     <span class='ocr_line' id='line_1_87' title="bbox 2180 4246 3780 4315; baseline 0.001 -18"><span class='ocrx_word' id='word_1_673' title='bbox 2180 4252 2320 4309; x_wconf 88' lang='lat' dir='ltr'><strong>tam,</strong></span> <span class='ocrx_word' id='word_1_674' title='bbox 2348 4260 2542 4314; x_wconf 85' lang='lat' dir='ltr'><strong>nempe</strong></span> <span class='ocrx_word' id='word_1_675' title='bbox 2587 4259 2788 4301; x_wconf 81' lang='lat' dir='ltr'><strong>convcr</strong></span> <span class='ocrx_word' id='word_1_676' title='bbox 2822 4247 2998 4301; x_wconf 79' lang='lat' dir='ltr'><strong>inueni</strong></span> <span class='ocrx_word' id='word_1_677' title='bbox 3053 4246 3237 4301; x_wconf 86' lang='lat' dir='ltr'><strong>cordis</strong></span> <span class='ocrx_word' id='word_1_678' title='bbox 3282 4247 3538 4315; x_wconf 86' lang='lat' dir='ltr'><strong>supplere</strong></span> <span class='ocrx_word' id='word_1_679' title='bbox 3593 4248 3780 4301; x_wconf 78' lang='lat' dir='ltr'><strong>vicem</strong></span> 
     </span>
    </p>
   </div>
   <div class='ocr_carea' id='block_1_88' title="bbox 2180 4333 3782 4406">
    <p class='ocr_par' dir='ltr' id='par_1_88' title="bbox 2180 4333 3782 4406">
     <span class='ocr_line' id='line_1_88' title="bbox 2180 4333 3782 4406; baseline 0.002 -18"><span class='ocrx_word' id='word_1_680' title='bbox 2180 4333 2456 4404; x_wconf 85' lang='lat' dir='ltr'><strong>baptismi,</strong></span> <span class='ocrx_word' id='word_1_681' title='bbox 2484 4349 2591 4391; x_wconf 89' lang='lat' dir='ltr'><strong>non</strong></span> <span class='ocrx_word' id='word_1_682' title='bbox 2635 4350 2797 4406; x_wconf 86' lang='lat' dir='ltr'><strong>posse</strong></span> <span class='ocrx_word' id='word_1_683' title='bbox 2852 4337 2983 4391; x_wconf 87' lang='lat' dir='ltr'><strong>satis</strong></span> <span class='ocrx_word' id='word_1_684' title='bbox 3028 4336 3320 4391; x_wconf 67' lang='lat' dir='ltr'><strong>efficaciter</strong></span> <span class='ocrx_word' id='word_1_685' title='bbox 3373 4338 3467 4391; x_wconf 75' lang='lat' dir='ltr'><strong>illo</strong></span> <span class='ocrx_word' id='word_1_686' title='bbox 3516 4338 3782 4406; x_wconf 73' lang='lat' dir='ltr'><strong>exemplo</strong></span> 
     </span>
    </p>
   </div>
   <div class='ocr_carea' id='block_1_89' title="bbox 2181 4424 3780 4496">
    <p class='ocr_par' dir='ltr' id='par_1_89' title="bbox 2181 4424 3780 4496">
     <span class='ocr_line' id='line_1_89' title="bbox 2181 4424 3780 4496; baseline 0.004 -19"><span class='ocrx_word' id='word_1_687' title='bbox 2181 4424 2543 4480; x_wconf 54' lang='lat' dir='ltr'><strong>demonstrari</strong></span> <span class='ocrx_word' id='word_1_688' title='bbox 2577 4425 2752 4480; x_wconf 79' lang='lat' dir='ltr'><strong>fassus</strong></span> <span class='ocrx_word' id='word_1_689' title='bbox 2782 4436 2864 4481; x_wconf 89' lang='lat' dir='ltr'><strong>est</strong></span> <span class='ocrx_word' id='word_1_690' title='bbox 2887 4426 2938 4481; x_wconf 90' lang='lat' dir='ltr'><strong>in</strong></span> <span class='ocrx_word' id='word_1_691' title='bbox 2970 4426 3107 4481; x_wconf 88' lang='lat' dir='ltr'><strong>libro</strong></span> <span class='ocrx_word' id='word_1_692' title='bbox 3134 4442 3173 4481; x_wconf 85' lang='lat' dir='ltr'><strong>tt</strong></span> <span class='ocrx_word' id='word_1_693' title='bbox 3216 4427 3477 4493; x_wconf 79' lang='lat' dir='ltr'><strong>Retract.,</strong></span> <span class='ocrx_word' id='word_1_694' title='bbox 3512 4442 3646 4496; x_wconf 84' lang='lat' dir='ltr'><strong>cap.</strong></span> <span class='ocrx_word' id='word_1_695' title='bbox 3691 4429 3780 4493; x_wconf 82' lang='lat' dir='ltr'><strong>t8,</strong></span> 
     </span>
    </p>
   </div>
   <div class='ocr_carea' id='block_1_90' title="bbox 2176 4515 3785 4587">
    <p class='ocr_par' dir='ltr' id='par_1_90' title="bbox 2176 4515 3785 4587">
     <span class='ocr_line' id='line_1_90' title="bbox 2176 4515 3785 4587; baseline 0.006 -20"><span class='ocrx_word' id='word_1_696' title='bbox 2176 4515 2454 4571; x_wconf 79' lang='lat' dir='ltr'><strong>alﬁrtnans</strong></span> <span class='ocrx_word' id='word_1_697' title='bbox 2482 4532 2512 4570; x_wconf 92' lang='lat' dir='ltr'><strong>a</strong></span> <span class='ocrx_word' id='word_1_698' title='bbox 2546 4518 2865 4587; x_wconf 84' lang='lat' dir='ltr'><strong>quibusdam</strong></span> <span class='ocrx_word' id='word_1_699' title='bbox 2917 4534 3020 4572; x_wconf 89' lang='lat' dir='ltr'><strong>non</strong></span> <span class='ocrx_word' id='word_1_700' title='bbox 3058 4519 3423 4575; x_wconf 83' lang='lat' dir='ltr'><strong>incredibiliter</strong></span> <span class='ocrx_word' id='word_1_701' title='bbox 3445 4518 3554 4575; x_wconf 87' lang='lat' dir='ltr'><strong>dici</strong></span> <span class='ocrx_word' id='word_1_702' title='bbox 3596 4522 3785 4576; x_wconf 81' lang='lat' dir='ltr'><strong>latro-</strong></span> 
     </span>
    </p>
   </div>
   <div class='ocr_carea' id='block_1_91' title="bbox 481 4583 3785 4683">
    <p class='ocr_par' dir='ltr' id='par_1_91' title="bbox 481 4583 3785 4683">
     <span class='ocr_line' id='line_1_91' title="bbox 481 4583 3785 4683; baseline 0.008 -46"><span class='ocrx_word' id='word_1_703' title='bbox 481 4583 1251 4683; x_wconf 65' lang='lat' dir='ltr'><strong>quaasseritisitcrtiatttcurdis</strong></span> <span class='ocrx_word' id='word_1_704' title='bbox 1272 4595 1669 4649; x_wconf 82' lang='lat' dir='ltr'><strong>eottversionem</strong></span> <span class='ocrx_word' id='word_1_705' title='bbox 1685 4598 1751 4650; x_wconf 85' lang='lat' dir='ltr'><strong>ad</strong></span> <span class='ocrx_word' id='word_1_706' title='bbox 1770 4599 1930 4653; x_wconf 84' lang='lat' dir='ltr'><strong>Deum</strong></span> <span class='ocrx_word' id='word_1_707' title='bbox 1948 4600 2069 4670; x_wconf 82' lang='lat' dir='ltr'><strong>bap-</strong></span> <span class='ocrx_word' id='word_1_708' title='bbox 2092 4624 2142 4683; x_wconf 78' lang='grc' dir='ltr'>ο</span> <span class='ocrx_word' id='word_1_709' title='bbox 2172 4622 2293 4661; x_wconf 90' lang='lat' dir='ltr'><strong>nem</strong></span> <span class='ocrx_word' id='word_1_710' title='bbox 2334 4624 2468 4677; x_wconf 87' lang='lat' dir='ltr'><strong>aqua</strong></span> <span class='ocrx_word' id='word_1_711' title='bbox 2491 4583 2601 4674; x_wconf 76' lang='lat' dir='ltr'><strong>illa,</strong></span> <span class='ocrx_word' id='word_1_712' title='bbox 2630 4625 2743 4679; x_wconf 79' lang='lat' dir='ltr'><strong>qua:</strong></span> <span class='ocrx_word' id='word_1_713' title='bbox 2794 4612 2858 4663; x_wconf 88' lang='lat' dir='ltr'><strong>de</strong></span> <span class='ocrx_word' id='word_1_714' title='bbox 2907 4610 3115 4665; x_wconf 86' lang='lat' dir='ltr'><strong>vulnere</strong></span> <span class='ocrx_word' id='word_1_715' title='bbox 3170 4613 3346 4666; x_wconf 82' lang='lat' dir='ltr'><strong>lateris</strong></span> <span class='ocrx_word' id='word_1_716' title='bbox 3386 4615 3497 4683; x_wconf 83' lang='lat' dir='ltr'><strong>ejus</strong></span> <span class='ocrx_word' id='word_1_717' title='bbox 3525 4615 3785 4677; x_wconf 68' lang='lat' dir='ltr'><strong>emicuit,</strong></span> 
     </span>
    </p>
   </div>
   <div class='ocr_carea' id='block_1_92' title="bbox 480 4674 2057 4762">
    <p class='ocr_par' dir='ltr' id='par_1_92' title="bbox 480 4674 2057 4762">
     <span class='ocr_line' id='line_1_92' title="bbox 480 4674 2057 4762; baseline 0.011 -33"><span class='ocrx_word' id='word_1_718' title='bbox 480 4674 697 4731; x_wconf 77' lang='lat' dir='ltr'><strong>tismum</strong></span> <span class='ocrx_word' id='word_1_719' title='bbox 731 4691 887 4744; x_wconf 89' lang='lat' dir='ltr'><strong>posse</strong></span> <span class='ocrx_word' id='word_1_720' title='bbox 916 4680 1167 4748; x_wconf 87' lang='lat' dir='ltr'><strong>supplere</strong></span> <span class='ocrx_word' id='word_1_721' title='bbox 1187 4722 1201 4749; x_wconf 93' lang='lat'><strong>,</strong></span> <span class='ocrx_word' id='word_1_722' title='bbox 1234 4698 1419 4751; x_wconf 80' lang='lat' dir='ltr'><strong>negare</strong></span> <span class='ocrx_word' id='word_1_723' title='bbox 1475 4688 1626 4741; x_wconf 86' lang='lat' dir='ltr'><strong>audet</strong></span> <span class='ocrx_word' id='word_1_724' title='bbox 1669 4690 1827 4757; x_wconf 71' lang='lat' dir='ltr'><strong>fuisse</strong></span> <span class='ocrx_word' id='word_1_725' title='bbox 1858 4692 2057 4762; x_wconf 79' lang='lat' dir='ltr'><strong>uspiam</strong></span> 
     </span>
    </p>
   </div>
   <div class='ocr_carea' id='block_1_93' title="bbox 476 4764 2059 4836">
    <p class='ocr_par' dir='ltr' id='par_1_93' title="bbox 476 4764 2059 4836">
     <span class='ocr_line' id='line_1_93' title="bbox 476 4764 2059 4836; baseline 0.012 -18"><span class='ocrx_word' id='word_1_726' title='bbox 476 4764 542 4818; x_wconf 74' lang='lat' dir='ltr'><strong>ab</strong></span> <span class='ocrx_word' id='word_1_727' title='bbox 567 4781 626 4820; x_wconf 87' lang='lat' dir='ltr'><strong>eo</strong></span> <span class='ocrx_word' id='word_1_728' title='bbox 656 4775 1002 4822; x_wconf 81' lang='lat' dir='ltr'><strong>retractatum.</strong></span> <span class='ocrx_word' id='word_1_729' title='bbox 1035 4768 1192 4825; x_wconf 88' lang='lat' dir='ltr'><strong>Forte</strong></span> <span class='ocrx_word' id='word_1_730' title='bbox 1222 4772 1359 4828; x_wconf 85' lang='lat' dir='ltr'><strong>hanc</strong></span> <span class='ocrx_word' id='word_1_731' title='bbox 1404 4779 1722 4832; x_wconf 86' lang='lat' dir='ltr'><strong>sententiam</strong></span> <span class='ocrx_word' id='word_1_732' title='bbox 1763 4792 2059 4836; x_wconf 82' lang='lat' dir='ltr'><strong>retractan-</strong></span> 
     </span>
    </p>
   </div>
   <div class='ocr_carea' id='block_1_94' title="bbox 475 4853 2057 4932">
    <p class='ocr_par' dir='ltr' id='par_1_94' title="bbox 475 4853 2057 4932">
     <span class='ocr_line' id='line_1_94' title="bbox 475 4853 2057 4932; baseline 0.013 -24"><span class='ocrx_word' id='word_1_733' title='bbox 475 4853 598 4909; x_wconf 77' lang='lat' dir='ltr'><strong>dam</strong></span> <span class='ocrx_word' id='word_1_734' title='bbox 625 4855 930 4927; x_wconf 73' lang='lat' dir='ltr'><strong>Augustino</strong></span> <span class='ocrx_word' id='word_1_735' title='bbox 968 4861 1132 4917; x_wconf 88' lang='lat' dir='ltr'><strong>luisse</strong></span> <span class='ocrx_word' id='word_1_736' title='bbox 1160 4862 1350 4932; x_wconf 73' lang='lat' dir='ltr'><strong>putas?</strong></span> <span class='ocrx_word' id='word_1_737' title='bbox 1393 4863 1539 4921; x_wconf 87' lang='lat' dir='ltr'><strong>Illam</strong></span> <span class='ocrx_word' id='word_1_738' title='bbox 1569 4871 1886 4925; x_wconf 89' lang='lat' dir='ltr'><strong>sententiam</strong></span> <span class='ocrx_word' id='word_1_739' title='bbox 1933 4887 2057 4929; x_wconf 85' lang='lat' dir='ltr'><strong>ante</strong></span> 
     </span>
    </p>
   </div>
   <div class='ocr_carea' id='block_1_95' title="bbox 474 4949 2051 5032">
    <p class='ocr_par' dir='ltr' id='par_1_95' title="bbox 474 4949 2051 5032">
     <span class='ocr_line' id='line_1_95' title="bbox 474 4949 2051 5032; baseline 0.014 -37"><span class='ocrx_word' id='word_1_740' title='bbox 474 4952 718 5000; x_wconf 81' lang='lat' dir='ltr'><strong>sanctum</strong></span> <span class='ocrx_word' id='word_1_741' title='bbox 765 4949 1118 5018; x_wconf 84' lang='lat' dir='ltr'><strong>Augustinum</strong></span> <span class='ocrx_word' id='word_1_742' title='bbox 1168 4952 1427 5010; x_wconf 88' lang='lat' dir='ltr'><strong>docuerat</strong></span> <span class='ocrx_word' id='word_1_743' title='bbox 1479 4968 1697 5015; x_wconf 87' lang='lat' dir='ltr'><strong>sanctus</strong></span> <span class='ocrx_word' id='word_1_744' title='bbox 1723 4961 2051 5032; x_wconf 58' lang='lat' dir='ltr'><strong>Cyprianus,</strong></span> 
     </span>
    </p>
   </div>
   <div class='ocr_carea' id='block_1_96' title="bbox 471 5034 2049 5124">
    <p class='ocr_par' dir='ltr' id='par_1_96' title="bbox 471 5034 2049 5124">
     <span class='ocr_line' id='line_1_96' title="bbox 471 5034 2049 5124; baseline 0.016 -39"><span class='ocrx_word' id='word_1_745' title='bbox 471 5049 629 5124; x_wconf 65' lang='lat' dir='ltr'><strong>quem</strong></span> <span class='ocrx_word' id='word_1_746' title='bbox 654 5034 835 5092; x_wconf 81' lang='lat' dir='ltr'><strong>laudat</strong></span> <span class='ocrx_word' id='word_1_747' title='bbox 862 5049 1075 5097; x_wconf 79' lang='lat' dir='ltr'><strong>sanctus</strong></span> <span class='ocrx_word' id='word_1_748' title='bbox 1101 5044 1290 5100; x_wconf 85' lang='lat' dir='ltr'><strong>doctor</strong></span> <span class='ocrx_word' id='word_1_749' title='bbox 1319 5046 1414 5101; x_wconf 89' lang='lat' dir='ltr'><strong>lib.</strong></span> <span class='ocrx_word' id='word_1_750' title='bbox 1438 5063 1490 5102; x_wconf 80' lang='lat' dir='ltr'><strong>tr</strong></span> <span class='ocrx_word' id='word_1_751' title='bbox 1511 5048 1578 5105; x_wconf 87' lang='lat' dir='ltr'><strong>de</strong></span> <span class='ocrx_word' id='word_1_752' title='bbox 1610 5052 1906 5121; x_wconf 83' lang='lat' dir='ltr'><strong>Baptismo,</strong></span> <span class='ocrx_word' id='word_1_753' title='bbox 1930 5071 2049 5124; x_wconf 87' lang='lat' dir='ltr'><strong>cap.</strong></span> 
     </span>
    </p>
   </div>
   <div class='ocr_carea' id='block_1_97' title="bbox 469 5122 2042 5215">
    <p class='ocr_par' dir='ltr' id='par_1_97' title="bbox 469 5122 2042 5215">
     <span class='ocr_line' id='line_1_97' title="bbox 469 5122 2042 5215; baseline 0.011 -34"><span class='ocrx_word' id='word_1_754' title='bbox 469 5122 561 5190; x_wconf 68' lang='grc'><strong>22,</strong></span> <span class='ocrx_word' id='word_1_755' title='bbox 595 5125 681 5180; x_wconf 86' lang='lat' dir='ltr'><strong>ubi</strong></span> <span class='ocrx_word' id='word_1_756' title='bbox 729 5126 797 5180; x_wconf 90' lang='lat' dir='ltr'><strong>de</strong></span> <span class='ocrx_word' id='word_1_757' title='bbox 829 5128 1094 5196; x_wconf 68' lang='lat' dir='ltr'><strong>baptismo</strong></span> <span class='ocrx_word' id='word_1_758' title='bbox 1149 5136 1243 5201; x_wconf 90' lang='lat' dir='ltr'><strong>ait,</strong></span> <span class='ocrx_word' id='word_1_759' title='bbox 1272 5138 1315 5189; x_wconf 89' lang='lat' dir='ltr'><strong>si</strong></span> <span class='ocrx_word' id='word_1_760' title='bbox 1382 5154 1446 5193; x_wconf 83' lang='lat' dir='ltr'><strong>ex</strong></span> <span class='ocrx_word' id='word_1_761' title='bbox 1506 5146 1826 5199; x_wconf 88' lang='lat' dir='ltr'><strong>necessitate</strong></span> <span class='ocrx_word' id='word_1_762' title='bbox 1880 5122 2042 5215; x_wconf 80' lang='lat' dir='ltr'><strong>desit,</strong></span> 
     </span>
    </p>
   </div>
   <div class='ocr_carea' id='block_1_98' title="bbox 467 5222 2045 5310">
    <p class='ocr_par' dir='ltr' id='par_1_98' title="bbox 467 5222 2045 5310">
     <span class='ocr_line' id='line_1_98' title="bbox 467 5222 2045 5310; baseline 0.015 -37"><span class='ocrx_word' id='word_1_763' title='bbox 467 5234 627 5286; x_wconf 78' lang='lat' dir='ltr'><strong>posse</strong></span> <span class='ocrx_word' id='word_1_764' title='bbox 674 5222 925 5290; x_wconf 83' lang='lat' dir='ltr'><strong>supplere</strong></span> <span class='ocrx_word' id='word_1_765' title='bbox 973 5225 1148 5291; x_wconf 80' lang='lat' dir='ltr'><strong>ﬁdem,</strong></span> <span class='ocrx_word' id='word_1_766' title='bbox 1183 5235 1659 5305; x_wconf 80' lang='lat' dir='ltr'><strong>conrersionentque</strong></span> <span class='ocrx_word' id='word_1_767' title='bbox 1709 5241 1899 5306; x_wconf 85' lang='lat' dir='ltr'><strong>cordis,</strong></span> <span class='ocrx_word' id='word_1_768' title='bbox 1925 5243 2045 5310; x_wconf 86' lang='lat' dir='ltr'><strong>quia</strong></span> 
     </span>
    </p>
   </div>
   <div class='ocr_carea' id='block_1_99' title="bbox 466 5312 2045 5398">
    <p class='ocr_par' dir='ltr' id='par_1_99' title="bbox 466 5312 2045 5398">
     <span class='ocr_line' id='line_1_99' title="bbox 466 5312 2045 5398; baseline 0.015 -36"><span class='ocrx_word' id='word_1_769' title='bbox 466 5321 588 5364; x_wconf 71' lang='lat' dir='ltr'><strong>tunc</strong></span> <span class='ocrx_word' id='word_1_770' title='bbox 614 5312 856 5380; x_wconf 83' lang='lat' dir='ltr'><strong>impletur</strong></span> <span class='ocrx_word' id='word_1_771' title='bbox 876 5313 1216 5379; x_wconf 79' lang='lat' dir='ltr'><strong>invisibiliter,</strong></span> <span class='ocrx_word' id='word_1_772' title='bbox 1232 5335 1347 5371; x_wconf 82' lang='lat' dir='ltr'><strong>cum</strong></span> <span class='ocrx_word' id='word_1_773' title='bbox 1378 5326 1675 5391; x_wconf 75' lang='lat' dir='ltr'><strong>mysterium</strong></span> <span class='ocrx_word' id='word_1_774' title='bbox 1691 5326 1925 5398; x_wconf 80' lang='lat' dir='ltr'><strong>baptismi</strong></span> <span class='ocrx_word' id='word_1_775' title='bbox 1944 5348 2045 5385; x_wconf 86' lang='lat' dir='ltr'><strong>non</strong></span> 
     </span>
    </p>
   </div>
   <div class='ocr_carea' id='block_1_100' title="bbox 462 5403 2044 5473">
    <p class='ocr_par' dir='ltr' id='par_1_100' title="bbox 462 5403 2044 5473">
     <span class='ocr_line' id='line_1_100' title="bbox 462 5403 2044 5473; baseline 0.014 -22"><span class='ocrx_word' id='word_1_776' title='bbox 462 5410 774 5473; x_wconf 76' lang='lat' dir='ltr'><strong>contemptus</strong></span> <span class='ocrx_word' id='word_1_777' title='bbox 803 5403 1084 5471; x_wconf 81' lang='lat' dir='ltr'><strong>religionis,</strong></span> <span class='ocrx_word' id='word_1_778' title='bbox 1118 5406 1206 5471; x_wconf 83' lang='lat' dir='ltr'><strong>sed</strong></span> <span class='ocrx_word' id='word_1_779' title='bbox 1231 5409 1483 5465; x_wconf 81' lang='lat' dir='ltr'><strong>articulus</strong></span> <span class='ocrx_word' id='word_1_780' title='bbox 1510 5417 1823 5470; x_wconf 84' lang='lat' dir='ltr'><strong>necessitatis</strong></span> <span class='ocrx_word' id='word_1_781' title='bbox 1869 5412 2044 5473; x_wconf 68' lang='lat' dir='ltr'><strong>exclu-</strong></span> 
     </span>
    </p>
   </div>
   <div class='ocr_carea' id='block_1_101' title="bbox 460 5491 2039 5573">
    <p class='ocr_par' dir='ltr' id='par_1_101' title="bbox 460 5491 2039 5573">
     <span class='ocr_line' id='line_1_101' title="bbox 460 5491 2039 5573; baseline 0.016 -31"><span class='ocrx_word' id='word_1_782' title='bbox 460 5493 558 5546; x_wconf 72' lang='lat' dir='ltr'><strong>dit.</strong></span> <span class='ocrx_word' id='word_1_783' title='bbox 586 5491 1001 5549; x_wconf 85' lang='lat' dir='ltr'><strong>Sedetsanctus</strong></span> <span class='ocrx_word' id='word_1_784' title='bbox 1028 5497 1345 5554; x_wconf 77' lang='lat' dir='ltr'><strong>Ambrosius</strong></span> <span class='ocrx_word' id='word_1_785' title='bbox 1394 5501 1499 5556; x_wconf 86' lang='lat' dir='ltr'><strong>hoe</strong></span> <span class='ocrx_word' id='word_1_786' title='bbox 1559 5505 1731 5573; x_wconf 85' lang='lat' dir='ltr'><strong>ipsum</strong></span> <span class='ocrx_word' id='word_1_787' title='bbox 1785 5510 2039 5567; x_wconf 66' lang='lat' dir='ltr'><strong>docuerat</strong></span> 
     </span>
    </p>
   </div>
   <div class='ocr_carea' id='block_1_102' title="bbox 459 5579 2035 5668">
    <p class='ocr_par' dir='ltr' id='par_1_102' title="bbox 459 5579 2035 5668">
     <span class='ocr_line' id='line_1_102' title="bbox 459 5579 2035 5668; baseline 0.016 -37"><span class='ocrx_word' id='word_1_788' title='bbox 459 5579 528 5632; x_wconf 81' lang='lat' dir='ltr'><strong>de</strong></span> <span class='ocrx_word' id='word_1_789' title='bbox 580 5581 946 5641; x_wconf 84' lang='lat' dir='ltr'><strong>Valentiniano</strong></span> <span class='ocrx_word' id='word_1_790' title='bbox 1000 5588 1367 5657; x_wconf 79' lang='lat' dir='ltr'><strong>imperatore,</strong></span> <span class='ocrx_word' id='word_1_791' title='bbox 1402 5602 1459 5646; x_wconf 91' lang='lat' dir='ltr'><strong>ut</strong></span> <span class='ocrx_word' id='word_1_792' title='bbox 1488 5606 1633 5662; x_wconf 90' lang='lat' dir='ltr'><strong>patet</strong></span> <span class='ocrx_word' id='word_1_793' title='bbox 1688 5611 1754 5651; x_wconf 78' lang='lat' dir='ltr'><strong>ex</strong></span> <span class='ocrx_word' id='word_1_794' title='bbox 1795 5600 2035 5668; x_wconf 84' lang='lat' dir='ltr'><strong>ejusdem</strong></span> 
     </span>
    </p>
   </div>
   <div class='ocr_carea' id='block_1_103' title="bbox 458 5670 2031 5748">
    <p class='ocr_par' dir='ltr' id='par_1_103' title="bbox 458 5670 2031 5748">
     <span class='ocr_line' id='line_1_103' title="bbox 458 5670 2031 5748; baseline 0.02 -31"><span class='ocrx_word' id='word_1_795' title='bbox 458 5670 699 5727; x_wconf 74' lang='lat' dir='ltr'><strong>oratione</strong></span> <span class='ocrx_word' id='word_1_796' title='bbox 728 5678 781 5728; x_wconf 89' lang='lat' dir='ltr'><strong>in</strong></span> <span class='ocrx_word' id='word_1_797' title='bbox 810 5694 910 5745; x_wconf 84' lang='lat' dir='ltr'><strong>qua</strong></span> <span class='ocrx_word' id='word_1_798' title='bbox 942 5678 1177 5735; x_wconf 73' lang='lat' dir='ltr'><strong>defuncti</strong></span> <span class='ocrx_word' id='word_1_799' title='bbox 1202 5680 1562 5742; x_wconf 74' lang='lat' dir='ltr'><strong>Valentiniani</strong></span> <span class='ocrx_word' id='word_1_800' title='bbox 1606 5689 1790 5746; x_wconf 89' lang='lat' dir='ltr'><strong>laudes</strong></span> <span class='ocrx_word' id='word_1_801' title='bbox 1824 5697 2031 5748; x_wconf 87' lang='lat' dir='ltr'><strong>recitat.</strong></span> 
     </span>
    </p>
   </div>
   <div class='ocr_carea' id='block_1_104' title="bbox 460 5755 2031 5853">
    <p class='ocr_par' dir='ltr' id='par_1_104' title="bbox 460 5755 2031 5853">
     <span class='ocr_line' id='line_1_104' title="bbox 460 5755 2031 5853; baseline 0.019 -42"><span class='ocrx_word' id='word_1_802' title='bbox 460 5755 749 5826; x_wconf 72' lang='lat' dir='ltr'><strong>Utrumque</strong></span> <span class='ocrx_word' id='word_1_803' title='bbox 777 5779 923 5829; x_wconf 86' lang='lat' dir='ltr'><strong>vero,</strong></span> <span class='ocrx_word' id='word_1_804' title='bbox 956 5771 1297 5827; x_wconf 76' lang='lat' dir='ltr'><strong>Ambrosium</strong></span> <span class='ocrx_word' id='word_1_805' title='bbox 1328 5791 1519 5845; x_wconf 83' lang='lat' dir='ltr'><strong>nempe</strong></span> <span class='ocrx_word' id='word_1_806' title='bbox 1572 5790 1627 5833; x_wconf 78' lang='lat' dir='ltr'><strong>et</strong></span> <span class='ocrx_word' id='word_1_807' title='bbox 1657 5785 2031 5853; x_wconf 80' lang='lat' dir='ltr'><strong>Augustinum,</strong></span> 
     </span>
    </p>
   </div>
   <div class='ocr_carea' id='block_1_105' title="bbox 2168 4702 3786 4774">
    <p class='ocr_par' dir='ltr' id='par_1_105' title="bbox 2168 4702 3786 4774">
     <span class='ocr_line' id='line_1_105' title="bbox 2168 4702 3786 4774; baseline 0.004 -23"><span class='ocrx_word' id='word_1_808' title='bbox 2168 4708 2409 4769; x_wconf 76' lang='lat' dir='ltr'><strong>tanquam</strong></span> <span class='ocrx_word' id='word_1_809' title='bbox 2463 4702 2808 4755; x_wconf 82' lang='lat' dir='ltr'><strong>sacratissimo</strong></span> <span class='ocrx_word' id='word_1_810' title='bbox 2859 4702 3110 4772; x_wconf 85' lang='lat' dir='ltr'><strong>baptismo</strong></span> <span class='ocrx_word' id='word_1_811' title='bbox 3149 4704 3307 4772; x_wconf 81' lang='lat' dir='ltr'><strong>fuisse</strong></span> <span class='ocrx_word' id='word_1_812' title='bbox 3336 4704 3617 4774; x_wconf 75' lang='lat' dir='ltr'><strong>perfusum,</strong></span> <span class='ocrx_word' id='word_1_813' title='bbox 3666 4704 3786 4758; x_wconf 68' lang='lat' dir='ltr'><strong>liii.</strong></span> 
     </span>
    </p>
   </div>
   <div class='ocr_carea' id='block_1_106' title="bbox 2164 4789 3779 4875">
    <p class='ocr_par' dir='ltr' id='par_1_106' title="bbox 2164 4789 3779 4875">
     <span class='ocr_line' id='line_1_106' title="bbox 2164 4789 3779 4875; baseline 0.003 -34"><span class='ocrx_word' id='word_1_814' title='bbox 2164 4789 2440 4843; x_wconf 81' lang='lat' dir='ltr'><strong>rlaudato.</strong></span> <span class='ocrx_word' id='word_1_815' title='bbox 2469 4790 2735 4844; x_wconf 66' lang='lat' dir='ltr'><strong>Castorum</strong></span> <span class='ocrx_word' id='word_1_816' title='bbox 2794 4792 2933 4846; x_wconf 88' lang='lat' dir='ltr'><strong>idem</strong></span> <span class='ocrx_word' id='word_1_817' title='bbox 2992 4794 3146 4847; x_wconf 83' lang='lat' dir='ltr'><strong>Pater</strong></span> <span class='ocrx_word' id='word_1_818' title='bbox 3194 4811 3298 4875; x_wconf 68' lang='lat' dir='ltr'><strong>non</strong></span> <span class='ocrx_word' id='word_1_819' title='bbox 3343 4792 3537 4863; x_wconf 87' lang='lat' dir='ltr'><strong>putavit</strong></span> <span class='ocrx_word' id='word_1_820' title='bbox 3591 4793 3779 4847; x_wconf 79' lang='lat' dir='ltr'><strong>illum</strong></span> 
     </span>
    </p>
   </div>
   <div class='ocr_carea' id='block_1_107' title="bbox 2164 4878 3783 4954">
    <p class='ocr_par' dir='ltr' id='par_1_107' title="bbox 2164 4878 3783 4954">
     <span class='ocr_line' id='line_1_107' title="bbox 2164 4878 3783 4954; baseline 0.002 -21"><span class='ocrx_word' id='word_1_821' title='bbox 2164 4878 2328 4935; x_wconf 82' lang='lat' dir='ltr'><strong>fuisse</strong></span> <span class='ocrx_word' id='word_1_822' title='bbox 2357 4890 2479 4935; x_wconf 88' lang='lat' dir='ltr'><strong>autc</strong></span> <span class='ocrx_word' id='word_1_823' title='bbox 2501 4883 2909 4937; x_wconf 78' lang='lat' dir='ltr'><strong>crusitixioncm</strong></span> <span class='ocrx_word' id='word_1_824' title='bbox 2942 4884 3289 4954; x_wconf 85' lang='lat' dir='ltr'><strong>baptizatum.</strong></span> <span class='ocrx_word' id='word_1_825' title='bbox 3326 4886 3522 4951; x_wconf 84' lang='lat' dir='ltr'><strong>Aperte</strong></span> <span class='ocrx_word' id='word_1_826' title='bbox 3545 4881 3630 4937; x_wconf 80' lang='lat' dir='ltr'><strong>ait</strong></span> <span class='ocrx_word' id='word_1_827' title='bbox 3662 4884 3783 4937; x_wconf 87' lang='lat' dir='ltr'><strong>ibi-</strong></span> 
     </span>
    </p>
   </div>
   <div class='ocr_carea' id='block_1_108' title="bbox 2166 4972 3773 5039">
    <p class='ocr_par' dir='ltr' id='par_1_108' title="bbox 2166 4972 3773 5039">
     <span class='ocr_line' id='line_1_108' title="bbox 2166 4972 3773 5039; baseline 0.001 -13"><span class='ocrx_word' id='word_1_828' title='bbox 2166 4972 2287 5026; x_wconf 86' lang='lat' dir='ltr'><strong>dem</strong></span> <span class='ocrx_word' id='word_1_829' title='bbox 2320 4990 2333 5027; x_wconf 90' lang='lat'><strong>:</strong></span> <span class='ocrx_word' id='word_1_830' title='bbox 2374 4990 2392 5023; x_wconf 83' lang='grc' dir='ltr'><strong>ι</strong></span> <span class='ocrx_word' id='word_1_831' title='bbox 2430 4973 2589 5028; x_wconf 87' lang='lat' dir='ltr'><strong>Latro</strong></span> <span class='ocrx_word' id='word_1_832' title='bbox 2618 4975 2706 5029; x_wconf 88' lang='lat' dir='ltr'><strong>ille</strong></span> <span class='ocrx_word' id='word_1_833' title='bbox 2735 4989 2838 5030; x_wconf 86' lang='lat' dir='ltr'><strong>non</strong></span> <span class='ocrx_word' id='word_1_834' title='bbox 2861 4983 2986 5031; x_wconf 90' lang='lat' dir='ltr'><strong>ante</strong></span> <span class='ocrx_word' id='word_1_835' title='bbox 3014 4991 3227 5030; x_wconf 72' lang='lat' dir='ltr'><strong>crucem</strong></span> <span class='ocrx_word' id='word_1_836' title='bbox 3259 4976 3464 5030; x_wconf 86' lang='lat' dir='ltr'><strong>Domini</strong></span> <span class='ocrx_word' id='word_1_837' title='bbox 3486 4985 3773 5039; x_wconf 78' lang='lat' dir='ltr'><strong>sectator,</strong></span> 
     </span>
    </p>
   </div>
   <div class='ocr_carea' id='block_1_109' title="bbox 2161 5063 3775 5134">
    <p class='ocr_par' dir='ltr' id='par_1_109' title="bbox 2161 5063 3775 5134">
     <span class='ocr_line' id='line_1_109' title="bbox 2161 5063 3775 5134; baseline 0.001 -17"><span class='ocrx_word' id='word_1_838' title='bbox 2161 5063 2255 5119; x_wconf 84' lang='lat' dir='ltr'><strong>sed</strong></span> <span class='ocrx_word' id='word_1_839' title='bbox 2285 5064 2335 5117; x_wconf 92' lang='lat' dir='ltr'><strong>iu</strong></span> <span class='ocrx_word' id='word_1_840' title='bbox 2364 5080 2524 5119; x_wconf 85' lang='lat' dir='ltr'><strong>cruce</strong></span> <span class='ocrx_word' id='word_1_841' title='bbox 2544 5066 2855 5131; x_wconf 80' lang='lat' dir='ltr'><strong>confessor,</strong></span> <span class='ocrx_word' id='word_1_842' title='bbox 2880 5076 2987 5121; x_wconf 80' lang='lat' dir='ltr'><strong>ctc.</strong></span> <span class='ocrx_word' id='word_1_843' title='bbox 3029 5067 3177 5122; x_wconf 86' lang='lat' dir='ltr'><strong>Tunc</strong></span> <span class='ocrx_word' id='word_1_844' title='bbox 3223 5068 3382 5121; x_wconf 86' lang='lat' dir='ltr'><strong>etiam</strong></span> <span class='ocrx_word' id='word_1_845' title='bbox 3441 5065 3585 5121; x_wconf 88' lang='lat' dir='ltr'><strong>ﬁdes</strong></span> <span class='ocrx_word' id='word_1_846' title='bbox 3642 5070 3775 5134; x_wconf 73' lang='lat' dir='ltr'><strong>ejus</strong></span> 
     </span>
    </p>
   </div>
   <div class='ocr_carea' id='block_1_110' title="bbox 2159 5154 3773 5228">
    <p class='ocr_par' dir='ltr' id='par_1_110' title="bbox 2159 5154 3773 5228">
     <span class='ocr_line' id='line_1_110' title="bbox 2159 5154 3773 5228; baseline 0.001 -21"><span class='ocrx_word' id='word_1_847' title='bbox 2159 5154 2227 5208; x_wconf 90' lang='lat' dir='ltr'><strong>de</strong></span> <span class='ocrx_word' id='word_1_848' title='bbox 2287 5155 2431 5225; x_wconf 85' lang='lat' dir='ltr'><strong>ligno</strong></span> <span class='ocrx_word' id='word_1_849' title='bbox 2489 5157 2935 5226; x_wconf 83' lang='lat' dir='ltr'><strong>ﬂoruit,quandu</strong></span> <span class='ocrx_word' id='word_1_850' title='bbox 2994 5159 3377 5228; x_wconf 78' lang='lat' dir='ltr'><strong>discipulorum</strong></span> <span class='ocrx_word' id='word_1_851' title='bbox 3429 5160 3703 5214; x_wconf 86' lang='lat' dir='ltr'><strong>marcnit.</strong></span> <span class='ocrx_word' id='word_1_852' title='bbox 3745 5177 3773 5209; x_wconf 67' lang='grc' dir='ltr'><strong>ι</strong></span> 
     </span>
    </p>
   </div>
   <div class='ocr_carea' id='block_1_111' title="bbox 2155 5242 3773 5319">
    <p class='ocr_par' dir='ltr' id='par_1_111' title="bbox 2155 5242 3773 5319">
     <span class='ocr_line' id='line_1_111' title="bbox 2155 5242 3773 5319; baseline 0.004 -23"><span class='ocrx_word' id='word_1_853' title='bbox 2155 5242 2247 5297; x_wconf 85' lang='lat' dir='ltr'><strong>Illa</strong></span> <span class='ocrx_word' id='word_1_854' title='bbox 2277 5259 2402 5297; x_wconf 86' lang='lat' dir='ltr'><strong>vero</strong></span> <span class='ocrx_word' id='word_1_855' title='bbox 2425 5245 2491 5298; x_wconf 90' lang='lat' dir='ltr'><strong>de</strong></span> <span class='ocrx_word' id='word_1_856' title='bbox 2515 5245 2779 5315; x_wconf 88' lang='lat' dir='ltr'><strong>baptismo</strong></span> <span class='ocrx_word' id='word_1_857' title='bbox 2812 5250 3032 5304; x_wconf 88' lang='lat' dir='ltr'><strong>latronis</strong></span> <span class='ocrx_word' id='word_1_858' title='bbox 3058 5250 3292 5315; x_wconf 83' lang='lat' dir='ltr'><strong>adducit,</strong></span> <span class='ocrx_word' id='word_1_859' title='bbox 3317 5250 3515 5319; x_wconf 84' lang='lat' dir='ltr'><strong>quibus</strong></span> <span class='ocrx_word' id='word_1_860' title='bbox 3558 5251 3773 5306; x_wconf 61' lang='lat' dir='ltr'><strong>contu-</strong></span> 
     </span>
    </p>
   </div>
   <div class='ocr_carea' id='block_1_112' title="bbox 2155 5335 3767 5408">
    <p class='ocr_par' dir='ltr' id='par_1_112' title="bbox 2155 5335 3767 5408">
     <span class='ocr_line' id='line_1_112' title="bbox 2155 5335 3767 5408; baseline 0.006 -23"><span class='ocrx_word' id='word_1_861' title='bbox 2155 5342 2289 5386; x_wconf 87' lang='lat' dir='ltr'><strong>taret</strong></span> <span class='ocrx_word' id='word_1_862' title='bbox 2311 5348 2546 5386; x_wconf 87' lang='lat' dir='ltr'><strong>errorem</strong></span> <span class='ocrx_word' id='word_1_863' title='bbox 2578 5335 2844 5391; x_wconf 82' lang='lat' dir='ltr'><strong>Vincentii</strong></span> <span class='ocrx_word' id='word_1_864' title='bbox 2884 5339 3129 5401; x_wconf 65' lang='lat' dir='ltr'><strong>Victoris.</strong></span> <span class='ocrx_word' id='word_1_865' title='bbox 3156 5342 3245 5407; x_wconf 90' lang='lat' dir='ltr'><strong>qui</strong></span> <span class='ocrx_word' id='word_1_866' title='bbox 3296 5340 3551 5408; x_wconf 75' lang='lat' dir='ltr'><strong>exemplo</strong></span> <span class='ocrx_word' id='word_1_867' title='bbox 3582 5342 3767 5394; x_wconf 78' lang='lat' dir='ltr'><strong>tatro-</strong></span> 
     </span>
    </p>
   </div>
   <div class='ocr_carea' id='block_1_113' title="bbox 2155 5422 3775 5501">
    <p class='ocr_par' dir='ltr' id='par_1_113' title="bbox 2155 5422 3775 5501">
     <span class='ocr_line' id='line_1_113' title="bbox 2155 5422 3775 5501; baseline 0.007 -27"><span class='ocrx_word' id='word_1_868' title='bbox 2155 5422 2236 5475; x_wconf 87' lang='lat' dir='ltr'><strong>nis</strong></span> <span class='ocrx_word' id='word_1_869' title='bbox 2257 5424 2619 5478; x_wconf 83' lang='lat' dir='ltr'><strong>contendebat</strong></span> <span class='ocrx_word' id='word_1_870' title='bbox 2640 5442 2833 5495; x_wconf 87' lang='lat' dir='ltr'><strong>pueros</strong></span> <span class='ocrx_word' id='word_1_871' title='bbox 2860 5429 3252 5498; x_wconf 77' lang='lat' dir='ltr'><strong>sincbaptismo</strong></span> <span class='ocrx_word' id='word_1_872' title='bbox 3282 5440 3527 5485; x_wconf 83' lang='lat' dir='ltr'><strong>mortuos</strong></span> <span class='ocrx_word' id='word_1_873' title='bbox 3552 5445 3775 5501; x_wconf 67' lang='lat' dir='ltr'><strong>per-reo</strong></span> 
     </span>
    </p>
   </div>
   <div class='ocr_carea' id='block_1_114' title="bbox 2150 5514 3769 5590">
    <p class='ocr_par' dir='ltr' id='par_1_114' title="bbox 2150 5514 3769 5590">
     <span class='ocr_line' id='line_1_114' title="bbox 2150 5514 3769 5590; baseline 0.004 -23"><span class='ocrx_word' id='word_1_874' title='bbox 2150 5514 2265 5568; x_wconf 89' lang='lat' dir='ltr'><strong>nire</strong></span> <span class='ocrx_word' id='word_1_875' title='bbox 2295 5529 2449 5582; x_wconf 91' lang='lat' dir='ltr'><strong>posse</strong></span> <span class='ocrx_word' id='word_1_876' title='bbox 2477 5518 2543 5570; x_wconf 89' lang='lat' dir='ltr'><strong>ad</strong></span> <span class='ocrx_word' id='word_1_877' title='bbox 2579 5519 2915 5588; x_wconf 86' lang='lat' dir='ltr'><strong>originalium</strong></span> <span class='ocrx_word' id='word_1_878' title='bbox 2950 5521 3332 5589; x_wconf 73' lang='lat' dir='ltr'><strong>indulgentiam</strong></span> <span class='ocrx_word' id='word_1_879' title='bbox 3366 5530 3769 5590; x_wconf 83' lang='lat' dir='ltr'><strong>peccatorum,</strong></span> 
     </span>
    </p>
   </div>
   <div class='ocr_carea' id='block_1_115' title="bbox 2149 5608 3769 5679">
    <p class='ocr_par' dir='ltr' id='par_1_115' title="bbox 2149 5608 3769 5679">
     <span class='ocr_line' id='line_1_115' title="bbox 2149 5608 3769 5679; baseline 0.004 -24"><span class='ocrx_word' id='word_1_880' title='bbox 2149 5612 2202 5655; x_wconf 90' lang='lat' dir='ltr'><strong>ut</strong></span> <span class='ocrx_word' id='word_1_881' title='bbox 2235 5613 2376 5677; x_wconf 69' lang='lat' dir='ltr'><strong>patet</strong></span> <span class='ocrx_word' id='word_1_882' title='bbox 2401 5622 2464 5661; x_wconf 78' lang='lat' dir='ltr'><strong>ex</strong></span> <span class='ocrx_word' id='word_1_883' title='bbox 2496 5608 2587 5662; x_wconf 88' lang='lat' dir='ltr'><strong>lib.</strong></span> <span class='ocrx_word' id='word_1_884' title='bbox 2617 5625 2671 5661; x_wconf 89' lang='grc' dir='ltr'><strong>ιιι</strong></span> <span class='ocrx_word' id='word_1_885' title='bbox 2706 5610 2773 5665; x_wconf 89' lang='lat' dir='ltr'><strong>de</strong></span> <span class='ocrx_word' id='word_1_886' title='bbox 2813 5610 3030 5679; x_wconf 81' lang='lat' dir='ltr'><strong>Origine</strong></span> <span class='ocrx_word' id='word_1_887' title='bbox 3056 5612 3249 5665; x_wconf 70' lang='lat' dir='ltr'><strong>anima:</strong></span> <span class='ocrx_word' id='word_1_888' title='bbox 3275 5610 3341 5665; x_wconf 88' lang='lat' dir='ltr'><strong>ad</strong></span> <span class='ocrx_word' id='word_1_889' title='bbox 3369 5612 3769 5673; x_wconf 73' lang='lat' dir='ltr'><strong>Vincentium,</strong></span> 
     </span>
    </p>
   </div>
   <div class='ocr_carea' id='block_1_116' title="bbox 2145 5696 3771 5771">
    <p class='ocr_par' dir='ltr' id='par_1_116' title="bbox 2145 5696 3771 5771">
     <span class='ocr_line' id='line_1_116' title="bbox 2145 5696 3771 5771; baseline 0.004 -23"><span class='ocrx_word' id='word_1_890' title='bbox 2145 5696 2231 5749; x_wconf 89' lang='lat' dir='ltr'><strong>ubi</strong></span> <span class='ocrx_word' id='word_1_891' title='bbox 2265 5707 2374 5749; x_wconf 87' lang='lat' dir='ltr'><strong>toto</strong></span> <span class='ocrx_word' id='word_1_892' title='bbox 2402 5714 2519 5768; x_wconf 80' lang='lat' dir='ltr'><strong>cap.</strong></span> <span class='ocrx_word' id='word_1_893' title='bbox 2552 5701 2585 5756; x_wconf 91' lang='lat'><strong>9</strong></span> <span class='ocrx_word' id='word_1_894' title='bbox 2617 5701 2686 5755; x_wconf 91' lang='lat' dir='ltr'><strong>de</strong></span> <span class='ocrx_word' id='word_1_895' title='bbox 2734 5702 3000 5771; x_wconf 87' lang='lat' dir='ltr'><strong>baptismo</strong></span> <span class='ocrx_word' id='word_1_896' title='bbox 3028 5703 3252 5758; x_wconf 83' lang='lat' dir='ltr'><strong>latronis</strong></span> <span class='ocrx_word' id='word_1_897' title='bbox 3299 5704 3574 5759; x_wconf 82' lang='lat' dir='ltr'><strong>discurrit.</strong></span> <span class='ocrx_word' id='word_1_898' title='bbox 3607 5707 3771 5771; x_wconf 65' lang='lat' dir='ltr'><strong>Qa.»</strong></span> 
     </span>
    </p>
   </div>
   <div class='ocr_carea' id='block_1_117' title="bbox 2146 5776 3767 5855">
    <p class='ocr_par' dir='ltr' id='par_1_117' title="bbox 2146 5776 3767 5855">
     <span class='ocr_line' id='line_1_117' title="bbox 2146 5776 3767 5855; baseline 0.005 -16"><span class='ocrx_word' id='word_1_899' title='bbox 2146 5776 2411 5849; x_wconf 72' lang='lat' dir='ltr'><strong>moenita</strong></span> <span class='ocrx_word' id='word_1_900' title='bbox 2433 5790 2653 5845; x_wconf 72' lang='lat' dir='ltr'><strong>adduxit</strong></span> <span class='ocrx_word' id='word_1_901' title='bbox 2681 5801 2733 5845; x_wconf 90' lang='lat' dir='ltr'><strong>ut</strong></span> <span class='ocrx_word' id='word_1_902' title='bbox 2763 5807 2976 5855; x_wconf 86' lang='lat' dir='ltr'><strong>omnem</strong></span> <span class='ocrx_word' id='word_1_903' title='bbox 3017 5794 3239 5850; x_wconf 72' lang='lat' dir='ltr'><strong>errandi</strong></span> <span class='ocrx_word' id='word_1_904' title='bbox 3286 5795 3644 5850; x_wconf 77' lang='lat' dir='ltr'><strong>occasionem</strong></span> <span class='ocrx_word' id='word_1_905' title='bbox 3682 5809 3767 5847; x_wconf 69' lang='lat' dir='ltr'><strong>ex</strong></span> 
     </span>
    </p>
   </div>
  </div>
