3930 6342
218 381 325 437 785

1393 372 1714 431 vmotcma
1756 350 2315 430 AUGUSTINIAME.

3387 374 3491 429 786

217 500 365 552 illius
410 497 633 551 latronis
686 495 933 563 exemplo
981 472 1300 549 resecaretf
1330 492 1463 546 llinc
1493 492 1584 545 lib.
1615 506 1651 554 ι,
1675 503 1795 558 cap.
1825 493 1873 550 Α
1911 507 1929 541 ί
1960 489 2107 543 Licet
2145 503 2275 557 ergo
2305 503 2365 541 ex
2398 487 2694 557 Augustino
2724 488 3002 558 Augustini
3030 489 3327 548 doctrinam
3353 492 3491 546 alio~

216 592 410 653 9.cum
435 591 607 645 varios
630 590 819 644 modos
850 585 1417 655 recensuissetquibus
1432 584 1570 637 latro
1600 583 1690 636 ille
1714 582 1799 636 vel

218 682 499 734 ducebatur
549 680 634 733 vel
684 678 790 733 dici
845 686 1055 746 poterat
1102 677 1434 745 baptizatus,
1488 672 1796 727 conclusit:

223 787 247 824 σι
291 773 479 826 Verum
506 771 619 825 haec
647 777 705 824 ut
736 771 879 824 volet
905 769 1132 837 quisque
1176 764 1438 834 accipiat.
1473 763 1597 818 dum
1620 769 1800 816 tamen

214 865 287 917 de
312 864 574 930 baptismo
593 874 695 915 non
711 859 1087 930 prmscribatur
1107 855 1401 912 Salvatoris
1419 860 1682 922 praecepto
1700 852 1801 906 bu-

214 952 302 1019 jus
325 950 548 1005 latronis
576 949 849 1018 exemplo.
890 965 911 1001 ι
940 948 1005 1001 Ει
1036 948 1150 1016 ipse
1192 944 1491 999 Bernardus
1532 941 1801 997 consentit

216 1044 480 1095 incertum
530 1054 651 1095 esse
700 1054 767 1092 an
818 1039 953 1092 latro
995 1037 1152 1091 fuerit
1193 1035 1530 1103 baptizatus,
1560 1031 1798 1086 dicens:

221 1152 242 1185 ι
281 1135 356 1186 Eo
382 1132 524 1202 quod
548 1146 677 1186 sane
707 1132 970 1185 incertum
994 1130 1065 1184 sit
1089 1136 1395 1181 utrumnam
1439 1124 1595 1178 fuerit
1625 1120 1803 1191 bapti-

212 1237 385 1283 zattls.
404 1244 421 1277 ι
449 1225 583 1279 Hinc
616 1224 773 1278 Pater
802 1222 1003 1292 Lupus,
1036 1221 1089 1275 in
1114 1228 1421 1274 sanctorum
1450 1216 1663 1271 Patrum
1695 1213 1805 1269 lec-

217 1320 363 1370 tione
393 1330 600 1369 summa
626 1329 750 1370 cum
806 1313 963 1368 laude
1019 1319 1287 1372 versatus,
1320 1310 1372 1362 in
1405 1306 1661 1376 opusculo
1692 1305 1805 1359 lau-

209 1406 347 1465 dato
377 1409 446 1466 de
473 1410 811 1465 Contritione
835 1416 891 1463 et
918 1406 1113 1471 attrit.,
1143 1417 1263 1471 cap.
1296 1400 1351 1459 9.
1383 1402 1458 1455 ait
1488 1418 1507 1451 ι
1561 1396 1803 1453 Latronis

210 1500 481 1568 baptisma
494 1514 617 1554 esse
641 1496 1113 1554 iucertum.Variat
1133 1509 1237 1548 non
1262 1492 1434 1548 solum
1451 1488 1800 1559 Augustinus,

209 1594 310 1646 sed
371 1594 553 1647 Patres
608 1591 803 1661 passim
847 1604 1055 1644 omnes.
1090 1608 1108 1639 ι
1155 1587 1278 1640 llaec
1334 1583 1551 1653 quidem
1599 1579 1795 1643 addidi,

210 1683 337 1750 quia
361 1698 424 1735 ex
452 1682 536 1734 illa
567 1682 735 1735 sancti
771 1680 1026 1735 Bernardi
1056 1676 1277 1743 epistola
1306 1675 1370 1726 77
1399 1674 1461 1727 ad
1498 1672 1796 1739 llugunem,

211 1773 374 1841 quale
407 1774 685 1841 Augustini
716 1773 916 1826 dictum
945 1772 1012 1824 ab
1058 1770 1362 1822 adversario
1426 1781 1519 1833 per
1566 1765 1795 1818 reticen-

1902 597 2019 637 rum
2059 579 2376 649 scriptorum
2420 578 2624 649 judicio
2671 580 2997 634 censendam
3031 595 3320 649 exponere,
3364 584 3490 638 licet

1902 680 1958 726 et
1980 672 2213 740 proprio,
2247 670 2406 740 idque
2453 671 2598 725 salva
2654 671 3083 727 honoriﬁcentia.
3131 672 3314 743 Neque
3352 675 3488 730 adeo

1904 775 2212 830 perversum
2242 762 2447 816 esthoc
2474 763 2779 830 consilium,
2811 774 2867 818 ut
2915 764 3112 821 habere
3161 781 3265 821 non
3316 768 3493 837 possit

1903 853 2203 920 adjutorem
2253 853 2437 908 Deum.
2479 871 2497 906 ι
2536 853 2793 924 Loquitur
2822 857 3060 911 Annatus
3092 871 3213 927 pag.
3246 856 3374 913 897.
3405 858 3492 913 Nil

1907 955 2081 1000 tamen
2117 946 2239 999 novi
2287 946 2431 1001 hisce
2459 962 2716 1003 censores
2743 947 2991 1014 alterunt,
3036 950 3128 1004 sed
3175 949 3479 1023 Pelagiana

1907 1056 2023 1095 rum
2056 1055 2119 1094 ac
2162 1040 2586 1096 Lutheranornm
2619 1059 2778 1099 voces
2808 1057 2993 1101 contra
3026 1048 3381 1114 Augustinum
3414 1048 3490 1101 in-
3592 1102 3601 1107 ,

1906 1141 2080 1202 tcgras
2111 1142 2376 1201 repetunt.
2430 1133 2715 1203 Pelagiani,
2767 1152 2887 1191 cum
2937 1137 3004 1191 ab
3050 1138 3345 1207 Augustino
3394 1137 3490 1190 l’a-
3560 1124 3587 1185 id

1907 1234 2045 1278 trum
2087 1225 2404 1279 teSIimoniis
2433 1238 2883 1296 oppugnarentur,
2916 1244 2979 1283 ex
3013 1229 3294 1299 Augustini
3339 1229 3494 1283 libris

1906 1316 2104 1369 nullam
2144 1315 2244 1370 sibi
2296 1315 2540 1372 Patribus
2584 1318 2892 1374 adlnerendi
2950 1321 3323 1374 necessitatem
3371 1334 3493 1375 esse

1908 1406 2199 1461 insolenter
2248 1407 2668 1486 respondebant.
2710 1407 2971 1463 Audiatur
3009 1408 3251 1465 Julianus
3301 1410 3394 1464 lib.
3440 1426 3491 1464 tv

1905 1496 2093 1564 Operis
2116 1494 2355 1564 imperil,
2388 1510 2507 1566 cap.
2536 1498 2631 1552 111
2659 1515 2671 1550 :
2705 1516 2723 1549 ι
2754 1497 2861 1554 Sed
2887 1498 3024 1554 bene
3045 1497 3184 1567 quod
3206 1511 3303 1553 nos
3329 1513 3497 1553 onero

1906 1589 2090 1641 talium
2141 1602 2489 1656 personarum
2541 1589 2728 1645 leva5ti
2763 1608 2773 1642 :
2807 1606 2929 1644 nam
2972 1589 3022 1642 in
3055 1588 3191 1643 libro
3237 1603 3391 1659 quem
3423 1594 3489 1643 ad

1905 1679 2198 1732 'l'iinasium
2250 1668 2435 1733 contra
2488 1681 2713 1734 liberum
2794 1672 3075 1735 arbitrium
3123 1681 3488 1743 contexuisﬁ.

1903 1785 2023 1823 Cum
2052 1779 2268 1823 sanctus
2290 1771 2530 1839 Pelagius
2554 1773 2935 1828 venerabilium
2961 1772 3194 1827 virorum
3231 1783 3335 1826 tam
3367 1778 3492 1826 Am-

212 1864 341 1917 tiam
400 1862 805 1928 reprehensioni
861 1862 1161 1929 espositum
1202 1858 1321 1926 jure
1376 1856 1551 1910 notari
1608 1855 1795 1919 νοδεῑι,
1834 1858 1879 1916 Β
1910 1865 2070 1918 Μύεξί
2102 1880 2258 1935 quam
2287 1864 2539 1936 Cypriani
2572 1868 2879 1922 rerordatus
2908 1866 3115 1937 luisset,
3146 1869 3235 1938 qui
3266 1868 3489 1924 liberum

217 1970 438 2025 prorsus
495 1970 601 2009 non
635 1954 814 2020 video,
855 1953 952 2009 sed
1001 1967 1100 2008 nec
1153 1949 1399 2006 eumdem
1429 1948 1696 2002 Annatum
1727 1946 1803 1997 vi-

210 2050 361 2102 disse
387 2047 659 2102 existimo.

210 2160 375 2231 ςκιι.
413 2159 1024 2230 SauctttutAugustiuum
1071 2171 1245 2211 rerum
1296 2159 1633 2228 Augustinum
1686 2154 1803 2223 pro.

897 2231 1107 2282 ducunt.

286 2341 416 2396 Rem
444 2342 738 2396 confecisse
759 2357 821 2396 ac
848 2348 955 2395 tota
979 2356 1137 2396 causa
1164 2340 1515 2409 Augustinum
1539 2340 1803 2408 deiecisse

210 2435 315 2488 sibi
350 2435 685 2502 persuadent,
724 2432 1022 2488 faventibus
1053 2434 1339 2502 suffragiis,
1382 2442 1438 2485 ut
1486 2433 1798 2502 gloriantur,

211 2545 233 2579 ι
268 2527 435 2579 trium
457 2539 787 2579 summorum
838 2525 1144 2593 pontiﬁcum
1200 2539 1291 2577 sex
1320 2523 1690 2597 .cardina‘ium
1736 2539 1798 2577 ex

204 2616 358 2668 oinni
403 2630 628 2670 numero
654 2613 1133 2668 eruditissimorqu
1189 2621 1245 2667 et
1294 2613 1403 2667 fere
1437 2613 1804 2667 sanctiSsimo-

205 2721 354 2767 rum,
402 2713 479 2759 tot
506 2705 699 2759 deinde
740 2704 1058 2765 antistitum,
1112 2711 1191 2756 tot
1235 2703 1514 2757 doctorum
1562 2703 1803 2756 omnium

203 2796 543 2860 scholarum,
574 2795 817 2850 ordinum
856 2804 911 2850 et
938 2795 1232 2850 nationum.
1274 2812 1292 2845 ι
1326 2795 1517 2847 Annati
1554 2793 1655 2848 sibi
1694 2794 1806 2847 vic-

206 2886 406 2951 toriam
449 2898 510 2938 ac
553 2885 879 2949 triumphum
924 2885 1167 2937 canentis
1200 2897 1361 2937 voces
1408 2893 1526 2936 sunt
1581 2898 1695 2949 cap.
1748 2882 1803 2951 4,

205 2993 334 3047 pag.
365 2975 491 3032 887.
524 2977 628 3032 Sed
656 2985 715 3031 ut
736 2977 1031 3047 Augustino
1052 2990 1263 3030 onmem
1296 2988 1517 3043 prorsus
1545 2973 1806 3029 evadendi

208 3069 421 3122 aditum
453 3067 800 3134 praecludant,
828 3070 893 3120 ad
927 3056 1207 3135 ipsiusmet
1235 3066 1630 3122 confessionem
1682 3082 1803 3133 pro-

210 3167 430 3221 vocant.
456 3159 651 3228 quippe
673 3159 765 3227 qui
788 3168 1056 3213 tantorum
1081 3161 1295 3212 teSIium
1318 3157 1464 3212 omni
1487 3158 1802 3225 exceptione

206 3254 472 3319 majorum
503 3251 720 3305 vocibu.~
755 3252 1029 3307 convictus
1053 3251 1313 3321 integram
1364 3251 1491 3321 ipsis
1537 3250 1684 3305 litem
1733 3252 1803 3306 sit

208 3356 585 3399 concessurus.
621 3342 877 3396 Audiatur
906 3343 1148 3396 Annatus
1170 3356 1290 3412 cap.
1322 3341 1375 3405 5,
1411 3356 1530 3411 pag.
1558 3341 1685 3408 888,
1709 3344 1797 3411 qui

208 3431 355 3489 adeo
393 3433 626 3487 victoria:
653 3448 876 3503 securus
906 3433 958 3485 in
990 3448 1207 3486 arenam
1237 3432 1535 3497 des-endit,
1570 3441 1627 3486 ut
1651 3433 1799 3487 nullo

211 3535 376 3593 pacto
405 3525 611 3580 dubitet
638 3526 718 3579 vel
750 3526 973 3594 ipsemet
1004 3526 1302 3595 Augustino
1326 3525 1505 3593 judice
1534 3536 1799 3593 postrema

210 3616 383 3670 veluti
403 3616 515 3671 acie
536 3617 788 3672 dimicare
813 3633 827 3669 :
865 3636 885 3670 ι
915 3616 1159 3684 Quando,
1192 3616 1381 3684 inquit,
1408 3630 1470 3670 ea
1496 3615 1803 3670 conditione

206 3706 555 3783 disputamus
575 3718 627 3760 ut
648 3715 850 3762 stemus
873 3706 1150 3773 Augustini
1172 3704 1394 3774 judicio,
1426 3705 1803 3783 inquirendum

204 3803 304 3849 est
337 3778 438 3849 hoc
458 3810 689 3867 quoque,
718 3799 1057 3854 ci-nsueritne
1095 3799 1418 3867 Augustinus
1449 3800 1639 3868 placita
1681 3780 1802 3854 om-

209 3887 301 3940 nia
327 3901 445 3952 sna,
478 3887 638 3941 etiam
680 3889 762 3943 illa
794 3904 933 3958 quae,
976 3889 1101 3944 dum
1152 3889 1463 3959 Pelagianos
1491 3891 1802 3954 insectatur,

202 3978 489 4046 exposuit,
519 3980 886 4048 ampluctenda
934 3996 1054 4035 esse
1102 3983 1423 4037 necessario.
1462 4002 1480 4035 ι
1520 3983 1572 4037 In
1620 3985 1804 4050 primis

202 4068 545 4122 contenduut
565 4069 814 4125 statuisse
831 4071 1184 4141 Augustinum
1204 4073 1303 4126 tria
1330 4082 1532 4128 tantum
1554 4074 1801 4143 dogmata

208 4158 475 4214 adversus
502 4159 817 4229 Pelagianos
852 4162 1004 4230 juxta
1032 4162 1352 4218 catholicam
1383 4164 1541 4218 ﬁdem
1570 4180 1690 4220 esse
1721 4174 1799 4219 te-

203 4250 409 4315 nenda,
443 4250 583 4319 quod
604 4250 887 4307 Sarioletus
916 4252 1243 4309 recentiores
1263 4252 1463 4308 docens
1494 4254 1620 4307 olim
1654 4254 1803 4308 dise-

205 4353 296 4396 rat
330 4343 381 4396 in
413 4344 635 4412 epistola
674 4345 741 4398 ad
771 4345 1154 4411 Contarenum,
1194 4345 1271 4399 uti
1303 4345 1329 4415 ς
1366 4346 1389 4399 1
1447 4346 1800 4401 narravimus.

207 4433 421 4489 Rursus
476 4435 624 4503 plura
678 4437 848 4491 sancti
899 4437 1073 4490 Patris
1124 4437 1425 4491 testimonia
1482 4441 1799 4504 producunt,

204 4525 409 4594 quibus
455 4527 648 4581 asserit
688 4527 828 4583 nolle
871 4541 930 4582 se
971 4542 1088 4582 eam
1115 4526 1403 4582 lectoribus
1429 4529 1595 4598 legem
1631 4531 1799 4599 impo-

206 4631 364 4679 nere,
401 4626 456 4670 ut
482 4618 730 4672 omnibus
751 4617 845 4672 abs
873 4633 932 4672 se
953 4618 1138 4687 positis
1153 4619 1537 4674 assertionibus
1561 4621 1801 4691 acquies-

205 4714 357 4769 cant,
399 4706 571 4759 ablata
619 4709 765 4762 omni
817 4722 1035 4775 prorsus
1083 4708 1483 4765 contradicendi
1528 4710 1798 4766 libertate.

210 4799 389 4855 Unum
421 4800 576 4867 dabo,
612 4816 732 4856 nam
758 4802 897 4857 idem
934 4803 1262 4872 reliquorum
1294 4817 1484 4858 sensus
1515 4812 1596 4858 est
1618 4804 1802 4859 diver-

207 4893 283 4945 sis
306 4900 514 4945 tantum
548 4894 723 4947 verbis
751 4909 1061 4961 expressus.
1097 4895 1151 4949 In
1183 4895 1405 4963 epistola
1438 4898 1502 4948 ait
1536 4896 1805 4951 Fortuna-

211 4982 418 5036 tianum
443 4984 627 5037 scribit
656 5000 671 5037 :
705 5004 723 5035 ι
761 4985 943 5054 Neque
993 4985 1136 5038 enim
1177 4986 1535 5055 quorumlibet
1560 4989 1800 5054 disputa-

209 5074 408 5137 tiones,
451 5075 692 5143 quamvis
729 5075 1114 5131 catholicorum
1138 5072 1206 5130 'et
1245 5076 1580 5130 laudatorum
1629 5077 1804 5134 homi-

211 5181 339 5217 num
365 5166 512 5220 velut
538 5164 841 5237 Scrip'turas
866 5170 1154 5224 canonicas
1184 5168 1382 5224 habere
1415 5168 1696 5231 debemus,
1745 5179 1802 5225 ut

214 5258 375 5313 nobis
412 5273 515 5313 nou
547 5260 720 5327 liceat,
747 5260 899 5314 'salva
930 5261 1336 5317 honorificentia
1367 5276 1487 5331 quae
1509 5261 1611 5316 illis
1639 5261 1802 5317 debe-

216 5359 295 5404 tur
330 5350 658 5419 horninibus,
689 5351 889 5420 aliquid
920 5352 972 5406 in
1000 5366 1185 5407 eorum
1236 5354 1448 5420 scriptis
1491 5355 1799 5423 improbare

214 5452 371 5509 atque
400 5456 678 5511 respuere,
707 5443 751 5497 si
780 5441 917 5497 forte
940 5442 1298 5497 invenerimus
1327 5444 1467 5510 (ιιιυὰ
1496 5443 1652 5498 aliter
1675 5457 1801 5496 st-n-

217 5532 389 5586 serint
415 5549 574 5603 quam
607 5539 804 5590 veritas
835 5534 994 5588 habet
1040 5532 1226 5588 divino
1266 5533 1554 5604 adjutorio,
1612 5534 1693 5589 vel
1732 5534 1802 5589 ab

216 5623 337 5679 aliis
367 5624 632 5680 intellecta
660 5626 740 5679 vel
784 5641 812 5679 a
855 5625 1029 5680 nobis.
1065 5623 1207 5679 Talis
1231 5641 1331 5694 ego
1354 5642 1471 5679 sum
1506 5628 1556 5681 in
1588 5625 1803 5695 scriptis

216 5716 463 5779 aliorum,
510 5718 643 5772 tales
675 5718 796 5772 volo
826 5732 945 5772 esse
976 5718 1342 5773 iutellectores
1371 5734 1626 5800 meorum.
1670 5739 1688 5770 ›
1722 5720 1801 5773 Ex

217 5810 408 5880 quibus
444 5810 625 5866 aliisve
654 5810 898 5867 eamlcin
931 5810 982 5865 in
1013 5826 1125 5867 rent
1168 5810 1410 5870 adductis
1456 5814 1800 5870 cxc'amaut:

1909 1955 2185 2009 arbitrium
2228 1956 2277 2009 in
2328 1956 2477 2011 libris
2526 1958 2639 2010 suis
2676 1956 3214 2022 commendaveraut,
3265 1972 3491 2026 respon-

1907 2042 2031 2099 «11ηιί
2057 2044 2197 2098 nulla
2229 2054 2279 2100 te
2308 2046 2520 2114 gravari
2550 2046 2868 2102 auctoritate
2898 2048 3103 2110 talium,
3136 2048 3211 2102 ita
3244 2057 3301 2100 ut
3344 2047 3490 2103 dicc-

1909 2153 1993 2191 res
2019 2154 2113 2193 eos
2145 2154 2395 2207 processu
2431 2142 2548 2193 vita:
2580 2140 2837 2203 melioris,
2867 2141 2911 2194 si
2949 2141 3073 2209 quid
3124 2141 3261 2194 male
3309 2154 3492 2194 seuse-

1909 2242 2047 2295 rant,
2082 2232 2350 2295 evpiasse.
2384 2231 2493 2284 Tua
2530 2232 2621 2283 tibi
2655 2232 2720 2285 ad
2753 2231 2853 2286 hoc
2884 2232 3047 2285 relata
3083 2231 3209 2295 sint,
3243 2243 3296 2285 ut
3347 2232 3492 2285 exci-

1908 2333 2021 2377 tare
2047 2323 2112 2378 de
2136 2324 2267 2377 solis
2285 2325 2586 2378 nominibus
2610 2324 2896 2380 erubescas
2922 2324 3199 2387 invidiam.
3240 2343 3257 2375 ι
3289 2328 3348 2379 At
3386 2341 3490 2379 non

1907 2422 2145 2470 veterum
2172 2424 2372 2470 tantum
2405 2416 2803 2481 haereticorum,
2831 2417 2925 2471 sed
2960 2426 3013 2471 et
3044 2417 3333 2470 rereut’um
3361 2415 3492 2484 dog~
3558 2462 3571 2473 .

1906 2506 2241 2560 matistarum
2293 2508 2470 2561 tritum
2506 2508 2605 2561 hoc
2634 2507 2885 2574 etTugium
2935 2521 3056 2563 esse
3085 2507 3148 2558 ad
3182 2518 3494 2561 sanctorum

1910 2595 2146 2661 Patrum,
2179 2611 2241 2651 ac
2265 2600 2530 2665 praecipue
2557 2598 2839 2667 Augustini
2869 2600 3241 2652 auctoritatem
3269 2597 3485 2651 eluden-

1908 2685 2051 2752 darn,
2099 2694 2327 2740 testatur
2356 2686 2750 2741 eruditissimus
2780 2688 2860 2740 vir
2885 2687 3231 2753 Stapletonus
3264 2697 3410 2740 toruo
3442 2687 3492 2752 l,

1910 2787 2084 2831 contr.
2111 2779 2167 2841 5,
2197 2777 2290 2830 lib.
2317 2793 2407 2842 in,
2431 2793 2549 2846 cap.
2585 2779 2650 2832 15
2680 2795 2693 2832 :
2730 2796 2747 2828 ι
2788 2778 2891 2832 Alii
2916 2778 3109 2847 (inquit
3158 2780 3227 2832 de
3280 2779 3495 2833 Protes-

1913 2868 2147 2923 tantibus
2188 2884 2292 2922 non
2326 2870 2443 2937 plus
2483 2868 2563 2923 eis
2593 2870 2807 2940 (nempe
2839 2869 3106 2937 Patiibus)
3152 2870 3492 2924 tribuendum

1910 2974 2031 3014 esse
2062 2967 2315 3029 arguunt,
2349 2975 2509 3027 quam
2540 2958 2753 3028 ipsimet
2784 2959 2968 3013 Patres
2995 2960 3091 3013 sibi
3122 2959 3277 3015 tribui
3312 2969 3494 3029 pastu.

1910 3049 2041 3114 lant,
2071 3058 2125 3104 et
2171 3048 2273 3103 hoc
2300 3050 2350 3103 in
2384 3050 2501 3103 loco
2530 3049 2704 3111 varias
2736 3048 3014 3118 Augustini
3045 3049 3339 3104 sententias
3371 3063 3493 3117 pro-

1912 3143 2130 3200 ducunt.
2159 3141 2352 3210 quibus
2384 3141 2471 3195 ille
2499 3140 2609 3195 suis
2638 3139 2854 3208 scriptis
2900 3155 3006 3195 non
3030 3140 3183 3194 aliter
3214 3140 3370 3196 [idem
3398 3141 3493 3192 ha-

1835 3214 1881 3278 c
1912 3233 2025 3289 beri
2052 3235 2285 3302 postulat
2308 3247 2467 3301 quam
2496 3240 2759 3302 quatenus
2788 3246 2851 3286 ex
2882 3231 3158 3301 Scriptura
3206 3245 3359 3286 sacra
3412 3233 3493 3287 vel

1907 3342 1973 3382 ex
2005 3324 2240 3380 evidenti
2266 3325 2476 3380 ratione
2498 3324 2818 3379 sententiam
2844 3339 2989 3377 suam
3014 3322 3430 3379 conﬁrmaverit.
3467 3342 3488 3374 ι

1910 3416 2175 3485 Additque
2204 3415 2255 3469 in
2286 3416 2463 3469 verbis
2490 3414 2662 3469 sancti
2691 3415 2971 3484 Augustini
2998 3428 3063 3468 ex
3109 3413 3199 3467 lib.
3245 3415 3301 3468 ll
3363 3428 3494 3467 con-

1912 3515 1991 3560 tra
2021 3506 2298 3569 Faustum,
2331 3518 2450 3573 cap.
2482 3504 2536 3571 5,
2569 3506 2621 3556 in
2652 3519 2759 3572 quo
2791 3504 2908 3557 loco
2940 3503 3039 3556 sibi
3069 3503 3275 3570 plaudit
3318 3506 3495 3556 Anna-

1913 3602 1996 3648 tus
2019 3607 2140 3662 pag.
2165 3592 2291 3659 897,
2333 3606 2426 3645 eos
2450 3590 2668 3657 miriﬁce
2696 3590 2973 3643 exsultare.

1983 3706 2336 3761 [lectissimus
2380 3704 2628 3772 idemque
2670 3702 3046 3757 sanctissimus
3092 3701 3248 3756 Pater
3282 3704 3493 3756 ca‘lEris

1908 3798 2215 3867 virtutibus,
2244 3796 2437 3868 quibus
2464 3796 2649 3851 divino
2674 3810 2896 3851 minuere
2922 3796 2986 3849 ad
3015 3804 3289 3864 stuporem
3322 3813 3493 3865 usque

1908 3899 2130 3947 ornatus
2176 3887 2305 3956 fuit,
2361 3888 2560 3942 sociam
2617 3886 2930 3940 modistiam
2987 3886 3258 3955 adjuuxit,
3318 3902 3492 3957 neque

1908 3978 2247 4049 tantum/sibi
2286 3991 2516 4046 unquam
2562 3976 2719 4029 tribui
2769 3974 2937 4028 voluit
2988 3984 3243 4043 quantum
3295 3975 3496 4046 Pytha-n

1909 4087 2051 4143 gora!
2080 4087 2111 4125 a
2139 4068 2419 4139 discipulis
2446 4067 2682 4126 delatum
2705 4066 2824 4133 fuit,
2857 4075 2912 4122 ut
2947 4065 3075 4122 illud
3115 4076 3257 4123 esset
3286 4067 3491 4125 ineluc«

1912 4165 2071 4221 labile
2108 4171 2479 4235 argumentum
2528 4163 2689 4224 Αὐτός
2728 4161 2841 4233 ἔφα,
2874 4160 2989 4219 lloc
3025 4177 3189 4218 unum
3234 4164 3491 4236 Augusti-

1907 4271 2008 4311 nus
2037 4264 2188 4325 rogat
2213 4263 2322 4310 t0ta
2350 4254 2576 4322 epistola
2603 4252 2829 4319 septima
2856 4251 2921 4306 ad
2951 4251 3340 4308 Marcellinum.
3372 4251 3491 4307 Ca:-

1910 4356 2081 4401 terum
2114 4346 2392 4414 disputans
2435 4354 2616 4398 contra
2651 4343 2967 4411 Pelagianos
3007 4345 3203 4413 passim
3243 4345 3490 4411 capitalia

1907 4439 2157 4507 daguiata
2188 4448 2435 4507 tauquam
2466 4436 2759 4492 catholicas
2788 4436 3083 4491 sententias
3111 4433 3401 4490 defendere
3430 4451 3490 4488 se

1909 4531 2205 4601 prolitetur.
2259 4531 2332 4611 Ita
2376 4529 2470 4584 lib.
2499 4546 2528 4582 v
2557 4539 2741 4585 contra
2789 4529 2921 4595 .lul.,
2963 4543 3082 4598 cap.
3119 4526 3206 4594 12,
3258 4526 3492 4596 quinque

1909 4624 1976 4681 de
1997 4624 2429 4692 concupiscentia
2447 4623 2767 4692 quaestiones
2793 4620 3083 4693 agitat,ubi
3114 4619 3189 4674 ait
3215 4635 3229 4673 :
3269 4637 3287 4670 ι
3319 4618 3374 4673 lu
3406 4618 3489 4672 his

1906 4717 2290 4787 quaestionibus
2336 4715 2599 4773 catholica
2650 4716 2877 4771 veritate
2924 4712 3220 4781 antiquitus
3271 4711 3488 4774 tradita,

1904 4819 2080 4865 vestra
2111 4810 2271 4877 impia
2304 4810 2514 4864 novitas
2543 4808 2850 4864 suffocatur.
2887 4825 2905 4857 ι
2937 4804 2993 4858 1η
3035 4803 3260 4870 epistola
3297 4804 3391 4856 107
3421 4806 3490 4859 ad

1907 4901 2137 4957 Vitalcm
2179 4902 2459 4955 duodecim
2492 4899 2671 4954 theses
2696 4899 2763 4951 de
2793 4895 2962 4965 gratia
2992 4894 3198 4958 statuit,
3238 4909 3492 4952 asserens

1903 4992 2123 5047 easdem
2167 5009 2186 5041 ι
2210 4991 2275 5045 ad
2309 4990 2466 5044 [idem
2499 4998 2697 5042 rectam
2730 4996 2784 5040 et
2806 4985 3123 5041 catholicam
3154 4987 3438 5057 pertinere.
3467 5009 3487 5041 ι

1911 5084 2053 5141 idem
2075 5081 2145 5137 de
2164 5080 2635 5151 praedestinatione
2657 5080 2814 5134 docet
2850 5080 2946 5136 lib.
2978 5079 3046 5136 de
3072 5080 3225 5136 Dono
3251 5097 3487 5151 persev.,

1907 5189 2029 5245 cap.
2057 5172 2150 5236 25,
2197 5172 2250 5227 in
2290 5170 2420 5226 ﬁne.
2466 5169 2599 5223 illud
2630 5170 2712 5229 vel
2748 5172 2980 5228 maxime
3010 5173 3201 5227 iterum
3240 5174 3488 5228 recolen-

1905 5265 2032 5320 dum
2059 5271 2163 5329 est,
2189 5270 2427 5315 sanctum
2458 5259 2753 5327 doctorem,
2788 5278 2907 5317 cum
2942 5263 2992 5317 in
3026 5265 3177 5321 libris
3210 5267 3491 5320 Retracto-

1906 5358 2108 5412 tioouiu
2151 5355 2333 5424 plures
2373 5353 2665 5409 sententias
2706 5356 3021 5419 correxerit,
3073 5357 3266 5410 nullam
3300 5361 3488 5409 contra

1876 5474 1883 5481 ο
1905 5450 2220 5519 Pelagianos
2241 5457 2492 5503 statutam
2515 5457 2603 5500 aut
2624 5446 2897 5502 defensam
2924 5450 3112 5503 thesim
3138 5446 3486 5512 expunxisse,

1906 5549 1963 5595 ut
1994 5542 2207 5609 planum
2252 5540 2343 5593 tiat
2388 5539 2736 5607 Augustinum
2770 5541 3043 5594 censuisse
3086 5537 3266 5592 omnia
3293 5545 3347 5591 et
3376 5537 3489 5592 sin-

1904 5633 2024 5701 gula
2064 5647 2183 5701 qua:
2211 5631 2315 5686 illis
2364 5631 2416 5687 iu
2464 5630 2615 5685 libris
2664 5630 2923 5684 docuerat
2952 5643 2981 5683 a
3010 5643 3140 5683 vero
3173 5642 3279 5683 non
3309 5629 3487 5685 disso—

1907 5737 2055 5786 nare,
2091 5722 2186 5777 sed
2218 5736 2410 5776 novmn
2453 5720 2693 5775 laborem
2724 5728 2881 5788 atque
2908 5720 3232 5775 exactiorem
3267 5720 3489 5789 diligeu~

1910 5813 2037 5871 tiam
2064 5812 2392 5884 Augustinus
2434 5810 2573 5869 forte
2598 5813 2988 5870 recentioribus
3013 5811 3246 5883 reliquit,
3277 5814 3367 5886 qui
3394 5815 3498 5871 ite.
