3930 6312
488 330 592 407 ira:

1393 293 1954 386 SUPPLEMENTUiA
1992 325 2085 381 AD
2123 321 2356 379 OPERA
2395 319 2453 378 S.
2492 317 2881 389 AUGUSTINI.

3664 314 3776 371 1‘83

488 421 616 508 ‘rutn
644 447 906 505 severiori
929 446 1133 517 judicio
1156 444 1339 501 eadem
1380 444 1738 512 Hipponensis
1767 441 1991 509 scripta,
2025 449 2080 493 ut
2110 452 2162 513 Α
2185 436 2393 492 delatas
2418 450 2447 489 a
2479 434 2733 488 Romanis
2773 429 3091 501 praesulibus
3140 428 3443 500 Augustino
3466 428 3665 485 laudes
3688 429 3775 483 of.

488 546 572 598 iuit
622 545 884 605 Annalns,
938 555 1059 610 pag.
1111 540 1235 603 897,
1284 537 1570 608 inspirante
1619 535 1725 589 Deo
1765 534 2081 601 examinata,

498 649 716 692 errores
743 633 1021 689 continere
1043 630 1499 685 demonstrarent.

571 746 707 801 Cum
736 743 864 798 olim
910 738 1348 809 Semi-Pelagiani
1392 737 1745 807 Augustinum
1775 734 1973 791 erroris
2001 749 2087 789 ar-

500 847 727 909 guerent
756 838 809 892 in
840 835 908 891 iis
934 833 1084 889 libris
1112 847 1248 902 quos
1269 840 1455 886 contra
1482 829 1801 900 Pelagianos
1828 826 2082 896 procude-

499 1024 654 1077 Dono
700 1015 1153 1090 perseverantiae:
1192 1032 1210 1065 ι
1235 1012 1337 1079 Qui
1383 1027 1512 1067 vero
1553 1024 1736 1065 errare
1780 1023 1867 1063 me
1904 1009 2087 1063 existi-

495 1126 667 1178 ntant,
712 1112 871 1166 etiam
908 1118 1068 1179 atque
1110 1108 1270 1162 etiam
1297 1106 1583 1178 diligenter
1624 1120 1742 1176 quae
1787 1113 1912 1158 sunt
1941 1102 2085 1158 dicta

498 1203 863 1265 considerent,
894 1215 962 1255 ne
985 1199 1229 1255 fortassis
1278 1197 1379 1267 ipsi
1420 1204 1665 1252 errent.»
1712 1195 1914 1251 Ibidem
1964 1209 2087 1249 vero

494 1310 617 1367 cap.
648 1295 710 1348 2|
750 1293 864 1348 ait:
903 1312 922 1346 ι
950 1292 1204 1361 Quamvis
1233 1290 1501 1346 neminem
1532 1289 1690 1344 velim
1728 1288 1806 1342 sic
1832 1285 2085 1354 amplecti

498 1388 678 1446 omnia
712 1402 828 1442 mea
854 1394 913 1440 ut
939 1400 1026 1440 me
1055 1393 1332 1453 sequatur,
1365 1381 1467 1436 nisi
1499 1381 1552 1435 in
1587 1380 1653 1434 iis
1682 1378 1736 1434 in
1764 1378 1959 1448 quibus
2001 1392 2087 1434 me

486 1495 605 1547 non
648 1492 832 1535 errare
876 1475 1247 1547 perspexerit;
1292 1487 1415 1526 nam
1450 1480 1734 1541 propterea
1769 1483 1909 1522 nunc
1943 1467 2081 1522 l'acio

497 1574 690 1639 libros,
723 1573 775 1626 in
806 1570 999 1640 quibus
1028 1568 1282 1638 opuscula
1315 1581 1430 1621 mea
1464 1562 1801 1621 retractanda
1837 1562 2047 1631 suscepi
2068 1604 2081 1627 ,

500 1675 563 1720 ut
601 1679 698 1719 nec
736 1678 821 1718 me
858 1662 1028 1731 ipsum
1059 1659 1110 1713 in
1142 1656 1391 1712 omnibus
1420 1670 1505 1710 me
1528 1662 1772 1709 secutum
1806 1650 1970 1706 fuisse
1997 1651 2089 1705 de-

498 1767 818 1824 monstrem,
853 1775 871 1809 ι
905 1764 1012 1809 etc.
1043 1753 1173 1821 Quae
1204 1751 1422 1822 quidem
1455 1747 1725 1803 attentiori
1752 1746 1947 1801 mentis
1975 1745 2089 1801 acie

497 1848 848 1905 considerans
878 1862 1102 1917 magnus
1133 1845 1225 1900 ille
1261 1842 1548 1898 Annalium
1597 1837 2085 1913 ecclesiasticorum
2119 1843 2163 1902 Β

499 1942 735 2011 scriptor
756 1939 1043 1994 cardinalis
1068 1937 1352 2002 Baronius,
1386 1944 1533 1990 tomo
1555 1932 1600 1987 ν
1630 1932 1698 1988 ad
1724 1947 1925 1987 annum
1954 1930 2083 1997 4‘26,

502 2046 630 2102 pag.
671 2028 799 2096 498,
829 2030 943 2085 haec
967 2030 1021 2083 in
1052 2026 1336 2099 Augustini
1366 2022 1894 2081 commendationem
1921 2021 2091 2090 scrip-

499 2123 595 2189 sit,
633 2137 752 2191 qua:
793 2120 917 2176 licet
948 2120 1195 2187 superius
1218 2118 1437 2173 recitata
1478 2116 1607 2179 sint,
1642 2114 1809 2169 libeat
1839 2112 1928 2167 hic
1958 2127 2093 2181 quo-

499 2226 607 2279 que
647 2220 928 2281 repetere:
966 2229 983 2262 ι
1016 2210 1140 2263 llaec
1180 2208 1314 2277 ipse,
1348 2206 1443 2268 ait,
1475 2206 1634 2273 digna
1665 2203 1883 2273 quidem
1913 2201 2090 2257 sancti

500 2300 783 2370 Augustini
819 2298 1104 2365 modestia,
1148 2295 1419 2365 animique
1456 2294 1574 2362 ejus
1609 2290 1917 2347 admirabili
1963 2306 2087 2345 cum

424 2422 431 2427 -
504 2391 867 2448 submissione
890 2388 1235 2455 verecundia,
1270 2397 1326 2442 ut
1350 2388 1508 2456 plane
1534 2384 1636 2439 nisi
1666 2383 1885 2438 aliunde
1916 2398 1980 2437 ex
2010 2382 2091 2438 ltis

508 2485 700 2539 saltem
723 2483 1021 2553 intelligere
1037 2482 1213 2536 valeas
1228 2480 1466 2536 amatum
1483 2480 1656 2550 ipsum
1680 2476 1861 2532 divino
1886 2476 2089 2545 Spiritu

506 2575 598 2630 illa
623 2575 930 2644 scripsisse,
950 2589 1071 2629 cum
1102 2588 1207 2628 non
1230 2587 1388 2643 supra
1412 2570 1715 2642 quempiam
1743 2568 1905 2624 alium
1930 2584 2089 2639 quam

510 2682 677 2737 super
715 2666 995 2733 humilem,
1037 2666 1273 2736 quietum
1333 2675 1390 2722 et
1426 2673 1749 2721 trementem
1786 2677 2090 2719 sermonem

503 2758 603 2815 Dei
653 2757 895 2813 divinum
944 2758 1110 2814 ati‘ore
1147 2757 1390 2821 Numen,
1443 2757 1583 2813 Deus
1630 2770 1726 2825 per
1779 2754 2093 2824 prophetam

507 2850 672 2905 fuerit
713 2858 1083 2915 contestatus;
1113 2850 1254 2904 sicut
1283 2858 1338 2904 et
1363 2847 1596 2903 Jacobus
1627 2845 1830 2910 docuit,
1865 2844 1954 2899 ubi
1975 2846 2047 2899 ait
2074 2860 2089 2899 :

509 2941 636 3009 Quae
681 2942 953 2996 desursum
993 2955 1067 2996 est
1104 2942 1356 3011 sapientia
1398 2942 1618 3010 primum
1662 2939 1865 3010 quidem
1906 2937 2094 3005 pudica

500 3043 606 3100 est,
658 3033 843 3087 deinde
874 3034 1119 3104 paciﬁca,
1146 3033 1395 3096 modesta,
1450 3031 1730 3095 suasibilis,
1771 3029 1917 3083 bonis
1965 3044 2092 3081 con-

505 3125 751 3179 sentiens.
785 3143 804 3177 ι
846 3124 972 3178 Ηωο
1003 3124 1110 3179 ille.
1148 3123 1215 3176 Et
1255 3134 1429 3177 tamen
1458 3138 1525 3177 eo
1554 3120 1796 3191 prorupit
1820 3122 2091 3188 Annatus,

515 3227 575 3273 ut
597 3217 867 3273 afﬁrmare
893 3231 998 3271 non
1032 3215 1341 3272 extimuerit
1368 3229 1489 3283 cap.
1522 3229 1574 3277 v,
1607 3227 1727 3280 pag.
1753 3210 1880 3277 897,
1915 3211 2089 3280 impu-

504 3316 783 3376 gnatorem
828 3305 1111 3375 Augustini
1145 3304 1441 3356 habiturum
1472 3302 1758 3373 adjutorem
1790 3299 1989 3352 Deum!
2023 3298 2090 3353 Et

504 3404 592 3458 hic
631 3404 770 3458 inter
816 3400 993 3456 sancti
1030 3398 1269 3454 doctoris
1299 3398 1616 3452 defensores
1648 3392 1921 3450 numerari
1948 3392 2082 3459 vult,

503 3494 860 3565 Augustinum
884 3507 915 3546 a
946 3492 1161 3547 Baianis
1191 3489 1545 3546 vindicando?
1572 3486 1690 3542 Non
1721 3495 1805 3542 est
1833 3484 1954 3553 hoc,
1988 3488 2092 3540 An-

504 3602 651 3659 nate,
684 3591 964 3663 Augustini
992 3603 1207 3647 causam
1236 3587 1396 3651 tueri,
1430 3586 1523 3641 sed
1558 3584 1805 3655 prodere.

582 3684 779 3740 Verum
826 3683 952 3738 licet
981 3696 1091 3751 prae
1118 3679 1283 3735 animi
1328 3677 1590 3733 modestia
1629 3675 1769 3729 adeo
1816 3673 2096 3729 humiliter

504 3777 575 3832 de
602 3790 662 3830 se
691 3773 1023 3844 Augustinus
1073 3778 1261 3833 sensit,
1311 3768 1593 3822 catholica:
1624 3773 1803 3820 tamen
1837 3766 2095 3820 Ecclesia:

504 3864 711 3939 judicio
742 3863 861 3932 ejus
906 3863 976 3916 de
1010 3861 1190 3915 divina
1221 3858 1393 3927 gratia
1421 3854 1666 3911 doctrina
1699 3855 1769 3908 ita
1800 3856 2093 3925 approbata

505 3965 611 4020 est,
637 3962 697 4008 ut
722 3952 808 4008 vel
836 3952 934 4023 ipsi
964 3948 1299 4005 recentiores
1334 3948 1423 4016 qui
1460 3954 1583 4014 post
1612 3946 1879 3999 Annatum
1908 3954 2096 4000 contra
2134 3956 2137 3959 ‘

505 4045 823 4105 Jansenium
863 4040 1150 4108 scripsere,
1181 4044 1260 4095 rei
1285 4037 1557 4092 evidentia
1596 4037 1767 4090 coacti
1808 4036 1946 4091 hanc
1987 4039 2098 4091 Au-

505 4132 829 4208 gustiniana:
850 4130 1179 4198 auctoritati,
1206 4145 1313 4186 non
1340 4129 1514 4185 dicam
1548 4126 1783 4196 laudem,
1812 4142 1919 4182 non
1950 4130 2099 4184 testi-

512 4224 778 4292 monium,
818 4224 914 4282 sed
954 4220 1351 4279 confessionem
1397 4236 1519 4276 cum
1569 4219 1890 4290 Decampsio
1937 4219 2099 4277 dede-

507 4319 656 4376 rint:
694 4334 712 4369 ι
742 4315 1104 4373 Conciliorutu
1143 4314 1451 4369 sanctiones
1472 4321 1527 4367 et
1558 4312 1925 4365 Romanorum
1968 4325 2099 4381 pon-

514 4411 720 4466 tiﬁcum
749 4408 923 4465 edicta
957 4408 1152 4475 quibus
1180 4406 1464 4476 Pelagiana
1494 4405 1719 4462 haeresis
1744 4406 1979 4474 jugulata
2010 4419 2100 4459 oc-

510 4501 719 4566 cubuit,
754 4516 821 4556 ex
852 4498 1022 4555 sancti
1051 4500 1335 4567 Augustini
1383 4498 1531 4553 libris
1558 4499 1729 4567 petita,
1752 4507 1895 4561 Sttttl,
1929 4498 2099 4551 sancti

2190 527 2405 584 inscet?
2452 527 2600 583 lllius
2639 534 2817 581 tamen
2858 538 3029 579 vanos
3062 533 3285 579 conatus
3315 524 3370 578 in
3402 521 3654 591 sequenti
3682 537 3776 577 ea-

2188 620 2302 690 pite
2348 619 2722 688 reprimetnus,
2776 617 2865 671 ubi
2894 617 3064 671 sancti
3107 615 3346 671 doctoris
3395 613 3775 670 auctositatem

2190 710 2498 781 apostolica:
2542 710 2686 765 sedis
2732 709 2997 764 sententia
3028 706 3189 771 toties
3220 705 3481 760 munitam
3510 706 3583 759 ab
3620 704 3779 770 hujus

2189 802 2361 856 sancti
2408 801 2584 856 Patris
2634 799 3001 867 vindicatoris,
3049 800 3125 854 uti
3156 812 3214 854 se
3238 799 3425 868 jactat,
3456 796 3778 867 objectioui-

2190 891 2290 947 bus
2319 893 2603 962 pravisque
2632 889 3124 963 interpretamentis
3162 904 3491 945 asseremus.

2260 985 2538 1049 Attamen,
2583 983 2795 1038 etiamsi
2840 982 3022 1037 nullus
3058 996 3157 1052 pro
3194 981 3499 1051 Augustino
3533 989 3779 1038 veterum

2192 1074 2407 1129 Patrum
2440 1083 2630 1140 staret,
2664 1090 2727 1130 ac
2756 1075 3015 1131 Vaticana
3042 1077 3261 1130 oracula
3299 1075 3529 1132 silerent
3558 1092 3780 1144 prorsus

2192 1156 2394 1229 omnia,
2425 1179 2531 1219 non
2558 1166 2694 1220 adeo
2718 1165 2993 1233 deplorata
3026 1164 3297 1220 censenda
3320 1175 3469 1221 esset
3498 1166 3779 1236 Augustini

2192 1268 2378 1321 causa,
2409 1264 2465 1309 ut
2494 1258 2708 1310 Annato
2737 1255 2915 1311 eidem
2950 1256 3294 1322 adversante,
3347 1256 3557 1311 nullum
3597 1259 3781 1313 faven-

2192 1354 2299 1399 ιυιιι
2348 1345 2583 1414 judieem
2622 1346 2807 1401 sortiri
2836 1345 2890 1400 in
2926 1344 3058 1401 orbe
3090 1356 3291 1415 posset.
3320 1349 3629 1416 praesertim
3656 1362 3780 1404 cum

2191 1437 2539 1493 manifestum
2573 1437 2642 1493 sit
2672 1438 2824 1508 plura
2854 1439 3032 1507 ipsum
3062 1438 3368 1493 testimonia
3399 1438 3646 1504 falsasse,
3679 1441 3783 1495 alia

2196 1545 2420 1601 prorsus
2464 1530 2706 1597 ﬁnxisse,
2752 1529 3016 1600 quosdam
3046 1530 3102 1584 in
3134 1536 3300 1586 testes
3337 1529 3656 1598 adduxisse,
3698 1532 3783 1586 vel

2191 1623 2656 1695 Semi-Pelagiano
2679 1638 2867 1678 errore
2889 1624 3137 1691 infectos,
3169 1622 3254 1677 vel
3276 1623 3662 1691 grammaticos
3686 1624 3783 1677 im-

2195 1718 2415 1786 peritos,
2462 1716 2545 1771 vel
2588 1730 2756 1770 novos
2793 1730 2862 1770 ex
2898 1714 3296 1785 jurisconsultis
3325 1713 3634 1785 theologos,
3696 1713 3780 1769 vel

2198 1806 2536 1875 impudentes
2573 1805 2854 1875 minusque
2898 1806 3147 1860 consulto
3177 1804 3407 1869 locutos,
3450 1811 3623 1874 atque
3669 1806 3783 1857 Au-

2194 1897 2587 1968 gustinensium
2646 1896 2906 1953 librorum
2966 1912 3191 1968 prorsus
3240 1896 3461 1952 inscios.
3537 1900 3612 1951 At
3664 1910 3788 1951 cum

2194 1989 2367 2045 sancti
2396 1987 2681 2059 Augustini
2713 1987 2956 2042 doctrina
2988 1994 3067 2041 tot
3097 1986 3462 2041 Romanorum
3496 1985 3787 2054 prasulnm

2194 2078 2469 2146 laudibus,
2496 2088 2575 2135 tot
2597 2078 2950 2135 conciliorum
2980 2075 3231 2142 decretis,
3262 2084 3342 2136 tot
3368 2073 3617 2130 omnium
3642 2082 3789 2129 vete-

2194 2171 2271 2226 ris
2299 2169 2575 2228 Ecclesiae
2621 2170 2839 2225 Patrum
2880 2169 3144 2225 eneomiis
3195 2176 3418 2234 ornata,
3474 2166 3689 2223 munita
3728 2182 3789 2222 ac

2194 2260 2414 2317 defensa
2443 2260 2537 2330 sit,
2570 2262 2690 2331 quis
2714 2275 2884 2332 nuper
2903 2261 3147 2317 eamdem
3176 2260 3231 2315 in
3251 2258 3515 2329 judicium
3541 2273 3571 2313 a
3601 2272 3791 2315 recen-

2198 2351 2421 2407 tioribus
2444 2360 2687 2408 vocatam
2709 2352 2953 2408 damnari
2984 2351 3067 2408 vel
3094 2349 3314 2409 minima
3340 2364 3408 2406 ex
3441 2360 3601 2417 parte
3632 2364 3789 2419 passo

2195 2444 2535 2512 suspicetur?
2567 2444 2635 2500 ab
2661 2445 2963 2516 Augustino
2990 2445 3133 2500 enim
3166 2453 3271 2499 stat
3298 2442 3622 2513 antiquitas,
3649 2458 3682 2498 a
3709 2460 3787 2499 re.

2194 2534 2525 2591 eentioribus
2555 2536 2798 2601 novitas;
2846 2536 2991 2591 illinc
3027 2535 3309 2603 sanctitas,
3360 2534 3490 2590 hinc
3529 2534 3788 2600 audacia;

2196 2630 2345 2686 illinc
2371 2632 2574 2702 antiqui
2608 2631 2821 2699 Patres,
2854 2632 2980 2687 hinc
3008 2634 3131 2687 novi
3164 2632 3505 2702 scriptores;
3540 2630 3692 2686 illine
3714 2640 3793 2685 tot

2196 2726 2518 2782 surculorum
2556 2742 2876 2794 consensus,
2911 2729 3036 2782 hinc
3071 2738 3271 2782 nostra:
3297 2726 3475 2781 aetatis
3506 2724 3794 2781 scholasti-

2196 2834 2383 2875 corum
2418 2819 2640 2874 minima
2680 2820 2875 2888 portio.
2904 2818 3035 2885 Quae
3066 2833 3197 2873 sane
3224 2832 3346 2873 cum
3374 2816 3640 2872 attentius
3664 2829 3795 2870 cou-

2197 2913 2402 2979 sidero,
2434 2912 2562 2967 illud
2590 2911 2823 2968 subinde
2854 2925 3063 2967 mecum
3104 2918 3318 2982 reputo,
3356 2910 3577 2965 nescire
3609 2923 3699 2964 me
3731 2922 3796 2961 an

2201 3006 2416 3063 laudem
2450 3007 2535 3062 vel
2566 3005 2748 3063 odium
2777 2997 2953 3076 potius
2980 3004 3121 3075 apud
3152 3005 3349 3076 probos
3370 3004 3474 3060 ltoe
3496 3019 3672 3075 opere
3700 3004 3797 3057 mi-

2202 3098 2375 3155 ltintet
2411 3098 2746 3154 coneiliarim
2785 3100 3240 3155 contraxerimve.
3281 3098 3533 3154 Proiecto
3560 3097 3797 3152 arbitror

2119 3215 2165 3277 ο
2204 3203 2315 3245 non
2344 3188 2628 3245 defuturos
2654 3191 2743 3259 qui
2773 3204 2859 3245 me
2892 3190 3106 3244 inanem
3151 3203 3375 3259 operam
3423 3187 3683 3258 posuisse
3718 3187 3799 3242 di-

2193 3294 2342 3353 cent,
2371 3285 2731 3354 Augustinum
2774 3283 2829 3339 in
2863 3283 3069 3354 judicio
3093 3293 3281 3338 contra
3302 3282 3675 3337 recentiorum
3705 3295 3799 3336 ae-

2194 3376 2507 3431 cusationes
2547 3375 2911 3441 defendendo,
2955 3375 3111 3445 quasi
3156 3372 3347 3429 borum
3391 3372 3677 3428 temeritas
3712 3373 3799 3427 vel

2196 3469 2350 3524 initio
2396 3483 2574 3525 causa:
2620 3484 2727 3523 non
2770 3468 2951 3524 statim
3005 3468 3365 3538 intelligatur,
3431 3464 3531 3537 qui
3598 3475 3795 3521 contra

2196 3578 2465 3621 summum
2529 3566 2790 3621 Ecclesiae
2847 3565 3158 3634 magistrum
3210 3560 3493 3618 conductis
3563 3560 3797 3617 testibus

2195 3672 2377 3736 coram
2421 3657 2722 3713 ortltodoxo
2751 3657 2880 3711 orbe
2902 3654 3163 3711 dimicare
3200 3652 3401 3708 ausint.
3434 3652 3546 3708 Sed
3577 3654 3794 3736 veniam

2196 3730 2387 3822 precor
2410 3749 2457 3804 si
2481 3747 2772 3818 quidquam
2795 3762 2827 3802 a
2849 3747 3209 3803 recentiorum
3232 3742 3465 3799 testibus
3493 3730 3799 3810 Augustino

2198 3840 2390 3896 timere
2419 3840 2545 3895 mali
2575 3841 2722 3895 visus
2750 3854 2869 3894 sum
2896 3855 2909 3903 ;
2940 3838 3059 3908 ejus
3086 3836 3228 3893 enim
3255 3849 3473 3891 causam
3501 3835 3783 3892 defenden

2198 3931 2322 3987 dam
2363 3932 2605 4003 suscepi,
2646 3946 2714 3987 ne
2741 3931 2885 4001 apud
2921 3931 3200 4000 imperitos
3234 3928 3575 3999 nimiumque
3603 3929 3801 3984 credu-

2199 4024 2282 4080 los
2313 4032 2581 4079 tantorum
2617 4023 2833 4078 testium
2868 4022 3106 4086 nomina,
3138 4036 3257 4090 qua:
3285 4019 3592 4077 adversarii
3636 4023 3798 4093 longo

2199 4114 2388 4169 ordine
2433 4123 2619 4167 contra
2680 4111 3036 4182 Augustinum
3071 4110 3369 4179 producere
3399 4111 3796 4181 gloriabantur,

2202 4206 2290 4262 vel
2311 4206 2471 4261 ﬁdem
2520 4205 2849 4271 invenirent,
2891 4203 2979 4259 vel
3026 4203 3394 4275 suspicionem
3423 4202 3622 4259 saltem
3652 4204 3800 4273 inge-

2200 4311 2357 4356 reren
2366 4308 2381 4351 ι
2391 4338 2405 4353 .

2815 4409 3044 4466 CAPUT
3082 4410 3169 4464 Vl.

2211 4525 2394 4594 Elegia
2425 4541 2457 4577 a
2496 4523 2711 4594 summis
2746 4522 3072 4594 pontiﬁcibus
3113 4519 3502 4594 Augustinfante
3527 4517 3800 4594 auctr-itm

514 4593 800 4665 Augustini
825 4591 1127 4649 doctrinam
1152 4591 1450 4657 continent,
1476 4590 1643 4645 sancti
1675 4589 1952 4660 Augustini
1981 4604 2100 4645 ver-
2131 4587 2183 4645 D
2278 4587 2454 4649 contra
2493 4587 2798 4665 Pelagianos
2827 4590 2998 4665 delata
3034 4608 3067 4643 a
3091 4587 3314 4644 sinistris
3347 4588 3692 4643 rerentiarum
3718 4588 3799 4638 irt-

513 4686 601 4743 bis
630 4685 1025 4755 exprimuntur.
1060 4681 1186 4737 Fuit
1214 4682 1540 4750 Augustinus
1571 4680 1968 4748 quodammodo
1996 4680 2098 4737 Ec~

514 4779 695 4834 clesiae
734 4783 1059 4848 praecentor,
1088 4788 1210 4828 cum
1241 4772 1495 4827 Romanis
1527 4771 1865 4839 pontilicibus
1891 4781 1945 4825 et
1969 4786 2099 4826 con—

512 4870 653 4924 ciliis
679 4884 774 4924 ore
803 4867 1013 4937 praeivit
1040 4865 1186 4935 quod
1213 4864 1281 4920 de
1322 4862 1702 4933 superbissima
1738 4862 1925 4939 haeresi
1955 4863 2097 4931 judi—

512 4967 724 5012 carunt.
798 4957 917 5013 Fuit
957 4957 1137 5027 lingua
1180 4954 1453 5020 Ecclesia},
1498 4968 1619 5007 cum
1648 4952 1764 5021 ejus
1795 4952 1972 5007 verbis
1997 4952 2095 5007 de-

517 5056 665 5102 creta
694 5057 953 5114 concepta
982 5055 1128 5107 sunt,
1159 5055 1213 5101 et
1238 5061 1361 5116 qua:
1396 5046 1545 5114 prius
1575 5046 1788 5099 fuerant
1815 5043 2095 5113 Augustini

516 5154 704 5203 voces,
737 5138 973 5208 Spiritus
1016 5138 1187 5192 sancti
1229 5138 1448 5192 oracula
1486 5150 1611 5191 esse
1648 5142 1947 5202 coeperunt.
1983 5134 2103 5188 Fuit

510 5235 605 5291 ille
634 5227 985 5289 conciliorum
1023 5228 1131 5282 dux
1160 5216 1326 5298 atque
1356 5226 1626 5298 ingenium
1652 5266 1671 5293 ,
1700 5240 1823 5281 cum
1850 5224 1916 5279 iis
1937 5223 2101 5279 ratio-

512 5338 614 5381 nes
656 5331 712 5380 et
749 5327 1061 5391 argumenta
1111 5319 1542 5374 subministravit
1592 5318 1784 5387 quibus
1828 5314 2101 5385 Pelagium

516 5415 744 5486 ejusque
792 5409 1086 5480 complices
1127 5408 1425 5480 fregerunt,
1470 5408 1565 5463 lib.
1601 5422 1660 5462 ιιι
1688 5407 1893 5462 ιιωτεε.
1923 5404 2139 5472 Jans.,-

515 5506 657 5576 disp.
698 5506 750 5570 1,
781 5517 903 5572 cap.
946 5502 1002 5557 6.
1034 5500 1204 5556 Video
1241 5509 1510 5556 Annatum
1547 5500 1777 5569 spissum
1808 5497 1893 5552 hic
1918 5496 2103 5566 pulve-

515 5611 630 5652 rem
655 5596 920 5659 excitare,
951 5607 1059 5665 quo
1094 5601 1294 5649 tantam
1336 5591 1591 5647 Romamn
1633 5589 1893 5645 Ecclesia:
1920 5586 2095 5643 lucem

519 5684 876 5754 Augustinum
939 5700 1367 5755 quaquaversum
1437 5682 1786 5739 irradiantem
1845 5678 2097 5736 obducat.

518 5786 664 5860 Quas
695 5784 834 5838 enim
866 5788 953 5840 ille
984 5788 1203 5850 nebulas
1228 5790 1364 5857 cogit
1397 5796 1508 5843 toto
1531 5788 1702 5857 capite
1727 5794 1879 5839 sexto
1903 5784 2098 5854 quibus

2276 4653 2725 4734 terpretatiouibus
2746 4660 3092 4716 vindicantur.

2256 4775 2398 4830 Sane
2411 4788 2514 4827 non
2529 4774 2697 4828 levem
2712 4772 2962 4826 invidiam
2980 4770 3185 4826 redolet
3198 4767 3545 4825 recentiorum
3557 4764 3795 4827 factum,

2204 4864 2273 4919 de
2287 4880 2393 4934 quo
2411 4865 2511 4918 hoc
2528 4863 2646 4918 loco
2660 4876 2963 4916 sermonem
2980 4860 3332 4914 instituimus.
3351 4853 3571 4910 Romani
3587 4870 3797 4923 pressu-

2205 4955 2285 5011 les
2310 4955 2483 5010 sancti
2512 4952 2793 5022 Augustini
2816 4951 2885 5005 de
2906 4950 3083 5005 divina
3116 4951 3283 5020 gratia
3310 4948 3613 5003 doctrinam
3645 4945 3792 4999 miris

2207 5047 2490 5121 praeconiis
2515 5052 2921 5103 consecrarunt.
2948 5043 3106 5100 Unde
3137 5050 3283 5097 tanta
3312 5041 3489 5098 eidem
3520 5038 3592 5093 ab
3622 5036 3793 5093 omni-

2205 5141 2307 5196 bus
2355 5154 2452 5208 per
2496 5147 2575 5191 tot
2604 5144 2751 5192 retro
2786 5134 2984 5191 saecula
3016 5132 3294 5189 veneratio
3323 5132 3567 5199 impensa
3594 5135 3705 5195 est,
3731 5132 3794 5180 ut

2205 5241 2327 5303 post
2373 5228 2688 5286 eorumdem
2740 5228 3052 5298 pontiﬁcum
3085 5239 3250 5281 voces
3289 5222 3578 5279 orthodoxi
3628 5232 3792 5277 unum

2205 5318 2562 5391 Augustinum
2631 5317 3040 5384 inaudiverint,
3109 5317 3218 5371 imo
3291 5313 3579 5382 Augustini
3653 5312 3793 5381 dog-

2205 5425 2346 5468 mata
2387 5411 2441 5465 in
2480 5408 2790 5480 pontiﬁcum
2845 5408 3059 5465 decreta
3118 5422 3184 5462 ac
3233 5406 3564 5479 synodorutn
3630 5418 3793 5460 cano-

2208 5517 2304 5558 nes
2330 5499 2671 5565 transierint,
2700 5498 2847 5569 quod
2881 5499 2934 5554 in
2962 5498 3195 5555 Historia
3239 5497 3525 5568 Pelagiana
3565 5495 3791 5551 demoti-

2207 5592 2518 5650 stravimus.
2545 5589 2673 5645 Htec
2701 5588 2917 5659 quidem
2946 5588 3307 5645 recentiorum
3342 5586 3588 5641 animum
3627 5583 3795 5639 altius

2208 5696 2523 5755 pupugere;
2579 5693 2748 5751 quare
2793 5678 2969 5733 delata
3020 5677 3419 5749 Angustinianze
3465 5672 3731 5728 doctrina:
3760 5684 3792 5724 a

2210 5776 2466 5834 Romanis
2500 5770 2820 5845 praesulibus
2859 5770 3033 5842 elogia
3075 5770 3219 5827 falsis
3249 5765 3795 5838 interpretationibus
