3930 6326
189 352 286 408 789

1364 344 1676 402 ViNDICI/E
1716 349 1754 396 Ἀ
1767 342 2126 401 lTGUSTINl.\
2139 342 2265 398 ΝίΕ.

3342 326 3445 399 τὲῖῖ)

190 470 371 538 partim
413 465 721 527 decurta're.
766 467 955 537 partim
994 466 1217 522 eludere
1244 465 1496 520 audacter
1521 463 1756 532 quidem,
1789 468 1833 522 Α
1865 461 2135 516 laudatum
2169 460 2355 524 fuisse.
2383 468 2437 514 et
2467 462 2678 530 quidem
2722 464 2784 518 de
2817 464 2934 534 lege
2967 483 3087 519 reos
3134 467 3249 520 sine
3279 467 3442 536 gratia

190 565 278 618 sed
311 577 412 616 non
445 578 598 630 reque
631 562 854 616 feliciter
878 562 1055 616 conati
1084 571 1228 616 sunt.

259 655 463 709 Primus
492 654 632 707 inter
666 654 944 719 pontitices
982 653 1075 724 qui
1117 659 1362 707 sanctum
1403 650 1759 720 Augustinum

188 745 644 812 commendarunt,
671 742 1016 799 Innocentius
1068 741 1398 815 producitur,
1430 743 1661 812 quicum
1693 741 1763 795 ab

187 835 477 904 Augustino
507 835 708 889 litteras
735 835 1031 901 accepisset
1067 850 1094 888 a
1126 843 1352 903 quatuor
1381 833 1498 886 aliis
1540 832 1762 900 collegis

186 930 531 995 snliscriptas,
571 928 760 997 quibus
805 928 1002 998 Pelagii
1047 943 1258 982 errores
1283 927 1453 980 eidem
1493 925 1761 995 significa-

186 1021 393 1083 bantur,
437 1019 714 1090 respondit
783 1019 942 1086 epist.
1001 1017 1070 1072 96
1119 1019 1260 1071 inter
1310 1015 1760 1083 Augustiuiauas:

190 1129 212 1166 ί
244 1110 388 1175 Quod
413 1124 594 1165 earum
643 1118 796 1161 tenor
822 1109 1105 1175 omnisque
1154 1108 1426 1159 contestio
1451 1113 1534 1159 est
1561 1103 1613 1157 in
1635 1118 1760 1158 con-

184 1200 503 1254 sulcratione
528 1199 851 1265 quotitFanm
890 1197 1075 1265 gratiae
1132 1197 1247 1263 Dei,
1281 1205 1334 1250 ct
1357 1197 1406 1249 in
1436 1211 1626 1250 eorum
1644 1210 1763 1249 cor-

183 1291 419 1346 rectione
448 1291 536 1359 qui
565 1301 751 1345 contra
782 1292 1050 1355 sentiunt,
1085 1291 1290 1358 integra
1322 1288 1529 1342 ratione
1559 1288 1764 1340 consis-

187 1387 270 1447 Ut,
303 1392 361 1435 ut
391 1389 443 1435 et
476 1381 582 1434 illis
614 1397 828 1435 omnem
862 1381 1049 1434 tollere
1077 1381 1244 1448 possit
1269 1393 1530 1440 errorem,
1556 1389 1608 1432 et
1653 1377 1765 1430 ido-

181 1488 343 1525 neum
371 1475 496 1526 dato
526 1472 696 1525 cuivis
731 1479 927 1526 nostra:
977 1471 1110 1539 legis
1137 1469 1406 1536 exemplo,
1435 1483 1590 1536 quem
1614 1467 1761 1535 sequi

181 1561 374 1614 debeat
405 1560 621 1628 dignum
653 1561 826 1629 possit
856 1561 1099 1630 praebere
1117 1561 1411 1614 doctorem.
1445 1578 1464 1609 ι
1498 1557 1767 1628 Legantur

178 1659 298 1724 qua:
350 1650 582 1704 diximus
633 1650 729 1704 lib.
761 1667 776 1704 ι
834 1650 1033 1704 llistor.
1069 1649 1417 1719 Pelag.,cap.
1445 1648 1530 1702 II.
1556 1647 1763 1703 llecen-

181 1740 346 1792 IIUI‘CS
387 1739 525 1792 haud
587 1740 895 1795 universam
930 1739 1098 1794 sancti
1144 1737 1428 1807 Augustini
1463 1737 1758 1794 doctrinam

1863 551 2107 607 homines
2133 550 2362 606 faciente
2410 552 2792 622 disputantem,
2829 570 2947 623 quae.
2980 554 3110 609 falsa
3161 566 3318 624 atque
3370 557 3439 606 oh

1862 647 2095 701 furorem
2134 655 2320 700 comra
2364 645 2645 699 haereticos
2690 646 2987 716 Augustino
3038 644 3300 699 excidisse
3346 646 3444 698 fin-

1860 737 1936 804 git
1967 736 2239 791 Moraines
2271 736 2472 805 diSput.
2501 735 2597 800 24,
2626 751 2773 790 num.
2811 735 2902 800 44,
2930 751 2995 790 ex
3040 736 3120 789 his
3150 734 3444 789 Innocentii

1862 826 2040 879 verbis
2057 825 2327 894 colligitur
2357 841 2371 880 :
2409 843 2426 876 ι
2457 824 2588 879 Nam
2625 825 2726 880 hoc
2768 826 2885 880 loco
2916 825 3075 880 latius
3097 825 3164 879 de
3193 826 3309 895 lege
3336 825 3445 877 dis-

1865 927 2052 986 putare
2085 918 2229 972 velut
2268 933 2447 972 coram
2510 921 2687 986 posito
2743 927 3176 989 repugnanteque
3232 919 3445 988 Pelagio

1866 1009 2227 1063 necessarium
2254 1024 2374 1064 esse
2398 1025 2502 1063 non
2533 1010 2941 1076 dttximus,eum
2957 1011 3232 1065 vobiscum
3263 1025 3442 1064 'rort'u

1865 1117 2192 1167 scren-rrcus,
2225 1116 2447 1164 mmth
2480 1118 2736 1157 noniscun
2764 1118 3077 1158 assessrose
3098 1102 3450 1172 gaudentibus

1866 1193 2254 1261 colloquamur.
2292 1212 2308 1244 ›
2347 1193 2540 1246 Audin’
2567 1195 2920 1263 Augustinmn
2965 1202 3133 1246 totum
3166 1195 3444 1260 scientem,

1871 1296 1934 1335 ac
1965 1297 2059 1351 per
2085 1281 2261 1334 omnia
2286 1282 2598 1335 Innocentio
2631 1285 2682 1335 in
2708 1283 2773 1336 iis
2812 1296 2927 1350 quae
2961 1281 3027 1335 de
3051 1281 3165 1349 lege
3190 1282 3303 1335 sine
3330 1297 3451 1350 gra-

1869 1372 1943 1425 tia
1975 1372 2218 1440 proxime
2243 1369 2528 1425 sufﬁcienti
2561 1386 2682 1426 reos
2728 1371 2954 1427 faciente
3004 1370 3317 1440 disputaret,
3340 1372 3449 1440 ple-

1868 1461 2084 1516 nissime
2107 1465 2529 1518 conscntientem
2553 1463 2589 1516 7·

1938 1554 2253 1609 Innocentio
2282 1555 2542 1610 successit
2569 1555 2832 1621 Zosimus,
2863 1544 2985 1611 dein
3013 1555 3338 1618 Bonifacius,
3361 1554 3450 1623 qui

1865 1656 2108 1700 sanctum
2140 1648 2491 1715 Augustinum
2549 1649 2772 1702 mirifice
2820 1648 3124 1713 coluerunt,
3150 1647 3450 1715 quibtuque

1866 1737 2106 1806 ejusdem
2131 1737 2372 1792 doctrina
2391 1739 2609 1808 probata
2639 1738 2752 1792 fuit.
2779 1741 3042 1803 Annatus,
3069 1739 3157 1790 lib.
3181 1754 3294 1802 vin,
3326 1753 3446 1805 cap.

179 1839 359 1883 contra
386 1828 698 1898 Pelagianos
740 1829 807 1884 ab
858 1828 1175 1884 Innocentio.
1214 1828 1558 1898 approbatam
1604 1826 1764 1883 fuisse
1795 1827 1843 1886 B
1872 1825 1924 1892 6,
1949 1843 2065 1896 pag.
2098 1829 2224 1892 9'08,
2259 1829 2372 1885 lucc
2396 1831 2612 1885 scribit:
2640 1850 2658 1883 ι
2689 1831 2866 1897 Quare
2889 1847 2991 1884 non
3024 1833 3190 1899 possit
3216 1831 3284 1884 ab
3312 1830 3453 1898 ejus-

178 1920 530 1989 contendunt,
559 1921 652 1976 sed
697 1937 800 1991 qua
853 1930 1002 1991 parte
1053 1929 1256 1980 tantum
1296 1921 1536 1976 decertat
1579 1929 1765 1977 contra

183 2013 313 2068 duos
354 2013 553 2082 Pelagii
607 2028 841 2078 errores,
875 2028 1010 2080 quos
1039 2012 1111 2068 ibi
1152 2012 1393 2084 pontifex
1421 2013 1658 2068 damnat.
1687 2013 1766 2071 Do

179 2105 338 2160 verba
366 2107 649 2168 Moraincs,
682 2105 820 2172 disp.
858 2106 923 2158 12
961 2104 1296 2169 Anti-Jans.,
1321 2119 1469 2158 num.
1495 2103 1563 2159 49
1591 2122 1603 2156 :
1637 2122 1655 2156 ι
1688 2104 1765 2164 Ex

185 2197 281 2251 hac
317 2205 497 2251 autem
544 2194 932 2263 approbatione
988 2194 1292 2263 hujusmodi
1353 2194 1647 2248 litterarum
1699 2194 1766 2248 de

182 2303 283 2343 uno
303 2299 394 2342 aut
409 2287 577 2344 altero
596 2295 796 2340 tantum
815 2300 998 2340 errore
1020 2286 1372 2356 loquentium,
1399 2285 1599 2340 inferre
1629 2285 1768 2340 Velle

184 2385 344 2433 totam
376 2377 440 2431 ι).
473 2376 755 2446 Augustini
786 2375 1082 2430 doctrinam
1123 2376 1193 2430 de
1233 2375 1408 2444 gratia
1455 2376 1620 2430 fuisse
1644 2389 1770 2443 spe-

185 2468 393 2523 cialiter
415 2467 482 2524 ab
504 2466 816 2520 Innocentio
837 2465 1182 2534 approbatum
1204 2505 1217 2529 ,
1241 2476 1325 2519 est
1348 2466 1611 2519 malitiose
1635 2465 1768 2520 εἰη]-

181 2557 407 2624 plieibus
448 2557 698 2621 illudere,
748 2564 803 2610 et
854 2555 1182 2609 eruditorum
1216 2554 1471 2623 patientia
1511 2556 1770 2610 intolera-

181 2653 359 2707 biliter
389 2652 558 2705 abuti.
597 2671 616 2704 ι
647 2649 802 2717 Quod
841 2664 967 2703 vero
1008 2658 1227 2702 sanctus
1256 2641 1633 2714 'Augustinus,
1662 2661 1772 2714 quo

178 2746 373 2797 melius
404 2742 702 2810 Pelagiana:
733 2740 950 2794 hatresis
981 2739 1172 2792 facient
1207 2737 1516 2792 Innocentio
1545 2737 1656 2790 suis
1679 2750 1772 2790 co-

181 2837 384 2891 loribus
417 2834 612 2904 pictam
655 2832 980 2896 ostenderet,
1013 2831 1254 2900 ejusdem
1309 2829 1682 2884 haeresiarchas
1709 2829 1772 2882 lio

187 2929 338 2980 hrum
366 2926 416 2978 in
452 2924 661 2978 laudem
695 2934 900 2977 naturae
928 2923 1184 2976 emissum
1210 2930 1367 2989 atque
1398 2919 1770 2973 adversarium

191 3019 282 3070 abs
312 3031 373 3070 se
413 3014 482 3070 de
529 3014 726 3068 Natura
777 3021 830 3067 et
879 3013 1047 3082 gratia
1107 3011 1459 3079 compositum
1524 3010 1773 3062 volumen

187 3109 420 3172 miserat,
445 3104 595 3159 addit
640 3103 837 3158 ibidem
891 3120 904 3154 ε
948 3120 967 3152 ι
1026 3100 1376 3169 ReSpondens
1435 3099 1782 3172 lnnocentTus,

1871 1917 2013 1971 modi
2042 1918 2264 1972 doctore
2296 1921 2575 1975 instructio
2609 1922 2716 1990 peti
2738 1923 2799 1973 ad
2825 1921 3228 1988 concipiendam
3253 1920 3454 1974 erroris

1870 2010 2125 2063 contrarii
2154 2010 2661 2077 damnationem,ut
2713 2012 3064 2078 Zosimus,ut
3119 2012 3448 2075 Bonifacius,

1872 2107 1928 2151 ut
1954 2097 2100 2153 Felix
2126 2100 2282 2170 hujus
2305 2103 2537 2158 nominis
2567 2103 2632 2157 IV
2667 2103 2881 2171 petiisse
2933 2119 3191 2159 procurva
3241 2102 3309 2155 ab
3340 2103 3452 2158 Au-

1869 2189 2101 2256 gustino.
2136 2209 2155 2242 i
2196 2190 2319 2244 IIa-c
2345 2191 2562 2260 quidem
2593 2201 2740 2248 recte
2780 2209 2838 2247 se
2862 2193 3080 2256 habent,
3112 2194 3205 2246 sed
3255 2190 3454 2246 rectius

1872 2278 2008 2333 foret
2039 2280 2090 2332 id
2123 2295 2226 2334 non
2262 2283 2468 2350 vulgari
2493 2284 2629 2336 fama
2661 2294 2923 2338 assertum
2949 2283 3148 2346 dicere,
3170 2283 3263 2338 sed
3291 2298 3452 2337 cous-

1870 2378 2048 2426 tanter.
2074 2382 2334 2429 astruere.
2370 2375 2446 2428 Ea
2493 2377 2647 2430 enim
2669 2375 2850 2444 phrasi
2881 2378 3100 2441 utimur,
3129 2391 3250 2430 cum
3281 2375 3349 2428 de
3395 2390 3455 2430 re

1869 2464 2046 2518 minus
2077 2475 2356 2534 comperta
2378 2467 2680 2537 loquimur;
2711 2468 2832 2538 quis
2859 2469 3003 2524 enim
3037 2482 3186 2521 mero
3228 2467 3462 2524 meridie

1870 2561 2177 2622 pronuntiet
2198 2557 2368 2612 solem
2407 2574 2508 2613 met
2527 2560 2953 2626 splendescere?
2981 2559 3238 2614 Novimus
3262 2557 3456 2611 Annati

1874 2657 1999 2709 erga
2037 2647 2389 2710 Augustinum
2445 2649 2705 2712 animum,
2753 2648 2880 2700 hinc
2930 2647 3224 2716 suspicioni
3275 2646 3460 2704 locum

1879 2733 2089 2788 damus.
2123 2733 2380 2790 Zosimus-
2406 2752 2511 2790 non
2546 2739 2691 2805 prius
2737 2738 3090 2792 decretoriam
3119 2739 3172 2792 iu
3216 2738 3464 2792 C(Plestii

1875 2838 1936 2877 ac
1956 2825 2154 2895 Pelagii
2180 2841 2342 2881 causa
2370 2828 2689 2882 sententiam
2727 2828 2879 2894 tulit,
2912 2844 3072 2898 quam
3100 2829 3457 2884 ali-Africanis

1874 2918 2116 2986 synodis,
2146 2934 2406 2988 quorum,
2440 2929 2580 2976 teste
2613 2922 2896 2990 Prospero,
2927 2923 3254 2989 Augustinus
3309 2925 3458 2993 inge-

1875 3010 2016 3062 nium
2038 3019 2174 3076 erat,
2205 3012 2716 3083 litterasacciperel,
2734 3024 2790 3068 ut
2817 3016 2868 3068 iu
2895 3015 3124 3069 Historia
3149 3016 3457 3087 Pelagiana,

1876 3099 1966 3152 lib.
2002 3115 2040 3162 I,
2073 3114 2194 3169 cap.
2221 3101 2311 3163 13.
2337 3101 2537 3156 dictum
2570 3112 2670 3158 est.
2708 3104 3010 3159 Bonifacius
3055 3107 3214 3160 etiam
3258 3107 3457 3162 Juliani

193 3197 424 3266 sequenti
458 3195 683 3264 epistola
715 3195 817 3255 9?,
855 3193 1052 3246 nullam
1087 3191 1215 3245 facit
1258 3192 1585 3244 mentionem
1635 3189 1768 3242 alio-
1794 3184 1839 3246 C
1875 3189 2081 3243 litteras
2120 3191 2184 3243 ad
2239 3194 2592 3260 Augustinum
2650 3194 3004 3251 ronfutandas
3055 3201 3368 3265 transmisit,
3405 3211 3459 3253 ut

190 3307 296 3345 rum
328 3308 573 3346 errorum
601 3287 816 3357 Pelagii,
848 3302 1024 3354 neque
1045 3285 1164 3338 libri
1196 3283 1266 3339 de
1293 3284 1489 3337 Natura
1516 3292 1570 3336 et
1597 3281 1764 3350 gratia

191 3381 252 3435 Ι).
281 3380 588 3454 Augustini,
621 3379 711 3431 sed
745 3387 949 3431 tantum
990 3375 1173 3430 laudat
1201 3374 1587 3443 pra‘cet'leutem
1620 3378 1766 3440 epis-

191 3473 345 3528 tolam
378 3475 444 3528 ab
478 3473 585 3525 illis
612 3471 674 3524 ad
702 3484 760 3523 se
809 3471 1084 3536 scriptam.
1117 3486 1136 3518 ι
1173 3467 1317 3520 Duos
1371 3481 1501 3519 vero
1554 3477 1767 3518 errores

189 3563 379 3617 ibidem
414 3559 926 3616 tantnmdamnatos
973 3571 1091 3635 esse
1119 3557 1212 3621 ait,
1245 3569 1440 3623 nempe
1493 3567 1597 3606 non
1653 3552 1768 3607 dari

188 3662 460 3722 peccatum
495 3651 741 3722 originis,
770 3664 940 3719 neque
973 3648 1066 3702 Dei
1107 3647 1333 3717 gratiam
1366 3657 1486 3699 esse
1517 3657 1766 3698 necessa-

190 3745 319 3798 riam
350 3744 415 3798 ad
437 3752 585 3798 recte
614 3743 802 3811 pieque
826 3737 1130 3796 vivendum.

257 3835 388 3901 Quid
421 3834 489 3888 de
510 3832 645 3886 libro
676 3830 870 3898 Pelagii
895 3835 1115 3883 sanctus
1146 3825 1485 3878 Innocentius
1517 3822 1772 3877 decernat

190 3927 458 3984 audiamus
489 3943 501 3978 :
547 3943 564 3974 ς
597 3923 812 3976 Librum
845 3935 1005 3983 sane,
1039 3917 1227 3985 inquit,
1252 3917 1340 3984 qui
1373 3916 1488 3983 ejus
1529 3929 1648 3969 esse
1689 3913 1771 3966 di-

191 4027 411 4084 ceretur,
438 4015 653 4070 nobisa
699 4021 873 4064 vestra
925 4009 1185 4061 charitate
1228 4007 1596 4059 transmissum
1627 4004 1771 4056 evol-

190 4110 370 4174 vimus,
397 4109 581 4176 inquo
611 4099 1138 4168 MUL‘I‘ANﬂSpllemia
1163 4096 1296 4150 nihil
1326 4096 1463 4164 quod
1499 4095 1767 4162 placeret,

195 4215 323 4254 mult.
351 4199 492 4270 quod
530 4210 636 4251 non
663 4192 873 4263 penitus
899 4187 1224 4256 diSplicerct,
1257 4201 1283 4237 a
1302 4187 1490 4246 quovis
1512 4185 1772 4239 damnan-

194 4289 225 4343 d
250 4306 309 4344 .m
339 4300 500 4361 atque
533 4284 870 4348 calcandum,
896 4282 981 4336 cui
1009 4279 1200 4335 similia
1226 4278 1327 4331 nisi
1360 4278 1446 4346 qui
1480 4279 1576 4330 ista
1603 4279 1770 4344 scrip.

200 4393 353 4448 serat,
385 4394 555 4438 nemo
585 4378 719 4432 alter
751 4376 800 4429 in
831 4381 1061 4428 mentem
1091 4371 1354 4438 reciperet
1398 4378 1560 4436 atque
1607 4372 1774 4423 senti-

196 4483 291 4527 ret.
331 4493 347 4525 ι
385 4475 541 4529 Itane
569 4470 696 4523 nihil
726 4463 992 4535 Pelagiani
1047 4463 1167 4517 libri
1194 4461 1502 4515 Innocentio
1536 4461 1770 4529 placere,

1873 3279 2072 3334 ibidem
2100 3286 2297 3349 pariter
2320 3288 2684 3353 narravimus,
2714 3304 2834 3358 cap.
2869 3289 2958 3344 2i.
2994 3291 3067 3345 De
3099 3291 3276 3347 Felice
3321 3309 3458 3362 papa

1870 3371 2104 3426 diximus
2132 3374 2226 3427 lib.
2279 3391 2337 3439 tt,
2379 3391 2496 3444 cap.
2530 3376 2619 3430 23.
2670 3381 2824 3448 Quae,
2854 3396 2921 3436 ne
2971 3394 3148 3436 actum
3212 3400 3455 3453 agamus,

1871 3462 2066 3515 iterum
2098 3478 2205 3517 non
2259 3468 2574 3532 repetimus.
2609 3469 2789 3537 Itaque
2818 3481 2870 3524 et
2925 3487 3114 3540 reapse
3178 3476 3458 3542 pontifices

1873 3552 1950 3606 illi
2003 3562 2187 3608 contra
2234 3553 2547 3622 PelagianOs
2594 3559 3004 3614 instructionem
3052 3564 3119 3616 ab
3164 3567 3458 3634 Augustino

1873 3644 2100 3712 petiere,
2129 3645 2290 3713 idque
2320 3662 2385 3699 ex
2447 3649 2611 3714 ipsius
2669 3652 2948 3719 Augustini
3009 3653 3260 3720 lihris,et
3316 3658 3459 3722 ejus-

1874 3734 1994 3789 dem
2025 3735 2206 3790 swculi
2252 3736 2512 3802 Patribus,
2545 3750 2599 3792 et
2649 3756 2756 3794 non
2792 3741 2934 3811 vulgi
2984 3751 3187 3796 tantum
3249 3762 3457 3798 runtur-1

1873 3826 2215 3881 manifestum
2245 3838 2346 3883 est.

1944 3919 2219 3976 Bonifacio
2241 3923 2560 3992 subrogatus
2587 3926 2912 3984 leestintts
2963 3947 3064 3985 non
3102 3935 3258 3990 modo
3289 3939 3459 3994 sancti

1875 4014 2158 4084 Augustini
2185 4016 2480 4072 doctrinam
2535 4021 2788 4088 laudavit,
2832 4023 2924 4076 sed
2965 4023 3203 4092 ejrts'lem
3257 4029 3460 4081 ealum~

1877 4107 2116 4161 uiatores
2144 4107 2284 4162 datis
2319 4111 2384 4164 ad
2427 4113 2708 4182 episcopos
2749 4114 2934 4169 Gallite
2967 4117 3157 4172 litteris
3210 4122 3456 4188 pertu'it.

1875 4197 2117 4267 Elogium
2146 4215 2274 4255 vero
2295 4244 2309 4266 ,
2350 4203 2514 4257 veluti
2546 4204 2700 4272 paulo
2740 4216 2864 4262 ante
2911 4207 2983 4263 de
3011 4220 3218 4263 mortuo
3249 4216 3458 4279 Augus-

1876 4292 1987 4343 tino
2039 4293 2432 4360 sepulchralem
2489 4297 2912 4365 inscriptionem,
2952 4301 3114 4354 hocce
3163 4306 3457 4370 apposuit:

1876 4381 2217 4451 Augustinum
2246 4395 2439 4437 saneta:
2475 4389 2843 4442 recordationis
2887 4391 3051 4443 virum
3100 4409 3191 4458 pro
3225 4394 3320 4444 rita
3366 4411 3460 4447 suo

1875 4477 2025 4538 atque
2052 4473 2244 4526 meritis
2275 4474 2325 4524 in
2355 4485 2526 4527 nostra
2569 4480 2922 4533 communione
2946 4497 3141 4550 semper
3167 4481 3457 4545 habuimus,

199 4565 314 4616 nihil
337 4565 381 4617 iu
415 4580 480 4619 eo
521 4558 686 4615 scribi
723 4557 865 4627 quod
899 4570 1001 4608 non
1026 4552 1330 4622 displiceat,
1361 4560 1448 4605 est
1472 4551 1624 4604 unius
1656 4562 1768 4603 tan-

1879 4579 1968 4615 nec
1995 4580 2215 4630 unquam
2264 4567 2408 4620 hune
2433 4570 2656 4625 sinistra:
2689 4575 2999 4643 suspicionis
3057 4576 3234 4626 saltem
3287 4593 3460 4628 rumor

199 4663 298 4707 tum
329 4665 417 4708 aut
453 4653 687 4708 alterius
726 4648 926 4703 erroris
957 4643 1324 4707 condemnari,
1354 4657 1420 4695 an
1461 4643 1633 4711 potius
1663 4643 1773 4710 ple-

199 4758 312 4796 num
339 4743 618 4800 erroribus
656 4737 922 4810 judicari?
977 4734 1143 4789 Unam
1201 4733 1414 4786 interim
1463 4732 1773 4802 particulam

198 4834 566 4903 disjunctivam
605 4832 863 4898 corrigas,
899 4827 1154 4881 Morainie
1181 4841 1195 4891 ;
1224 4824 1411 4878 dixisti
1440 4826 1580 4878 enim
1625 4825 1778 4878 Inno-

200 4925 350 4979 centii
377 4927 583 4980 litteras
612 4923 675 4975 de
702 4936 803 4973 uno
834 4927 920 4970 aut
949 4918 1110 4968 altero
1139 4930 1308 4967 errore
1337 4914 1476 4979 loqui
1501 4931 1514 4978 ;
1548 4930 1775 4983 reponas

201 5017 648 5086 conjuttctiouem,
696 5013 761 5066 d‘e
815 5025 918 5064 uno
978 5024 1041 5062 er
1073 5008 1244 5060 altero
1299 5006 1443 5059 illam
1493 5008 1768 5074 periodum

206 5112 442 5178 reddens,
472 5128 543 5168 ne
574 5093 694 5181 qitis
716 5122 844 5179 erga
876 5114 929 5161 te
966 5102 1371 5160 malevolentior
1418 5098 1692 5154 dubitasse
1721 5110 1772 5154 te

203 5204 354 5270 dicat,
385 5205 560 5260 duone
593 5218 660 5255 an
693 5216 833 5254 unus
886 5206 1089 5253 tantum
1143 5195 1344 5264 Pelagii
1390 5207 1541 5250 error
1575 5193 1676 5246 illis
1717 5194 1771 5248 in

204 5293 382 5350 litteris
413 5293 803 5362 proscrihatur.
829 5288 933 5344 Sed
956 5288 1020 5340 ad
1076 5287 1436 5356 Augustinum
1478 5299 1655 5339 meum
1688 5300 1772 5339 re-

203 5385 315 5441 deo.
348 5386 444 5443 IIic
465 5386 661 5456 Pelagii
695 5385 888 5439 librum
913 5380 979 5435 ad
1005 5379 1373 5434 Innocentium
1407 5381 1621 5432 m't-tens
1650 5392 1773 5431 cum

207 5475 431 5542 ejusdem
454 5477 820 5533 confutatione
847 5472 1123 5527 asteriscis
1155 5472 1269 5524 loca
1289 5469 1480 5537 l’elagii
1513 5470 1774 5538 signarat,

209 5565 292 5619 ubi
315 5568 397 5623 hic
425 5584 530 5624 non
572 5576 717 5625 recte
771 5566 840 5621 de
885 5564 1062 5619 divina
1116 5564 1285 5632 gratia
1339 5562 1623 5626 sentiebat,
1653 5576 1774 5630 quae

211 5657 533 5726 displicuisse
563 5660 890 5727 Innocentio,
920 5658 1004 5713 cui
1031 5673 1175 5712 smn.
1200 5657 1338 5711 illius
1368 5655 1529 5710 libelli
1551 5655 1766 5725 placuit,

220 5748 838 5819 tpais‘dubitet'l'Librum
865 5766 988 5805 vero
1023 5748 1298 5819 Augustini
1332 5746 1678 5817 approbatum
1707 5762 1768 5803 ac

1879 4659 2118 4719 aspers’t,
2145 4674 2289 4726 quem
2322 4672 2506 4714 TANTIE
2529 4678 2788 4717 SCIENTIJE
2804 4665 2925 4718 olim
2942 4665 3097 4732 fuisse
3119 4666 3459 4729 meminimus,

1879 4759 1932 4798 ut
1963 4749 2092 4801 inter
2113 4752 2384 4820 magistros
2413 4756 2649 4824 optimos,
2683 4757 2829 4808 etiam
2855 4771 2886 4807 a
2909 4757 3030 4808 meis
3061 4772 3254 4825 semper
3291 4757 3461 4809 deces-

1878 4841 2074 4893 seribus
2104 4841 2390 4896 haberetur.
2427 4845 2568 4898 BENE
2587 4861 2707 4916 ergo
2736 4861 2797 4897 ur:
2831 4859 2895 4898 co
2926 4859 3095 4899 omnes
3117 4847 3169 4899 in
3200 4862 3463 4903 commune

1877 4945 2198 4996 seuseuuar,
2227 4943 2395 5000 utpote
2423 4936 2507 4999 qui
2523 4950 2710 4994 unione
2733 4948 2954 4988 CUNCTIS
2982 4951 3048 4989 er
3077 4951 3238 4992 auom
3269 4952 3464 4994 FUEBI'I‘

1881 5035 1944 5071 ετ
1963 5035 2158 5073 nouom
2185 5037 2200 5082 ;
2235 5022 2370 5072 unde
2400 5021 2882 5080 IIESISTENDUM
2906 5040 3146 5094 mutnus,
3175 5045 3300 5099 quos
3328 5033 3461 5084 male

1878 5125 2104 5165 erasure
2140 5112 2385 5166 videmus.
2420 5113 2610 5166 'I‘radit
2663 5113 3003 5180 leestinus,
3036 5119 3144 5174 imo
3187 5121 3337 5191 jubet
3368 5137 3456 5175 re-

1880 5205 2172 5257 sistendum
2207 5206 2608 5274 Augustinianae
2641 5207 2795 5262 famae
2821 5210 3268 5267 decurtatoribus.
3295 5213 3461 5265 Sanc-

1882 5305 1962 5350 tus
1987 5296 2214 5364 Prosper
2241 5313 2359 5351 cum
2389 5297 2638 5354 eximiam
2668 5304 2805 5357 hanc
2827 5302 2894 5358 de
2917 5305 3214 5373 Augustino
3243 5302 3455 5356 laudem

1879 5403 1942 5441 es
1967 5386 2256 5441 leestino
2283 5389 2560 5444 recitasset
2586 5393 2637 5445 in
2679 5392 2786 5448 line
2818 5394 2936 5448 libri
2977 5405 3163 5449 contra
3221 5392 3460 5449 Collato-

1883 5493 1993 5532 rem
2028 5478 2344 5532 exclamavit
2375 5496 2389 5534 :
2429 5497 2446 5531 ι
2479 5479 2679 5535 Contra
2719 5484 2872 5536 istam
2922 5484 3235 5539 clarissimae
3269 5483 3458 5537 lauda-

1881 5569 2041 5624 tionis
2072 5570 2497 5638 tubam,contra
2557 5574 2712 5626 istam
2764 5573 3114 5630 sacratissimi
3165 5574 3458 5630 testimonii

1878 5661 2645 5733 dignitaternaudetquispiam
2678 5679 2918 5720 MALIGNE
2948 5680 3463 5724 INTRBPRE‘I’ATIGNIS

1878 5769 2115 5809 murmur
2184 5754 2465 5814 emittere.
2520 5767 2570 5811 et
2619 5739 2911 5826 perspicax:
2975 5759 3460 5830 εξιξςίιῐὶεεὶιιιίιξιιιιε
