3930 6346
476 295 585 369 Nm

1410 290 1964 348 SUl’PLEMENTUM
2008 288 2097 344 AD
2138 287 2369 347 OPEBA
2410 291 2467 347 S.
2511 286 2898 347 AUGUSTINI.

488 405 769 461 sententiae
800 404 995 460 nubem
1023 405 1252 474 obliquat
1274 407 1635 475 ambiguitatis
1672 407 2008 461 obtendere?
2044 425 2063 457 ι
2099 407 2152 466 Λ
2249 402 2416 461 lsrtns
2440 409 2572 461 inter
2592 417 2824 470 cunctos,
2856 407 2946 476 qui
2968 405 3030 459 de
3058 421 3206 476 grege
3232 416 3410 461 sancto

488 499 563 555 lta
614 500 789 570 plane,
836 515 869 553 o
921 498 1175 567 Prosper,
1224 508 1486 553 conantur
1530 498 1833 568 audentque
1883 513 2071 553 recen-

488 590 693 645 tiores?
719 590 829 643 lmo
860 590 933 644 uti
964 591 1102 644 inter
1131 597 1325 643 cmtera
1375 590 1442 642 ab
1481 590 1772 655 apostolica
1806 588 1935 645 sede
1964 591 2071 644 Au-

486 684 700 754 gustino
730 682 850 736 data
887 680 1151 750 prmconia
1178 680 1310 734 illud
1356 682 1479 749 jure
1509 682 1702 735 merito
1734 681 1903 750 primo
1953 682 2071 739 loco

485 773 784 843 reponitur,
818 773 887 827 ita
932 774 1060 826 totis
1119 771 1320 841 ingenii
1367 772 1572 827 viribus
1628 773 1908 838 desudant,
1964 789 2069 843 quo

486 876 756 919 tantarum
786 864 1001 917 laudum
1024 863 1297 931 splendori
1337 863 1519 917 nubem
1547 864 1764 932 obliqua:
1816 865 2069 936 anibigui-

485 960 603 1011 tatis
638 958 934 1021 obtendant,
976 970 1044 1010 ne
1068 963 1272 1009 tantum
1302 955 1425 1009 inde
1456 955 1590 1011 lucis
1635 955 1689 1010 in
1715 958 2064 1025 Augustinum

482 1050 707 1106 derivet.

553 1165 820 1226 Armatus,
858 1159 954 1216 lib.
984 1176 1002 1213 ι
1047 1160 1128 1214 sui
1178 1160 1479 1229 Augustini,
1502 1174 1621 1230 cap.
1654 1164 1708 1227 8,
1732 1159 1914 1217 audito
1947 1161 2066 1218 Cae-

478 1254 660 1310 lestini
684 1252 882 1324 elogio,
909 1252 986 1307 ait
1018 1268 1034 1308 :
1069 1270 1089 1304 ‹
1122 1251 1238 1307 Non
1279 1252 1409 1307 dicit
1434 1267 1557 1308 esse
1587 1252 1799 1309 Patrem
1822 1253 2064 1321 Patrum,

480 1345 760 1401 doctorem
790 1345 1089 1409 doctorum,
1119 1342 1351 1411 primum
1382 1344 1630 1413 angelum
1654 1343 1794 1400 inter
1837 1354 2064 1399 caeteros

480 1436 784 1506 episcopos,
819 1436 959 1489 inter
979 1447 1167 1489 omnes
1187 1433 1725 1499 excellentissimum,
1761 1449 1885 1489 vere
1926 1436 2063 1490 irre-

481 1528 791 1597 fragabilem
820 1536 876 1583 et
919 1525 1265 1581 inet‘fabiliter
1312 1526 1634 1580 mirabilem.
1663 1526 1910 1581 Habitum
1942 1542 2063 1582 esse

479 1619 610 1673 dicit
650 1632 679 1672 a
736 1618 850 1672 suis
906 1616 1391 1686 praedecessoribns
1444 1614 1774 1679 Innocentio,
1822 1616 2059 1683 Zosimo,

476 1708 753 1763 Bonifacio
782 1708 919 1761 inter
950 1708 1234 1778 magistros
1268 1708 1533 1776 Optimos;
1586 1717 1743 1777 atque
1790 1708 1861 1762 ita
1911 1720 2061 1777 puta-

476 1799 672 1855 bantur
700 1799 914 1869 quidem
940 1799 1031 1854 alii
1064 1801 1235 1854 sancti
1266 1799 1449 1855 Patres
1492 1814 1611 1855 esse
1631 1815 1845 1870 quoque
1872 1801 2059 1870 optimi

482 1893 751 1961 magistri,
783 1892 1022 1961 aquibus
1059 1892 1106 1946 si
1145 1891 1491 1953 dissensisset
1542 1890 1890 1961 AuguStinus,
1932 1893 2057 1957 quid

478 1993 729 2054 putamus
753 1983 1105 2039 Caelestinum
1146 1983 1312 2039 fuisse
1362 1985 1517 2041 nobis
1566 1994 1975 2054 praceptorum,
2002 1993 2060 2039 ut

477 2074 710 2143 optimos
738 2075 940 2144 optimo
965 2084 1426 2144 postponeremus,
1455 2086 1507 2133 et
1548 2078 1742 2133 multos
1772 2079 1883 2144 uni,
1920 2092 2056 2146 quo-—

478 2181 601 2222 nam
630 2166 679 2221 id
708 2166 828 2235 jure
850 2167 930 2221 vel
960 2182 1061 2237 qua
1089 2169 1338 2221 ratione?
1370 2188 1387 2222 ι
1420 2168 1555 2221 Cum
1587 2183 1717 2222 vero
1738 2167 2057 2223 leestinus

476 2268 684 2326 postea,
711 2265 766 2311 ut
788 2267 996 2325 putant,
1027 2272 1145 2327 cap.
1172 2258 1226 2323 5,
1253 2258 1739 2327 Semi-l’elagianos
1767 2258 2059 2327 reprehen-

476 2350 567 2402 tlat
618 2350 863 2417 pimsimis
918 2352 1327 2427 disputatoribus
1387 2352 1589 2403 obviare
1650 2359 2054 2417 prmsumeutes,

472 2441 620 2499 addit
656 2443 895 2494 Annatus
930 2458 943 2493 :
984 2458 1000 2490 ‹
1036 2442 1140 2495 llos
1171 2456 1298 2510 ergo
1325 2441 1793 2496 dicitleestinus
1811 2441 2057 2495 obviasse

474 2548 579 2587 non
613 2531 909 2600 Augustino
938 2531 1064 2596 soli,
1088 2530 1183 2585 sed
1235 2531 1489 2600 piissimis
1541 2531 1957 2601 disputatoribus
2002 2539 2058 2587 et

470 2622 759 2693 magistris,
790 2623 982 2691 quibus
1014 2623 1191 2677 verbis
1234 2638 1338 2677 non
1369 2631 1452 2678 est
1477 2623 1695 2677 dubium
1752 2622 1879 2691 quin
1908 2637 2059 2677 com-

472 2712 906 2779 prehenderetur
934 2714 1096 2767 etiam
1132 2714 1512 2784 Hieronymus.
1554 2733 1572 2765 ι
1611 2711 1736 2768 Haec
1782 2714 1861 2767 illi
1912 2716 2053 2769 onmi

469 2812 584 2857 arte
596 2804 904 2858 adnitentes
924 2804 1278 2869 Augustinum
1300 2806 1351 2859 in
1367 2807 1609 2860 ordinem
1636 2806 1746 2861 fere
1774 2806 2054 2876 rt-degere,

470 2904 529 2947 nt
558 2895 609 2947 in
637 2893 923 2957 Pelagiana
963 2894 1104 2948 bello
1135 2911 1239 2948 non
1274 2912 1557 2962 supremus
1581 2897 1795 2966 quidem
1835 2900 2056 2965 impera-

469 2994 572 3048 tor,
607 2986 701 3042 sed
725 2994 976 3055 tanquam
1009 3003 1039 3041 e
1063 2987 1432 3054 praefectorum
1466 3003 1688 3044 numero
1710 2989 1903 3057 aequali
1930 3002 2050 3042 cum

471 3077 655 3141 multis
695 3079 1012 3132 auctoritate
1044 3078 1328 3131 habeatur.
1364 3078 1486 3132 [late
1508 3087 1686 3132 autem
1715 3092 1781 3132 eo
1826 3077 2053 3133 consilio

467 3167 767 3222 moliuntur
784 3177 843 3221 ut
869 3170 1121 3237 quoniam
1154 3169 1441 3238 Augustini
1486 3168 1701 3222 nomine
1729 3182 1788 3222 se
1834 3167 2045 3237 gravari

470 3273 592 3328 sero
618 3259 729 3327 jam
756 3259 970 3315 tandem
1015 3261 1273 3324 sentiunt,
1304 3262 1528 3314 aliorum
1572 3261 1789 3314 Patrum
1840 3260 1929 3329 qui
1983 3259 2052 3317 de

468 3350 637 3417 gratia
668 3350 797 3418 quid
829 3352 1095 3405 sentirent
1141 3349 1351 3403 breviter
1390 3350 1716 3419 quibusdam,
1744 3358 1801 3403 ut
1829 3364 1951 3417 cap.
1986 3348 2051 3401 14

467 3440 537 3496 de
558 3441 1044 3497 Praedestinatione
1073 3450 1383 3505 sanctorum
1407 3440 1483 3495 ait
1511 3442 1861 3511 Augustinus,
1888 3440 2050 3511 scrip-

468 3544 634 3587 torum
664 3550 875 3588 suorum
898 3534 1022 3588 locis
1044 3543 1091 3588 et
1123 3542 1444 3588 transeunter
1472 3534 1770 3602 attigerunt,
1797 3531 2048 3601 suﬁ‘ragia

467 3628 667 3697 jactare
687 3627 898 3696 possint
927 3627 1164 3683 :etenim
1198 3642 1317 3682 cum
1350 3627 1426 3682 illi
1454 3642 1561 3681 non
1611 3637 1718 3680 tam
1769 3633 1954 3694 aperte
1995 3634 2050 3680 et

472 3718 760 3786 perspicue
804 3717 873 3785 de
922 3718 1122 3786 divinae
1190 3718 1680 3787 prmdestinationis
1748 3730 1811 3772 ac
1864 3716 2050 3786 gratim

466 3807 741 3876 mysteriis
764 3806 1141 3872 disseruerim,
1170 3808 1411 3874 quaedam
1440 3821 1625 3860 eorum
1648 3805 1810 3869 dicta,
1837 3805 2049 3874 quando

467 3896 707 3952 nondum
747 3896 1072 3963 Pelagianis,
1098 3904 1158 3948 ut
1180 3896 1320 3948 idem
1358 3896 1454 3948 lib.
1485 3909 1502 3947 ι
1533 3904 1723 3951 contra
1770 3895 1901 3961 Jol.,
1926 3912 2046 3965 cap.

464 3987 521 4053 6,
550 3989 759 4051 scribit,
784 3987 1101 4056 litigantibus
1131 3985 1358 4037 securius
1380 3985 1737 4055 loquebantur,
1760 3988 1923 4042 veluti
1946 3988 2049 4052 gilii

464 4077 700 4131 faventia
729 4076 1062 4131 recentiores
1113 4076 1399 4146 arripiunt,
1451 4077 1689 4132 dimissis
1743 4079 1915 4134 sancti
1943 4080 2050 4133 Au-

465 4166 668 4237 gustini
700 4165 987 4229 sententiis
1039 4167 1381 4235 clarissimis,
1422 4169 1792 4239 apertissimis,
1827 4169 2046 4226 eviden-

463 4258 855 4323 tissimis.eam
880 4262 1090 4319 caeteris
1140 4261 1386 4325 Patr-ibus
1436 4265 1715 4334 postpositi
1767 4263 2047 4335 Augustini

464 4366 704 4417 causam,
737 4351 1106 4425 rationemque
1148 4354 1435 4413 reddentes
1479 4370 1598 4410 cum
1650 4356 1858 4419 Adamo
1904 4366 2045 4425 part.

463 4457 523 4511 tu
563 4442 713 4515 Cglv.
742 4443 936 4506 destr.,
967 4443 1142 4508 c.'16,
1168 4462 1285 4514 pag.
1330 4448 1435 4501 760
1469 4464 1482 4500 :
1518 4463 1536 4498 ι
1577 4448 1669 4502 Ha:
1709 4447 2043 4519 (Augustini)

464 4538 702 4598 tenebrat
731 4551 817 4591 me
844 4548 1039 4607 cogunt
1062 4543 1125 4591 ait
1152 4539 1320 4601 lucem
1339 4539 1466 4595 alibi
1495 4541 1860 4609 qumrendam,
1892 4556 2049 4609 quam

464 4632 519 4685 in
549 4630 766 4701 synodis
789 4638 843 4687 et
871 4632 1098 4691 aliorum
1122 4633 1400 4687 doctorum
1420 4634 1565 4693 libris
1591 4632 1829 4702 invenio.
1873 4653 1891 4685 ι
1921 4636 2065 4693 Mira

466 4725 678 4778 docent.
710 4725 955 4785 Profecto
1013 4740 1119 4781 non
1168 4726 1341 4792 dicam
1379 4725 1627 4790 obscure,
1676 4725 1771 4792 sed
1804 4740 1910 4779 non
1942 4735 2049 4779 tam

466 4816 610 4871 clare
641 4815 1185 4879 locutidicendisunt
1227 4816 1315 4881 alii
1365 4816 1571 4881 Patres,
1620 4817 1708 4884 qui
1761 4816 1829 4877 de
1877 4815 2048 4883 gratia

470 4908 681 4959 breviter
712 4917 756 4961 et
769 4918 1086 4971 transeunter
1106 4914 1349 4978 quaedam
1373 4906 1711 4963 solummodo
1734 4907 2045 4981 attigerunt,

464 5014 571 5051 non
603 5011 731 5052 vero
761 5000 1106 5067 Augustinus,
1140 5000 1230 5068 qui
1271 4998 1636 5067 copiosissime
1666 5012 1730 5055 ae
1770 4996 2045 5053 fusissime

465 5093 517 5145 in
547 5090 757 5159 triginta
782 5099 834 5142 et
866 5092 1095 5157 amplius
1124 5092 1275 5155 libris
1305 5093 1373 5150 de
1407 5092 1593 5146 eadem
1636 5091 1806 5159 gratia
1858 5089 2038 5157 dispu-

465 5183 618 5247 tavit,
651 5197 715 5236 ex
744 5180 1007 5235 brevitate
1062 5184 1201 5235 cnim
1259 5183 1577 5249 obscuritas,
1613 5200 1676 5237 ex
1708 5183 1859 5252 copia
1917 5195 2045 5237 vero

464 5275 733 5330 sermonis
764 5273 980 5327 claritas
1020 5273 1245 5328 derivat.
1273 5275 1376 5331 Sed
1428 5277 1780 5345 Augustinum
1831 5279 2048 5345 creteris,

462 5364 884 5435 prmpmzendum
932 5378 1071 5430 esse,
1104 5365 1190 5417 ubi
1248 5366 1317 5420 de
1366 5367 1559 5421 divinae
1608 5369 1789 5435 gratim
1832 5369 2044 5425 auxiliis

464 5460 655 5525 agitur,
678 5468 928 5528 tanquam
957 5470 1265 5523 supremum
1293 5459 1539 5514 catholici
1564 5461 1831 5517 exercitus
1854 5462 2045 5517 ducem

461 5555 771 5608 vetustioris
799 5551 1053 5607 Ecclesiae
1096 5552 1281 5607 Patres
1318 5552 1605 5608 tradidere.
1642 5552 1798 5608 Canit
1825 5565 2046 5610 sanctus

464 5640 695 5712 Prosper
720 5652 906 5700 contra
932 5644 1191 5717 Ingratos,
1222 5658 1340 5713 cap.
1370 5642 1403 5695 5
1436 5660 1446 5695 :

2245 480 2467 533 Insanos
2497 479 2734 547 pepulere
2757 481 2913 546 feras,
2948 492 3225 531 INDUSTRIA
3254 493 3444 547 uuon.

2242 551 2419 606 Marus
2448 546 2600 615 ores,
2626 559 2785 601 totum
2810 561 3188 603 PRESTANTIUS
3208 549 3388 601 imbuit
3416 546 3632 602 Orbem.

2166 647 2397 704 Sanctus
2427 645 2756 718 Fulgentius,
2789 649 3073 715 episcopus
3110 646 3401 714 Ruspensis
3422 687 3438 712 ,
3484 647 3587 701 lib.
3620 649 3754 703 n-de

2176 740 2408 796 Veritate
2460 738 2946 809 praedestinationis
2980 747 3037 794 et
3060 738 3266 809 gratim,
3316 752 3438 808 cap.
3489 739 3583 805 17,
3632 742 3752 795 ait:

2177 850 2195 882 ι
2236 833 2356 887 Ηεῐξο
2379 833 2562 901 itaque
2590 830 2979 885 catholicorum
3012 828 3228 884 Patrum
3257 830 3574 899 apostolicis
3603 832 3757 886 insti-

2168 921 2463 975 tutionibus
2488 920 2680 974 tradita
2712 930 2993 988 permanet
3023 920 3076 974 in
3112 919 3354 975 Ecclesia
3389 919 3511 974 sine
3540 920 3757 977 dubita-

2173 1016 2319 1070 tione
2359 1015 2635 1083 doctrina,
2689 1030 2848 1084 quam
2902 1013 3078 1070 Graeci
3137 1014 3422 1084 Latinique
3478 1016 3759 1084 pmitilices

2169 1108 2340 1161 sancti
2372 1106 2604 1177 Spiritus
2632 1108 2901 1162 inlusione
2932 1106 3154 1173 ﬁrmati,
3195 1122 3302 1161 uno
3329 1116 3493 1176 atque
3524 1107 3755 1163 indisso-

2167 1194 2319 1254 lubili
2348 1215 2564 1269 semper
2590 1208 2811 1255 tenuere
2840 1214 3132 1255 consensu.
3177 1201 3232 1254 ln
3269 1215 3374 1270 qua
3416 1202 3611 1257 beatus
3651 1207 3756 1257 Au-

2167 1292 2435 1362 gustinus,
2487 1292 2705 1348 indutus
2750 1293 2949 1348 virtute
2975 1308 3041 1348 ex
3085 1292 3219 1358 alto,
3253 1293 3625 1348 abundantius
3657 1294 3755 1348 illis

2167 1382 2414 1438 omnibus
2446 1382 2708 1438 laboravit
2737 1400 2749 1436 :
2785 1396 2891 1437 non
2932 1392 3114 1437 autem
3147 1383 3293 1449 ipse,
3323 1383 3419 1436 sed
3454 1383 3634 1453 gratia
3668 1383 3754 1438 Dei

2160 1489 2283 1529 cum
2332 1475 2442 1528 illo.
2483 1475 2655 1544 Ipsius
2695 1472 2841 1530 enim
2889 1473 3190 1528 ministerio
3234 1472 3496 1528 Dominus
3543 1471 3759 1529 uberio-

2165 1578 2279 1620 rem
2332 1565 2493 1636 bujus
2548 1568 2622 1620 rei
2676 1565 2923 1621 ﬁdelibus
2981 1567 3092 1620 suis
3143 1564 3557 1620 instructionem
3626 1581 3755 1635 ντες

2165 1655 2299 1731 buit,
2342 1676 2361 1710 ι
2396 1669 2500 1713 etc.
2552 1658 2811 1713 Andiatur
2854 1658 3047 1713 iterum
3080 1659 3323 1727 proxime
3352 1658 3606 1712 laudatus
3646 1673 3755 1712 ma-

2094 1770 2140 1829 B
2165 1766 2302 1820 guns
2334 1751 2423 1805 ille
2452 1750 2713 1820 Prosper:
2750 1751 2803 1803 in
2834 1748 3148 1819 praefatione
3194 1758 3377 1804 contra
3422 1746 3756 1803 Collatorem

2165 1840 2239 1895 ait
2269 1859 2282 1894 :
2316 1860 2335 1893 ‹
2371 1842 2567 1911 Viginti
2610 1842 2839 1912 amplius
2868 1841 3028 1896 annis
3064 1848 3252 1895 contra
3286 1840 3538 1895 inimicos
3570 1843 3755 1911 gratia:

2163 1933 2258 1989 Dei
2301 1931 2564 1987 catholica
2595 1934 2737 1989 acies
2782 1946 2946 1988 llUJUS
2975 1948 3083 1986 vmr
3115 1932 3276 1985 ductu
3307 1942 3511 2002 pugnat
3542 1943 3601 1986 et
3638 1933 3754 1987 vin-

2161 2018 2254 2083 eit.
2296 2045 2314 2079 ι
2354 2025 2513 2081 Forte
2541 2027 2784 2081 Annatus
2834 2024 3178 2094 reSpondebit
3220 2038 3341 2077 cum
3386 2037 3488 2077 suo
3518 2023 3755 2092 Vasque~

2161 2118 2244 2171 zio
2280 2124 2428 2187 part.
2477 2118 2527 2183 i,
2574 2116 2717 2184 disp.
2747 2114 2838 2180 97,
2889 2130 3007 2184 cap.
3059 2113 3113 2180 5,
3166 2129 3313 2168 num.
3347 2113 3459 2167 20:
3504 2132 3521 2166 ς
3564 2114 3754 2167 Fateor

2160 2222 2292 2261 sane
2331 2216 2580 2276 suspecta
2612 2206 2745 2269 mihi
2773 2219 2892 2262 esse
2915 2206 3221 2273 teStimonia
3266 2205 3519 2274 Prosperi
3549 2218 3607 2260 et
3634 2204 3754 2258 Ful-

2159 2301 2345 2370 gentii,
2389 2299 2531 2370 quod
2577 2299 2978 2369 diligentissimi
3017 2307 3073 2353 et
3106 2299 3431 2352 exact'ssimi
3469 2299 3748 2367 Augustini

2160 2382 2406 2462 discipuli
2463 2394 2589 2448 sint.
2625 2413 2642 2445 i
2679 2393 2872 2447 Audiat
2916 2394 3075 2462 igitur
3122 2394 3295 2461 ipsius
3345 2392 3574 2463 Vasquii
3626 2408 3750 2447 con-

2159 2483 2473 2554 fessionem,
2520 2486 2734 2554 quando
2764 2485 3042 2554 utriusque
3074 2484 3217 2539 illius
3249 2486 3423 2541 Patris
3458 2488 3746 2540 testimonia

2158 2589 2392 2646 suspecta
2434 2586 2579 2631 sunt.
2616 2576 2815 2632 Scribit
2865 2577 2951 2632 hic
2998 2576 3050 2630 in
3094 2592 3126 2646 p
3161 2586 3231 2640 rt.
3266 2594 3303 2645 ι,
3344 2578 3491 2649 disp.
3526 2580 3619 2646 90,
3666 2594 3746 2641 ca-

2160 2652 2269 2733 pite
2297 2664 2353 2731 6,
2409 2680 2633 2720 numero
2665 2668 2731 2722 57
2766 2684 2778 2719 :
2818 2686 2835 2717 ‹
2874 2668 3127 2735 Quamvis
3174 2668 3349 2723 nullus
3378 2679 3528 2724 esset
3557 2686 3623 2726 ex
3654 2672 3745 2725 Pa-

2160 2748 2332 2812 ttibus
2385 2754 2844 2823 commemoratis,
2888 2775 3047 2829 quem
3092 2776 3187 2829 pro
3234 2760 3334 2816 hac
3371 2767 3645 2818 sententia
3683 2767 3746 2821 de

2159 2848 2345 2919 gratiae
2392 2851 2709 2904 necessitate
2746 2852 2811 2904 ad
2859 2851 3068 2919 singula
3120 2866 3283 2921 Opera
3335 2853 3475 2907 bona
3526 2859 3744 2909 moralia

2158 2939 2468 2994 scholastici
2510 2940 2760 2996 doctores
2807 2940 3043 3008 allegare
3091 2952 3331 3011 possent,
3382 2943 3432 2995 in
3488 2958 3595 2997 uno
3623 2959 3745 2998 sou)

2158 3033 2466 3087 Ancusrtso
2504 3030 2729 3099 ejusque
2769 3028 2953 3083 schola
2984 3045 3093 3084 suzc
3124 3030 3397 3099 Opinionis
3433 3034 3746 3100 praesidium

2081 3140 2125 3202 ρ
2157 3126 2386 3182 libenter
2432 3126 2781 3191 collocarent,
2818 3141 3063 3191 eumque
3110 3125 3211 3179 sibi
3258 3124 3512 3182 sufﬁcere
3556 3130 3746 3184 merito

2154 3218 2566 3283 arbitrarentur,
2614 3216 2757 3285 quod
2811 3230 2994 3270 UNICUS
3033 3215 3104 3269 sit
3152 3217 3243 3285 qui
3290 3216 3418 3271 dum
3458 3218 3644 3286 agitur
3668 3220 3747 3272 ‘de

2152 3309 2340 3387 gratiae
2386 3311 2729 3377 necessitate,
2772 3309 2915 3363 sicut
2952 3308 3035 3364 sol
3080 3309 3221 3363 inter
3245 3309 3486 3379 reliquos
3526 3310 3743 3380 praeful-

2152 3412 2296 3473 geat.
2329 3420 2348 3455 ι
2380 3401 2575 3456 Verum
2630 3416 2729 3457 nos
2771 3418 2878 3456 non
2926 3418 2990 3456 ex
3030 3402 3261 3472 Vasquio
3310 3402 3415 3457 ista
3454 3403 3743 3477 discimus,

2152 3495 2245 3550 sed
2276 3510 2341 3549 ex
2378 3496 2633 3549 Romanae
2667 3496 2919 3551 Eccleim
2948 3496 3308 3564 pontiﬁcibus.
3339 3495 3473 3550 Cum
3502 3497 3744 3552 Julianus

2154 3588 2415 3643 adversus
2447 3587 2680 3642 divinam
2712 3590 2939 3657 gratiam
2963 3588 3289 3655 scripsisset,
3323 3597 3548 3644 sanctus
3580 3590 3740 3644 Boni-

2153 3678 2322 3735 facius
2351 3696 2483 3750 papa
2507 3680 2574 3734 ab
2605 3694 2711 3733 uno
2738 3679 3035 3748 Augustino
3068 3693 3386 3748 responsum
3418 3681 3736 3749 postulavit.

2152 3769 2285 3825 Cum
2314 3769 2506 3825 Oriens
2537 3769 2607 3824 ob
2637 3756 2823 3823 Fausti
2874 3769 3120 3838 Rejensis
3164 3770 3329 3824 libros
3356 3770 3409 3823 in
3444 3781 3633 3839 partes
3663 3773 3742 3825 di-

2151 3859 2299 3929 visus
2322 3867 2490 3927 esset,
2520 3868 2735 3915 sanctus
2766 3860 3082 3915 llormisdas
3111 3860 3177 3915 ab
3210 3862 3516 3937 Augustino
3548 3878 3746 3934 cogno-

2151 3951 2408 4008 scendum
2439 3952 2660 4022 scripsit
2682 3951 2807 4020 quid
2839 3951 3081 4007 Romana
3112 3961 3431 4022 sequeretur
3468 3967 3524 4008 et
3563 3969 3745 4010 serva-

2150 4054 2236 4100 ret
2276 4044 2536 4099 Ecclesia.
2588 4041 2773 4096 Galliis
2814 4044 2977 4098 etiam
3028 4059 3123 4112 per
3168 4053 3379 4098 centum
3415 4044 3532 4101 fere
3580 4061 3747 4101 annos

2152 4135 2345 4201 iisdem
2394 4134 2821 4189 dissensionibus
2869 4137 3133 4203 contusis,
3183 4136 3336 4190 Felix
3384 4151 3437 4189 Iv
3474 4150 3548 4190 ex
3591 4137 3744 4191 unius

2151 4226 2436 4297 Augustini
2490 4227 2639 4281 libris
2670 4226 2957 4297 sententiis
2999 4228 3296 4295 desumptis
3334 4242 3522 4296 pacem
3576 4228 3742 4282 dedit.

2149 4302 2350 4392 Nostro
2371 4318 2473 4373 hoc
2497 4319 2660 4374 etiam
2692 4318 2895 4379 sreculo
2925 4320 3175 4373 universa
3205 4319 3420 4387 Eumpa
3444 4321 3659 4374 exortis
3677 4320 3745 4374 de

2151 4407 2367 4464 auxiliis
2409 4409 2605 4464 divinae
2644 4409 2832 4478 gratiae
2885 4408 3066 4478 litigiis
3116 4410 3168 4464 in
3223 4418 3407 4479 partes
3453 4410 3746 4475 dilaniata,

2079 4486 2407 4565 DClemens
2439 4517 2527 4557 vut
2577 4516 2669 4557 eas
2707 4503 2827 4557 lites
2865 4501 2931 4555 ad
2978 4502 3137 4556 unius
3182 4501 3465 4570 Augustini
3514 4505 3748 4559 tribunal

2149 4588 2313 4660 jussit
2356 4590 2570 4659 agitari.
2619 4590 2823 4657 Quibus
2866 4605 2998 4645 sane
3042 4590 3267 4645 Romani
3307 4593 3588 4661 pontiﬁces
3639 4611 3745 4647 nt'tl

2153 4681 2380 4757 obscure
2410 4680 2779 4749 signiﬁearunt
2824 4683 2875 4736 in
2906 4683 3293 4738 controversiis
3319 4684 3386 4738 de
3414 4685 3584 4737 divina
3610 4699 3743 4751 gra-

2153 4773 2222 4829 tia
2252 4771 2409 4827 unius
2440 4772 2722 4841 Augustini
2748 4774 2985 4844 veSIigiis
3010 4776 3167 4829 nobis
3192 4775 3559 4831 inhtnrendum
3589 4788 3738 4828 esse.

2154 4861 2423 4931 Nusquam
2453 4870 2628 4915 tamen
2653 4862 2801 4917 solus
2828 4873 2909 4918 est
2940 4864 3291 4933 Augustinus,
3323 4866 3417 4919 sed
3449 4879 3633 4918 secum
3656 4868 3743 4919 in-

2153 4966 2285 5022 gens
2330 4953 2737 5007 subsecutorum
2789 4953 3006 5007 Patrum
3058 4968 3252 5024 agmen
3311 4954 3493 5021 trahit,
3552 4969 3745 5022 nempe

2154 5044 2500 5121 Prosperum,
2539 5044 2898 5112 Fulgentium,
2930 5028 3246 5109 Caesarium,
3292 5045 3508 5099 Petrum
3558 5046 3743 5099 Diaco-

2155 5151 2301 5213 n‘nm,
2337 5135 2521 5190 Patres
2554 5130 2857 5205 Byzaccnos
2886 5137 2938 5190 in
2970 5136 3220 5192 Sardinia
3249 5136 3485 5199 exsules,
3521 5134 3743 5191 Rhemi-

2153 5227 2320 5295 gium,
2359 5225 2726 5294 Prudentium,
2764 5228 3097 5293 Anselmum,
3145 5228 3499 5293 Bernardum,
3542 5230 3741 5282 aliosm

2155 5319 2244 5385 qui
2273 5318 2439 5372 saneti
2470 5318 2706 5374 doctoris
2734 5320 2953 5388 veStigia
3000 5320 3107 5374 illis
3142 5321 3192 5373 in
3231 5321 3619 5376 Controversiis
3655 5335 3737 5374 se-

2155 5421 2390 5481 quuntur
2417 5429 2429 5463 :
2460 5426 2561 5480 qua
2586 5410 2801 5480 quidem
2833 5413 3265 5468 consideratione
3293 5413 3399 5468 ruit
3434 5404 3623 5484 ingens
3650 5415 3737 5466 ille

2154 5495 2459 5577 apparatus,
2491 5516 2647 5570 quem
2685 5502 2924 5556 Annatus
2969 5503 3103 5557 libro
3133 5504 3305 5571 primo
3338 5519 3431 5571 per
3463 5505 3615 5572 plura
3645 5517 3730 5556 ca-

2152 5598 2260 5667 pita
2306 5596 2599 5665 componit,
2653 5596 2803 5663 quasi
2845 5599 2897 5648 in
2935 5595 3107 5662 aliqua
3150 5598 3411 5651 sententia
3459 5596 3526 5649 de
3567 5594 3730 5663 gratia

2146 5686 2422 5757 solitarius
2451 5701 2570 5755 esse
2616 5686 2785 5756 possit
2816 5688 3165 5762 Augustinus.
3212 5688 3351 5759 Sane
3401 5686 3634 5757 Prusper
3676 5692 3725 5756 et
