3930 6344
191 331 283 386 793

1314 323 1630 383 VlNDlCIE
1673 319 2237 379 AUGUSTlNlANA‘I.

3336 322 3438 376 7N

186 423 514 510 Fulgentius,
564 439 653 510 qui
691 440 757 494 de
799 434 1283 509 Serui—Pelagianis
1326 439 1744 508 triumpharunt,
1775 437 1824 496 A
1852 436 2017 489 currit
2051 434 2192 488 idem
2233 430 2520 488 recentior.
2560 431 2719 500 igitur
2759 432 3203 505 Serui-Pelagiani
3249 439 3433 501 llieru-

187 547 386 601 semper
423 547 542 586 cum
583 532 882 600 Augustino
927 533 1176 596 sunt,'ita
1207 532 1332 585 utsi
1364 548 1427 586 ex
1468 545 1570 584 una
1600 540 1751 598 parte

188 624 497 695 Augustinus
549 624 761 694 duoque
814 625 901 679 isti
959 633 1160 678 tantum
1211 625 1337 688 sint,
1390 639 1454 677 ex
1507 623 1751 690 Opposita

187 733 308 771 vero
337 717 487 783 longe
518 715 700 784 plures
735 716 920 771 Patres
959 727 1329 779 numerentur,
1377 715 1494 783 quis
1521 729 1624 766 nun
1659 729 1752 780 po-

189 809 285 861 tius
313 807 381 860 illi
413 806 628 860 Patrum
677 807 833 860 triadi
884 806 1172 872 inhzereat,
1221 821 1340 875 qua:
1369 805 1437 858 de
1469 803 1752 871 Pelagiana

184 899 365 953 haeresi
398 899 761 966 triumphavit,
796 914 970 966 neque
1000 898 1134 952 citra
1165 897 1518 951 temeritatem
1551 894 1752 949 erroris

183 991 408 1045 acettsari
450 991 665 1058 potest?
700 989 894 1046 Procul
921 991 1082 1045 etiam
1118 990 1242 1045 hinc
1273 992 1465 1045 abeant
1502 990 1602 1043 illa:
1642 987 1756 1041 Μο-

180 1085 325 1153 r_ainii
354 1087 585 1155 querela:
618 1087 670 1141 in
716 1086 1029 1156 praefatione
1062 1086 1126 1139 ad
1166 1084 1495 1139 orthodoxos
1525 1100 1535 1135 :
1567 1101 1584 1132 ι
1619 1080 1755 1148 Quid

179 1178 338 1240 enim,
386 1180 426 1232 si
463 1179 700 1233 lucretici
733 1181 845 1233 suis
891 1180 1119 1250 argutiis
1162 1187 1378 1247 possent
1419 1177 1669 1231 evincere
1698 1188 1758 1228 se

177 1285 277 1322 non
308 1285 428 1323 esse
464 1280 649 1338 aperte
693 1270 760 1325 ab
808 1270 1104 1340 Augustino
1149 1269 1456 1332 damnatos,
1505 1266 1758 1321 Ecclesia:

174 1374 330 1416 causa
369 1361 670 1416 deserenda
703 1371 866 1427 esset,
903 1369 956 1416 et
988 1359 1323 1415 insufficiens
1355 1359 1491 1414 foret
1518 1358 1757 1411 omnium

171 1450 402 1504 aliorum
452 1453 665 1506 Patrum
710 1467 806 1521 pro
843 1453 1074 1507 veritate
1120 1467 1438 1516 consensus,
1487 1450 1609 1521 quia
1653 1450 1762 1502 Au-

169 1542 422 1610 gustinus
459 1548 541 1598 est
583 1544 956 1599 necessarius?
1001 1541 1184 1614 Iniqua
1214 1552 1356 1598 certe
1385 1553 1525 1598 esset
1575 1542 1758 1595 Eccle-

167 1631 266 1684 sia:
297 1634 555 1699 conditio,
610 1637 694 1689 cui
736 1635 876 1690 Deus
907 1649 1011 1689 non
1055 1635 1266 1689 unicum
1317 1635 1615 1701 doctorem,
1662 1632 1758 1688 sed

167 1721 424 1777 doctores
481 1727 764 1792 promisit,
837 1736 892 1780 ut
945 1741 1048 1780 non
1111 1725 1554 1780 circumferuntur
1607 1725 1753 1779 omni

1857 543 2018 596 nymo
2077 543 2181 578 non
2229 522 2676 592 obloquebantur,
2734 539 2891 594 quem
2947 526 2998 579 in
3057 542 3153 580 sua
3201 530 3435 595 ipsorum

1856 617 2115 670 sententia
2151 629 2272 668 esse
2301 614 2560 681 suspicari
2593 623 2861 682 poterant.
2899 614 3161 668 Praeterea
3191 617 3440 672 C(BleSti-

1857 721 1957 759 nus
2008 708 2078 758 ait
2120 703 2614 774 Semi-Pclagianos
2648 704 2875 758 adnisos
2921 705 3287 773 quiescentinm
3329 707 3441 776 fm-

1858 807 1993 849 trum
2024 797 2320 848 memoriam
2365 798 2641 864 dissipare,
2688 805 2743 852 et
2773 798 3078 851 immediate
3116 799 3290 852 laudat
3324 809 3448 868 post

1858 886 1945 939 illa
1973 886 2134 938 verba
2162 887 2516 955 Augustinum
2543 887 2888 950 concludens,
2923 889 3262 941 resistendum
3292 890 3444 943 oblo-

1857 978 2148 1030 cutoribus.
2197 977 2345 1031 Unus
2398 978 2561 1047 igitur
2608 978 2680 1032 ibi
2723 978 3029 1033 defenditur
3081 979 3441 1049 Augustinus;

1858 1084 1980 1122 nam
2008 1070 2049 1121 si
2081 1083 2201 1122 cum
2236 1069 2533 1136 Augustino
2579 1069 2937 1138 Hieronymus
2976 1085 3188 1139 quoque
3228 1085 3444 1124 eorum-

1858 1163 1979 1216 dem
2020 1160 2176 1214 dictis
2232 1159 2590 1226 lacerabatur,
2637 1176 2734 1215 cur
2784 1161 3020 1230 pontifex
3062 1161 3130 1214 de
3182 1177 3288 1215 uno
3335 1163 3444 1215 Au-

1858 1254 2069 1323 gustino
2100 1252 2285 1306 laudes
2315 1251 2512 1316 reddit,
2538 1252 2864 1322 Hieronymo
2897 1251 2951 1306 in
2983 1252 3233 1321 angulum
3283 1267 3442 1322 pror-

1859 1361 1950 1402 sus
1997 1345 2231 1414 rejecto?
2278 1342 2526 1400 Profecto
2570 1343 2823 1412 Prosper,
2882 1344 2971 1410 qui
3017 1344 3154 1412 apud
3197 1343 3443 1398 leesti-

1861 1451 1986 1490 num
2032 1436 2203 1489 sancti
2239 1434 2525 1504 Augusﬁni
2562 1434 2979 1489 calumniatores
3011 1433 3291 1500 detulerat,
3347 1430 3461 1488 bus

1857 1525 2011 1596 jusce
2041 1523 2322 1580 Caelestiui
2365 1525 2682 1589 sanetionis,
2733 1539 2890 1592 quam
2935 1525 3162 1592 ipsemet
3191 1525 3446 1593 impetra-

1862 1628 1965 1681 rat,
1985 1617 2314 1670 mentionem
2342 1614 2542 1669 faciens
2564 1625 2748 1668 contra
2767 1615 3088 1668 Cullatoreui
3108 1631 3226 1682 cap.
3253 1612 3320 1666 4-2
3337 1616 3440 1670 ait:

1868 1726 1885 1757 ι
1909 1707 2011 1760 Per
2042 1707 2182 1758 hunc
2212 1704 2379 1756 virum
2406 1705 2539 1758 intra
2562 1701 2757 1757 Gallias
2802 1705 2916 1755 istis
2949 1703 3078 1770 ipsis
3111 1703 3201 1772 qui
3244 1713 3444 1756 sancta:

167 1823 330 1866 venio
374 1813 656 1868 doctrinm.
698 1836 715 1867 ,
747 1817 924 1883 Erras,
975 1834 1007 1871 ο
1041 1819 1179 1871 bone
1225 1819 1336 1872 vir!
1369 1828 1422 1872 ει
1454 1826 1565 1870 ,οιο
1614 1817 1752 1870 ostio
1784 1797 1830 1856 Β
1858 1799 2131 1853 memoria:
2169 1801 2458 1850 AUCUSTINI
2494 1796 2690 1862 scripta
2724 1794 3156 1862 reprehendunt,
3206 1793 3439 1847 malelo-

171 1917 338 1960 erras.
373 1920 646 1972 nunquam
674 1907 823 1960 solus
847 1916 928 1961 est
955 1908 1303 1975 Augustinus,
1331 1919 1381 1960 et
1413 1907 1455 1959 si
1480 1907 1756 1976 quidpiam

169 1992 370 2059 primus
390 1991 457 2046 de
485 1994 960 2061 prwdestinatione
989 1996 1146 2062 dixit,
1179 1997 1290 2063 jam
1331 2010 1435 2048 non
1476 1994 1625 2047 Solus
1656 1995 1757 2048 hoc

168 2082 317 2150 dixit,
365 2092 441 2137 tot
486 2085 791 2139 subsecutis
824 2086 1070 2140 Patribus
1109 2087 1387 2156 Augustini
1422 2085 1584 2139 verba
1631 2085 1755 2139 red-

169 2174 440 2236 dentibus,
476 2189 596 2243 quze
627 2176 920 2231 adversarii
952 2192 1057 2231 non
1085 2178 1213 2231 satis
1238 2177 1579 2231 adnotarunt.

233 2264 384 2330 Quod
419 2280 548 2319 vero
592 2267 740 2320 addit
794 2270 1054 2334 Annatus,
1102 2269 1202 2322 illis
1258 2268 1434 2323 verbis
1478 2268 1755 2322 (Imlcstini

165 2364 348 2408 contra
398 2355 891 2427 Sami-Pelagianos
924 2369 948 2412 :'
978 2378 997 2411 ‹
1032 2359 1295 2412 Piissimis
1334 2358 1755 2426 disputator-ibus

163 2445 384 2498 obviare
418 2459 765 2513 prresumunt,
800 2457 854 2502 et
881 2464 1002 2502 cum
1048 2449 1320 2516 Pelagium
1360 2458 1522 2516 atquc.
1554 2449 1757 2502 Coales-

166 2539 290 2592 tium
326 2541 790 2595 anatliematiz-ire
834 2558 939 2597 non
971 2542 1237 2608 dubitcut,
1274 2542 1544 2611 magistris
1577 2553 1754 2594 tamen

165 2630 392 2692 nostris,
439 2622 692 2698 tanquam
736 2635 1095 2685 necessarium
1143 2632 1358 2684 modum
1400 2633 1755 2693 excesserint,

159 2716 549 2787 obloqunntur,
583 2737 600 2771 ι
638 2735 744 2773 non
772 2736 932 2774 unum
981 2722 1338 2790 Augustinum
1378 2720 1626 2790 intelligi,
1663 2719 1756 2773 sed

160 2809 326 2860 etiam
388 2808 815 2879 Hieronymum,
872 2813 1118 2879 imperite
1177 2827 1400 2882 prorsus
1451 2812 1756 2865 asseritur:

162 2900 361 2956 etenim
423 2900 879 2971 Semi-Pelagiani
935 2914 1118 2958 contra
1182 2920 1343 2957 unum
1402 2903 1757 2971 Augustinum

165 2991 555 3062 loquebantur.
611 2994 752 3060 quod
799 2995 946 3049 solus
999 2995 1143 3048 illam
1176 2994 1243 3048 de
1284 2994 1760 3063 prredestinatione

166 3083 391 3149 gratuita
424 3085 753 3137 sententiam
780 3085 1072 3140 docuisset.
1117 3084 1314 3139 Scribit
1341 3086 1481 3138 enim
1526 3086 1758 3150 Prosiier

1861 1890 2092 1957 quentia:
2122 1898 2204 1941 est
2230 1889 2478 1954 adempta
2518 1887 2758 1940 libertas.
2795 1904 2812 1935 ι
2853 1887 3203 1952 Augustinum
3234 1892 3436 1937 tantum

1861 1988 1914 2033 et
1959 1997 1984 2030 a
2040 1977 2461 2032 Massiliensibus
2511 1975 2920 2045 reprehensum,
2979 1985 3030 2027 et
3078 1990 3106 2026 a
3153 1974 3445 2028 Cm'eSIino

1859 2070 2132 2126 laudatum
2159 2069 2366 2134 scribit,
2403 2069 2534 2122 nihil
2562 2070 2625 2122 dc
2651 2069 2977 2137 Hieronymo
3006 2067 3233 2120 lecutus.
3263 2068 3329 2119 At
3357 2081 3441 2118 rc-

1861 2162 2132 2215 centiores
2162 2161 2461 2228 Augustino
2501 2159 2662 2213 illata:
2690 2174 2720 2211 a
2748 2157 3208 2225 Secti-Pelagianis
3239 2158 3444 2208 calum-

1860 2250 1964 2304 nite
1991 2260 2150 2319 atque
2178 2250 2384 2313 injuriae
2413 2249 2615 2302 socium
2657 2249 3038 2318 Hieronymum
3073 2248 3298 2310 faciunt,
3341 2262 3445 2300 non

1855 2342 2032 2396 'sclati.
2065 2342 2256 2410 gratia,
2291 2342 2385 2394 sed
2419 2351 2476 2392 ut
2508 2338 2873 2394 tiu-.lestiniani
2901 2339 3058 2406 elogii
3091 2354 3212 2407 pars
3241 2348 3444 2390 tantum

1861 2432 1926 2486 ad
1968 2431 2322 2501 Angusunum
2370 2431 2716 2495 devolvatur,
2769 2430 2934 2484 altera
2991 2430 3314 2496 Hieronymo
3361 2444 3446 2482 re-

1859 2535 2122 2577 servetur.
2170 2524 2335 2576 Porro
2369 2522 2721 2592 Augustinum
2771 2520 2956 2589 plurali
3004 2535 3226 2572 numero
3278 2516 3446 2585 magi-

1855 2613 2027 2667 ’διιιιιιι
2070 2628 2132 2665 ac
2174 2614 2448 2666 doctorem
2492 2613 2561 2664 ab
2601 2612 2891 2678 apostolica
2943 2610 3071 2663 sede
3123 2611 3446 2674 appellatum

1862 2703 2018 2770 paulo
2059 2701 2281 2754 inferius
2311 2701 2598 2764 constabit,
2633 2701 2718 2752 ubi
2749 2699 2816 2752 de
2867 2699 3044 2752 Felice
3087 2697 3148 2750 lV
3185 2699 3443 2750 dicemus.

1952 2814 2178 2868 Sanctus
2245 2812 2489 2867 Gelasius
2561 2826 2692 2880 papa
2741 2811 2880 2864 inter
2934 2808 3103 2863 sancti
3161 2807 3444 2876 Augustini

1863 2906 2103 2960 cultores
2151 2915 2494 2967 numeratur,
2543 2917 2774 2970 eumque
2830 2917 2933 2953 non
2993 2899 3264 2956 immerito
3311 2898 3441 2951 Vas-

1860 3001 2016 3069 quius
2049 3008 2183 3066 part.
2219 3014 2256 3063 ι,
2290 2997 2490 3065 disput.
2533 2997 2591 3049 9i
2619 3039 2636 3059 ,
2667 3011 2817 3049 num.
2849 2992 2937 3057 75,
2972 3000 3125 3047 vocat
3159 3008 3248 3061 per
3275 2990 3448 3044 omnia

1862 3091 2322 3160 Augustinianunt.
2371 3088 2464 3142 llle
2510 3087 2670 3156 igitur
2711 3087 2766 3139 in
2806 3084 3031 3151 epistola
3063 3085 3131 3136 ad
3160 3083 3446 3152 episcopos

166 3172 229 3226 ad
257 3173 623 3242 Augustinum
651 3191 664 3224 :
704 3191 722 3224 ι
756 3174 828 3227 Ea
861 3190 979 3242 qua:
1004 3175 1072 3229 de
1094 3176 1317 3243 epismla
1344 3175 1570 3243 apostoli
1601 3174 1752 3228 Pauli
1785 3153 1832 3217 (ἶ
1865 3153 1965 3250 pc]:
1988 3181 2263 3241 Picenum,
2309 3180 2386 3232 uti
2435 3153 2551 3233 lib:
2570 3195 2602 3232 ιι
2649 3177 2898 3231 Historia:
2941 3175 3121 3242 Pelag.
3142 3213 3157 3238 ,
3202 3189 3324 3242 cap.
3356 3173 3445 3237 l7,

167 3258 419 3315 Romanis
444 3262 760 3325 scribentis,
795 3263 859 3314 ad
890 3262 1384 3318 manifestationem
1408 3263 1603 3316 divina:
1635 3277 1757 3333 gra-

167 3351 249 3405 tiae
297 3353 683 3421 praevenientis
741 3353 1031 3408 electorum
1085 3357 1272 3409 merita
1316 3355 1680 3424 proferuntur,
1722 3375 1755 3412 Α
1814 3350 1816 3352 ’

165 3456 329 3496 succo
362 3458 606 3514 unquam
646 3444 1133 3500 ecclesiasticarum
1180 3447 1252 3500 ita
1287 3461 1409 3502 esse
1453 3449 1749 3516 intellecta,

164 3543 217 3588 ut
243 3550 379 3589 nunc
411 3535 745 3601 sentiuntur,
795 3538 1087 3591 affirmant.
1124 3557 1142 3589 ι
1178 3538 1292 3591 Non
1323 3538 1484 3607 igitur
1506 3554 1607 3592 una
1634 3555 1756 3594 cum

162 3626 457 3692 Augustino
499 3626 864 3696 Hieronymus
893 3627 1393 3696 reprehendebatur
1420 3642 1452 3680 a
1481 3628 1758 3682 Semi-Pe—

160 3712 413 3782 lagianis;
457 3717 572 3768 imo
603 3717 676 3770 ita
704 3717 1068 3788 Hieronymus
1097 3719 1163 3772 de
1190 3720 1361 3787 gratia
1390 3726 1576 3772 contra
1610 3718 1761 3772 Pela-

160 3803 345 3870 gianos
385 3806 634 3874 scripsit,
688 3816 743 3859 ut
791 3807 1380 3877 Semi—Pelagiauorum
1437 3808 1758 3861 sententiam

159 3899 394 3953 tenuisse
425 3900 759 3970 quibusdam
800 3899 947 3954 visus
976 3898 1163 3966 fuerit;
1198 3915 1319 3953 nam
1351 3900 1443 3956 lib.
1469 3916 1526 3954 ιιι
1551 3889 1757 3970 Dialog.

159 4001 336 4044 contra
378 3993 577 4062 Pelag.
613 3994 686 4047 ait
719 4012 728 4044 :
761 4011 778 4043 ι
810 3993 1047 4057 iustitia,
1086 3994 1270 4049 labore
1299 4003 1354 4049 et
1384 3983 1673 4057 industria,
1699 4008 1763 4048 ac

159 4079 444 4148 diligentia,
502 4092 574 4138 et
611 4097 825 4152 semper
875 4098 1038 4151 super
1095 4085 1271 4138 omnia
1327 4085 1424 4138 Dei
1477 4084 1759 4139 clementia

158 4169 480 4236 custoditur,
524 4180 596 4224 ut
650 4183 890 4226 n05trum
943 4176 1011 4226 sit
1061 4188 1272 4242 rogare,
1329 4173 1473 4228 illius
1527 4174 1763 4230 tribuere

158 4261 290 4331 quod
341 4277 603 4336 rogatur,
664 4281 912 4321 mos'rncu
966 4282 1231 4331 INCIPERE,
1280 4267 1420 4322 illius
1478 4266 1759 4337 perficere,

161 4368 394 4410 sosraeu
444 4371 704 4412 ornans
761 4356 903 4427 quod
957 4371 1284 4425 possumus,
1345 4356 1484 4410 illius
1538 4358 1763 4424 implere

167 4449 300 4511 quod
330 4465 439 4505 non
469 4463 788 4518 possumus.
827 4468 844 4501 ι
879 4449 1011 4516 Qua:
1040 4449 1256 4518 quidem
1283 4465 1314 4503 a
1343 4447 1764 4518 Semi-Pelagia-

1860 3273 2283 3337 observavimus,
2336 3271 2451 3328 haec
2497 3271 2730 3325 scribit:
2771 3287 2788 3320 ι
2829 3267 3020 3323 Adhuc
3050 3266 3223 3336 majus
3271 3267 3448 3321 scelus

1859 3361 2140 3426 accrescit,
2162 3370 2218 3413 ut
2247 3359 2349 3414 sub
2380 3373 2530 3425 cons;
2549 3369 2672 3415 ectu
2703 3367 2757 3412 et
2790 3357 3078 3426 przesmtia
3103 3355 3447 3411 sacerdotum

1858 3453 2030 3508 beata:
2057 3454 2331 3509 memorias
2364 3453 2749 3522 llierOnymum
2781 3461 2940 3519 atque
2979 3450 3331 3517 Augustinum
3363 3463 3448 3501 ec-

1859 3546 2278 3600 clesiasticornm
2307 3544 2504 3596 lumina
2534 3544 2910 3611 magistrorum
2942 3553 3124 3590 musca
3157 3538 3438 3599 moritura,

1860 3635 1996 3688 sicut
2047 3635 2310 3700 scriptum
2359 3640 2474 3695 est,
2524 3628 2894 3683 exterminans
2942 3626 3118 3680 oleum
3165 3626 3448 3679 suavitatis

1861 3724 2102 3779 lacerare
2131 3720 2503 3776 contenderet.
2542 3737 2559 3771 ι
2606 3719 2711 3772 Sua
2745 3718 2830 3770 bie
2862 3718 3186 3788 glossemata
3226 3719 3450 3785 apponit

1860 3819 2124 3878 Armatus,
2159 3814 2249 3866 lib.
2285 3829 2322 3876 ι,
2355 3828 2476 3878 cap.
2508 3813 2540 3866 8
2573 3829 2586 3865 :
2625 3829 2641 3861 ι
2675 3810 2813 3864 Ecce
2845 3809 3204 3875 Hieronymus
3227 3822 3441 3876 quoque

1862 3908 2042 3960 lumen
2074 3916 2156 3960 est
2199 3905 2598 3974 magistrorum,
2636 3904 2776 3956 sicut
2814 3898 3168 3970 Augustinus,
3210 3900 3451 3955 testimo-

1863 3998 1952 4052 nio
1984 3997 2209 4052 Romani
2259 3995 2548 4064 pontificis.
2579 4013 2598 4046 ›
2631 3993 2762 4061 Quis
2799 3993 2900 4048 hoc
2951 3993 3153 4049 inficias
3201 3993 3340 4049 ibit?
3380 3996 3452 4049 At

1864 4090 2089 4143 inultum
2130 4089 2354 4143 interest
2408 4086 2676 4141 undenam
2725 4084 2984 4140 adversus
3035 4086 3448 4159 Pelagianorum

1863 4183 2110 4237 tenebras
2142 4181 2314 4250 magis
2346 4179 2586 4234 Ecclesia
2619 4177 2939 4242 illustretur,
2972 4177 3199 4250 plusque
3230 4179 3454 4234 luminis

1862 4273 2090 4340 accipiat
2131 4271 2196 4324 ab
2230 4271 2629 4338 llieronymone
2658 4284 2724 4320 an
2750 4268 2817 4320 ab
2847 4269 3193 4340 Augustino?
3240 4271 3293 4324 In
3321 4287 3453 4324 eon-

1863 4371 2025 4415 ventu
2079 4359 2569 4430 llierosolymitauo
2620 4369 2804 4413 contra
2858 4359 3128 4427 Pelagium
3196 4360 3454 4427 producta

1864 4450 1964 4506 fuit
1994 4453 2062 4506 ab
2085 4452 2277 4506 Orosio
2307 4451 2532 4519 epistola
2560 4453 2729 4504 sancti
2760 4452 3040 4522 Augustini
3067 4452 3132 4504 ad
3169 4451 3447 4514 llilarinm,

171 4539 247 4592 nis
272 4555 364 4608 pro
393 4559 496 4596 suo
547 4545 792 4611 ipsorum
834 4541 1082 4610 dogmate
1111 4541 1280 4609 accipi
1312 4549 1578 4608 poterant,
1628 4556 1760 4610 quo-
1790 4523 1839 4583 Π
1863 4543 2096 4612 itemque
2123 4542 2282 4612 paulo
2323 4552 2444 4611 post
2470 4544 2630 4596 etiam
2661 4543 2710 4597 in
2737 4543 2942 4612 synodo
2977 4542 3356 4610 Diospolitana,
3387 4542 3456 4595 de

173 4643 282 4683 rum
331 4637 612 4688 sententia
660 4641 797 4695 erat,
850 4642 904 4684 ut
932 4631 1114 4685 verbis
1147 4641 1263 4685 utar
1297 4634 1545 4700 Prosperi
1574 4642 1760 4686 contra

173 4723 382 4791 Golian,
416 4741 542 4794 cap.
589 4725 626 4780 8
654 4743 667 4777 :
705 4742 723 4774 ι
766 4724 833 4778 Ut
863 4725 985 4778 boni
1018 4725 1371 4793 salubresque
1412 4733 1638 4777 conatus
1668 4739 1762 4776 ne-

175 4826 362 4880 queant
390 4818 618 4882 quidem
652 4815 930 4884 prolicere,
967 4817 1066 4869 nisi
1102 4817 1240 4869 Deus
1270 4816 1506 4884 adjuvet,
1538 4828 1760 4885 possunt

176 4911 370 4971 tamen,
419 4908 644 4963 etiamsi
695 4923 799 4961 non
833 4921 861 4960 a
891 4907 1000 4961 Deo
1043 4908 1389 4976 inspirentur,
1449 4908 1703 4975 incipere.
1739 4928 1756 4960 ›

177 4992 240 5046 Et
269 5010 393 5052 sane
426 5000 823 5068 Hieronymum
867 5013 986 5051 cum
1015 4999 1494 5067 Serui-Pelagianis
1525 5001 1762 5054 sensisse

179 5101 240 5139 eo
270 5088 372 5142 loci
420 5092 618 5146 scribit
658 5090 963 5157 Jansenius,
1021 5089 1207 5144 durius
1254 5092 1488 5143 locutum
1522 5090 1762 5156 Vossius,

182 5187 231 5229 et
261 5190 383 5235 ante
435 5192 732 5252 utrumque
759 5183 828 5237 de
879 5183 1205 5252 Hieronymo
1243 5184 1406 5253 aliqui
1462 5183 1769 5238 dubitarunt

181 5273 312 5337 apud
347 5273 645 5344 Vasquium
693 5283 832 5343 part.
873 5275 921 5338 l,
968 5275 1169 5342 disput.
1213 5275 1302 5342 9i,
1338 5289 1455 5343 cap.
1490 5276 1542 5329 8.
1580 5275 1768 5328 llieio-

185 5375 397 5428 Lymum
430 5382 568 5419 vero
607 5366 850 5434 pluribus
891 5376 1116 5420 conatur
1143 5366 1429 5420 defendere
1473 5365 1610 5419 idem
1663 5368 1772 5418 An-

186 5463 332 5507 natus
364 5458 458 5509 lib.
492 5473 564 5511 vn
596 5459 874 5528 Augustini
927 5458 1203 5523 vindicati,
1235 5473 1353 5527 cap.
1390 5457 1478 5522 1‘2,
1517 5459 1599 5512 cui
1645 5458 1773 5510 sub-

185 5546 380 5608 stribo,
427 5562 556 5599 nam
589 5559 768 5616 aperte
801 5548 875 5601 ait
906 5547 997 5601 Dei
1029 5548 1313 5602 clementia
1341 5549 1510 5603 semel
1544 5549 1775 5601 habitam

187 5635 408 5699 graiiam
433 5637 702 5691 custodiri
731 5654 744 5702 ;
779 5653 951 5707 neque
982 5638 1134 5692 labor
1159 5649 1210 5692 et
1239 5637 1494 5693 industria
1517 5637 1778 5702 s-zlitarie,

185 5735 371 5792 {tellure
409 5727 530 5782 sine
560 5729 757 5796 gratia,
792 5728 1135 5799 intelligenda
1176 5738 1320 5796 sunt,
1360 5739 1415 5784 ut
1455 5727 1622 5783 fusius
1670 5729 1779 5782 dis-

1867 4651 1968 4705 qua
2009 4650 2066 4690 re
2105 4637 2175 4689 ita
2225 4634 2417 4689 scribit
2462 4645 2682 4690 sanctus
2725 4638 2913 4689 doctor
2963 4634 3056 4687 lib.
3107 4633 3175 4686 de
3227 4633 3457 4686 Peccato

1868 4726 2029 4795 orig.,
2063 4740 2179 4796 cap.
2228 4727 2314 4792 10,
2363 4727 2478 4789 lucc
2519 4727 2706 4798 synodi
2738 4727 2898 4779 verba
2932 4724 3175 4778 refert-ns
3203 4741 3217 4777 :
3248 4741 3266 4775 ι
3300 4725 3445 4789 Quo-

1869 4817 2010 4874 niam
2053 4830 2266 4874 sanctus
2322 4822 2605 4890 episc0pus
2666 4820 2994 4887 Augustinus
3032 4817 3291 4872 adversus
3344 4819 3454 4873 dis-

1870 4911 2086 4978 cipulos,
2122 4913 2236 4978 ejus
2284 4911 2334 4963 in
2399 4910 2582 4965 Sicilia
2623 4908 2902 4975 respondit
2963 4907 3162 4962 llilario
3214 4909 3278 4963 ad
3326 4910 3454 4966 Sub-

1867 4993 2008 5067 jeCta
2055 4999 2284 5065 capitula
2344 5001 2583 5053 scribens
2639 4997 2832 5050 librum
2885 4998 2936 5052 in
2978 5014 3084 5066 quo
3134 5000 3233 5054 isza
3279 5002 3456 5074 conti-

1874 5098 2085 5151 nentur,
2123 5105 2140 5137 ι
2187 5100 2293 5139 etc.
2335 5087 2450 5152 Quo
2488 5103 2616 5140 sane
2658 5095 2902 5156 tempore
2949 5088 3304 5161 Hieronymus
3345 5091 3464 5161 jam

1872 5178 2118 5232 ediderat
2173 5174 2453 5245 epistolam
2507 5178 2685 5230 datam
2735 5179 2801 5232 ad
2861 5181 3264 5251 Ctesiphontem
3327 5197 3462 5239 con-.

1873 5278 1951 5322 tra
2009 5268 2306 5337 Pelagium,
2356 5278 2407 5320 ct
2447 5269 2497 5322 in
2531 5269 2810 5324 Palmstina
2861 5271 2972 5341 ipsa
3017 5277 3222 5338 aderat,
3264 5274 3316 5327 in
3347 5287 3456 5340 qua

1874 5361 2109 5430 synudus
2177 5360 2503 5426 habebatur,
2574 5363 2942 5433 majoremque
3004 5368 3113 5432 ipsa
3171 5374 3457 5432 praesentia

1877 5466 1938 5504 ac
1975 5449 2268 5504 sanctitatis
2297 5450 2434 5503 fama
2465 5456 2837 5508 auctoritatem
2879 5454 2963 5509 sui
2999 5455 3232 5508 numinis
3267 5453 3461 5510 redde-

1883 5543 1991 5608 bat,
2044 5553 2097 5595 et
2130 5552 2303 5596 t-mcn
2352 5543 2659 5613 Hieronymi
2706 5538 2934 5612 epistola
2978 5544 3460 5615 prmtermissa,ad

1882 5637 2282 5705 Augustiniana:
2305 5638 2545 5706 epistol-.1:
2569 5639 2824 5690 atuu~siin
2856 5637 3102 5706 Pelagius
3126 5638 3460 5693 examinatus

1825 5737 1840 5758 ’κ
1887 5727 2003 5780 fuit.
2047 5727 2311 5797 Ulijiricnt
2353 5731 2682 5783 recentiores
2725 5727 2982 5783 Joannem
3020 5728 3462 5800 Hierosolymita-
