3930 6370
455 358 565 413 795

1338 343 1895 408 SUPPLEHEM‘HH
1936 340 2026 397 an
2064 337 2290 394 OPERA
2333 342 2389 396 s.
2416 340 2805 400 AUGUSTINI.

3638 345 3743 402 796

456 487 583 525 num
614 469 919 540 Hieronymi
961 465 1169 523 hostem
1204 466 1519 520 acerrimum
1545 509 1558 527 ,
1599 460 1693 516 sed
1725 461 1778 514 in
1810 458 2037 524 Diuspo-
2065 455 2115 513 A
2145 455 2404 521 Romana,
2447 455 2546 510 hoc
2574 466 2656 509 est
2682 455 2946 509 catholica
2973 463 3228 526 sequatur
3256 465 3314 510 et
3342 466 3526 510 servet
3552 456 3731 512 Eccle-

444 560 624 615 ‘Iitana
660 559 867 630 synodo
896 573 1002 613 non
1042 557 1362 628 prmsidtrbat
1390 554 1617 607 antistes
1659 551 1926 613 llierusolt
1943 550 2041 603 nti-

461 661 639 719 tauus,
672 651 765 706 sed
812 650 1072 720 Eulogius
1110 647 1468 704 Cmsarecnsis
1519 645 1815 699 Pa'aestine
1846 650 2047 695 metro-

463 745 627 814 polita
663 760 677 798 :
711 751 768 796 ut
818 750 966 797 certe
1014 739 1097 795 vel
1147 739 1300 794 initio
1357 738 1569 792 illarum
1620 736 2046 804 diSputatiunum

464 834 597 886 satis
626 832 936 901 apparuerit
966 845 1129 885 unum
1172 828 1525 897 Augustinum
1556 843 1717 896 supra
1739 834 1964 881 exteros
1995 825 2047 879 in

466 925 753 995 Pelagiano
818 925 962 979 bello
1022 922 1411 976 validissimum
1476 937 1539 976 ac
1608 920 2043 975 strenuissimum

464 1017 655 1073 ducem
677 1018 889 1071 coalitus
912 1015 1263 1075 desﬁuatum,
1297 1030 1360 1068 ac
1391 1016 1549 1067 talem
1578 1014 1797 1068 Patrum
1829 1011 2050 1082 synodis

468 1108 770 1178 probatum.
818 1108 925 1163 Sed
979 1107 1105 1175 quid
1162 1106 1394 1160 nobilius
1453 1106 1572 1174 ipso
1628 1104 1938 1174 Hieronymi
1994 1113 2052 1157 et

465 1198 776 1253 testimonio
805 1205 862 1252 et
887 1197 1169 1267 exemplo?
1197 1196 1327 1251 Cum
1365 1197 1588 1253 Orosius
1631 1196 1796 1249 libros
1841 1194 2052 1263 priores

465 1292 535 1369 ab
566 1292 865 1363 Augustino
894 1300 1080 1346 contra
1114 1291 1427 1362 Pelagianos
1454 1289 1755 1360 publicatos
1783 1288 1836 1343 in
1869 1280 2052 1341 Asiam

463 1384 534 1438 ad
586 1384 971 1454 Hieronymum
1026 1381 1355 1446 detulisset,
1405 1378 1841 1435 Betltleetniticus
1895 1376 2053 1431 Pater

468 1474 729 1529 doctrina?
749 1474 980 1542 cepiam,
1006 1470 1325 1527 eruditionis
1352 1469 1753 1536 excellentiam,
1779 1469 2053 1522 rationum

468 1577 739 1620 momenta
794 1565 1167 1633 integrumque
1222 1574 1357 1631 opus
1419 1560 1739 1625 admiratus,
1778 1556 2052 1614 silentium

469 1656 574 1710 sibi
626 1654 855 1722 indixit,
908 1652 1070 1723 idque
1121 1653 1323 1721 scripto
1377 1664 1563 1709 coram
1617 1649 1750 1704 orbe
1800 1648 2055 1702 universo

469 1746 759 1816 publicavit
801 1746 856 1799 in
889 1746 992 1799 line
1033 1743 1125 1798 lib.
1172 1757 1228 1796 ut
1260 1740 1620 1809 Dialogorum,
1667 1739 1781 1804 ubi,
1827 1739 2054 1806 loquens

2150 547 2249 612 sia,
2285 548 2407 601 licet
2435 548 2485 600 in
2517 546 2673 600 variis
2704 546 2851 600 libris
2885 546 3035 599 beati
3069 547 3379 614 Augustini,
3411 556 3465 600 et
3506 550 3739 605 maxime

2150 637 2216 690 ad
2254 638 2571 707 Prospei-um
2611 648 2664 693 et
2696 636 2955 692 Hilarium
3000 638 3212 691 abunde
3251 640 3420 707 possit
3449 644 3736 708 cognosci,

2153 737 2412 784 tamenet
2453 730 2505 783 in
2548 730 2761 785 srriniis
2795 728 3173 784 ecclesiasticis
3219 744 3477 798 expressa
3506 732 3743 800 capitula

2150 820 2511 883 continentur,
2550 837 2568 870 ι
2604 827 2709 874 etc.
2757 819 2874 886 Quo
2921 821 3189 889 pra~conio
3237 821 3409 874 sancti
3456 821 3743 892 Augustini

2155 908 2453 963 doctrinam
2489 908 2741 964 Ecclesiae
2772 910 3071 963 doctrinam
3106 910 3426 965 declaravit.
3456 910 3746 968 Recentio—

2153 1017 2241 1057 res
2271 1011 2445 1055 tamen
2480 1017 2664 1072 parum
2694 1002 2817 1057 inde
2842 1002 3096 1070 ponderis
3125 1001 3530 1072 Augustiuiana:
3561 1015 3740 1060 ancte-

2153 1095 2301 1150 ritati
2348 1093 2503 1163 adjici
2557 1104 2784 1164 putant,
2810 1095 3102 1164 pravisque
3142 1098 3576 1152 resrrimiouibus
3604 1099 3747 1152 llos.

2160 1184 2347 1241 ntisdae
2375 1185 2739 1241 testimonium
2773 1185 3025 1240 limitant.
3051 1187 3317 1253 Annatns,
3350 1187 3444 1241 lib.
3478 1202 3597 1243 \‘lll.
3622 1203 3747 1256 cap.

2154 1282 2209 1346 6,
2243 1282 2356 1336 ait:
2391 1299 2410 1332 t
2446 1280 2734 1350 Postquam
2757 1280 2897 1332 enim
2929 1277 3193 1332 mittimur
3216 1279 3281 1332 ad
3307 1278 3475 1333 libros
3498 1279 3572 1333 de
3594 1282 3749 1335 Bono

2159 1373 2578 1443 perseverantia
2609 1371 2751 1427 etde
2772 1370 3254 1425 Prmdrstiuatione
3285 1383 3630 1436 sanctorum,
3661 1371 3757 1439 qui

2155 1464 2340 1533 scripti
2374 1473 2497 1518 sunt
2532 1464 2599 1517 ad
2631 1463 2951 1532 Prosperum
2982 1473 3036 1518 et
3074 1462 3334 1517 Hilarium
3358 1504 3379 1530 ,
3427 1463 3535 1518 hoc
3585 1479 3744 1519 unum

2155 1564 2347 1626 putare
2375 1554 2658 1622 debemus,
2704 1557 2975 1625 pertinere
2998 1554 3063 1608 ad
3103 1554 3401 1609 Romanam
3432 1568 3487 1609 et
3519 1556 3744 1609 catholi-

2154 1660 2272 1701 cam
2299 1645 2479 1712 lidem,
2500 1644 2643 1715 quod
2665 1646 2991 1714 Augustinus
3008 1643 3235 1701 intendit
3256 1643 3380 1698 tutis
3412 1645 3519 1698 illis
3541 1644 3742 1699 Ιιδιξςη

2159 1735 2322 1791 Addit
2368 1736 2475 1790 duo
2520 1733 2715 1791 ibidem
2764 1743 2966 1789 tantum
3010 1734 3249 1803 intendi,
3278 1735 3669 1805 initium‘ﬁdei
3697 1747 3747 1791 et

466 1805 537 1893 de
583 1839 735 1893 libris
771 1836 942 1892 sancti
996 1830 1277 1905 Augustini
1336 1805 1521 1888 contra
1576 1805 2046 1900 Pelagiumpait:
2077 1805 2127 1869 Β
2154 1844 2321 1899 usque
2349 1830 2401 1884 in
2443 1829 2604 1884 llnem
2657 1827 3113 1897 perseverantiam
3155 1828 3207 1883 in
3253 1830 3397 1883 bono
3436 1843 3569 1884 esse
3611 1829 3748 1884 dona

474 1944 495 1979 ι
522 1926 668 1983 Alios
689 1941 901 1997 quoque
922 1925 1226 1995 specialiter
1250 1932 1342 1979 tuo
1373 1922 1575 1977 nomini
1604 1922 1804 1975 cudere
1826 1919 2050 1984 dicitur,

467 2017 561 2086 qui
593 2018 817 2072 necdum
849 2018 901 2071 in
924 2022 1136 2071 nostras
1166 2028 1364 2070 venere
1388 2026 1598 2077 manus,
1628 2011 1772 2065 unde
1801 2025 2058 2080 superse-

472 2107 708 2161 dendum
751 2108 876 2162 huic
920 2105 1089 2161 labori
1129 2118 1346 2171 censeo,
1389 2118 1456 2159 ne
1496 2101 1707 2157 dicatur
1746 2099 1874 2154 mihi
1922 2100 2055 2155 illud

472 2195 701 2261 Horatii,
747 2194 815 2250 In
856 2194 1051 2266 sylvam
1082 2211 1143 2247 ne
1183 2196 1327 2265 ligna
1372 2193 1530 2262 feras,
1572 2200 1665 2245 aut
1691 2191 1833 2245 enim
1865 2189 2053 2245 eadem

470 2285 779 2341 diceremus
826 2301 893 2340 ex
944 2283 1236 2352 superfluo,
1287 2290 1379 2336 aut
1433 2281 1480 2335 si
1530 2296 1666 2336 nova
1723 2279 2055 2335 voluerimus

469 2375 719 2442 dicere,a
744 2388 1055 2430 cuntssmo
1076 2387 1287 2427 lNGENIO
1309 2386 1583 2426 occupare
1603 2384 1736 2423 sum
1761 2384 2015 2423 MELIOBA.
2031 2387 2053 2420 ι

474 2464 624 2519 Adeo
667 2480 795 2520 vero
830 2466 1186 2534 Hieronymus
1236 2463 1490 2533 religiose
1543 2460 1817 2516 silentium
1871 2473 2053 2529 postea

477 2555 664 2622 coluit,
692 2562 753 2609 ut
777 2554 845 2610 ab
868 2553 1116 2609 Anniano
1139 2552 1378 2623 ejusdem
1405 2552 1627 2620 epistola
1651 2551 1717 2605 ad
1735 2549 2060 2618 Ctesiphon-

476 2656 586 2699 tem
637 2646 979 2714 impugnata,
1046 2659 1154 2697 non
1217 2643 1375 2698 modo
1431 2642 1799 2697 defensionem
1857 2640 2055 2694 nullam

475 2732 791 2803 adornarit,
842 2733 935 2788 sed
988 2746 1082 2800 per
1134 2732 1345 2786 litteras
1395 2731 1752 2802 Augustinum
1803 2731 1867 2783 ad
1912 2730 2057 2783 illam

475 2823 857 2878 confutandam
904 2822 1150 2877 hortatus
1181 2821 1362 2890 fuerit,
1394 2822 1466 2876 de
1493 2837 1597 2890 qua
1632 2836 1689 2876 re
1721 2820 1857 2876 libro
1886 2821 2061 2889 primo

479 2914 730 2969 Historiae
770 2914 975 2985 Pelag.,
1027 2929 1149 2983 cap.
1208 2914 1294 2980 19,
1348 2912 1516 2967 fusius
1554 2913 1755 2967 dictum
1794 2920 1898 2969 est.
1940 2912 2059 2978 Ille,

478 3005 716 3075 inquam,
768 3004 1127 3075 Hieronymus
1164 3005 1504 3075 impugnatus
1528 3015 1801 3060 certamen
1848 3016 2065 3059 recusa-

480 3096 578 3162 rit,
608 3097 701 3166 qui
743 3112 844 3153 nec
883 3097 952 3151 ab
992 3096 1323 3152 amicissimo
1352 3095 1481 3150 olim
1523 3094 1721 3150 Ruﬁno
1746 3096 1964 3164 impune
2002 3108 2062 3150 se

480 3187 567 3243 vel
599 3189 879 3244 minimum
928 3188 1213 3259 perstringi
1262 3200 1452 3257 passus
1480 3195 1585 3251 est,
1618 3186 1713 3242 sed
1745 3186 1907 3242 editis
1938 3200 2064 3256 apo-
2089 3186 2138 3250 C

484 3280 643 3350 logiis
670 3280 843 3334 illatas
875 3293 1113 3348 quasque
1146 3277 1447 3334 calumnias
1483 3276 1836 3347 propulsavit.
1878 3276 2062 3346 itaque

480 3392 608 3433 cum
640 3378 999 3449 Hieronymus
1021 3377 1075 3432 in
1105 3376 1207 3432 hoc
1225 3374 1401 3432 stadio
1430 3375 1734 3447 lampadem
1763 3376 2066 3445 Augustino

484 3468 797 3536 tradiderit,
850 3470 920 3523 ab
966 3468 1073 3523 isto
1119 3480 1333 3538 quoque
1387 3467 1543 3522 unice
1591 3467 1773 3521 lumen
1826 3466 2065 3522 Ecclesia

482 3563 712 3632 accepit,
770 3576 879 3633 quo
915 3561 1102 3618 orbem
1142 3560 1466 3616 catholicum
1510 3559 1823 3613 illustraret.
1871 3558 1948 3612 Ex
1982 3557 2067 3614 liis

484 3664 631 3728 patet
672 3656 833 3712 etiam
872 3669 1063 3711 vanam
1110 3667 1233 3709 esse
1283 3651 1428 3707 illam
1479 3651 1719 3706 Morainii
1774 3665 1960 3706 vocem
2012 3652 2066 3705 in

489 3748 803 3818 praefatione
832 3749 898 3803 ad
928 3747 1296 3804 ortltodoxos:
1327 3763 1346 3797 r
1381 3744 1521 3811 Quid
1578 3745 1644 3799 de
1706 3743 2070 3815 Hieronymo?

488 3842 676 3898 Eritne
703 3844 864 3899 etiam
887 3841 977 3897 ille
1003 3840 1290 3910 Augustini
1322 3836 1641 3905 discipulus,
1674 3836 1759 3890 vel
1790 3836 1858 3891 de
1891 3841 2067 3905 Ange-

486 3933 554 3988 lis
582 3930 1004 3987 inferioribus?»
1030 3929 1151 3983 Non
1176 3927 1470 3995 discipulus
1497 3924 1785 3994 Augustini
1822 3926 1943 3991 fuit,
1970 3926 2067 3981 scd

487 4021 644 4075 initio
684 4018 997 4073 certaminis
1052 4016 1369 4081 commilito,
1420 4015 1543 4069 dein
1593 4014 1739 4070 domi
1789 4014 2070 4085 quiescens

487 4107 965 4178 Augustinensium
992 4106 1299 4177 praeliorum
1322 4122 1384 4162 ac
1403 4108 1745 4163 victoriarum
1776 4110 2074 4164 admirator

485 4204 716 4270 exstitit,
761 4209 878 4268 toto
915 4202 1042 4259 belli
1073 4215 1242 4258 onere
1282 4203 1334 4258 in
1383 4203 1744 4274 Augustinum
1796 4202 2068 4257 devoluto.

473 4294 740 4352 'Gelasius
770 4292 987 4363 quidem
1016 4292 1399 4364 Hieronymum
1434 4309 1584 4363 teque
1613 4307 1675 4348 ac
1714 4293 2070 4364 Augustinum

490 4384 698 4453 laudat,
745 4384 891 4456 quod
916 4384 1122 4440 Seneca
1155 4383 1247 4440 ille
1275 4384 1561 4440 btereticus
1585 4394 1870 4455 utrumque
1910 4386 2075 4442 male-

488 4478 614 4534 dico
669 4477 833 4534 dente
881 4474 1264 4547 proscindcbat
1317 4494 1329 4529 :
1369 4478 1527 4532 sicuti
1581 4493 1704 4533 cum
1745 4479 2072 4534 Caelestinth

2157 1922 2273 1978 Dei.
2296 1920 2430 1976 Hinc
2455 1921 2726 1976 concludit
2749 1936 2866 1991 pag.
2894 1920 2998 1975 905
3027 1938 3042 1975 :
3077 1938 3097 1973 r
3136 1920 3273 1991 Ergo
3302 1920 3391 1990 qui
3431 1935 3531 1975 nos
3559 1922 3631 1975 ad
3658 1922 3750 1976 bos

2154 2015 2320 2071 libros
2346 2015 2508 2070 mittit
2537 2029 2780 2069 summus
2810 2014 3045 2084 pontifex
3077 2014 3354 2068 audituros
3382 2015 3517 2080 quid
3554 2013 3746 2067 notua.

2157 2121 2247 2171 na,
2272 2105 2373 2160 hoc
2402 2119 2484 2161 εει
2510 2106 2772 2160 catholica
2801 2106 2992 2160 doceat
3027 2105 3265 2160 Ecclesia
3298 2105 3366 2160 de
3392 2106 3572 2175 gratia
3603 2117 3659 2160 et
3686 2108 3746 2160 li-

2157 2198 2288 2252 bero
2318 2196 2556 2263 arbitrio,
2589 2196 2798 2252 discere
2828 2211 2924 2251 nos
2951 2196 3051 2251 hoc
3083 2204 3282 2250 tantum
3308 2196 3484 2266 jubet.
3527 2197 3675 2266 Ergo
3702 2198 3743 2251 si

2158 2302 2277 2357 quae
2322 2287 2426 2341 alia
2474 2286 2868 2351 intercurrant,
2918 2286 3045 2341 dum
3098 2285 3212 2341 haec
3243 2286 3646 2341 confirmantur
3689 2288 3749 2340 ab

2158 2379 2481 2448 Augustino,
2529 2392 2628 2432 nec
2676 2377 2910 2432 habeant
2956 2378 3312 2433 necessariam
3354 2378 3749 2432 connexionem

2159 2485 2277 2526 cum
2308 2470 2371 2523 iis
2402 2484 2521 2539 qua:
2555 2470 2893 2537 potissimum
2926 2469 3292 2535 intenduntur,
3328 2483 3436 2525 non
3467 2479 3560 2524 est
3604 2486 3748 2525 men-

2162 2566 2230 2620 tis
2252 2566 2519 2634 pontilicis
2539 2574 2596 2621 ut
2616 2566 2696 2621 eis
2718 2566 2942 2622 ﬁrmiter
2962 2566 3353 2630 adhaereamus,
3376 2566 3425 2620 si
3448 2564 3595 2620 nihil
3613 2566 3747 2620 aliud

2162 2658 2325 2724 cogit,
2374 2656 2497 2726 quia
2545 2671 2644 2712 nec
2687 2666 2770 2711 est
2814 2656 3011 2711 mentis
3052 2657 3329 2724 ipsiusmet
3376 2656 3694 2727 Augustini.
3729 2674 3750 2706 ι

2165 2747 2363 2800 Verum
2399 2745 2659 2802 invidiosa
2689 2761 2752 2801 ac
2781 2756 3108 2817 praepostera
3146 2762 3366 2816 prorsus
3396 2746 3518 2803 bme
3546 2748 3751 2819 glosse-

2164 2848 2303 2893 mata
2328 2848 2471 2893 sunt.
2496 2838 2627 2907 Quis
2648 2837 2789 2892 enim
2815 2838 3020 2893 nesciat
3040 2838 3205 2893 libros
3234 2836 3417 2893 Fausti
3443 2838 3754 2908 praecipue,

2164 2928 2273 2984 into
2322 2930 2477 2984 unice
2520 2929 2750 2999 scriptos
2804 2938 2993 2985 contra
3050 2928 3581 2997 praedesrinationem
3634 2931 3755 2984 ante

2166 3024 2355 3076 merita
2385 3019 2635 3090 praevisa,
2667 3028 2812 3075 totus
2858 3017 3003 3074 enim
3034 3018 3091 3073 in
3123 3033 3189 3075 eo
3219 3026 3301 3073 est
3346 3026 3401 3073 ut
3434 3019 3614 3073 sancti
3645 3019 3756 3073 Au-

2169 3113 2367 3184 gnStini
2397 3112 2720 3168 sententiam
2749 3110 3013 3166 confutet.
3060 3109 3193 3164 Hinc
3236 3109 3429 3166 Petrus
3464 3109 3759 3178 Diaconus,

2168 3208 2221 3263 in
2254 3206 2359 3261 fine
2383 3206 2503 3261 libri
2533 3206 2601 3261 de
2625 3203 3000 3260 lncarnatione
3030 3212 3083 3257 et
3108 3202 3300 3273 gratia,
3327 3201 3517 3258 scribit
3546 3216 3610 3258 se
3638 3217 3759 3257 cum

2167 3296 2443 3354 monachis
2466 3297 2629 3351 sociis
2653 3294 3105 3350 anathematimre
3138 3311 3158 3345 r
3191 3292 3357 3347 libros
3390 3292 3581 3348 Fausti
3636 3292 3762 3347 Gal-

2168 3380 2356 3443 liarum
2383 3384 2653 3455 episcopi,
2686 3382 2775 3454 qui
2803 3384 2873 3440 de
2901 3381 3230 3439 monasterio
3260 3381 3533 3437 Lirinensi
3567 3396 3763 3452 proveo

2169 3484 2289 3532 ctus
2340 3484 2442 3541 est,
2485 3487 2620 3545 quos
2665 3482 2849 3529 contra
2896 3471 3385 3543 prmdestinatiunis
3429 3472 3761 3530 sententiam

2168 3568 2397 3637 scriptos
2426 3580 2546 3620 esse
2576 3580 2683 3621 non
2728 3574 2810 3621 est
2854 3563 3095 3619 dubium.
3134 3582 3154 3616 ι
3189 3562 3404 3630 Quare,
3444 3579 3574 3619 cum
3624 3565 3762 3620 Hor-

2172 3661 2375 3717 misdas
2411 3658 2593 3714 Fausti
2626 3673 2763 3727 opus
2786 3657 3059 3728 reprobet,
3088 3671 3151 3712 ac
3176 3672 3207 3713 e
3230 3666 3414 3731 contra
3436 3658 3621 3711 sancti
3651 3659 3761 3711 Au-

2172 3752 2368 3826 gumini
2400 3751 2569 3808 libros
2613 3750 2869 3820 legendos
2913 3750 3190 3816 inculcet,
3222 3748 3550 3804 sententiam
3590 3751 3767 3805 sancti

2171 3845 2450 3915 Augustini
2478 3844 2545 3899 de
2574 3845 2803 3913 gratuita
2854 3842 3327 3912 prmdestinatione
3366 3841 3476 3896 illis
3509 3843 3563 3896 in
3614 3843 3767 3898 libris

2171 3942 2432 3990 aSsertam
2466 3932 2674 4002 probat,
2699 3948 2857 4001 quam
2883 3942 3058 3987 tamen
3092 3932 3231 3986 inter
3256 3929 3549 3999 adiapltora
3585 3934 3765 3985 Anna-

2175 4034 2259 4079 tus
2287 4022 2477 4092 rejicit.
2507 4022 2776 4091 Heprobat
2799 4021 3034 4092 pontifex
3064 4021 3249 4076 FauSIi
3279 4020 3446 4074 libros
3470 4021 3762 4090 inscriptos

2172 4115 2241 4168 de
2271 4114 2452 4169 Gratia
2482 4121 2535 4168 et
2561 4112 2731 4167 libero
2778 4113 3037 4179 arbitrio;
3071 4111 3332 4182 approbat
3363 4126 3499 4166 vero
3547 4127 3615 4169 ea
3647 4129 3761 4183 qua:

2173 4204 2241 4260 de
2272 4205 2359 4259 illa
2388 4205 2612 4260 materia
2641 4204 2829 4259 scribit
2859 4204 3208 4274 Augustinus,
3234 4204 3509 4274 principue
3539 4205 3608 4259 ad
3636 4205 3765 4260 Pro-

2172 4311 2389 4368 sperum
2437 4306 2493 4351 et
2534 4296 2816 4352 Hilarium.
2860 4296 3044 4367 Itaque
3099 4312 3431 4368 quaecunque
3473 4299 3664 4354 theses
3704 4298 3773 4353 de

2174 4387 2341 4458 gratia
2371 4393 2425 4443 et
2456 4386 2625 4442 libero
2655 4386 2878 4441 arbitrio
2906 4386 3095 4456 positas
3142 4396 3268 4442 sunt
3314 4386 3382 4441 ab
3420 4387 3760 4458 Augustino,

2175 4480 2372 4551 quibus
2401 4479 2735 4535 adversarios
2763 4481 3012 4549 Opposuit
3042 4478 3289 4542 Faustus,
3319 4478 3437 4533 illas
3456 4495 3488 4533 a
3518 4480 3758 4534 Romana

487 4568 740 4628 Pontifex
773 4583 939 4625 unum
972 4568 1331 4639 Augustinum
1369 4577 1555 4624 contra
1586 4568 2068 4642 Semi-Pelagiano-
2094 4557 2145 4617 Β
2179 4572 2417 4627 Ecclesia
2447 4570 2649 4625 servari
2696 4585 2760 4625 ac
2803 4570 3019 4626 defendi
3050 4570 3208 4626 tradit
3244 4570 3585 4626 Hormisdas.
3620 4574 3762 4627 Sane

490 4676 612 4716 rum
660 4667 883 4720 conatus
931 4657 1246 4714 nominatim
1275 4656 1534 4725 defendit,
1593 4674 1758 4714 unum
1805 4659 1955 4713 illum
2001 4659 2071 4714 ab

490 4752 681 4808 iisdem
725 4751 890 4808 luisse
928 4749 1228 4822 impetitum
1276 4750 1644 4819 intelligimus,
1676 4764 1783 4806 non
1811 4764 1941 4805 vero
1967 4766 2068 4805 una

489 4862 613 4901 cum
642 4845 989 4915 Hieronymo,
1037 4852 1095 4900 ut
1124 4846 1364 4900 Annatus
1393 4841 1918 4902 comminiscebatur.
1946 4841 2068 4899 Cae-

494 4946 664 4989 terum
707 4936 952 4992 Gelasius
989 4951 1052 4991 ea
1099 4934 1156 4989 in
1200 4934 1429 5005 epistola
1459 4935 1630 4990 sancti
1662 4933 1948 5005 Augustini
1978 4948 2069 4991 so—

490 5026 596 5081 lius
616 5025 916 5083 doctrinam
940 5038 1102 5099 atque
1126 5029 1396 5099 dogmata,
1423 5038 1478 5084 et
1498 5028 1714 5099 quidem
1736 5043 1856 5098 quae
1879 5043 2069 5085 recen-

490 5116 717 5174 tioribus
745 5118 968 5174 minime
1009 5118 1337 5188 probantur,
1389 5119 1523 5173 adeo
1568 5119 1852 5188 perspicue
1881 5119 2064 5185 tradit,

488 5224 547 5264 ut
567 5221 694 5265 vere
712 5206 976 5264 dicendus
1007 5210 1078 5263 sit
1103 5224 1200 5280 per
1227 5212 1399 5265 omnia
1444 5211 1874 5283 Augustinianus,
1907 5210 2071 5283 idque

487 5299 740 5372 superius
765 5299 1068 5356 luculenter
1089 5314 1121 5354 a
1142 5302 1298 5357 nobis
1325 5302 1604 5372 probatum
1638 5311 1743 5359 est.

557 5390 808 5448 Succedit
837 5390 932 5444 his
977 5402 1195 5445 sanctus
1247 5389 1561 5447 Hormisdas
1610 5408 1775 5462 papa,
1827 5392 1918 5462 qui
1947 5433 1965 5461 ,
1995 5382 2077 5449 ιιῖἰ

488 5487 586 5544 lib.
616 5504 650 5544 ιι
675 5487 923 5544 Historia:
947 5486 1152 5559 Pelag.,
1183 5503 1303 5560 cap.
1333 5489 1425 5557 l9,
1456 5491 1811 5559 narravimus,
1835 5491 1905 5548 de
1924 5474 2097 5549 libris

491 5578 676 5635 Fausti
700 5578 949 5649 Rejensis
969 5594 999 5633 a
1033 5576 1352 5637 Possessore
1381 5580 1634 5650 episcopo
1655 5573 1957 5648 consultus,
1987 5582 2078 5640 ubi

495 5669 597 5721 bus
624 5669 692 5722 ab
719 5670 960 5726 Ecclesia
992 5671 1211 5729 minime
1240 5678 1487 5740 receptos
1514 5672 1809 5742 respondit,
1832 5673 1951 5730 lrrc
1980 5673 2074 5729 ad-

495 5758 631 5811 didit
659 5776 669 5809 :
702 5779 719 5812 ι
762 5761 835 5818 De
865 5761 1085 5819 arbitrio
1117 5772 1294 5822 tamen
1335 5762 1509 5819 libero
1538 5772 1589 5819 et
1625 5763 1793 5833 gratia
1826 5763 1917 5820 Dei
1952 5765 2077 5836 quid

2176 4664 2429 4719 invidiam
2483 4663 2690 4717 redolet
2732 4663 3043 4732 maximam,
3095 4671 3206 4718 tam
3245 4664 3477 4735 amplum
3515 4665 3765 4718 testimo-

2177 4756 2323 4810 nium
2353 4755 2420 4808 ad
2448 4754 2555 4809 duo
2583 4760 2789 4808 tantum
2844 4754 2989 4810 dicta
3030 4756 3317 4822 coamtari.
3360 4752 3462 4811 Sed
3510 4751 3756 4822 pontifex

2176 4862 2282 4902 non
2314 4845 2432 4900 illos
2456 4843 2592 4899 duos
2623 4853 2828 4899 tantum
2877 4845 3044 4900 libros
3086 4845 3370 4915 Augustini
3415 4842 3632 4909 laudat,
3655 4842 3754 4898 sed

2179 4950 2369 4993 vannos
2398 4934 2682 5007 Augustini
2727 4934 2928 5002 libros,
2970 4936 3236 5006 praecipue
3261 4949 3392 4990 vero
3426 4933 3496 4989 ad
3536 4934 3759 5003 Prospe—

2177 5043 2296 5084 rum
2327 5035 2382 5084 et
2412 5026 2678 5083 Hilarium
2707 5026 2863 5081 datos
2885 5026 3140 5095 appellat.
3168 5023 3322 5081 Unde
3347 5024 3549 5080 ibidem
3571 5034 3757 5079 cetera

2175 5122 2338 5178 etiam
2386 5119 2662 5177 volumina
2720 5118 3002 5188 Augustini
3049 5117 3457 5188 approbantur;
3504 5112 3756 5186 quidquid

2179 5213 2346 5283 igitur
2373 5211 2427 5268 in
2460 5210 2569 5268 illis
2598 5209 2758 5265 docet
2784 5208 2854 5265 de
2875 5208 3046 5279 gratia
3074 5216 3130 5264 et
3154 5206 3613 5270 liberoarbitrio,
3644 5205 3758 5270 hoc,

2176 5311 2315 5360 teste
2344 5301 2649 5370 Hormisda,
2673 5299 2914 5360 Romana
2936 5297 3179 5370 sequitur
3205 5305 3263 5353 et
3286 5306 3471 5353 servat
3494 5294 3751 5351 Ecclesia.

2179 5396 2422 5450 Armatus
2444 5407 2596 5459 vero,
2624 5391 2775 5463 quasi
2800 5390 3054 5463 particula
3080 5388 3168 5444 illa
3188 5388 3411 5442 maxime
3434 5386 3580 5442 idem
3620 5390 3757 5440 esset

2180 5501 2246 5544 ac
2291 5483 2590 5543 restrictiva
2640 5483 2849 5550 solum,
2895 5481 3028 5537 duas
3064 5488 3266 5535 tantum
3315 5479 3495 5533 sancti
3527 5473 3767 5530 doctoris

2180 5577 2496 5642 sententias,
2526 5589 2660 5645 quas
2692 5574 2963 5645 praecipue
3004 5571 3210 5627 stabilit
3239 5572 3292 5625 in
3330 5569 3482 5624 libris
3511 5567 3583 5622 de
3617 5566 3759 5620 Prs-

2180 5666 2539 5725 destinatione
2570 5676 2876 5721 sanctorum
2908 5664 3054 5719 etde
3100 5663 3251 5718 Dono
3302 5656 3718 5730 perseverantia
3738 5696 3762 5718 ι

2184 5762 2250 5819 ab
2278 5760 2562 5819 Hormisda
2588 5758 2935 5815 conﬁrmatas
2961 5756 3124 5827 Hllgil.
3154 5754 3265 5810 Non
3292 5753 3361 5807 ita
3388 5759 3490 5817 est,
3520 5749 3755 5812 Aunatc,
