3930 6370
217 329 327 388 797

1395 344 1714 402 VINI‘ICI£
1754 346 2314 405 AUGUS'I‘INIAN.£.

3393 364 3498 427 798

221 463 333 506 non
362 451 452 519 ita,
481 465 674 521 printer
704 455 754 510 id
785 456 928 524 quod
954 456 1006 511 in
1039 455 1141 514 illis
1165 459 1374 515 duobus
1395 460 1570 530 libris,
1594 463 1648 517 in
1673 463 1799 519 aliis
1837 465 1888 524 A
1912 465 2048 522 lecta
2081 470 2394 536 reperisset,
2431 469 2586 526 novis
2617 483 2686 551 ex
2719 472 3108 543 Augustiniano
3137 482 3388 538 thesauro
3416 487 3499 540 di-

221 554 439 610 quoque
499 559 671 600 VARUS
722 562 888 601 LIBIllS
934 548 1003 603 de
1049 549 1232 604 Gratia
1272 559 1328 603 et
1369 550 1541 606 libero
1576 553 1803 607 arbitrio

221 627 551 698 Augustinus
580 619 839 703 scripsit,
889 634 991 692 hoc
1035 645 1202 692 totum
1249 638 1504 694 Romana:
1545 639 1804 698 Ecclesiae

219 723 499 790 probatur.

296 813 411 868 Alia
434 814 518 868 via
563 827 748 872 contra
783 818 1083 876 Hormisdte
1115 822 1477 879 testimonium
1507 825 1657 880 vadit
1699 826 1803 882 De-

214 907 512 974 campsius,
547 908 638 962 lib.
673 925 730 964 tu
757 911 824 966 de
855 910 998 966 liter.
1039 912 1212 979 Jans.,
1243 914 1442 984 disput.
1490 917 1540 979 I,
1571 931 1690 984 cap.
1733 915 1803 982 4;

215 998 344 1050 nam
393 1014 513 1054 cum
562 999 876 1058 Hormisdas
924 1003 1123 1060 dixerit
1165 1005 1399 1074 capitula
1446 1008 1690 1076 quaedam
1737 1009 1806 1063 de

211 1086 390 1154 gratia
415 1098 468 1141 ct
497 1089 670 1146 libero
698 1091 921 1148 arbitrio
948 1095 1002 1149 in
1027 1096 1243 1150 scriniis
1270 1096 1649 1153 ecclesiasticis
1677 1113 1807 1153 con-

216 1179 414 1248 tineri,
448 1181 563 1237 haec
590 1193 738 1252 putat
767 1200 890 1241 esse
919 1186 1036 1242 illas
1075 1189 1393 1254 sententias,
1421 1205 1540 1257 qua:
1570 1189 1807 1258 epistola:

224 1268 506 1327 leestini
543 1289 694 1343 papa:
719 1277 787 1331 ad
829 1277 1114 1348 episcopos
1141 1280 1330 1335 Gallia.-
1367 1296 1592 1336 annexaa
1625 1283 1808 1352 legun-

217 1369 329 1415 tur.
364 1362 533 1419 Porro
565 1366 663 1419 bas
711 1375 918 1422 tantum
966 1383 1032 1424 ex
1074 1369 1480 1439 Augustinianis
1510 1370 1658 1426 libris
1688 1387 1808 1426 esse

212 1450 480 1507 Ecclesiae
504 1454 764 1512 Romana:
787 1458 1040 1527 probatas
1065 1461 1282 1527 scribit;
1313 1461 1430 1530 ejus
1453 1462 1614 1516 verba
1640 1475 1764 1517 sunt
1788 1480 1802 1517 :

217 1558 240 1592 4
278 1545 491 1599 Asserit
532 1538 846 1604 Hormisdas
890 1551 1141 1620 cognosci
1183 1567 1249 1607 ex
1302 1554 1471 1609 sancti
1519 1553 1805 1622 Augustini

211 1634 475 1702 operibus
506 1651 670 1705 posse
689 1640 816 1710 quid
859 1641 928 1696 de
960 1643 1129 1709 gratia
1157 1651 1209 1697 et
1238 1642 1405 1698 libero
1448 1645 1672 1700 arbitrio
1704 1645 1805 1700 Ec-

207 1724 378 1780 clesia
409 1728 634 1796 sentiat,
665 1730 788 1799 quia
819 1731 1071 1784 nimirum
1117 1732 1172 1785 in
1205 1731 1288 1786 his
1319 1735 1580 1788 acerrime
1619 1734 1804 1790 defen-

207 1817 416 1872 duntur
448 1818 564 1874 Iuec
594 1821 710 1889 ipsa
738 1823 988 1892 capitula,
1012 1841 1130 1895 qua:
1156 1828 1208 1880 in
1234 1827 1450 1882 scriniis
1478 1829 1804 1884 ecclesiasti-
1835 1825 1878 1884 Β
1913 1835 2257 1890 transierint?
2286 1847 2356 1892 At
2386 1839 2469 1894 hic
2501 1856 2688 1896 rursus
2718 1844 2991 1912 pulverem
3030 1849 3265 1903 excitant
3305 1865 3496 1906 recen-
3590 1840 3592 1842 ’

210 1905 293 1961 cis
350 1908 715 1978 continentur,
764 1927 991 1982 qumque
1037 1915 1282 1983 epistola:
1324 1933 1438 1972 sua:
1479 1918 1804 1975 (Imlestinus

220 1998 469 2056 intexuit.
502 1999 633 2067 Quis
662 2018 896 2072 unquam
927 2021 995 2060 ex
1027 2006 1184 2062 nobis
1213 2008 1354 2062 istud
1384 2010 1639 2079 negavit?
1667 2011 1803 2066 l‘ate-

215 2104 341 2144 mur
369 2091 420 2146 in
449 2095 620 2149 sancti
644 2093 926 2162 Augustini
975 2098 1230 2167 operibus
1259 2100 1348 2154 illa
1381 2101 1493 2170 ipsa
1537 2104 1801 2159 contineri

216 2179 523 2251 acriterque
550 2183 767 2240 defendi
787 2227 802 2252 ,
829 2201 950 2257 quae
971 2191 1040 2244 ab
1063 2189 1302 2245 Ecclesia
1341 2194 1802 2264 contra-Pelagia-

206 2285 316 2326 nos
341 2273 544 2329 sancita
572 2285 718 2330 sunt.
753 2279 822 2332 At
852 2294 1112 2348 negamus
1153 2281 1296 2336 aliud
1325 2284 1453 2338 nihil
1485 2284 1540 2339 in
1577 2287 1692 2354 ejus
1727 2288 1796 2341 li-

212 2360 328 2416 bris
357 2365 577 2433 reperiri
602 2406 617 2430 ,
649 2368 911 2438 nobisque
942 2371 994 2424 in
1025 2372 1127 2427 hac
1157 2382 1308 2442 parte
1347 2376 1662 2433 lIormisdas
1689 2380 1802 2432 suf-

210 2451 471 2522 fragatur,
503 2455 628 2512 dum
653 2459 878 2516 collecta
907 2477 937 2514 a
962 2461 1252 2518 Caelestino
1279 2467 1508 2536 capitula
1536 2471 1796 2538 appellat,

209 2541 269 2596 in
297 2545 488 2613 quibus
514 2546 716 2604 diserte
745 2551 994 2617 traditur,
1029 2553 1410 2622 profundiores
1439 2559 1793 2627 qumstiones,

205 2648 333 2703 qua:
359 2634 426 2687 ab
449 2637 744 2704 Augustino
764 2651 950 2695 contra
983 2642 1296 2711 Pelagianos
1325 2645 1614 2701 dimicante
1637 2648 1798 2704 latius

202 2735 630 2795 pertractantur,
663 2730 729 2784 ab
772 2731 1013 2788 Ecclesia
1045 2734 1288 2789 Romana
1318 2751 1422 2792 non
1456 2735 1622 2792 fuisse
1651 2753 1800 2792 com-

202 2818 484 2886 probatas.
519 2837 539 2870 ι
575 2818 772 2875 Verum
805 2823 924 2891 quis
951 2824 1318 2881 ecclesiastica
1346 2828 1548 2883 scrinia
1577 2829 1801 2885 Decam-

206 2906 328 2975 psio
350 2907 588 2974 reclusit,
633 2920 690 2964 ut
720 2921 826 2966 tam
857 2913 1192 2970 conﬁdenter
1217 2918 1359 2974 scire
1390 2921 1624 2988 potuerit
1656 2921 1796 2976 Hor-

206 2996 436 3051 tnisdam
465 3000 684 3055 nomine
728 3005 1085 3071 capitulorum
1122 3008 1240 3062 illas
1267 3008 1542 3067 Coelestini
1580 3022 1797 3068 senten-

211 3089 310 3141 tias
337 3087 706 3146 intellexisse?
738 3091 891 3148 Unde
918 3096 1069 3150 novit
1092 3111 1160 3150 ex
1196 3099 1441 3155 universa
1470 3101 1643 3156 sancti
1669 3107 1789 3158 Au-

1914 557 2056 611 vitiis
2085 559 2280 611 scrinia
2310 559 2677 616 ecclesiastica
2713 564 3090 632 locupletavit?
3117 572 3252 638 Quid
3294 577 3498 636 dicitis.

1909 661 1942 698 o
1974 648 2097 699 novi
2129 648 2465 714 antiquarum
2501 650 2866 710 Romanorum
2901 659 3207 726 pontificum
3237 671 3498 720 constitu-

1909 738 2112 793 lionntn
2145 741 2500 805 interpretes?

1979 829 2084 884 Sed
2114 830 2256 897 quod
2287 830 2352 885 de
2386 831 2575 889 Felicis
2607 837 2670 890 IV
2689 841 2938 908 capitulis
2970 847 3171 899 mentio
3201 847 3404 912 incidit,
3431 866 3497 905 ex

1909 919 2044 973 libro
2073 920 2247 988 primo
2284 921 2533 977 Historia:
2560 925 2741 996 Pelag.
2770 945 2889 999 cap.
2914 931 2985 986 9.5
3018 936 3357 991 recolendum
3389 949 3493 1006 cst,

1908 1009 2209 1064 Romanum
2240 1012 2542 1078 pontiﬁcem
2574 1016 2642 1070 ad
2673 1017 2795 1072 lites
2822 1020 2892 1074 de
2916 1023 3131 1078 auxiliis
3158 1025 3352 1080 divinm
3376 1044 3497 1097 gra-

1907 1102 1997 1155 tiae
2029 1116 2126 1169 per
2153 1111 2371 1157 centum
2404 1103 2520 1160 fere
2548 1120 2719 1164 annos
2743 1111 2944 1168 Gallias
2972 1117 3267 1184 turbantes,
3289 1130 3500 1187 aposto-

1908 1189 2008 1244 lica
2039 1192 2359 1248 auctoritate
2388 1197 2696 1266 sopiendas,
2724 1202 2906 1271 viginti
2937 1207 3174 1277 quinque
3203 1212 3498 1266 sententias

1893 1295 1974 1334 es
2021 1281 2172 1337 libris
2227 1286 2399 1339 sancti
2451 1289 2733 1359 Augustini
2791 1293 3074 1363 decerptas
3127 1300 3194 1352 ad
3253 1314 3494 1356 sanctum

1909 1369 2196 1428 Cesarium
2226 1376 2595 1435 Arelatensem
2626 1386 3022 1451 transmisisse,
3049 1389 3149 1457 ipsi
3180 1395 3496 1464 creterisque

1908 1465 2097 1520 Gallias
2125 1467 2395 1540 episcopis
2434 1473 2872 1533 subscribendas.
2901 1481 3032 1546 Quis
3063 1498 3226 1553 porro
3264 1501 3370 1540 non
3415 1489 3498 1542 in-

1908 1555 2113 1624 telligat
2149 1571 2411 1626 quantum
2449 1578 2516 1618 eo
2548 1564 2688 1622 Iacto
2718 1569 2940 1625 honoris
2971 1574 3357 1632 incrementum
3388 1581 3497 1634 Au-

1905 1648 2121 1717 gustino
2150 1652 2389 1706 additum
2419 1655 2520 1721 sit,
2545 1671 2667 1712 cum
2699 1675 2818 1729 quae
2849 1666 2997 1730 prius
3028 1666 3168 1719 illius
3197 1683 3356 1722 voces
3385 1671 3498 1726 lue-

1910 1751 2050 1805 rant,
2071 1742 2123 1795 in
2147 1742 2510 1800 Romanorum
2533 1750 2822 1816 przesulum
2846 1767 2909 1806 ac
2930 1756 3256 1825 synodorum
3279 1762 3494 1814 oracula

1910 1925 2094 1986 tiores.
2116 1942 2224 1995 quo
2253 1938 2398 1984 tanta
2427 1932 2727 2002 Augustino
2753 1935 2945 1991 delata:
2967 1940 3298 1995 auctoritatis
3327 1943 3495 2012 gloria

1906 2014 2246 2073 obscuretur.
2277 2021 2489 2075 Clamat
2524 2026 2765 2080 Annatus
2795 2041 2914 2097 cap.
2946 2029 3008 2094 6,
3038 2046 3156 2099 pag.
3185 2032 3291 2086 90';
3324 2051 3337 2088 :
3373 2051 3391 2085 ι
3429 2035 3496 2091 Et

1905 2105 2078 2171 Felix,
2097 2124 2254 2177 quem
2284 2112 2446 2164 etiam
2472 2112 2715 2168 referunt
2740 2116 2916 2172 Baiani
2949 2120 3088 2175 inter
3111 2123 3495 2190 approbatores

1904 2196 2224 2266 Augustini,
2257 2212 2540 2270 propterea
2585 2207 2726 2273 quod
2758 2223 2996 2264 canones
3028 2213 3370 2268 Arausicante
3398 2229 3492 2285 sy«

1903 2289 2029 2343 nodi
2061 2302 2334 2346 extractos
2377 2309 2446 2347 ex
2494 2295 2645 2350 libris
2687 2300 3001 2367 Augustini,
3036 2310 3090 2355 et
3133 2302 3299 2371 ipsius
3331 2304 3491 2358 etiam

1901 2379 2080 2434 verbis
2106 2390 2398 2450 conceptos
2427 2383 2493 2437 ad
2524 2385 2809 2456 episcopos
2841 2389 3028 2443 Gallia:
3059 2393 3287 2457 miserit,
3314 2403 3493 2448 estra-

1901 2470 2080 2525 ctione
2109 2471 2200 2525 illa
2227 2475 2550 2527 monstravit
2573 2476 2698 2542 quid
2725 2487 2870 2533 esset
2900 2495 3122 2537 necesse
3147 2483 3214 2536 ab
3242 2486 3492 2541 omnibus

1899 2560 2067 2628 recipi
2095 2576 2164 2616 ex
2195 2563 2448 2618 universa
2479 2565 2621 2620 illius
2647 2567 2910 2639 doctrina,
2931 2587 3123 2642 nempe
3153 2574 3205 2628 id
3232 2577 3373 2644 quod
3402 2592 3492 2630 ra-

1901 2649 2134 2703 nonibus
2177 2651 2286 2704 illis
2322 2654 2661 2720 exprimitur,
2695 2660 2956 2724 permissa
2993 2663 3280 2718 lectoribus
3305 2665 3491 2733 iudicii

1902 2737 2152 2794 libertate
2178 2739 2322 2794 circa
2350 2753 2598 2810 cmteras,
2619 2760 2738 2814 quae
2765 2746 3150 2819 intercurrunt,
3180 2765 3488 2810 controver-

1900 2827 2030 2882 sias.
2062 2847 2081 2880 ι
2114 2829 2262 2885 Belle
2287 2845 2351 2886 ac
2380 2832 2518 2888 bene
2554 2852 2566 2886 :
2599 2835 2762 2904 igitur
2792 2853 2898 2892 non
2932 2854 3122 2896 novem
3151 2845 3491 2902 solummodo

1900 2921 2178 2977 Gmlestini
2201 2926 2483 2980 sententiae
2505 2941 2569 2981 ex
2585 2929 2986 2997 Augustinianis
3007 2933 3160 2990 libris
3180 2937 3412 3007 approba
3423 2946 3490 2994 tae

1898 3020 2048 3076 sunt,
2075 3013 2222 3082 quod
2251 3014 2318 3070 ad
2349 3031 2607 3072 nauseam
2637 3034 2808 3090 usque
2840 3023 3141 3091 inculcatis,
3172 3031 3264 3084 sed
3305 3037 3379 3085 tot
3411 3033 3491 3086 in-

1897 3119 2060 3175 super
2100 3107 2204 3162 alia
2244 3109 2496 3177 dogmata
2519 3151 2534 3177 ,
2566 3127 2760 3183 nempe
2792 3115 2982 3185 viginti
3013 3119 3251 3189 quinque
3293 3123 3489 3192 quibus

210 3178 405 3248 gustini
435 3179 678 3235 doctrina
727 3199 921 3239 novem
966 3187 1308 3244 solummodo
1335 3189 1612 3247 leestini
1643 3194 1790 3263 capi-
1819 3189 1866 3252 C
1896 3195 2152 3266 refragari
2173 3197 2441 3266 piaculum
2462 3201 2551 3256 sit.
2573 3203 2678 3259 Sed
2693 3178 2964 3262 reclamat
2985 3178 3225 3266 Aiinatus
3250 3178 3483 3271 ibidem:

215 3270 325 3325 tula
357 3270 407 3325 in
437 3273 822 3332 ecclesiasticis
853 3277 1064 3334 scriniis
1093 3279 1257 3337 fuisse
1284 3284 1554 3352 seposita?
1581 3284 1794 3342 Scimus

203 3374 449 3420 Sanctum
491 3366 729 3424 Leonem
781 3369 1050 3440 Magnum,
1077 3374 1166 3443 qui
1194 3376 1386 3440 tertius
1432 3391 1463 3430 a
1493 3374 1792 3433 Caelestino

196 3446 446 3521 pontifex
478 3457 640 3524 sedit,
671 3459 724 3512 in
754 3460 983 3528 epistola
1016 3462 1085 3516 ad
1117 3475 1358 3519 nostrum
1397 3467 1793 3538 metropolitam

206 3543 642 3614 Aquileienscm,
701 3549 808 3603 duo
858 3550 1063 3622 integra
1103 3554 1278 3622 capita
1321 3569 1390 3608 ex
1437 3555 1577 3610 libro
1621 3559 1794 3613 sancti

207 3641 491 3710 Augustini
514 3652 701 3698 contra
731 3645 1046 3715 Pelagianos
1071 3646 1136 3700 ad
1163 3647 1385 3702 verbum
1409 3649 1788 3719 exscripsisse.

206 3728 319 3785 Cur
359 3746 462 3787 non
514 3734 610 3788 ista
655 3737 854 3804 pariter
903 3737 1217 3792 IIormisdas
1259 3739 1537 3806 appellat?
1580 3738 1792 3796 Scimus

203 3831 448 3876 sanctum
483 3821 754 3881 Gelasium
800 3842 990 3898 papam
1039 3828 1106 3883 ad
1141 3829 1432 3885 Honorium
1475 3833 1789 3902 episcopum

203 3921 392 3968 contra
421 3914 738 3985 Pelagianos
764 3918 1070 3986 scripsisse,
1103 3929 1264 3989 atque
1300 3921 1628 3978 mentionem
1658 3938 1791 3991 quo-

201 4005 447 4062 rumdam
473 4009 831 4074 capitulorum
863 4011 1056 4067 fecisse
1085 4030 1098 4064 :
1131 4034 1152 4064 r
1190 4012 1267 4068 De
1295 4013 1512 4082 quibus,
1538 4016 1728 4083 inquit,
1753 4016 1789 4071 ii

197 4117 338 4171 quos
365 4112 452 4156 tua
475 4104 712 4160 charitas
745 4106 1054 4173 destinavit,
1080 4108 1126 4162 si
1154 4108 1361 4176 plenius
1386 4110 1577 4164 instrui
1606 4111 1790 4167 volue-

201 4195 330 4258 rint,
359 4206 646 4266 sequentes
679 4197 818 4253 tituli
864 4214 986 4254 cum
1027 4200 1138 4256 suis
1178 4202 1620 4270 responsionibus
1663 4203 1789 4258 inti-

203 4288 446 4344 mabunt.
480 4309 498 4341 ι
526 4290 702 4357 Quare
730 4291 1044 4346 lIormisdas
1077 4293 1191 4347 haec
1219 4291 1485 4348 insinuata
1511 4310 1537 4346 a
1570 4295 1789 4351 Gelasio

199 4377 375 4448 capita
406 4394 512 4435 non
541 4381 838 4437 intellexit?
860 4382 942 4437 An
972 4382 1045 4437 nil
1092 4381 1234 4437 aliud
1259 4386 1513 4438 statuisse
1541 4385 1789 4439 Gelasius

199 4469 507 4525 credendus
531 4479 637 4539 est,
667 4487 828 4540 quam
860 4473 948 4526 illa
981 4487 1099 4542 quae
1137 4472 1238 4526 sub
1269 4473 1488 4529 nomine
1515 4474 1788 4530 Coelestini

1903 3303 1925 3339 ι
1958 3287 2099 3357 Ergo
2124 3287 2175 3343 vi
2207 3287 2367 3359 hujus
2395 3295 2801 3362 approbationis
2831 3300 2980 3354 nulla
3009 3300 3124 3356 ﬁeri
3157 3304 3322 3360 debet
3353 3320 3488 3362 con-

1887 3382 2163 3436 ‘troversia
2197 3383 2262 3437 iis
2291 3383 2382 3451 qui
2413 3387 2584 3455 capita
2616 3389 2701 3442 illa
2731 3391 2932 3446 selecta
2964 3395 3245 3464 recipiunt,
3277 3398 3488 3455 etiamsi

1896 3472 1998 3526 alia
2025 3473 2269 3542 quzedam
2299 3476 2562 3544 rejiciant.
2587 3498 2606 3530 ι
2631 3479 2766 3534 Nolo
2797 3481 2882 3536 hic
2911 3484 3183 3553 disputare
3209 3503 3274 3541 an
3301 3505 3488 3545 recen-

1898 3561 2068 3619 tiores
2101 3565 2172 3617 ita
2210 3580 2447 3621 canones
2476 3569 2901 3638 Augustinianos
2934 3575 3212 3630 Arausicte
3244 3579 3487 3636 ﬁrmatos

1896 3653 2177 3723 recipiant,
2209 3655 2338 3723 quin
2367 3657 2616 3713 violentis
2641 3663 2959 3732 quandoque
2986 3666 3484 3736 interpretamentis

1896 3743 2101 3798 eisdem
2125 3744 2233 3798 vim
2265 3745 2679 3815 int'erant,unde
2704 3750 2772 3804 ab
2798 3752 3022 3807 eruditis
3045 3754 3167 3823 jure
3193 3759 3486 3826 reprelien.

1893 3835 2116 3890 duntur.
2159 3836 2338 3891 Mitius
2386 3838 2662 3895 vobiscum
2712 3856 2887 3913 agam.
2933 3843 3086 3911 Quod
3128 3849 3484 3907 Arausicanos

1893 3939 2161 3992 canones,
2191 3937 2250 3982 ut
2287 3928 2438 3996 libet,
2469 3938 2528 3986 ut
2563 3931 2712 3989 Iubet
2749 3935 3061 4005 explicatis,
3090 3939 3286 3995 nullam
3332 3944 3485 4000 vobis

1891 4018 2245 4085 qumstionem
2279 4019 2541 4090 facimus,
2575 4023 2671 4079 sed
2714 4026 2857 4094 quod
2897 4026 3000 4081 alia
3030 4031 3316 4099 Augustini
3348 4034 3484 4106 dog-

1893 4118 2033 4164 mata
2064 4112 2341 4181 rejieiatis,
2361 4118 2470 4184 pati
2494 4116 2643 4172 nullo
2665 4118 2825 4173 modo
2853 4132 3330 4195 possumus,atque
3356 4142 3484 4182 con-

1893 4209 1973 4256 tra
2003 4217 2102 4259 vos
2131 4207 2531 4262 accusationem
2576 4222 2850 4278 paramus,
2882 4227 2987 4268 non
3029 4217 3171 4284 quod
3204 4219 3482 4286 apostolici

1891 4295 2118 4361 decreti,
2145 4298 2243 4353 sed
2272 4300 2413 4367 quod
2445 4302 2677 4370 exempli
2709 4315 3107 4373 contemptores
3137 4310 3271 4362 sitis.
3300 4311 3482 4366 Enim-

1891 4402 2022 4441 vero
2050 4389 2096 4441 si
2127 4389 2405 4444 universas
2434 4390 2554 4446 lites
2581 4391 2649 4446 de
2676 4391 2851 4447 divina
2887 4396 3054 4464 gratia
3086 4397 3136 4450 in
3171 4397 3356 4453 Galliis
3383 4415 3480 4454 ex-

1890 4489 2038 4534 ortas
2070 4480 2361 4549 apostolica
2403 4482 2562 4537 sedes
2609 4493 2666 4537 ut
2714 4486 2870 4539 unius
2912 4486 3188 4557 Augusuni
3238 4488 3480 4545 doctrina

199 4559 413 4628 vulgata
461 4562 628 4616 sunt?
668 4563 799 4629 Quis
835 4567 939 4618 hoc
983 4565 1099 4618 sine
1150 4571 1286 4619 teste
1333 4565 1529 4619 dicenti
1559 4567 1784 4620 credat?
1813 4563 1865 4623 D
1888 4570 2286 4636 componendas
2321 4571 2495 4639 duxit,
2524 4572 2732 4644 insigne
2767 4577 3001 4644 posteris
3030 4577 3332 4645 exemplum
3363 4579 3480 4632 edi-

199 4651 416 4709 Scimus
447 4656 693 4711 eumdem
727 4655 994 4712 Gelasium
1043 4657 1096 4711 in
1138 4658 1364 4726 epistola
1407 4658 1473 4711 ad
1505 4660 1786 4727 episcopos

201 4760 301 4813 per
323 4744 576 4800 Picenum
605 4756 714 4801 tres
735 4757 1039 4817 quatuorve
1067 4750 1234 4802 sancti
1261 4749 1545 4818 Augustini
1569 4758 1786 4804 senten-

205 4835 338 4903 tias,
370 4847 426 4890 ut
450 4838 700 4906 superius
729 4839 1085 4904 ostendimus,
1120 4839 1410 4904 inculcare,
1442 4854 1575 4909 quas
1598 4855 1788 4895 recen-

201 4927 374 4986 tiores
419 4929 861 5001 reprehendunt,
895 4945 958 4986 ac
999 4931 1195 4984 furenti
1238 4937 1424 4983 contra
1475 4930 1786 5000 Pelagianos

197 5019 504 5087 Augustino
528 5020 795 5076 excidisse
821 5021 1336 5084 comminiscuntur;
1371 5019 1515 5075 unde
1549 5022 1786 5076 credibi-

197 5109 310 5164 lius
337 5121 418 5165 est
444 5111 538 5167 has
562 5126 776 5182 quoque
807 5113 949 5168 inter
978 5112 1098 5168 illos
1130 5112 1315 5168 titulos
1344 5129 1374 5166 a
1406 5109 1621 5166 Gelasio
1658 5127 1786 5168 con-

195 5186 542 5272 numeratas,
584 5215 746 5272 quam
801 5203 922 5257 illas
968 5211 1171 5258 tantum
1218 5200 1520 5261 leestini.
1571 5202 1786 5258 Scimus

192 5290 436 5350 Felicem
479 5293 545 5349 IV
588 5294 656 5350 ad
703 5294 892 5349 Patres
935 5293 1297 5350 Arausicanos
1339 5308 1404 5349 ex
1448 5295 1620 5351 sancti
1668 5295 1783 5352 Au.

192 5384 396 5455 gustini
439 5383 591 5441 libris
644 5396 925 5456 excerptas
980 5386 1048 5441 de
1101 5385 1280 5448 divina
1329 5386 1502 5456 gratia
1564 5396 1785 5442 sentem

191 5481 299 5534 tias
325 5490 515 5537 contra
542 5480 1034 5550 Sami-Pelagianos
1057 5480 1444 5549 transmisisse,
1473 5489 1528 5536 et
1550 5479 1635 5537 hac
1665 5482 1784 5550 qui-

190 5573 319 5628 dem
345 5573 398 5628 in
430 5573 616 5643 viginti
646 5575 883 5643 quinque
914 5587 1152 5629 canones
1193 5573 1420 5645 digesta:
1445 5584 1570 5630 sunt
1596 5593 1609 5626 :
1635 5573 1784 5630 inve,

189 5666 348 5722 nitne
395 5664 634 5736 pontifex
679 5669 860 5722 omnia
908 5666 1000 5722 illa
1052 5675 1260 5721 asserta
1303 5666 1358 5721 in
1402 5665 1784 5724 ecclesiasticis

187 5757 432 5829 scriniis,
462 5757 548 5814 vel
573 5773 693 5815 cum
725 5757 814 5815 illa
850 5766 1049 5815 tantum
1082 5773 1275 5815 novem
1316 5771 1346 5814 a
1373 5756 1663 5816 Celestino
1693 5771 1782 5816 εει

1889 4662 1987 4727 dit,
2009 4671 2066 4716 ut
2094 4663 2138 4717 si
2166 4663 2382 4733 quando
2409 4665 2596 4720 eadem
2629 4667 2681 4720 in
2708 4682 2866 4721 causa
2898 4667 2966 4721 de
2996 4669 3162 4735 gratia
3196 4669 3387 4723 iterum
3418 4671 3481 4724 li-

1891 4753 2016 4824 tigia
2043 4765 2410 4823 erumperent,
2433 4755 2499 4810 ad
2529 4757 2768 4825 ejusdem
2794 4756 2964 4810 sancti
2994 4757 3252 4812 antistitis
3281 4760 3480 4815 doctri-

1890 4859 2012 4900 nam
2046 4845 2421 4917 confugerent,
2449 4861 2514 4901 ex
2545 4846 2825 4916 Augustini
2859 4846 3008 4902 libris
3035 4849 3355 4905 sententiam
3384 4866 3480 4907 au-

1889 4936 2093 4999 dirent,
2123 4937 2212 4990 uni
2244 4937 2545 5004 Augustino
2574 4937 2936 5004 adliwrerent,
2960 4938 3102 5003 quod
3130 4956 3161 4993 a
3192 4942 3475 5001 Clemente

1893 5025 2006 5079 VIII
2029 5027 2196 5079 veteri
2221 5026 2481 5094 religione
2500 5039 2750 5093 novoque
2772 5028 3021 5096 exemplo
3044 5031 3338 5099 prmstitum
3355 5035 3474 5091 fuit;

1889 5114 2089 5182 Quare,
2113 5128 2234 5168 cum
2260 5113 2555 5167 adversarii
2584 5113 2637 5169 in
2667 5115 2935 5186 plerisque
2961 5135 3154 5178 recens
3179 5125 3383 5179 exortis
3407 5124 3476 5179 de

1887 5205 2067 5261 divina
2112 5205 2285 5275 gratia
2326 5207 2712 5260 controversiis
2739 5218 2882 5263 stare
2911 5224 2971 5265 se
3002 5223 3190 5268 contra
3221 5215 3478 5285 Augusti-

1887 5312 2014 5352 num
2049 5296 2432 5366 protiteantur,
2461 5294 2658 5352 Felicis
2685 5296 2750 5352 IV
2774 5297 2980 5367 judicio
3010 5303 3297 5372 refragari.
3329 5305 3477 5372 ejus-

1886 5388 2010 5444 dem
2046 5387 2350 5456 exemplum
2396 5387 2545 5456 parvi
2586 5385 2788 5454 facere,
2816 5399 2978 5458 atque
3006 5391 3107 5445 alia
3141 5405 3362 5460 prorsus
3393 5394 3476 5447 ria

1886 5483 1958 5539 ab
1985 5482 2371 5552 Augustiniana
2400 5482 2470 5538 ad
2500 5481 2782 5540 veritatem
2813 5484 3038 5541 eosdem
3063 5497 3286 5553 repere,
3319 5498 3476 5539 nemo

1887 5590 1995 5631 non
2026 5573 2188 5630 videt.

1959 5665 2189 5721 noluere
2218 5673 2395 5721 tamen
2429 5665 2824 5720 recentioribus
2851 5665 2991 5720 oculi
3010 5705 3026 5733 ,
3055 5678 3176 5721 cum
3211 5679 3307 5735 per
3335 5663 3475 5723 Feli-

1888 5773 2005 5818 cctu
2057 5758 2121 5817 IV
2166 5769 2217 5816 et
2267 5759 2650 5816 Arausicanam
2699 5758 2962 5829 synodum
3013 5766 3211 5816 tantum
3260 5759 3472 5817 honoris
