3930 6350
452 337 579 392 πθθ

1337 326 1892 386 δυρριιςλιεκτιλι
1941 328 2025 381 AD
2067 323 2292 380 OPERA
2333 324 2388 377 S.
2434 322 2822 379 AUGUSTINL

3654 322 3779 377 800

474 449 880 521 Augustinianze
908 446 1167 501 doctrina:
1196 445 1432 500 delatum
1463 446 1646 498 videre
1679 460 1693 495 :
1724 459 1889 511 quare
1920 443 2064 511 glos—
2095 443 2141 501 Α
2175 440 2328 492 nibus
2364 439 2627 504 Patrihus,
2660 438 2758 493 hos
2809 440 2950 491 cnim
3004 438 3141 491 idem
3190 436 3444 491 concordi
3490 439 3773 492 sententia

473 551 736 598 sematom
768 539 1049 594 ruderibus
1079 538 1228 591 illum
1260 538 1493 591 obruere
1528 545 1849 604 pertentant,
1878 536 2063 588 dicen-

475 644 554 689 tes
597 634 887 687 Ecclesiaut
938 632 989 683 in
1033 629 1253 698 synodis
1283 628 1564 696 Augustini
1596 628 1877 681 sententiis
1908 643 2059 682 usam

473 722 639 778 fuisse
669 738 769 775 non
801 736 863 773 ea:
891 720 1208 781 necessitate,
1230 717 1319 769 sed
1347 733 1409 769 ex
1434 718 1757 782 auctoritate,
1785 718 1859 770 uti
1890 718 2059 787 magi.

473 824 654 875 stram,
673 828 775 863 non
798 810 871 862 uti
894 808 1221 873 discipulam.
1238 809 1463 859 Acutum
1490 806 1677 859 Adami
1701 818 2061 860 commentum

474 918 596 971 cap.
627 902 680 963 θ,
713 915 830 969 pag.
861 898 984 953 655.
1009 896 1143 951 Vide
1178 900 1445 965 quomodo
1476 912 1535 951 se
1566 898 1735 967 ipsam
1766 899 2064 966 straugu’et

475 993 592 1048 lucc
638 990 940 1059 responsio.
976 987 1209 1042 lntendit
1244 987 1583 1041 adversarius
1626 988 1794 1041 sancti
1827 987 2063 1042 doctoris

472 1085 847 1140 auctoritatem
899 1082 1217 1136 imminuere
1245 1122 1263 1149 ,
1304 1092 1359 1135 et
1406 1084 1648 1136 eamdem
1699 1091 1857 1150 auget
1901 1096 2060 1151 quam

477 1176 734 1230 maxime.
761 1172 930 1225 Nemo
962 1172 1208 1237 miratur,
1230 1187 1351 1226 cum
1375 1171 1524 1227 videt
1550 1172 1866 1241 discipulum
1896 1160 2063 1243 magi-

471 1269 573 1324 stri
606 1282 764 1323 voces
792 1265 1051 1331 reddere;
1082 1275 1138 1321 at
1179 1268 1494 1335 mag'atrum
1534 1265 1857 1319 sententiam
1891 1265 2064 1320 dictu-

472 1376 616 1423 rum,
642 1375 747 1415 non
775 1360 874 1416 nisi
904 1359 1152 1427 discipuli
1178 1372 1271 1411 ore
1300 1358 1440 1425 loqui
1465 1357 1623 1421 velle,
1650 1357 1752 1412 hoc
1782 1357 1938 1425 plane
1963 1356 2065 1409 mi-

475 1452 645 1507 rabile
673 1460 945 1514 censetur,
967 1460 1124 1519 atque
1156 1448 1209 1503 lu
1241 1448 1486 1516 discipuli
1512 1446 1763 1501 eximiam
1796 1447 2062 1502 excellen-

476 1543 604 1596 tiam
637 1544 802 1596 venit.
837 1540 1041 1612 Synodi
1069 1554 1133 1594 ae
1168 1537 1400 1593 Romani
1443 1538 1721 1607 pontiﬁces
1751 1546 2059 1591 sanctorum

476 1631 689 1685 Patrum
722 1631 1019 1685 sententias
1062 1645 1283 1697 semper
1310 1630 1479 1684 secuti
1521 1637 1679 1693 sunt,
1715 1638 1771 1682 ut
1800 1644 1866 1683 ex
1899 1629 2062 1684 tradi-

475 1724 619 1774 tione
666 1721 922 1777 Ecclesia:
979 1722 1249 1776 credenda
1305 1720 1619 1775 orthodoxis
1674 1731 2055 1789 proponerent.

2169 532 2425 585 docentes
2452 530 2754 583 necessario
2790 528 2843 581 in
2878 527 3096 596 synodis
3123 526 3358 580 Ecclesia
3391 527 3543 593 sequi
3571 525 3769 590 debet,

2166 620 2394 689 quippe,
2426 636 2543 689 qua:
2582 636 2650 675 ex
2692 619 2912 673 Patrum
2947 619 3230 671 traditione
3258 618 3506 686 dogmata
3536 618 3767 680 deﬁnit,

2167 727 2272 764 non
2304 727 2432 765 vero
2464 712 2723 779 priVatum
2756 710 3064 771 doctorem,
3088 709 3261 776 qualis
3292 717 3375 761 est
3400 711 3767 776 Augustinus.

2164 801 2266 856 Sed
2293 817 2463 867 neque
2487 801 2587 854 hoc
2611 812 2660 853 te
2681 799 2932 867 effugium
2953 800 3099 865 juvat
3128 814 3140 850 :
3174 813 3293 850 nam
3317 797 3449 850 dum
3472 799 3770 852 contendis

2168 895 2395 949 Felicem
2423 906 2611 963 papam
2633 904 2685 949 et
2708 892 3063 948 Arausicanos
3087 892 3273 946 Patres
3294 893 3451 946 unius
3475 892 3772 960 Augustini

2144 988 2457 1042 sententias
2488 996 2703 1040 secutos
2729 999 2851 1041 esse
2877 1000 2939 1037 ex
2965 983 3294 1046 auctoritate,
3320 998 3421 1037 non
3452 998 3516 1034 ea:
3542 984 3777 1035 necessi-

2165 1088 2504 1147 tute,qua:so
2547 1086 2621 1142 te,
2656 1075 2743 1130 vel
2789 1076 2959 1131 secuti
3011 1085 3135 1129 sunt
3173 1074 3528 1143 Augustinum
3572 1082 3773 1126 contra

2162 1171 2299 1225 alios
2340 1170 2522 1226 Patres
2559 1170 2839 1224 docentem
2860 1207 2878 1236 ,
2908 1168 2993 1223 vel
3024 1183 3147 1222 cum
3182 1166 3588 1221 aliisPatribns
3612 1165 3765 1220 idem

2164 1260 2522 1316 sentientem?
2558 1259 2615 1315 Si
2659 1260 2891 1329 primum
2922 1259 3106 1325 dicas,
3135 1258 3187 1311 id
3219 1271 3327 1311 non
3361 1274 3424 1323 ea:
3453 1259 3771 1311 auctoritate

2144 1351 2368 1417 fecere;
2403 1367 2524 1406 nam
2560 1367 2664 1405 non
2699 1362 2873 1420 potest
2915 1353 3121 1419 privata
3160 1350 3319 1404 unius
3362 1349 3601 1403 hominis
3638 1364 3770 1404 sen-

2167 1443 2329 1496 tentia
2360 1450 2612 1510 tauquam
2642 1443 2710 1496 de
2741 1443 2843 1497 llde
2868 1441 3115 1506 deﬁniri,
3145 1441 3188 1495 si
3221 1448 3435 1494 conswt
3478 1440 3769 1495 universos

2164 1533 2352 1590 Patres
2381 1536 2683 1604 oppositum
2708 1533 3036 1599 tradidisse,
3070 1542 3245 1602 potest
3282 1542 3465 1586 tamen
3505 1532 3579 1586 ob
3613 1546 3769 1585 sum-

2154 1642 2304 1681 mam
2334 1627 2490 1681 unius
2518 1627 2689 1681 sancti
2714 1626 2951 1681 doctoris
2980 1625 3357 1681 excellentiam
3381 1625 3649 1693 judicium
3680 1640 3768 1679 su-

2164 1719 2373 1796 spendi,
2406 1733 2469 1772 ac
2496 1727 2684 1772 neutra
2715 1718 2981 1772 sententia
3013 1715 3251 1782 deliniri,
3276 1714 3419 1785 quod
3452 1714 3523 1768 de
3554 1716 3765 1783 privata

473 1811 755 1881 Colligitur
784 1812 885 1865 hoc
930 1827 995 1866 ex
1037 1811 1264 1880 epistola
1294 1812 1465 1866 sancti
1497 1810 1695 1865 Leonis
1725 1811 1790 1864 ad
1823 1812 2056 1868 Leonem
2090 1811 2136 1873 Β
2163 1810 2445 1880 Augustini
2477 1811 2729 1879 opinione
2771 1810 2837 1864 de
2883 1809 3204 1864 simultanea
3249 1823 3433 1863 rerum
3484 1808 3769 1862 creatione

471 1907 791 1973 Augustum,
817 1904 908 1959 ubi
952 1904 1197 1974 pluribus
1225 1912 1534 1958 sanctorum
1569 1903 1786 1957 Patrum
1821 1904 2063 1958 testimo-

472 1996 576 2057 niis
618 1995 893 2059 adductis,
923 1994 1062 2050 inter
1090 2010 1208 2063 qua:
1253 1994 1413 2049 etiam
1458 1994 1623 2049 sancti
1652 1994 1924 2064 Augustini
1954 1996 2064 2060 epi-

471 2088 614 2158 scopi
667 2086 1013 2158 Hipponensis
1074 2087 1226 2155 plura
1287 2096 1677 2151 numerantur,
1728 2086 2000 2140 concludit
2045 2104 2057 2138 :

477 2197 497 2230 ι
537 2179 661 2235 lltcc
702 2194 801 2234 nos
847 2179 999 2247 sequi
1051 2180 1213 2233 verba
1261 2179 1543 2243 debemus,
1573 2178 1655 2233 his
1690 2194 1787 2232 nos
1813 2180 2062 2232 convenit

471 2272 843 2341 obtemperare
867 2273 1228 2342 dogmatibus.
1252 2293 1269 2325 ι
1296 2274 1351 2327 In
1373 2272 1800 2326 Cltalcedoneusi
1828 2272 2058 2342 synodo,

470 2372 577 2417 act.
610 2362 662 2428 l,
690 2373 812 2431 post
839 2365 1116 2418 recitatum
1160 2365 1315 2419 tidem
1357 2365 1569 2418 concilii
1612 2363 1845 2428 Nicami,
1879 2364 2062 2417 Patres

472 2453 660 2510 dixere
692 2472 705 2507 :
737 2453 1113 2509 Necessarium
1143 2456 1316 2510 visum
1342 2465 1426 2511 est
1453 2464 1761 2510 sanctorum
1792 2463 1843 2508 et
1872 2452 2063 2507 catho-

473 2546 700 2601 licorum
752 2546 975 2602 Patrum
1018 2547 1264 2617 proferre
1313 2548 1638 2614 testimonia,
1671 2562 1794 2615 quae
1840 2551 2065 2615 possunt

473 2636 829 2707 satisfacere,
878 2639 1330 2709 quemadmodum
1375 2654 1494 2693 eam
1544 2639 1959 2701 intellexerunt,
2009 2645 2064 2691 et

474 2728 769 2795 praedicare
812 2731 999 2785 conﬁsi
1046 2739 1209 2795 sunt,
1254 2740 1518 2800 quatenus
1566 2745 1629 2784 ex
1683 2729 1966 2783 manifesto
2010 2735 2065 2781 et

464 2834 661 2874 .otnnes
691 2827 892 2875 rectam
923 2830 980 2873 et
1005 2820 1397 2875 immaculatant
1429 2820 1585 2873 ﬁdem
1619 2818 1875 2872 habentes
1906 2819 1982 2871 sic
2010 2826 2064 2871 et

472 2910 798 2981 intelligant,
822 2921 877 2966 et
905 2911 1346 2978 interpretentur,
1373 2923 1427 2965 et
1459 2910 1749 2979 pmdicent
1774 2922 1915 2964 eam.
1947 2926 1965 2959 ι
2001 2907 2068 2961 Et

472 3015 583 3062 act.
613 3005 671 3071 2,
703 3004 887 3059 statim
931 3012 1051 3072 post
1091 3001 1302 3058 initium
1346 3020 1359 3056 :
1402 3020 1422 3054 ι
1463 3002 1766 3056 Docuerunt
1793 3001 1937 3055 enim
1968 3000 2067 3054 Pa-

478 3106 614 3162 tres,
644 3104 700 3149 et
727 3095 780 3148 in
812 3093 1026 3162 scriptis
1054 3093 1451 3159 custodiuntur,
1477 3107 1599 3163 quas
1624 3093 1695 3147 ab
1720 3093 1800 3147 eis
1826 3102 1951 3147 sunt
1974 3108 2067 3147 ex-

2164 1902 2491 1956 rect-ntiores
2535 1900 2822 1955 at‘ﬁrmant.
2866 1900 2923 1954 Si
2970 1913 3102 1955 vero
3144 1899 3370 1954 alterum
3419 1899 3628 1969 eligas,
3657 1899 3767 1967 jam

2150 1995 2313 2049 vides
2356 2009 2421 2048 ex
2462 1995 2781 2049 necessitate
2823 1992 3223 2062 ap,.robandam
3269 2007 3391 2047 esse
3432 1995 3762 2048 sententiam

2164 2088 2232 2141 ab
2267 2087 2514 2142 omnibus
2546 2087 2790 2142 Patribus
2829 2096 3110 2151 assertum,
3143 2087 3187 2141 si
3228 2099 3291 2139 ea
3334 2084 3404 2139 de
3448 2100 3507 2140 re
3554 2096 3763 2140 rectum

2159 2179 2422 2249 judicium
2464 2179 2699 2233 dandum
2743 2180 2832 2233 sit.
2862 2177 3128 2234 Prmterea
3172 2177 3407 2233 Ecclesia
3440 2177 3509 2232 de
3537 2190 3762 2232 contro-

2166 2285 2259 2323 ver
2291 2270 2355 2323 iis
2397 2268 2518 2324 ﬁdei
2565 2270 2886 2323 sententiam
2916 2269 3120 2323 dictura
3167 2285 3231 2323 ea:
3272 2269 3577 2322 necessitate
3619 2270 3762 2322 illam

2166 2371 2402 2430 partem,
2433 2363 2484 2415 in
2515 2378 2615 2432 qua
2647 2364 2843 2417 veritas
2876 2372 2991 2425 est,
3021 2361 3244 2415 deﬁnire
3272 2362 3429 2416 debet
3458 2406 3471 2426 ,
3503 2378 3636 2417 cum
3670 2363 3762 2417 fal-

2162 2455 2374 2511 sitatem
2409 2455 2549 2509 inter
2577 2455 2822 2525 dogmata
2866 2454 2988 2509 ﬁdei
3033 2456 3229 2509 referre
3261 2456 3409 2509 nullo
3440 2454 3611 2509 modo
3646 2471 3763 2525 pos-

2163 2549 2254 2602 sit.
2281 2547 2491 2613 Quare,
2521 2561 2641 2601 cum
2691 2546 2837 2601 Felix
2887 2556 2941 2602 et
2986 2547 3297 2601 Arausicani
3348 2547 3540 2602 Patres
3592 2551 3759 2603 sancti

2166 2639 2448 2710 Augustini
2483 2640 2777 2695 sententias
2806 2638 2883 2693 uti
2914 2638 3206 2693 catholicas
3232 2638 3565 2705 deﬁnierint,
3588 2655 3657 2692 ea:
3681 2656 3757 2692 ne-

2167 2732 2396 2786 cessitate
2424 2746 2517 2785 eas
2548 2731 2718 2784 secuti
2751 2740 2875 2784 sunt
2898 2771 2911 2791 ,
2941 2738 2999 2783 ut
3027 2731 3302 2799 oppositas
3330 2728 3758 2800 Semi-Pelagia-

2156 2839 2357 2878 norum
2391 2823 2674 2892 Opiniones
2706 2838 2960 2877 erroneas
3002 2824 3151 2891 sequi
3194 2821 3417 2876 minime
3464 2824 3758 2889 potuerint.

2168 2916 2318 2971 Felix
2351 2916 2566 2985 quidem
2600 2916 2769 2984 potuit
2800 2914 3079 2985 Augustini
3110 2914 3407 2969 sententias
3434 2914 3502 2967 ad
3536 2918 3758 2970 verbum

2167 3019 2275 3060 non
2306 3006 2636 3067 exscribere,
2666 3006 2739 3059 uti
2771 3007 3105 3075 exscripscre
3136 3004 3388 3074 Prosper,
3425 3004 3760 3076 Fulgentius,

2169 3099 2492 3154 Prudentius
2522 3100 2717 3168 aliique
2746 3116 2810 3155 ex
2847 3100 3233 3170 Augustiniana
3263 3102 3441 3155 schola
3476 3102 3760 3166 doctores;

479 3187 677 3255 posita,
701 3198 751 3237 et
782 3184 915 3239 citra
943 3198 1005 3238 ea
1037 3184 1217 3239 dicere
1241 3198 1347 3239 non
1376 3195 1680 3252 possumus.
1714 3200 1732 3235 ι
1764 3184 1829 3238 Et
1855 3191 1963 3237 act.
1987 3182 2020 3236 5
2045 3200 2062 3237 :
2094 3174 2139 3236 C
2170 3188 2264 3244 sed
2296 3203 2401 3242 non
2432 3189 2604 3257 potuit
2633 3204 2852 3243 sensum
2877 3191 3185 3243 earumdem
3212 3205 3276 3243 ex
3306 3191 3645 3246 necessitate
3669 3208 3761 3247 non

480 3297 503 3330 ι
556 3276 856 3344 Sequentes
902 3277 1062 3344 igitur
1106 3283 1326 3331 sanctos
1373 3275 1585 3340 Patres,
1628 3291 1648 3325 ι
1694 3283 1801 3329 etc.
1837 3273 2064 3330 Sanctus

479 3370 688 3439 Agatho
717 3383 852 3439 papa
870 3409 886 3432 ,
911 3369 962 3423 in
990 3368 1216 3437 epistola
1244 3366 1311 3422 ad
1337 3366 1747 3423 Constantinum
1776 3368 2066 3435 imperato-

478 3477 618 3525 rem,
642 3476 761 3527 qua:
792 3460 1018 3515 habetur
1047 3460 1099 3513 in
1130 3458 1340 3529 synodo
1368 3474 1438 3520 vr,
1463 3467 1575 3511 act.
1598 3457 1654 3521 4,
1677 3458 1935 3513 adversus
1966 3458 2069 3513 Mo-

479 3553 788 3622 uotbelitas,
813 3560 1121 3608 sanctorum
1154 3551 1372 3607 Patrum
1406 3550 1730 3606 tesdmoniis
1765 3550 2065 3619 productis,

482 3647 569 3700 ubi
606 3644 850 3700 laudatur
879 3642 1212 3713 Augustinus
1244 3652 1496 3710 tanquam
1526 3644 1807 3695 vsm'rsrts
1844 3644 2067 3709 pruden-

480 3735 703 3789 tissimus
742 3749 1089 3790 rmotcnou
1124 3742 1171 3788 et
1208 3731 1659 3801 pratstantissimus
1698 3746 1926 3794 nocrun,
1955 3733 2068 3785 haec

482 3828 643 3882 habet
690 3845 702 3880 :
750 3845 769 3877 ι
830 3828 1003 3893 Ecce,
1047 3825 1289 3894 piissime
1332 3823 1559 3877 Domine
1606 3820 1716 3884 ﬁli,
1758 3833 2066 3876 sanctorum

482 3918 701 3973 Patrum
729 3918 1047 3971 testimoniis
1070 3926 1323 3982 tanquam
1356 3912 1521 3966 radiis
1542 3912 1869 3980 spiritalibus
1895 3914 2070 3969 Eccle-

479 4011 573 4062 sia:
621 4009 899 4062 catholica:
948 4014 1111 4074 atque
1158 4003 1471 4072 apostolica:
1517 4002 1759 4055 doctrina
1808 4004 2065 4058 illustrata

482 4110 584 4159 εει,
622 4116 640 4148 ι
677 4112 819 4161 e:c.,
859 4098 947 4151 ubi
983 4097 1144 4150 etiam
1173 4095 1361 4149 scribit
1388 4094 1720 4148 damnandus
1751 4094 2067 4150 Munotlteli-

484 4202 565 4244 tas
606 4199 851 4257 tanquatn
896 4204 997 4242 non
1040 4198 1333 4243 sanctorum
1377 4188 1591 4242 Patrum
1637 4188 1956 4257 pedisequos.
2000 4192 2068 4242 At

482 4284 698 4337 actione
742 4281 807 4335 ’10
836 4280 1014 4335 omnia
1053 4280 1141 4334 illa
1173 4281 1392 4335 Patrum
1423 4279 1723 4333 testimonia
1764 4278 1817 4334 in
1860 4279 2065 4351 synodo

484 4374 681 4427 relccta
714 4381 862 4435 sunt,
887 4379 938 4424 et
967 4386 1086 4425 cum
1115 4370 1266 4425 libris
1293 4369 1751 4439 Constantinopoli
1782 4371 2063 4426 existenti-

478 4463 582 4518 bus
629 4463 867 4525 collata,
912 4469 965 4514 et
1009 4468 1115 4514 act.
1159 4458 1195 4513 8
1241 4460 1480 4531 synodus
1528 4461 1723 4515 litteris
1769 4464 2063 4531 Agathonis

2169 3282 2414 3347 tradere,
2443 3297 2565 3337 cum
2592 3281 2705 3352 jam
2739 3283 2859 3338 illas
2890 3292 3014 3338 ante
3048 3284 3261 3337 concilii
3294 3285 3648 3341 deﬁnitiones
3682 3302 3763 3342 ve-

2170 3389 2260 3431 ras
2304 3375 2466 3431 fuisse
2506 3384 2712 3431 certum
2756 3378 2847 3441 sit,
2880 3394 3001 3433 cum
3045 3378 3148 3433 uisi
3192 3379 3242 3434 id
3282 3380 3421 3450 quod
3455 3395 3652 3436 verum
3691 3391 3762 3437 est

2164 3467 2339 3537 possit
2364 3466 2430 3519 ab
2461 3466 2698 3521 Ecclesia
2728 3468 2961 3523 deﬁniri.

2241 3557 2442 3612 Eadem
2474 3558 2723 3614 facilitate
2760 3558 3014 3612 refutatur
3041 3559 3180 3627 quod
3220 3560 3444 3624 addunt,
3470 3562 3759 3631 synodum

2170 3650 2555 3702 Arausicanam
2576 3648 2854 3718 Augustini
2883 3650 3176 3704 sententias
3206 3651 3520 3705 adhibuisse
3549 3655 3635 3705 uti
3659 3669 3761 3704 m-

2170 3740 2411 3807 gistram,
2445 3756 2545 3792 non
2595 3748 2837 3807 tanquam
2878 3741 3205 3811 discipulam.
3253 3741 3504 3795 Profecto
3570 3744 3760 3797 mirum

2167 3828 2375 3896 dicunt,
2424 3830 2547 3882 dum
2579 3831 2762 3884 volunt
2803 3833 3159 3887 Arausicanos
3192 3833 3396 3898 Patres,
3430 3835 3523 3902 qui
3556 3837 3761 3905 integro

2170 3920 2238 3972 ab
2288 3920 2570 3985 Augustini
2621 3933 2795 3977 morte
2839 3924 3040 3978 smcnlo
3071 3925 3272 3988 vixere,
3308 3925 3600 3992 Augustini
3656 3943 3757 3981 tua-

2168 4011 2365 4078 gistros
2392 4025 2511 4066 esse
2541 4014 2800 4081 potuisse,
2840 4030 2868 4067 a
2904 4016 3099 4082 quibus
3141 4016 3228 4071 ille
3259 4031 3357 4071 nec
3404 4026 3515 4071 tota
3550 4020 3757 4086 quidem

2168 4101 2350 4156 doceri
2399 4102 2590 4172 potuit.
2623 4104 2762 4159 Sane
2804 4105 3061 4175 magister
3102 4106 3193 4161 ille
3221 4116 3303 4162 est
3331 4107 3421 4176 qui
3452 4108 3645 4175 docet,"
3684 4110 3757 4163 di-

2166 4192 2406 4260 scipulus
2439 4194 2529 4261 qui
2573 4194 2828 4260 docetur;
2861 4207 2914 4250 et
2945 4197 3037 4266 qui
3087 4196 3188 4253 hoc
3242 4197 3434 4265 nescit,
3468 4201 3674 4254 mirum
3720 4201 3756 4254 si

2166 4283 2464 4355 discipulus
2500 4300 2607 4341 non
2650 4289 2810 4352 modo
2853 4287 3037 4357 fuerit,
3080 4290 3174 4346 sed
3204 4291 3285 4347 vel
3330 4306 3454 4346 esse
3505 4294 3754 4361 potuerit.

2167 4376 2268 4445 Qui
2317 4391 2446 4433 vero
2490 4379 2703 4445 doceat,
2762 4383 2852 4451 qui
2907 4381 3185 4451 doceatur,
3243 4364 3654 4453 Augustinusne
3700 4399 3756 4437 an

2170 4472 2500 4525 Arausicaua
2549 4473 2806 4543 synodos,
2841 4488 2936 4529 vos
2986 4475 3201 4530 videtis.
3232 4476 3371 4530 Olim
3403 4477 3624 4545 quidem
3656 4478 3754 4531 An—

481 4568 803 4609 consensum
832 4551 1000 4613 dedit,
1037 4549 1181 4619 quod
1220 4559 1528 4606 sanctorum
1562 4551 1776 4605 Patrum
1807 4552 2066 4606 doctrinm
2097 4543 2145 4602 D
2171 4562 2415 4631 guslinus
2457 4565 2709 4618 Ecclesia?
2749 4565 3040 4635 discipulus
3071 4566 3191 4633 ιὐη,
3223 4582 3285 4621 π
3318 4543 3479 4623 ,διέτη
3509 4585 3571 4624 se
3602 4569 3753 4638 ιιι-μη.

478 4646 786 4702 conformes
816 4654 1016 4699 essent.
1052 4641 1203 4698 Unde
1237 4640 1520 4712 Georgius,
1545 4644 1769 4697 antistes
1797 4644 2066 4699 Constan-

480 4738 883 4808 tinopolitanus,
906 4737 1075 4791 dixit:
1106 4753 1124 4785 ι
1159 4734 1415 4790 Scrutaris
1444 4743 1749 4788 sanctorum
1780 4747 1845 4787 ac
1876 4733 2069 4800 proba-

481 4831 670 4891 bilium
704 4830 945 4897 Patrum,
975 4828 1066 4896 qui
1110 4826 1332 4897 repositi
1375 4834 1500 4880 sunt
1539 4826 1591 4879 in
1632 4824 1922 4880 venerabili
1967 4840 2065 4895 pa-

486 4921 773 4989 triarcbio,
825 4922 1003 4976 inveni
1052 4930 1242 4983 cuncta
1292 4919 1599 4974 testimonia
1650 4927 1959 4974 sanctorum
2004 4933 2066 4975 ac

488 5011 842 5078 probabilium
874 5012 1110 5077 Patrum,
1138 5028 1257 5083 quae
1296 5014 1349 5066 in
1390 5013 1593 5067 eisdem
1640 5012 2067 5083 suggestionibus

480 5106 859 5168 continentur,
893 5105 1271 5166 consonantia,
1300 5114 1356 5158 et
1385 5106 1435 5157 in
1470 5105 1615 5157 nullo
1646 5097 2003 5173 diserepantia
2036 5119 2066 5157 a

480 5192 683 5250 sanetis
711 5206 774 5246 ac
799 5193 1160 5262 probabilibus
1190 5194 1433 5249 Patribus
1450 5236 1463 5255 ,
1488 5205 1541 5249 et
1567 5198 1844 5250 consentio
1871 5198 1980 5262 eis,
2014 5207 2062 5251 et

481 5288 565 5343 sic
590 5283 851 5341 conﬁteor
875 5292 931 5338 et
954 5284 1135 5338 credo.
1168 5302 1187 5335 ι
1219 5285 1389 5350 Quam
1422 5288 1740 5339 sententiam
1767 5286 1947 5339 caueri
1978 5287 2067 5339 ibi-

481 5379 604 5434 dem
652 5373 1042 5443 subscripsere.
1076 5374 1301 5429 Possent
1339 5375 1547 5430 intinita
1591 5376 1656 5428 ad
1702 5376 1802 5430 hoc
1841 5376 2065 5431 demon-

477 5469 758 5526 strandum
787 5465 1095 5533 testimonia
1123 5465 1349 5533 adduci,
1380 5466 1435 5521 in
1465 5466 1658 5535 quibus
1686 5481 1749 5520 ex
1774 5467 2069 5521 necessitate

482 5566 673 5635 Synodi
711 5574 1017 5621 sanctorum
1051 5564 1266 5619 Patrum
1300 5564 1596 5620 doctrinam
1627 5578 1685 5619 se
1715 5566 1965 5635 amplecti
2001 5581 2064 5621 ac

482 5657 631 5721 seqtii
662 5655 917 5720 prolessa:
949 5666 1093 5711 sunt.
1436 5676 1441 5681 ·
1888 5670 1899 5676 “

558 5751 621 5798 At
655 5748 858 5813 inquies
888 5750 1029 5817 loqui
1061 5758 1110 5805 te
1139 5750 1204 5805 de
1236 5766 1340 5807 uno
1369 5750 1685 5818 Augustino,
1718 5765 1819 5802 non
1854 5749 1917 5802 tle
1951 5766 2062 5802 out-

2172 4656 2402 4719 tebatur,
2429 4655 2555 4709 dum
2584 4656 2649 4710 ad
2679 4657 3005 4713 Bonifacium
3030 4674 3223 4730 papam
3252 4660 3517 4716 scribebat
3540 4662 3751 4713 mittere

2173 4762 2267 4801 sua
2304 4746 2500 4816 scripta
2544 4763 2649 4802 non
2680 4755 2785 4801 tam
2819 4749 3076 4805 discenda
3121 4767 3273 4820 quam
3319 4751 3671 4813 examinanda,
3700 4754 3746 4802 et

2171 4838 2257 4892 ubi
2284 4839 2501 4908 forsitan
2530 4839 2725 4908 aliquid
2754 4840 3093 4911 displicuerit,
3117 4842 3459 4906 emendanda,
3474 4842 3571 4897 lib.
3593 4858 3608 4895 t
3628 4856 3746 4894 eou-

2171 4936 2253 4983 tra
2283 4927 2417 4982 duas
2443 4928 2697 4996 epistolas
2728 4929 2907 4999 Pelag.
2931 4930 2999 4984 ad
3032 4930 3234 4997 Bonif.,
3258 4946 3380 5001 cap.
3411 4932 3462 4985 l.
3490 4929 3745 4987 Caeterum

2170 5020 2311 5088 quod
2342 5035 2370 5074 a
2398 5020 2507 5075 Deo
2532 5021 2939 5076 illuminatioois
2966 5021 3195 5093 gratiam
3227 5024 3292 5077 ad
3318 5023 3628 5079 docendum
3672 5037 3745 5075 as-

2168 5120 2385 5164 secutus
2415 5118 2519 5177 est,
2553 5120 2610 5164 ut
2638 5111 2712 5163 ait
2756 5118 2976 5165 sanctus
3021 5111 3353 5183 Fulgentius,
3384 5122 3440 5166 et
3468 5110 3742 5167 unus‘unio

2169 5214 2355 5256 versas
2378 5201 2783 5269 Pelagianorum
2827 5202 3105 5257 machinas
3137 5203 3413 5274 perfregit,
3447 5214 3653 5259 tantum
3680 5200 3745 5257 illi

2170 5290 2407 5347 Ecclesia
2455 5290 2664 5357 detulit,
2708 5299 2766 5346 ut
2796 5282 2964 5362 ipsius
2989 5292 3244 5349 Ecclesiae
3277 5310 3374 5364 per
3402 5294 3744 5363 apostolicam

2172 5383 2353 5438 sedem
2385 5382 2636 5451 magister
2662 5394 3015 5439 consecratus
3046 5385 3225 5441 fuerit.
3250 5384 3387 5441 Hinc
3407 5385 3745 5447 Caelestinus,

2173 5474 2226 5528 in
2252 5474 2475 5544 epistula
2510 5474 2667 5529 toties
2695 5489 2723 5526 a
2751 5476 3144 5530 recentioribus
3186 5476 3470 5539 inculcata,
3502 5475 3740 5543 Angusti-

2170 5582 2297 5621 uum
2327 5568 2627 5637 magistrum
2649 5578 2878 5622 nostrum
2902 5568 3121 5623 honoris
3141 5585 3301 5623 causa
3333 5580 3627 5636 nuncupat,
3652 5568 3739 5622 Gc-

2170 5657 2335 5711 lasius
2377 5658 2429 5709 in
2478 5657 2704 5725 epistola
2753 5658 2817 5711 ad
2862 5659 3152 5713 Honorium
3200 5659 3447 5713 eumdem
3504 5658 3740 5711 Ecclesia!

2171 5748 2469 5819 magistrum
2502 5748 2721 5815 dicit,et
2763 5749 2993 5805 Joannes
3034 5750 3095 5817 ll,
3140 5760 3193 5804 ut
3223 5767 3339 5805 mox
3372 5749 3637 5817 dicemus,
3678 5747 3737 5802 de
