3930 6366
209 408 316 466 8οι

1402 409 1721 468 ΥΙΝΒΙΟΙιΕ
1765 409 2322 467 ᾹυϐυὸΤΙΜᾹΝᾹῗ.

3377 412 3480 470 802

203 526 516 594 Augustino
546 526 750 591 scribit,
784 531 934 600 rujus
966 529 1252 582 doctrinam
1289 530 1563 582 secundum
1593 529 1786 597 pra’de-
1824 533 1872 589 Α
1900 528 2113 582 auxiliis
2141 527 2335 580 divinis
2364 525 2759 580 controversias
2786 524 2853 577 ad
2899 523 3124 578 tribunal
3175 529 3344 581 sancti
3372 533 3478 582 Au-

200 630 465 668 cessurum
511 632 737 670 meorum
772 629 964 671 statuta
1003 620 1234 672 llomona
1278 621 1504 687 sequitur
1541 628 1588 672 et
1632 631 1793 671 servat

209 704 464 758 Ecclesia.
513 707 792 768 Profecto,
842 710 885 761 si
941 709 1176 763 Ecclesia
1228 711 1462 762 Romana
1510 710 1790 778 Augustini

200 795 511 848 det-trinam
567 798 825 864 sequitur,
875 801 1198 867 Augustinus
1252 799 1489 867 ejusdem
1536 799 1792 855 Ecclesia:

201 884 470 951 magister
511 884 768 940 dicendus
798 895 898 950 est,
936 890 1006 941 nti
1047 889 1338 958 discipulos
1378 890 1546 942 sancti
1573 889 1792 944 Tltomte

198 983 302 1025 aut
350 975 496 1028 Sc0ti
527 990 622 1030 eos
650 978 1004 1044 appellamus,
1032 981 1120 1048 qui
1163 979 1470 1034 earumdem
1513 980 1791 1035 doctorum

198 1071 500 1118 sen'entias
543 1079 859 1135 sequuntur.
897 1070 1003 1122 Cur
1031 1082 1206 1124 autem
1242 1072 1342 1125 hoc
1379 1072 1571 1125 mirum
1605 1073 1788 1125 videao

199 1158 328 1209 tur?
353 1158 538 1212 Nonne
580 1161 706 1213 olim
760 1177 985 1230 magnus
1018 1165 1104 1216 ille
1137 1168 1373 1233 Aquinas
1421 1169 1561 1220 inter
1593 1168 1793 1220 tirones

197 1246 261 1301 in
286 1249 484 1304 scholis
518 1251 683 1316 sedit,
715 1256 800 1320 qui
849 1266 1029 1322 postea
1075 1272 1314 1309 summus
1346 1257 1789 1312 scholasticorum

196 1340 462 1408 magister
487 1345 692 1397 evasit?
739 1346 958 1400 Laudati
991 1349 1282 1411 antistites,
1312 1351 1438 1402 dum
1485 1355 1533 1402 in
1584 1351 1789 1420 synodo

192 1428 630 1486 Chalcedonensi
681 1443 735 1488 et
786 1437 1381 1506 Constantinopolitana
1427 1450 1641 1494 sanctos
1687 1441 1789 1494 Pa-

195 1527 320 1572 ttes
348 1523 497 1590 sequi
529 1538 587 1576 se
617 1525 886 1589 dicebant,
917 1532 1224 1583 earumdem
1255 1547 1311 1583 se
1339 1531 1628 1600 discipulos
1667 1547 1788 1600 pro-

194 1607 515 1675 fitebantur,
542 1627 772 1680 quorum
802 1615 1061 1669 doctrinis
1089 1633 1208 1671 sese
1239 1619 1580 1674 instruendus
1611 1623 1788 1676 trade-

190 1696 360 1761 bant;
397 1699 470 1752 illi
519 1702 678 1768 igitur
724 1704 949 1770 Lednes,
985 1707 1208 1765 Felices.
1238 1712 1537 1777 Athanasii,
1575 1713 1779 1778 Ililarii,

190 1788 507 1853 Augustini,
535 1791 740 1859 Cyrilli,
771 1794 1030 1861 Gregorii,
1065 1799 1224 1854 aliive
1257 1817 1391 1868 quos
1421 1801 1622 1856 ibidem
1663 1819 1782 1870 pro-

1897 621 2091 688 gustini
2140 617 2525 683 expendendas
2568 615 2764 682 jussit,
2813 629 2920 684 quo
2966 615 3093 668 olim
3148 619 3476 674 recentiores

1898 718 2064 781 pressi
2115 718 2261 770 sunt,
2310 709 2454 762 hisce
2507 707 2666 761 modo
2715 708 2950 775 strophis
2996 707 3216 762 eludunt
3252 724 3266 761 :
3305 709 3473 762 «Nam

1895 804 2058 870 quod,
2113 802 2399 866 inquiunt,
2449 799 2687 866 ohjicere
2740 798 2904 867 aliqui
2957 797 3171 862 solent,
3231 798 3476 851 Clemen-

1896 903 2000 947 tem
2031 892 2138 944 V'lll
2166 891 2389 957 jus.~issc
2415 901 2654 957 tempore
2682 889 3100 956 disputationum
3143 889 3210 941 de
3241 889 3471 953 auxiliis,

1895 992 1953 1036 ut
1981 982 2259 1048 Augustini
2295 982 2628 1050 potissimum
2669 981 2932 1034 sententia
2970 979 3362 1046 exquireretur,
3399 981 3476 1033 fa-

1895 1073 1994 1127 cile
2021 1074 2270 1127 solvitur.
2304 1072 2484 1139 Neque
2513 1074 2655 1125 enim
2681 1072 2732 1124 id
2760 1073 3013 1139 praecepit
3043 1085 3109 1124 eo
3141 1071 3470 1139 prtejttdicio,

1895 1165 2042 1232 quasi
2068 1163 2215 1216 nefas
2240 1163 2458 1215 duceret
2483 1162 2584 1214 ulla
2612 1162 2664 1214 in
2685 1177 2741 1215 re
2770 1162 3054 1216 dissentire
3077 1162 3471 1226 abAugustino,

1894 1253 2171 1320 repudiata
2200 1253 2359 1304 etiam
2388 1251 2661 1304 Coelestini
2692 1251 3036 1305 distinctione
3067 1251 3151 1304 illa
3185 1251 3329 1304 inter
3359 1265 3474 1318 pio-

1895 1343 2186 1413 positiones
2237 1355 2370 1410 quas
2417 1349 2584 1406 esset,
2638 1348 2693 1394 et
2741 1355 2872 1407 quas
2899 1357 3005 1394 non
3059 1351 3203 1394 esset
3249 1355 3472 1394 necesse

1891 1445 2150 1488 astruere.
2183 1433 2365 1502 Neque
2414 1433 2551 1486 idem
2586 1440 2672 1485 est
2700 1431 2862 1497 velle,
2891 1442 2948 1484 ut
2977 1433 3311 1501 disputantes
3339 1432 3473 1483 -Αιι-

1889 1526 2087 1595 gustini
2132 1524 2453 1579 sententiam
2500 1523 2792 1591 inquirant,
2817 1531 2873 1575 et
2915 1522 3050 1575 velle
3091 1522 3306 1575 omnino
3336 1528 3391 1573 nt
3418 1519 3469 1574 itt

1890 1617 2139 1670 omnibus
2166 1631 2284 1668 eam
2315 1624 2626 1683 sequantur.
2651 1631 2669 1664 ι
2710 1614 2912 1667 ltursus
2939 1630 2950 1665 :
2983 1631 2999 1664 ι
3031 1612 3345 1680 Inquirenda
3371 1610 3472 1663 fuit

1890 1708 2172 1777 Augustini
2205 1708 2492 1770 sententia,
2519 1715 2573 1759 ut
2608 1706 2996 1774 intelligeretur
3037 1714 3210 1758 utrum
3257 1719 3317 1757 ea
3349 1719 3471 1770 quae

1887 1797 2301 1865 disputabantur
2348 1805 2626 1865 tangerent
2687 1797 2978 1849 constituta
3029 1794 3137 1862 jam
3197 1793 3468 1861 dogmata,

189 1874 419 1939 ducunt,
444 1881 770 1948 synodornm
800 1885 1034 1952 magistri
1069 1887 1238 1943 fuere.
1260 1893 1439 1956 Quare
1468 1909 1587 1946 cum
1614 1897 1782 1948 Amo-
1817 1889 1859 1948 Β
1892 1905 2080 1953 necne,
2113 1904 2178 1943 an
2221 1889 2398 1957 potius
2448 1896 2751 1961 spectarent
2795 1886 2862 1938 ad
2891 1887 3209 1952 quaestiones
3257 1883 3471 1936 indille-

187 1969 439 2022 sicarium
489 1973 778 2026 concilium
831 1992 995 2029 nnntn
1026 1983 1380 2047 Augustinum
1411 1994 1649 2038 secutum
1693 1987 1781 2049 sit,

193 2073 365 2112 unum
397 2063 752 2131 Augustinum
783 2066 1093 2134 magistrum
1119 2070 1325 2125 habuit.

269 2147 410 2203 inter
437 2152 904 2222 sanctiAugustini
933 2159 1292 2215 encomiastzis
1324 2163 1514 2218 merito
1537 2181 1784 2222 numera.

186 2247 282 2292 tur
311 2242 468 2294 etiam
515 2255 732 2297 sanctus
762 2245 996 2302 Joannes
1027 2250 1092 2315 ll,
1125 2251 1177 2304 in
1220 2254 1376 2321 epist.
1404 2254 1436 2305 5
1465 2256 1531 2310 ad
1561 2269 1779 2312 senato-

185 2347 280 2385 res
311 2348 325 2385 :
360 2334 583 2388 Sanctus
613 2339 946 2407 Augustinus,
983 2342 1079 2406 ait,
1107 2347 1254 2414 cujus
1277 2347 1562 2401 doctrinam
1602 2368 1777 2404 rerum

181 2426 311 2474 dunt
335 2428 761 2491 pt'a’decessm'unt
790 2446 1018 2483 meorum
1041 2443 1228 2485 statuta
1261 2435 1498 2490 Ilontana
1548 2443 1780 2509 sequitur

179 2528 236 2568 et
269 2529 436 2571 servat
462 2517 714 2573 Ecclesia.
744 2522 946 2587 Quibus
986 2527 1159 2580 verbis
1196 2532 1426 2595 pontifex
1464 2547 1568 2585 non
1600 2535 1776 2590 solum

177 2610 364 2663 sancti
406 2611 685 2678 Augustini
727 2613 1026 2669 doctrinam
1077 2621 1436 2682 consecravit,
1474 2624 1570 2676 sed
1617 2627 1777 2681 etiam

173 2698 440 2751 eumdem
471 2702 759 2768 antiquitus
787 2717 816 2755 a
859 2705 970 2757 suis
1001 2705 1377 2762 decessor-ibus
1426 2714 1776 2780 approbatam

177 2795 352 2847 fuisse
385 2795 634 2848 affirmat.
679 2795 784 2850 Sed
810 2813 874 2851 en
911 2801 1086 2852 statim
1121 2805 1480 2858 recentiorum
1511 2807 1778 2875 interpre-

179 2882 441 2934 tationes.
490 2885 628 2937 Audi
682 2885 1076 2954 Decampsium,
1129 2890 1223 2943 lib.
1277 2907 1336 2944 nt
1385 2895 1501 2960 cit.,
1550 2895 1691 2964 disp.
1727 2899 1776 2966 l,

178 2986 308 3041 cap.
333 2970 387 3035 4,
410 2989 556 3026 num.
592 2974 655 3025 12
681 2993 694 3029 :
735 2995 751 3027 ι
774 2976 904 3030 Cum
941 2978 1099 3047 igitur
1126 2981 1178 3034 in
1211 2981 1306 3034 hac
1330 2986 1552 3052 epistola
1581 3003 1680 3041 nec
1711 2988 1780 3044 de

183 3065 360 3118 sancti
391 3066 674 3135 Augustini
715 3068 958 3122 doctrina
995 3080 1179 3124 contra
1211 3073 1524 3142 Pelagianos
1567 3088 1773 3146 agatur,

185 3171 291 3212 nec
315 3157 452 3212 ullus
483 3175 547 3212 ex
577 3159 729 3212 libris
758 3163 1057 3230 appelletur
1079 3164 1269 3232 quibus
1299 3181 1393 3220 eos
1425 3169 1768 3237 impugnavit,

1886 1993 2086 2037 rentes.
2118 1980 2269 2034 Adde
2289 1995 2407 2032 cum
2441 1988 2650 2032 constet
2678 1993 2740 2032 ex
2767 1985 2951 2030 mente
2984 1975 3150 2028 sancti
3191 1975 3470 2028 Bonaven-

1886 2083 2020 2127 turai
2043 2071 2393 2140 Augustinum
2437 2070 2724 2136 aliquando
2757 2069 2935 2122 minus
2965 2067 3219 2129 voluisse,
3263 2076 3316 2119 et
3349 2067 3466 2133 plus

1884 2164 2113 2228 dixisse,
2147 2164 2308 2216 fuisse
2339 2177 2434 2216 cur
2479 2162 2690 2228 juberct
2722 2175 2964 2214 summus
2998 2159 3236 2228 pontifex
3269 2168 3324 2210 ut
3351 2157 3467 2227 ejus

1883 2256 2147 2311 sententia
2175 2255 2607 2321 invesngaretnr,
2641 2268 2834 2319 nempe
2863 2261 2918 2304 ut
2958 2252 3299 2316 retineretur,
3327 2249 3467 2317 quod

1884 2349 2222 2415 perSpicnnm
2273 2355 2418 2410 esset
2464 2346 2608 2398 illutn
2654 2345 2912 2406 voluisse,
2949 2358 3052 2397 non
3104 2352 3281 2395 autem
3313 2340 3468 2408 quid-

1881 2438 2006 2506 quid
2056 2445 2348 2501 constaret,
2399 2453 2518 2489 eunt
2571 2435 2838 2487 dixisse.»
2875 2432 3072 2486 Annali
3127 2430 3287 2485 verba
3343 2436 3466 2482 sunt

1883 2535 1974 2588 lib.
2002 2550 2113 2599 vni,
2146 2549 2265 2602 cap.
2299 2534 2352 2596 4,
2387 2534 2437 2585 in
2481 2529 2604 2584 line.
2640 2530 2830 2583 Nullus
2880 2529 3155 2595 hucusque
3203 2523 3469 2579 dubitavit

1885 2626 1934 2677 in
1964 2626 2294 2678 scssionibus
2321 2625 2388 2677 de
2415 2623 2629 2676 auxiliis
2657 2637 2841 2675 coram
2879 2621 3153 2673 Clemente
3188 2617 3296 2672 \illl
3327 2617 3469 2669 cele-

1885 2714 2045 2765 bratis
2078 2714 2286 2765 Molinae
2315 2711 2610 2764 doctrinam
2657 2711 2721 2761 ad
2773 2709 3176 2775 Augustini:th
3212 2707 3467 2758 doctrina:

1884 2804 2137 2854 amussim
2175 2810 2437 2853 vocatam.
2471 2799 2685 2852 Interim
2718 2798 2934 2851 audiant
2979 2798 3196 2851 Paulum
3235 2796 3469 2849 Leonar-

1883 2897 2032 2960 (lum,
2062 2908 2188 2946 vere
2226 2892 2559 2960 Scerlogum,
2595 2892 2646 2944 in
2679 2889 2936 2958 Apologia
2984 2888 3221 2941 scicntia:
3255 2887 3466 2950 medim,

1883 2992 2019 3050 part.
2049 2998 2108 3046 ιι,
2147 2997 2296 3036 ιιιιιιι.
2324 2982 2431 3035 59:
2472 2999 2488 3030 ι
2513 2980 2793 3047 Equidem,
2830 2979 3018 3044 inquit,
3055 2979 3105 3030 in
3151 2978 3467 3046 di~putatio-

1883 3075 2038 3126 nibus
2070 3075 2251 3125 ltoma)
2282 3073 2493 3139 agitatis
2522 3086 2706 3123 corum
2741 3071 3024 3123 sanctitate
3043 3070 3332 3123 Clementis
3352 3067 3464 3122 Vlll

1881 3173 1931 3214 et
1969 3162 2110 3212 l‘aoli
2145 3162 2206 3228 V,
2239 3175 2379 3229 smpe
2431 3168 2485 3214 et
2524 3161 2808 3227 diligenter
2855 3160 3236 3227 interrogatum
3284 3169 3367 3212 est
3396 3159 3464 3212 de

184 3262 285 3300 cur
317 3247 442 3300 inde
463 3247 771 3303 Janseniani
818 3253 1095 3318 speciatim
1139 3255 1424 3324 colligunt,
1455 3259 1524 3309 ita
1561 3259 1770 3325 probari
1804 3264 1847 3324 (ζ
1883 3262 2057 3306 mente
2089 3253 2256 3305 Sfltht-i
2279 3253 2580 3318 Angu~tini,
2615 3252 2754 3321 quod
2785 3267 2848 3306 eo
2872 3253 3149 3319 speciatim
3180 3255 3229 3305 in
3260 3268 3460 3320 genere

184 3337 254 3390 ab
284 3339 574 3405 apostolica
607 3340 734 3393 sede
764 3357 1096 3411 quaecunque
1122 3344 1176 3396 in
1207 3345 1489 3414 Augustini
1519 3351 1768 3418 operibus

183 3428 558 3493 continentur,
593 3438 651 3482 ut
677 3430 742 3482 ab
774 3430 856 3484 his
889 3433 970 3484 vel
1000 3433 1264 3487 tantillum
1301 3437 1553 3492 recedere
1580 3440 1648 3492 sit
1675 3456 1768 3494 ne-

185 3516 262 3570 fas
282 3517 301 3569 ?
323 3537 341 3569 ι
378 3518 537 3574 Addit
565 3520 1006 3590 Moraines,disp.
1041 3525 1107 3576 l9.
1138 3527 1462 3590 Anti-Jans.,
1491 3545 1636 3582 num.
1665 3530 1762 3584 50:

204 3630 222 3662 ι
249 3611 379 3676 Qua:
405 3611 545 3664 addit
575 3627 638 3665 ex
661 3613 862 3667 Joanne
888 3616 924 3666 Il
957 3625 1007 3668 et
1036 3615 1315 3672 Clemente
1333 3618 1444 3671 Vlll
1473 3621 1771 3684 prreceden-

204 3701 350 3755 tibus
397 3701 585 3756 similia
633 3716 780 3769 sunt,
816 3705 1055 3774 nihilque
1085 3709 1313 3775 amplius
1355 3710 1602 3777 probant.
1630 3711 1771 3765 Tan-

195 3801 306 3846 tum
340 3792 482 3846 enim
525 3794 791 3852 affirmant
850 3796 1142 3850 Ecclesium
1190 3798 1488 3854 Romanam
1530 3813 1767 3863 servare,

186 3892 243 3937 et
285 3885 435 3953 sequi
467 3884 765 3939 doctrinam
798 3889 1076 3956 Augustini
1125 3888 1222 3942 sibi
1269 3891 1416 3956 quasi
1461 3890 1640 3946 dotem
1687 3908 1772 3947 re-

191 3974 392 4030 lictam.
428 3992 587 4044 quam
619 3986 792 4032 tamen
823 3994 929 4032 non
963 3980 1014 4032 in
1041 3981 1286 4034 omnibus
1329 3984 1590 4050 sequitur,
1615 4004 1633 4034 ι
1661 3993 1768 4039 etc.

187 4067 312 4121 lltec
345 4068 442 4121 illi.
479 4069 694 4124 Scimus
726 4086 843 4124 eam
875 4073 1042 4126 sancti
1072 4073 1296 4128 Joannis
1336 4076 1619 4140 epistolam
1651 4092 1773 4132 esse

187 4173 369 4216 contra
395 4164 763 4230 Nestorianos,
787 4182 892 4219 non
921 4167 1263 4235 Pelagianos;
1295 4168 1389 4220 sed
1422 4170 1621 4222 scimus
1649 4183 1775 4236 quo-

186 4267 288 4320 que
329 4255 674 4310 Nestorianos
717 4271 778 4310 ex
828 4257 1128 4326 Pelagianis
1181 4257 1464 4325 prodiisse,
1517 4270 1772 4329 utrosque

187 4352 372 4397 mutuo
426 4360 484 4398 se
542 4349 785 4400 loventes
836 4349 974 4414 apud
1036 4346 1306 4414 Ephesum
1356 4348 1764 4416 condemnatos,

186 4436 396 4504 utrique
441 4439 633 4493 haeresi
665 4439 805 4493 idem
853 4455 882 4491 a
916 4439 1182 4507 PrOSpero
1237 4442 1563 4511 epitaphium
1621 4443 1772 4511 igno-

185 4527 365 4582 miniaa
410 4543 570 4583 causa
626 4531 961 4598 inscriptum.
997 4532 1329 4599 Opponimus
1386 4545 1560 4586 tamen
1603 4534 1768 4586 Joan-

1873 3363 1972 3414 qua
1994 3345 2225 3398 stionnm
2255 3346 2588 3413 erploratum
2614 3353 2760 3398 esset
2788 3344 2853 3398 ab
2888 3344 2948 3397 iis
2981 3345 3176 3412 optima
3207 3344 3458 3412 proferri,

1877 3440 1959 3490 cui
1987 3447 2162 3490 tantus
2183 3439 2381 3490 divina:
2403 3437 2586 3504 gratia:
2620 3436 3017 3505 hyperaspistes
3039 3441 3258 3491 faveret.
3285 3437 3459 3501 Quare

1881 3542 2020 3578 anno
2052 3528 2186 3580 itif)?
2229 3536 2508 3578 tractatum
2544 3543 2554 3575 ;
2594 3527 2717 3587 Quis
2751 3528 2969 3591 majores
2998 3529 3123 3578 vires
3165 3530 3231 3578 ad
3270 3529 3458 3580 bonum

1885 3618 2041 3667 libera
2082 3616 2294 3666 arbitrio
2344 3615 2568 3665 tribuat?
2622 3615 2700 3666 Au
2741 3616 3094 3682 Augustinus?
3125 3633 3190 3666 on
3223 3615 3461 3668 Matina?

1873 3706 2192 3757 Continctur
2243 3703 2328 3754 ille
2380 3700 2637 3753 articulus
2687 3712 2894 3771 septem
2947 3707 3349 3772 qtta'stionibus,
3403 3706 3456 3760 in

1874 3795 2066 3863 quibus
2098 3791 2320 3859 singulis
2350 3792 2415 3845 de
2448 3801 2625 3845 mente
2664 3793 2943 3860 Augustini
2969 3794 3295 3861 disceptatur
3335 3813 3455 3850 cum

1876 3885 2095 3942 Molina,
2127 3895 2229 3935 ezc.
2267 3884 2338 3936 De
2362 3884 2553 3949 qn-bus
2590 3881 2756 3951 liqttct
2785 3885 3147 3937 altercationis
3177 3902 3311 3956 pene
3343 3902 3459 3939 ont-

1882 3991 2001 4028 nem
2034 3989 2276 4042 scopum,
2310 3975 2559 4043 quidnam
2594 3976 2921 4041 Augustinus
2963 3978 3220 4029 sentiret?
3249 3998 3263 4028 ι
3298 3978 3459 4031 Cutil-

1876 4063 2071 4133 pendio
2121 4079 2206 4117 res
2257 4074 2526 4132 ageretur,
2561 4063 2602 4117 si
2653 4065 2840 4117 liceret
2884 4076 2999 4118 acta
3044 4066 3133 4118 illa
3167 4083 3459 4137 congreg::-

1876 4156 2099 4216 tionum,
2160 4153 2245 4207 vel
2298 4156 2555 4221 integram
2612 4154 2900 4208 Clementis
2949 4154 3061 4208 Vlll
3114 4161 3458 4225 orationem,

1873 4259 2030 4313 quam
2087 4244 2537 4313 disputationibus
2584 4243 2692 4296 illis
2743 4245 3018 4311 praemisit,
3071 4249 3317 4303 recitare.
3353 4251 3456 4304 Sed

1874 4333 2087 4404 quando
2143 4333 2434 4387 recentiori
2469 4333 2710 4386 Romano
2740 4335 2959 4389 decreto
3003 4337 3054 4388 id
3102 4339 3321 4390 vetitum
3353 4350 3458 4404 est,

1873 4440 1992 4478 cum
2045 4425 2325 4491 dispendio
2369 4439 2544 4477 causa:
2592 4439 2750 4491 quam
2799 4425 3053 4491 defendo,
3100 4430 3457 4483 llCtCs‘Sal‘iﬂln

1825 4548 1827 4551 -
1874 4516 2240 4569 defensionem
2292 4515 2501 4570 omitto.
2541 4517 2603 4570 Et
2643 4519 2856 4586 quidem
2902 4518 3017 4587 plus
3067 4520 3202 4573 forte
3246 4523 3460 4575 caeteris

186 4634 304 4673 nem
365 4621 494 4675 inibi
553 4636 612 4675 ea
667 4622 832 4676 sane”
884 4622 1122 4676 doctoris
1171 4624 1443 4677 volumina
1493 4624 1763 4688 ιουάεεω,
1797 4635 1846 4693 D
1877 4609 2098 4660 meliora
2148 4608 2328 4662 dicere
2383 4624 2618 4676 possem,
2653 4627 2774 4663 cunt
2834 4611 3050 4679 legerim
3100 4613 3279 4666 omnia
3324 4614 3454 4667 Mss.

188 4713 380 4780 quibus
414 4729 519 4767 non
551 4723 757 4768 tantum
804 4717 1140 4770 auctoritatis
1173 4717 1330 4782 inest,
1375 4729 1626 4786 quantttnt
1677 4717 1769 4770 tri-

187 4803 373 4856 butum
401 4817 482 4856 est
505 4806 571 4856 ab
601 4806 895 4873 apostolica
941 4809 1070 4860 sede
1115 4808 1265 4860 libris
1295 4818 1481 4860 contra
1531 4808 1772 4878 Pelagia-

189 4907 290 4946 nos
317 4896 552 4963 scriptis.
584 4896 714 4949 Cum
743 4899 885 4949 enim
917 4897 967 4949 in
1003 4897 1103 4950 illis
1135 4910 1357 4952 trieteros
1386 4907 1503 4965 post
1533 4914 1586 4951 se
1612 4901 1770 4968 longo

185 4983 472 5040 intervallo
519 4988 815 5055 reliquerit,
846 4988 899 5040 in
950 4988 1067 5041 istis
1114 4989 1291 5056 seipso
1337 5003 1548 5057 quoque
1599 4990 1770 5058 major

184 5076 384 5141 eVaSit;
411 5078 549 5130 unde
571 5080 614 5131 si
647 5080 1003 5146 Augustinum
1032 5078 1269 5140 Romana
1303 5079 1542 5131 Ecclesia
1569 5079 1768 5132 docen-

186 5175 293 5221 tem
327 5167 589 5236 sequitur,
626 5168 714 5222 ubi
760 5170 956 5222 minori
991 5169 1147 5223 laude
1176 5180 1397 5223 ornatus
1439 5169 1555 5232 fuit,
1587 5168 1770 5234 cidem.

185 5259 492 5329 religiosius
518 5261 834 5325 adltmrebit,
872 5262 958 5314 ubi
986 5269 1062 5313 tot
1095 5261 1453 5314 Romanorum
1481 5260 1766 5328 prtesnlum

185 5352 446 5404 encotniis
467 5362 727 5420 exceptus
765 5353 879 5404 fuit.
914 5353 1150 5404 [tornana
1185 5353 1418 5407 Ecclesia
1450 5369 1553 5405 non
1587 5353 1766 5405 solum

113 5495 117 5499 .
185 5445 536 5512 Augustinum
567 5445 848 5498 docentem
882 5444 1109 5507 in-tudit,
1143 5445 1235 5496 sed
1276 5444 1642 5512 impugnatum
1673 5442 1768 5496 de-

185 5532 374 5598 feudit,
409 5544 466 5587 ut
496 5534 582 5587 izla
624 5535 904 5603 Augustini
948 5533 1321 5587 auctoritatem
1374 5543 1764 5603 prapngnante,

183 5626 360 5676 oleum
385 5635 438 5678 et
467 5639 687 5693 operam
713 5626 970 5693 perdituri
999 5626 1107 5679 sitit
1148 5626 1497 5689 recentiores,
1522 5627 1611 5694 qui
1638 5639 1764 5678 con-

187 5727 263 5770 tra
293 5720 538 5770 eamdem
571 5717 874 5785 insurgunt.

255 5806 548 5862 Clementis
590 5822 720 5863 vero
748 5805 859 5862 V'lll
903 5807 1204 5875 decretum,
1234 5822 1339 5877 quo
1373 5810 1647 5862 universas
1695 5807 1762 5863 de

1879 4698 2118 4769 Gregorii
2144 4699 2337 4769 Nugttii
2368 4701 2622 4770 Coroncl,
2658 4703 3027 4771 Augustuduni
3075 4702 3333 4766 Lusitani,
3363 4706 3454 4773 qui

1878 4799 2293 4845 memoratarum
2341 4806 2814 4864 congregationum
2868 4792 2966 4844 fuit
3006 4805 3034 4843 a
3085 4795 3327 4846 secretis.
3366 4796 3459 4848 l'io

1876 4880 2090 4934 silentio
2135 4884 2378 4950 relig:oni
2426 4884 2539 4937 lito.
2574 4887 2830 4949 ltepctam
2879 4893 3051 4935 tamen
3100 4883 3454 4952 fragmentum

1879 4975 1893 5046 Ιη
1932 4977 2101 5026 ndatac
2134 4977 2393 5030 orationis
2436 4975 2726 5029 Clementis
2759 4974 2886 5040 Vlll,
2919 4977 3058 5042 quod
3110 4991 3207 5031 suo
3257 4983 3270 5031 Ι
3301 4981 3458 5035 υιῖΙιυο

1882 5063 2050 5131 logico
2070 5068 2520 5132 :tChngl'cgtHitilte
2541 5080 2787 5132 suprema
2815 5068 2872 5121 S.
2891 5066 2950 5119 ll.
2977 5067 3333 5137 lnquisitionis
3367 5088 3455 5138 3p-

1876 5145 2098 5221 probato
2131 5154 2357 5207 inseruit
2389 5155 2444 5207 Ρ.
2477 5155 2692 5209 Macedo
2738 5159 2874 5212 inter
2917 5161 3087 5229 elogia
3119 5163 3350 5230 pontilit:
3376 5181 3451 5228 ιιι,

1875 5237 1992 5318 quae
2025 5245 2211 5297 reeitat
2241 5247 2309 5297 ad
2352 5246 2490 5299 diem
2518 5246 2587 5299 ‘28
2619 5249 2866 5316 Augusti,
2909 5266 3026 5318 pag.
3070 5252 3195 5305 ⁴406.
3219 5270 3235 5302 ι
3256 5254 3455 5316 Qtt'tttt-

1877 5339 1980 5399 vis,
2013 5337 2202 5402 inquit,
2238 5340 2335 5389 nisi
2363 5336 2473 5389 Deo
2505 5339 2765 5392 rationem
2792 5343 3020 5395 reddere
3052 5345 3271 5395 debeam
3304 5357 3453 5394 mea~

1880 5443 1992 5479 rum
2028 5430 2320 5494 artionum,
2351 5427 2523 5481 dicam
2556 5439 2732 5483 tamen
2775 5432 3252 5498 impraesentiarum
3285 5433 3448 5484 ratio.

1878 5533 1972 5571 nes
2033 5527 2248 5586 propter
2295 5534 2426 5587 quas
2487 5537 2815 5574 ASTRINGL‘ItE
2862 5537 3051 5574 STATUI
3104 5529 3266 5574 totam
3317 5523 3453 5576 hanc

1873 5609 2289 5677 disinttationem
2341 5629 2406 5664 AD
2450 5628 2663 5666 nouum
2716 5629 2988 5668 DUC'I'RKNE
3038 5627 3227 5667 sancn
3271 5616 3454 5670 ,Aecu-

1871 5715 2009 5755 srtsi
2033 5706 2095 5753 de
2124 5704 2313 5770 gratia.
2348 5702 2520 5755 Prima
2550 5712 2634 5756 est
2662 5704 2799 5770 quod
2825 5703 2891 5769 si,
2927 5711 3063 5757 teste
3090 5703 3150 5758 Β.
3186 5702 3451 5772 Prospero

1874 5799 1983 5857 fere
2023 5801 2173 5856 initio
2211 5802 2329 5856 libri
2372 5811 2556 5857 contra
2601 5804 2936 5873 collatorem,
2970 5803 3153 5874 viginti
3182 5819 3446 5858 annorum
