3930 6324
451 367 558 424 80³

1353 355 1916 418 SUPI’LEMENTUM
1959 358 2050 413 All
2091 357 2323 417 OPERA
2365 357 2423 416 S.
2467 359 2864 418 AUGUSTINI.

3620 364 3735 422 8οὸ

447 483 622 554 spatio
673 481 817 537 acies
871 479 1156 536 catholicae
1197 475 1454 533 Ecclesiae
1495 478 1571 532 ita
1615 476 1898 532 dimicavit
1944 490 2040 543 pro
2065 483 2116 542 Α
2145 493 2286 534 nunc
2351 478 2450 534 sibi
2493 479 2722 535 liberum
2779 487 3007 548 putant,
3067 491 3134 533 ne
3177 476 3394 549 quidem
3461 477 3730 536 arbitrum

451 580 620 646 gratia
645 583 836 630 contra
874 573 1212 640 Pelagianos,
1249 579 1305 623 ut
1335 568 1551 624 tandem
1583 567 1880 638 Augustino
1907 567 2046 622 duce

450 671 658 736 vicerit,
689 675 904 738 oportet
951 666 1114 720 etiam
1161 673 1220 716 ut
1268 664 1322 716 in
1352 675 1514 716 causa
1557 660 1774 715 consilii
1827 672 2044 713 annos:

453 783 627 822 oucsn
677 773 1016 820 scuoscxuos
1059 771 1127 812 ετ
1167 772 1466 820 εεοωιιυιι.
1489 756 1738 812 Secunda
1779 762 1864 809 cst
1901 752 2045 824 quod

454 860 594 913 idem
625 865 842 911 sanctus
865 853 993 906 nihil
1027 851 1240 905 ιὶιΙειιιι·
1266 851 1678 918 pra-termisisse
1707 862 1895 902 eorum
1923 862 2045 916 qua:

452 949 519 1002 ad
579 956 870 1018 prtesentes
927 943 1326 997 controversias
1375 939 1668 1010 pertinent,
1717 947 1824 993 etc.
1863 938 2045 992 Tertia

454 1039 667 1092 tandem
699 1037 835 1090 ratio
861 1043 943 1088 est
974 1031 1118 1101 quod
1160 1045 1280 1086 cum
1313 1031 1462 1085 multi
1497 1029 1775 1099 pontifices
1815 1038 1868 1083 et
1907 1044 2046 1099 pra:-

451 1132 768 1184 decessores
822 1125 990 1179 nostri
1055 1124 1320 1177 duetrinte
1371 1124 1542 1177 sancti
1595 1121 1882 1190 Augustini
1937 1128 2045 1174 tam

451 1232 605 1272 acres
640 1215 839 1270 fuerint
880 1223 1183 1267 assertores
1228 1227 1291 1266 ac
1320 1214 1585 1275 vindices,
1613 1224 1668 1265 ut
1692 1210 1847 1280 quasi
1877 1210 2046 1265 luere-

451 1307 646 1360 ditario
693 1305 815 1374 jure
873 1319 990 1357 eam
1045 1304 1099 1357 in
1152 1305 1389 1356 Ecclesia
1451 1303 1682 1372 relinqui
1751 1303 2044 1368 voluerint,

451 1407 666 1465 arquum
698 1411 805 1449 non
846 1403 929 1448 est
973 1403 1030 1447 ut
1059 1393 1229 1462 patiar
1273 1394 1417 1447 illam
1454 1395 1553 1448 hoc
1596 1393 1911 1448 haereditate
1941 1395 2049 1462 pri-

453 1488 619 1540 vari.»
649 1485 961 1539 Orationem
993 1484 1129 1538 hanc
1160 1482 1326 1552 ipsius
1349 1483 1638 1537 Clementis
1663 1498 1826 1537 manu
1857 1499 2048 1538 exara-

455 1588 564 1630 tam
601 1575 839 1630 os.endit
883 1575 1038 1628 nobis
1070 1573 1465 1628 illustrissimus
1497 1575 1556 1626 ι).
1600 1572 1879 1642 Philippus
1906 1575 2050 1629 vice-

454 1685 638 1724 comes
686 1665 1132 1734 Mediolancnsis,
1188 1666 1477 1738 episcOpus
1526 1666 1858 1731 Catacensis,
1903 1667 2048 1737 quod

453 1762 617 1813 etiam
675 1768 926 1814 testatum
980 1757 1199 1827 reliquit
1231 1758 1284 1812 in
1318 1757 1460 1811 notis
1503 1757 1628 1812 Mss.
1660 1759 1725 1811 ad
1764 1771 1885 1827 cap.
1921 1758 1956 1812 4
1987 1758 2050 1810 li-

2148 570 2496 626 honorarium
2549 572 2600 626 in
2645 571 2766 626 aliis
2817 571 2968 626 illum
3011 568 3362 624 admittere.»
3402 568 3518 625 Heu
3564 585 3727 640 quam

2148 660 2254 715 ima
2310 663 2535 716 summis
2586 672 2700 716 atra
2731 660 2848 715 dies
2887 661 3137 714 miscuit!
3193 659 3549 729 Augustinum
3596 661 3729 715 olim

2148 749 2398 806 Clemens
2430 751 2672 820 pontifex
2707 751 2758 804 in
2788 749 3155 805 controversia
3182 748 3481 804 deauxiliis
3496 748 3740 819 judicem

2149 841 2446 904 constituit,
2472 841 2634 894 modo
2661 852 2841 896 autem
2883 841 3232 905 recentiores,
3264 847 3322 894 ut
3368 839 3547 908 palam
3581 841 3741 896 fateri

2152 945 2256 984 non
2279 931 2633 995 erubescunt;
2684 931 2936 986 eumdem
2970 945 3031 985 ne
3061 931 3264 999 quidem
3283 931 3535 984 arbitrum
3573 932 3742 987 Itono-

2150 1023 2347 1074 rarium
2373 1023 2668 1076 admittunt.
2687 1023 2752 1076 Et
2776 1023 2853 1076 illi
2884 1023 3096 1093 quidem
3120 1037 3395 1088 excessus,
3427 1024 3740 1094 antilogias,

2153 1128 2368 1169 errores
2398 1114 2700 1181 objiciendo
2743 1131 2847 1168 non
2879 1115 3038 1169 modo
3074 1125 3317 1169 sanctum
3345 1114 3625 1170 doctorem
3649 1131 3741 1170 su-

2153 1219 2394 1274 spectum
2410 1207 2641 1274 judicem
2667 1206 2955 1274 publicant,
2971 1206 3064 1260 sed
3082 1206 3243 1260 veluti
3260 1220 3409 1260 reum
3432 1207 3739 1276 traducunt,

2153 1297 2478 1366 utlongioris
2510 1297 2729 1366 hujusce
2751 1297 3082 1352 defensionis
3119 1298 3470 1354 instituenda:
3503 1299 3744 1354 necessi-

2157 1400 2317 1446 tatem
2348 1391 2500 1445 nobis
2541 1393 2845 1460 impositam
2876 1406 3033 1446 nemo
3061 1392 3356 1461 negaverit.
3381 1392 3446 1448 Et
3478 1393 3584 1448 hoc
3617 1392 3742 1462 quid

2157 1485 2300 1538 aliud
2352 1493 2436 1539 est
2477 1500 2637 1554 quam
2668 1485 3024 1554 Augustinum
3054 1500 3120 1538 ex
3171 1485 3427 1540 cathedra
3461 1485 3513 1540 in
3542 1502 3650 1556 qua
3679 1487 3746 1541 ab

2163 1578 2458 1646 apostolica
2483 1576 2612 1632 sede
2636 1579 2841 1646 positus
2865 1575 2984 1641 fuit,
3011 1585 3170 1644 atque
3191 1591 3254 1630 ex
3278 1575 3471 1631 eadem
3493 1577 3749 1633 ccelestes

2158 1669 2431 1726 doctrinas
2482 1672 2812 1734 edisserens,
2844 1669 3120 1739 hucusque
3167 1683 3377 1722 summa
3424 1669 3748 1737 religionea

2155 1761 2439 1816 catholicis
2463 1768 2716 1829 tanquam
2748 1760 3038 1815 orthodoxi
3065 1759 3332 1830 dogmatis
3360 1759 3625 1829 magister
3651 1774 3746 1815 au-

455 1851 536 1906 bri
583 1866 680 1906 vtu
722 1851 1005 1921 Augustini
1060 1851 1357 1917 vindicati,
1405 1850 1548 1920 quod
1606 1851 1867 1905 volumen'
1908 1850 2049 1921 apud
2079 1853 2298 1918 Bditus
2353 1853 2480 1918 iuit,
2533 1853 2798 1908 violenter
2837 1850 3164 1907 extrahere?
3217 1849 3263 1906 Ο
3309 1851 3530 1920 superi!
3592 1851 3751 1907 mites

455 1957 543 1996 me
570 1951 675 1997 est.

529 2033 645 2086 Non
694 2047 913 2102 possum
961 2033 1048 2089 hic
1096 2048 1202 2088 non
1251 2033 1514 2104 indignari
1549 2035 1782 2101 Annato,
1814 2036 1902 2105 qui
1943 2036 2052 2090 illis

462 2130 517 2183 in
573 2127 1025 2198 disputationibus
1050 2129 1116 2184 de
1164 2129 1402 2195 auxiliis,
1438 2145 1546 2183 non
1575 2143 1730 2184 suum
1776 2130 2046 2197 Molinam,

458 2219 554 2275 sed
582 2229 824 2275 nostrum
849 2221 1208 2290 Augustinum
1231 2223 1282 2274 in
1307 2234 1544 2275 examen
1577 2230 1823 2276 vocatum
1868 2222 2048 2290 fingit;

459 2328 581 2365 nam
613 2328 706 2367 eas
747 2314 1016 2367 sessiones
1065 2312 1275 2366 habitas
1306 2313 1532 2367 scribit:
1569 2332 1586 2365 ι
1623 2312 1685 2368 Ut
1718 2314 2049 2385 (Augustini)

458 2405 720 2456 sententia
773 2403 1210 2472 investigaretur,
1237 2417 1433 2471 nempe
1469 2412 1524 2457 ut
1562 2405 1889 2459 retineretur
1909 2405 2050 2475 quod

459 2497 797 2565 perspicuum
832 2506 975 2552 esset
1007 2496 1161 2552 illum
1211 2497 1471 2562 voluisse,
1520 2512 1627 2552 non
1670 2507 1849 2552 autem
1900 2497 2053 2566 quid-

458 2586 588 2655 quid
628 2595 901 2642 constaret
935 2602 1057 2641 eum
1080 2587 1308 2643 dixisse.
1334 2607 1352 2639 ι
1389 2589 1504 2656 Qua
1536 2604 1666 2643 sane
1690 2589 1898 2644 ratione
1927 2604 2049 2642 san-

457 2689 578 2731 ctus
606 2677 815 2745 doctor,
847 2692 1007 2748 quem
1031 2678 1326 2748 apostolica
1359 2681 1520 2735 sedes
1557 2695 1733 2734 causa:
1759 2680 1808 2733 id
1843 2693 2052 2750 tempo-

461 2770 538 2826 ris
580 2771 794 2839 agitata:
837 2771 1072 2841 judicem
1125 2773 1515 2842 pronuntiavit,
1549 2773 1660 2828 suis
1690 2788 1721 2828 e
1751 2774 1903 2828 libris
1932 2789 2057 2829 sen-

463 2865 684 2918 tentiam
710 2865 1003 2931 dicturum,
1025 2865 1094 2919 ab
1123 2869 1335 2919 Annato
1363 2866 1598 2920 examini
1625 2875 1752 2920 tunc
1775 2865 2054 2936 subjectus

470 2955 634 3010 fuisse
661 2955 876 3023 dicitur,
909 2957 1012 3013 hac
1045 2956 1112 3010 de
1152 2955 1342 3010 eodem
1386 2958 1650 3011 sententia
1683 2959 2052 3026 pronuntiata,

463 3057 518 3099 ut
549 3047 852 3100 retineretur
898 3047 1037 3115 quod
1077 3049 1405 3115 perspicuum
1451 3057 1580 3101 esset
1622 3046 1769 3100 illum
1814 3046 2052 3116 coluisse,

460 3151 563 3188 non
592 3147 763 3189 autem
808 3136 1058 3205 quidquid
1100 3146 1352 3190 constaret
1400 3153 1516 3190 eum
1558 3139 1767 3192 dixisse.
1801 3138 1974 3204 Quod,
1998 3147 2054 3191 ut

2151 1958 2431 2000 animos...

2227 2037 2330 2091 Sed
2363 2037 2490 2106 quid
2541 2035 2608 2090 de
2667 2034 3038 2091 recentissimo
3083 2033 3374 2090 Alexandri
3412 2033 3504 2088 Vll
3549 2034 3748 2104 elogio.

2152 2144 2259 2198 quo
2289 2128 2634 2183 decessorum
2667 2125 2907 2196 vestigiis
2936 2125 3228 2192 inhaerens,
3251 2126 3426 2180 sancti
3455 2125 3742 2194 Augustini

2153 2222 2459 2277 doctrinam
2489 2220 2848 2284 consecravit,
2902 2219 3233 2274 recentiores
3260 2217 3558 2282 blaterent,
3585 2233 3751 2288 expa-

2155 2314 2388 2368 nendum
2413 2321 2519 2366 est.
2549 2313 2684 2366 Cum
2734 2320 2884 2380 pater
2912 2310 3250 2365 Christianus
3279 2309 3464 2376 Lupus
3490 2311 3751 2379 Augusti-

2154 2404 2365 2468 nianus,
2399 2403 2622 2472 insignis
2662 2403 2851 2457 doctor
2883 2400 3251 2466 Lovaniensis,
3306 2399 3475 2455 Roma
3521 2399 3579 2453 in
3642 2401 3752 2455 Belo

2153 2495 2299 2564 gium
2327 2493 2666 2562 profecturus
2693 2501 2858 2560 esset,
2908 2492 3217 2547 Alexander
3243 2491 3495 2546 laudatus
3543 2491 3753 2546 litteras

2153 2585 2330 2641 eidem
2355 2584 2420 2639 ad
2445 2599 2656 2638 sacram
2687 2583 3045 2652 theologicam
3075 2581 3497 2648 Lovaniensium
3528 2582 3755 2636 faculta-

2157 2687 2265 2732 tem
2290 2676 2609 2734 deferendas
2639 2674 2876 2730 tradidit.
2907 2675 3078 2730 Porro
3119 2674 3318 2730 ibidem
3347 2683 3643 2744 paternum
3669 2690 3749 2730 er-

2155 2782 2222 2837 ga
2245 2766 2384 2822 bene
2411 2768 2634 2822 meritos
2659 2767 2795 2823 tilios
2814 2780 3052 2822 amorem
3077 2774 3326 2832 testatur,
3356 2765 3422 2820 ad
3447 2767 3630 2820 sancti
3656 2770 3754 2819 Au-

2156 2859 2352 2928 gustini
2381 2859 2611 2928 ejusque
2641 2857 2893 2927 discipuli
2921 2857 3092 2912 sancti
3138 2856 3362 2911 Thomas
3413 2858 3747 2917 doctrinam.

2158 2960 2216 3005 ut
2243 2966 2309 3006 eo
2337 2965 2506 3020 usque
2536 2964 2746 3005 summa
2775 2965 2896 3005 cum
2934 2949 3090 3004 laude
3123 2949 3381 3015 fecerant,
3413 2965 3561 3005 novo
3626 2951 3754 3005 utri-

2156 3057 2262 3113 que
2280 3053 2467 3099 saneto
2489 3043 2702 3099 doctori
2745 3043 2922 3112 elogio
2951 3043 3213 3110 inscripto
3246 3042 3535 3098 tenendam
3567 3042 3757 3099 defen-

2157 3133 2498 3205 dendamque
2525 3134 2804 3190 animavit.
2843 3153 2861 3187 ι
2899 3135 2976 3189 De
3031 3135 3259 3205 reliquo,
3308 3135 3589 3207 inquiens,
3658 3154 3755 3194 non

463 3224 661 3278 ibidem
685 3228 777 3288 ait,
806 3225 1093 3292 aliquando
1123 3226 1452 3294 Augustinus
1486 3241 1581 3294 per
1602 3241 1881 3280 excessum
1911 3228 2055 3281 locu-
2085 3220 2131 3283 C
2161 3227 2465 3281 dubitamus
2515 3242 2612 3283 vos
2664 3243 2762 3298 pro
2790 3228 3050 3299 singulari
3105 3229 3370 3295 scientiae,
3429 3229 3758 3298 pietatiSque

465 3325 551 3369 tus
578 3325 680 3382 est,
706 3315 794 3386 qui
826 3316 1046 3385 quidem
1079 3330 1329 3370 excessus
1365 3319 1416 3371 in
1465 3319 1570 3372 illis
1599 3319 2055 3387 disputationibus

463 3422 527 3459 ne
555 3407 855 3462 retineretur
897 3405 1161 3461 Clementi
1196 3407 1312 3461 V'lll
1355 3409 1621 3462 sententia
1664 3410 1786 3463 fuit.
1821 3409 1932 3464 Hoc
1961 3425 2056 3464 au-

465 3508 574 3553 tem
626 3499 753 3569 quid
806 3499 951 3552 aliud
1011 3509 1095 3553 est
1147 3514 1307 3568 quam
1360 3500 1716 3568 Augustinum
1762 3517 1826 3556 ex
1873 3501 2056 3570 judice

465 3605 616 3644 reum
649 3591 860 3645 facere?
889 3589 1071 3660 Neque
1121 3604 1277 3646 secus
1325 3594 1526 3646 sentire
1555 3593 1821 3648 Armatum
1847 3594 2052 3664 judico,

463 3687 660 3740 clamat
684 3687 826 3741 enim
873 3687 924 3740 in
977 3686 1080 3741 line
1110 3701 1228 3755 cap.
1261 3685 1318 3752 2,
1361 3702 1484 3758 pag.
1511 3688 1654 3743 864:
1695 3707 1713 3742 ι
1739 3689 2056 3760 Sepelienda

463 3779 785 3834 scholastica
828 3789 931 3844 est,
964 3789 1019 3832 ut
1067 3795 1206 3834 unus
1239 3790 1428 3848 regnet
1473 3783 1822 3850 Augustinus,
1853 3799 1918 3838 an
1949 3790 2058 3840 Au-

467 3870 717 3937 gusrinus
747 3871 1003 3938 legendus
1042 3870 1107 3922 ad
1144 3871 1317 3924 lucem
1359 3871 1722 3938 scholasticze,
1755 3883 1809 3928 et
1838 3878 1902 3930 ad
1941 3879 2058 3946 ejus

467 3961 727 4011 amussim
771 3958 1142 4026 exigendus?»
1177 3958 1435 4011 Neutrum
1487 3959 1644 4014 nobis
1684 3960 1738 4015 in
1769 3967 1908 4019 votis
1951 3975 2055 4031 est,

466 4048 563 4100 sed
618 4050 798 4116 vigere
854 4049 1234 4103 scholasticam
1274 4062 1546 4119 optamus,
1580 4068 1806 4124 eamque
1853 4059 1918 4112 ad
1951 4061 2059 4115 Au-

466 4139 665 4205 gustini
694 4141 950 4191 amussim
982 4141 1148 4210 exigi,
1181 4151 1235 4196 et
1282 4156 1388 4198 non
1417 4159 1447 4197 e
1471 4154 1676 4212 contra,
1703 4155 1760 4201 ut
1785 4148 1900 4218 ipse
1936 4164 2056 4206 cono

470 4227 665 4281 tendis.
709 4229 993 4297 Perspicua
1035 4243 1118 4286 est
1159 4232 1452 4291 Clementis
1491 4239 1781 4307 sententia,
1813 4255 1871 4295 se
1920 4243 2059 4300 velle

470 4319 687 4389 exigere
720 4321 839 4375 lites
881 4323 1320 4380 scholasticorum
1353 4327 1421 4381 de
1467 4329 1686 4385 auxiliis
1719 4347 1785 4386 AD
1842 4348 2058 4390 ιιοιιιιιιι

469 4425 744 4468 υοςτιιιιιιε
776 4427 960 4468 sucu
998 4413 1315 4484 Ancusrm,
1350 4418 1542 4487 quibus
1567 4437 1730 4492 quam
1761 4423 1901 4478 belle
1931 4441 2060 4480 con-

470 4517 631 4558 sonas
662 4521 820 4559 nemo
861 4520 964 4560 non
991 4505 1158 4572 videt,
1183 4509 1309 4561 dum
1341 4509 1623 4579 Augustini
1655 4514 1952 4570 doctrinam
1990 4518 2054 4572 ad

2157 3317 2334 3370 studio
2363 3332 2546 3371 sanam
2580 3328 2634 3373 et
2667 3320 3054 3388 incorruptam,
3087 3319 3300 3387 qualem
3331 3331 3410 3374 tot
3437 3325 3758 3391 apostolica:

2156 3408 2300 3462 sedis
2325 3408 2743 3476 declarationcs,
2766 3417 2823 3466 et
2844 3423 3152 3467 sanctorum
3183 3411 3401 3467 Patrum
3429 3414 3758 3470 traditiones

2158 3499 2457 3567 requirunt,
2481 3499 2785 3555 doctrinam
2811 3517 3027 3570 semper
3053 3504 3379 3572 amplexuri,
3413 3515 3471 3560 et
3491 3508 3756 3563 adversus

2157 3591 2474 3646 orthodoxa)
2501 3593 2778 3662 religionis
2819 3594 3006 3650 hostes
3032 3595 3306 3652 defensuri
3337 3597 3480 3667 sitis,
3515 3615 3626 3655 nec
3661 3618 3756 3656 non

2158 3683 2705 3751 praaclarissimorum
2740 3685 2998 3740 Ecclesia:
3056 3686 3335 3742 doctorum
3367 3688 3669 3759 Augusrini
3713 3702 3760 3747 et

2155 3773 2380 3828 Thomze
2410 3775 2696 3843 Aquinatis
2725 3778 3044 3831 inconcussa
3102 3777 3478 3849 tutissimaque
3503 3782 3756 3852 dogmata

2159 3865 2314 3934 sequi
2353 3879 2589 3934 semper,
2623 3876 2681 3921 ut
2703 3869 2968 3933 asseritis,
2990 3883 3053 3922 ac
3081 3871 3321 3937 impense
3350 3873 3599 3927 revereri
3635 3877 3760 3929 veli-

2162 3963 2250 4015 tis.
2283 3961 2523 4026 Quorum
2564 3961 2806 4031 proiecto
2829 3962 3290 4018 sanctissimorum
3313 3965 3558 4020 virorum
3595 3983 3756 4037 penes

2158 4053 2454 4108 catholicos
2483 4054 2764 4108 universos
2794 4054 3028 4125 ingentia
3080 4063 3135 4109 et
3162 4071 3376 4110 omnem
3403 4057 3627 4113 laudem
3670 4076 3756 4114 su-

2160 4159 2442 4215 pergressa
2470 4147 2684 4199 nomina
2719 4145 2846 4200 novi
2871 4148 3124 4214 praeconii
3153 4148 3632 4204 commendatione
3655 4165 3752 4204 non

2159 4247 2342 4308 egent,
2374 4248 2479 4292 etc.
2509 4236 2700 4291 Datum
2734 4237 2917 4291 Romae
2947 4237 3086 4308 apud
3115 4239 3366 4295 Sanctam
3392 4237 3623 4295 Mariam
3654 4242 3754 4296 Ma-

2155 4328 2332 4400 jorem
2363 4331 2463 4385 sub
2509 4330 2709 4388 annulo
2738 4329 3051 4398 Piscatoris,
3103 4332 3188 4386 die
3228 4332 3257 4384 7
3313 4335 3545 4403 Augusti
3578 4335 3752 4401 1660;

2160 4421 2503 4490 pontiticatus
2527 4423 2699 4477 nostri
2732 4438 2874 4478 anno
2900 4424 2952 4476 7.
2995 4441 3014 4475 ι
3046 4422 3322 4478 Profectus
3346 4425 3521 4480 Roma
3553 4430 3752 4495 Lupus,

2162 4528 2226 4568 ac
2273 4515 2498 4570 Pisauro
2545 4516 2835 4580 transiens,
2896 4516 2984 4570 ubi
3039 4518 3176 4587 apud
3229 4529 3499 4573 nostrates
3551 4521 3752 4575 scholae

470 4595 913 4651 scholasticorum
969 4599 1218 4651 amussim
1271 4600 1454 4668 exigis.
1508 4600 1755 4659 Profecto
1806 4607 2057 4675 Magister
2084 4590 2139 4653 Ι)
2165 4605 2479 4677 theologica:
2501 4605 2550 4659 id
2584 4608 2844 4676 temporis
2876 4607 3184 4676 praefectum
3214 4610 3459 4679 agebam,
3490 4620 3748 4680 quantum

469 4688 886 4756 Sententiarum,
940 4690 1029 4762 qui
1070 4691 1274 4760 primus
1321 4692 1701 4749 scholasticam
1753 4698 1804 4750 in
1847 4703 2058 4755 methov

470 4780 597 4836 dum
650 4777 892 4850 deduxit,
926 4797 993 4839 ex
1043 4783 1261 4838 Patrum
1312 4797 1374 4838 ac
1424 4785 1710 4854 Augustini
1757 4793 2055 4858 praesertim

470 4871 751 4929 sententiis
803 4875 948 4929 illam
993 4874 1282 4940 conflavit;
1326 4875 1467 4930 unde
1497 4877 1738 4932 Ecclesia
1785 4880 1898 4949 ipsa
1949 4880 2057 4937 Ro-

472 4978 625 5015 mana
658 4963 798 5018 inter
826 4981 1044 5033 precum
1093 4967 1293 5032 officia,
1322 4981 1441 5036 quae
1467 4966 1751 5038 Augustini
1802 4970 1888 5027 die
1923 4971 2057 5029 festa

473 5054 746 5122 persolvit,
780 5057 851 5108 ait
893 5059 962 5111 de
1013 5059 1205 5113 eodem
1240 5075 1253 5110 :
1293 5078 1310 5110 ι
1342 5060 1511 5126 Quem
1556 5059 1608 5114 in
1655 5064 1842 5132 primis
1889 5065 2059 5121 secuti
2094 5089 2104 5098 -

469 5154 616 5208 sunt,
652 5146 741 5214 qui
789 5157 972 5212 postea
1013 5147 1368 5217 theologicam
1401 5150 1740 5220 disciplinam
1787 5154 1868 5206 via
1897 5164 1949 5208 et
1977 5171 2061 5210 ra-

470 5239 616 5292 tione
670 5237 1062 5292 tradiderunt.)
1129 5239 1296 5310 Igitur
1341 5243 1645 5298 scholastici
1697 5245 1760 5298 ad
1809 5247 2063 5316 Augusti-

470 5331 644 5383 niante
701 5328 961 5384 doctrinae
1002 5333 1256 5382 amussim
1311 5345 1436 5389 snas
1490 5336 1722 5403 ipsorum
1767 5343 2061 5395 sententias

469 5430 786 5491 exegerunt,
813 5437 984 5488 neque
1017 5422 1290 5477 veteribus
1337 5424 1440 5479 illis
1470 5425 1708 5495 ejusdem
1760 5429 2059 5498 disciplinae

468 5513 600 5566 viris
628 5515 957 5583 principibus
986 5513 1206 5567 verbum
1256 5514 1423 5567 ullum
1466 5526 1651 5569 contra
1701 5519 2059 5587 AngnSIinum

473 5602 693 5657 excidit.
720 5607 888 5659 Sectis
914 5606 1309 5661 recentioribus
1340 5609 1511 5661 visum
1542 5618 1644 5677 est,
1675 5626 1900 5678 quorum
1925 5627 2061 5666 unus

474 5689 738 5744 Moraines
777 5696 828 5746 in
864 5701 1173 5764 praefatione
1212 5700 1298 5752 sui
1331 5700 1728 5755 Anti-Jansenii
1771 5703 1879 5755 ait:
1918 5720 1934 5752 ι
1961 5703 2061 5769 Qui

478 5779 625 5846 prius
650 5779 994 5857 Augustinum
1027 5789 1077 5838 in
1111 5788 1359 5840 omnibus
1391 5790 1754 5857 deposrehant
1803 5792 2058 5860 iudicem,

2163 4707 2344 4750 secum
2373 4698 2424 4748 in
2458 4695 2699 4765 Belgium
2757 4697 3068 4752 thesaurum
3103 4698 3266 4752 ferret
3313 4700 3440 4754 mihi
3467 4699 3745 4768 signiﬁca—

2163 4787 2272 4852 vit;
2299 4787 2386 4840 ubi
2422 4802 2550 4842 vero
2578 4787 2875 4844 Lovaninm
2906 4790 3072 4852 venit,
3107 4805 3169 4843 ac
3212 4792 3505 4860 pontificias
3534 4789 3749 4844 litteras

2165 4879 2532 4949 theologorum
2566 4882 2777 4937 senatui
2819 4882 3059 4948 tradidit,
3080 4887 3272 4938 mirum
3303 4897 3386 4938 est
3414 4893 3612 4954 quanta
3635 4895 3752 4936 cas-

2165 4969 2286 5023 dem
2317 4968 2500 5024 laetitia
2523 4971 2761 5026 universi
2815 4980 2869 5025 et
2898 4971 3094 5041 singuli
3128 4976 3455 5042 exceperint.
3488 4973 3746 5028 Indictum

2168 5057 2530 5130 theologicum
2576 5061 2859 5126 ,institium
2897 5103 2912 5125 ,
2997 5063 3266 5131 publicum
3334 5064 3386 5119 in
3459 5065 3746 5134 gratiarum

2165 5153 2430 5208 actionem
2453 5168 2664 5209 sacrum
2698 5153 3021 5219 intimatum,
3047 5171 3110 5210 ac
3141 5171 3235 5224 pro
3263 5155 3402 5209 incol
3447 5160 3638 5210 mitate
3666 5159 3750 5208 hr-

2167 5243 2568 5298 neiicentissimi
2601 5244 2866 5312 pontiﬁcis
2916 5247 3171 5315 imperata
3203 5247 3550 5314 supplicatio.
3590 5244 3750 5300 Edici

2167 5351 2196 5390 a
2219 5337 2425 5393 decano
2469 5337 2834 5394 universitatis
2866 5341 3123 5408 publicati
3147 5350 3460 5410 excerptum
3487 5342 3747 5402 exhibeo;

2166 5428 2432 5495 integrum
2459 5430 2620 5486 donat
2651 5431 2710 5485 P.
2757 5431 2973 5487 Gabriel
3008 5448 3036 5486 a
3071 5434 3269 5489 Saneto
3299 5433 3588 5491 Vincentio
3629 5448 3748 5486 mox

2167 5519 2296 5572 mihi
2324 5519 2663 5574 laudandus:
2703 5541 2721 5574 r
2763 5523 2833 5578 Ut
2877 5523 3124 5579 intersint
3153 5527 3378 5580 solemni
3429 5530 3610 5580 missa:
3659 5540 3750 5594 per

2165 5610 2406 5664 eamdem
2434 5609 2740 5667 facultatem
2766 5615 2960 5669 ibidem
2995 5617 3332 5671 celebrand:e
3360 5632 3458 5685 pro
3511 5619 3747 5686 lar-gaesa

2165 5703 2533 5760 incolumitate
2583 5722 2644 5760 ac
2702 5707 2841 5760 felici
2894 5709 3154 5776 regimine
3207 5709 3529 5763 sanctissimi
3581 5712 3640 5763 lt.
3685 5710 3747 5761 .‘i.

2170 5795 2455 5851 Alexandri
2513 5797 2692 5852 divina
2726 5799 3058 5864 providentia
3093 5816 3239 5870 νίψω
3275 5801 3380 5862 \‘ll,
3413 5802 3503 5870 qui
3551 5810 3745 5862 pra-ter
