3930 6328
128 363 252 419 {'05

1321 363 1646 420 VlNDlCl/E
1687 366 2245 430 ΑυουετιΝιΑΝΜ.

3321 377 3431 444 806

133 481 244 534 alia
279 488 516 550 paterna:
546 493 657 536 sua
678 493 803 551 erga
820 479 1064 573 eamdem
1094 478 1473 573 (acaden‘tiam)
1497 480 1742 573 benevo-
1766 487 1816 546 A
1845 503 1966 573 cum
1990 489 2370 560 Augustiniana
2401 492 2600 549 familia
2631 493 3116 563 obsecrationibus,
3144 503 3298 569 queis
3353 506 3422 560 ad

129 568 324 625 lentia:
352 580 666 640 argumenta
690 571 987 640 apostolico
1018 570 1282 639 rescripto
1312 569 1366 624 in
1416 571 1583 624 forma
1608 572 1732 627 bre-

128 659 223 714 vis
251 661 322 714 ad
351 661 591 729 ejusdem
623 674 812 730 preces
865 675 986 715 eam
1037 660 1294 715 decorare
1341 659 1590 728 dignatus
1628 668 1732 727 est,

135 764 254 818 quo
284 751 660 806 sanctissimos
704 751 1062 822 Augustinum
1107 758 1162 804 et
1201 749 1463 804 Thomam
1497 749 1736 818 Aquina-

132 847 249 893 tem
280 841 482 895 scholae
513 839 784 896 facultatis
807 848 1060 910 patronos
1081 848 1135 895 et
1158 840 1468 910 magistros,
1497 841 1574 895 uti
1600 856 1736 910 prm-

128 931 469 988 clarissimos
499 932 758 988 Ecclesiae
803 933 1088 987 catholicae
1115 933 1366 986 doctores
1388 932 1732 1001 depratdicat,

129 1036 436 1093 eorumque
456 1025 704 1094 dogmata
729 1035 977 1094 tanquam
1001 1025 1314 1079 inconcussa
1343 1025 1734 1094 tutissimaque,

127 1125 192 1169 et
223 1116 452 1183 proinde
483 1130 698 1185 semper
726 1116 1001 1185 sequenda
1061 1124 1115 1170 et
1147 1117 1390 1184 impense
1442 1117 1738 1172 reverenda

128 1207 504 1273 commendat,
553 1209 884 1278 subjungens
929 1222 1094 1276 penes
1123 1209 1426 1263 catholicos
1456 1209 1738 1266 universos

127 1297 376 1366 ingentia
408 1308 462 1353 et
485 1314 701 1353 omnem
745 1299 957 1353 laudem
1012 1312 1356 1366 supergressa
1383 1299 1596 1352 nomina
1646 1313 1740 1354 eo-

125 1390 386 1442 rntndem
414 1391 879 1443 sanctissimorum
932 1389 1054 1442 novi
1084 1388 1339 1456 praeeunii
1389 1389 1737 1444 commenda-

126 1481 293 1534 tione
345 1495 449 1535 non
493 1496 691 1550 egere,
741 1489 847 1536 etc.
905 1480 1092 1534 Datum
1149 1481 1181 1535 6
1228 1480 1555 1537 Novembris
1611 1483 1736 1539 anni

125 1571 370 1625 iBGJ.)

213 1661 346 1716 llaec
384 1663 599 1729 quidem
632 1672 886 1732 quintum
921 1663 1117 1717 lmtitim
1150 1661 1534 1716 sincerissintis
1565 1662 1735 1717 sancti

127 1754 425 1825 Augustini
467 1755 747 1822 discipulis
775 1756 1066 1823 ingcsscrc,
1102 1763 1307 1808 tantum
1340 1758 1605 1818 mmroris,
1631 1770 1736 1809 non

1837 580 1888 635 id
1920 584 2255 644 mou-batur,
2297 584 2595 649 recensitis,
2633 586 2749 640 hanc
2803 587 3046 644 addidit:
3078 609 3098 643 ι
3131 589 3267 648 Tum
3293 610 3424 651 vero

1838 670 2196 739 (conﬁdenter
2250 671 2506 741 dicimus)
2555 685 2755 731 nostra)
2784 692 2908 747 erga
2949 679 3011 735 Β.
3065 682 3424 748 Augustinum

1836 760 2234 814 sanctissimum
2269 763 2554 833 theologia:
2609 769 2921 834 magistrum
2950 785 2979 822 a
3015 772 3310 838 majoribus
3340 789 3429 828 se-

1835 851 2068 902 cundum
2102 865 2319 906 carnem
2360 867 2457 922 per
2486 869 2677 910 manus
2705 858 2855 926 quasi
2893 861 3107 927 tradita,
3151 873 3206 918 et
3260 879 3426 934 pecu-

1839 939 1982 993 liaris
2005 939 2070 993 ab
2093 941 2460 997 adolescentia
2490 960 2614 1015 erga
2646 947 2787 1003 hunc
2815 949 2931 1019 ejus
2955 953 3224 1008 alumnum
3258 970 3426 1011 vene-

1837 1031 1974 1084 ratio
2003 1049 2049 1099 ι,
2078 1039 2185 1084 etc.
2226 1032 2533 1091 llaectanti
2584 1040 2853 1105 pontiﬁcis
2912 1040 3248 1098 ha-reditaria
3297 1061 3424 1116 erga

1837 1121 2215 1174 sanctissimum
2241 1122 2510 1194 theologia:
2555 1128 2854 1198 magistrum
2909 1131 3124 1186 devotio
3179 1134 3428 1190 omnibus

1839 1218 1966 1263 nota
1996 1221 2134 1276 erat,
2167 1212 2308 1266 unde
2339 1214 2390 1266 in
2425 1214 2614 1269 eodem
2646 1231 2904 1273 consessu
2937 1220 3256 1277 Franciscus
3275 1227 3428 1281 Albi-

1840 1298 1966 1366 tius,
1997 1310 2405 1368 purpuratorum
2437 1303 2651 1358 Patrum
2694 1307 2880 1374 decus,
2918 1311 3132 1367 eximiae
3163 1319 3425 1369 eruditio-

1840 1391 1924 1446 nis
1945 1392 2195 1460 princeps
2243 1407 2304 1448 ac
2351 1403 2536 1449 nostro
2583 1400 2854 1465 praeconio
2884 1403 3073 1469 major,
3107 1407 3424 1462 sententiam

1841 1494 2059 1552 rogatus
2113 1485 2291 1540 dixit:
2329 1504 2347 1536 ι
2391 1485 2698 1544 Protraetus
2749 1501 2854 1560 est,
2904 1492 3212 1550 beatissime
3243 1496 3424 1561 Pater,

1839 1590 1944 1629 non
1977 1576 2094 1631 sine
2124 1575 2358 1644 Spiritus
2385 1581 2554 1632 sancti
2600 1581 2853 1638 instinctu
2906 1587 2981 1640 rei
3027 1586 3213 1640 ardua:
3263 1600 3427 1659 atque

1839 1664 2174 1720 dillicillima:
2196 1667 2392 1730 exitus,
2427 1677 2532 1722 uta
2555 1672 2840 1727 sanctitate
2869 1688 3065 1738 vestra,
3096 1694 3216 1746 qua:
3247 1690 3440 1747 palrug

1840 1772 1967 1810 num
2015 1767 2072 1812 et
2129 1768 2487 1827 protectorem
2537 1765 2780 1830 agnoscit
2835 1767 3212 1836 Augustinum,
3262 1770 3428 1824 Film

126 1845 287 1897 enim
321 1843 494 1898 dicam
546 1845 761 1907 invidis,
805 1844 898 1898 sed
960 1845 1162 1912 pridem
1195 1860 1322 1915 erga
1377 1846 1732 1914 Augustinum
1765 1848 1813 1908 Β
1841 1850 2120 1918 Augustini
2164 1851 2217 1904 in
2267 1861 2574 1906 sanctorum
2630 1871 2855 1912 numero
2902 1859 3218 1915 collocetur.
3262 1881 3280 1913 ι
3316 1863 3427 1931 Eg)

132 1948 248 1986 non
279 1942 386 1985 tam
417 1933 557 1987 bene
611 1934 862 1987 animatis
892 1935 1207 1988 intulerunt.
1246 1935 1461 1988 Etenim
1495 1937 1734 1990 tonnulli

123 2021 180 2073 in
229 2019 464 2076 furorem
490 2021 650 2076 veluti
678 2023 782 2076 acti
814 2022 865 2076 in
923 2022 1117 2090 impias
1151 2023 1314 2078 hasce
1349 2038 1506 2078 voces
1538 2038 1735 2093 erupe-

133 2128 222 2178 re,
257 2112 523 2166 laudatum
554 2113 698 2166 breve
745 2131 833 2183 per
888 2115 1191 2167 diubolicam
1237 2114 1530 2168 machinam
1577 2115 1735 2184 fuisse

132 2203 489 2273 impetratum.
539 2204 739 2257 Horum
792 2205 941 2258 testis
999 2216 1079 2258 est
1113 2203 1342 2274 ipsemet
1397 2206 1735 2260 thristianus

135 2295 325 2362 Lupus
365 2296 415 2347 in
449 2295 674 2363 epistola
706 2296 1038 2365 apologetica
1066 2295 1135 2349 de
1166 2296 1456 2349 Attritione
1499 2305 1554 2350 ct
1607 2311 1734 2351 con-

133 2386 379 2447 tritione,
411 2399 530 2454 cap.
558 2385 611 2450 5,
637 2385 702 2438 ad
733 2396 966 2439 accusat.
1000 2386 1085 2450 ll,
1117 2401 1239 2456 pag.
1262 2385 1353 2445 49,
1378 2403 1531 2454 quam
1563 2387 1735 2440 Lova-

135 2476 212 2528 ttii
245 2474 417 2530 edidit
439 2489 582 2530 anno
612 2476 770 2539 1667,
820 2476 1082 2545 mihique,
1115 2478 1188 2530 uti
1221 2488 1303 2531 est
1331 2479 1434 2531 ntei
1477 2483 1734 2533 amantis-

131 2566 332 2632 simus,
357 2565 580 2621 honoris
600 2567 768 2636 gratia
795 2570 1140 2633 nuncupavit.
1163 2569 1389 2620 Cuinam
1416 2583 1576 2624 voces
1598 2570 1754 2634 adeo,

132 2653 519 2709 inverecunda;
535 2655 853 2721 exciderint,
869 2656 964 2710 des
986 2668 1112 2725 gnat
1127 2656 1435 2710 Vincentius
1451 2659 1732 2726 Baronius,

133 2754 282 2812 part.
329 2760 385 2799 tv
427 2761 643 2800 suorum
674 2748 1072 2815 opusculorum,
1101 2747 1191 2800 lib.
1218 2763 1258 2811 ι,
1288 2757 1422 2801 sect.
1446 2746 1505 2810 2,
1547 2760 1650 2802 art.
1675 2749 1732 2813 5,

138 2835 169 2904 §
206 2834 256 2887 1.
292 2834 446 2887 Alter
477 2851 605 2890 vero
634 2838 907 2891 recentior
927 2836 993 2891 de
1024 2837 1238 2892 laudato
1268 2837 1557 2892 Alexandri
1618 2839 1730 2892 elo-

139 2928 230 2992 gio
256 2921 448 2978 scribit
479 2939 748 2978 summum
776 2925 1083 2993 pontiﬁcem
1115 2943 1378 2997 nunquam
1421 2927 1568 2982 breve
1595 2928 1732 2981 illud

145 3015 404 3082 privatum
435 3016 640 3071 cidisse.
675 3015 730 3069 Id
761 3025 936 3070 autem
969 3025 1199 3071 testatur
1224 3035 1283 3074 se
1319 3033 1348 3072 a
1375 3021 1490 3074 viro
1526 3022 1606 3075 sui
1639 3035 1732 3076 so-

142 3105 309 3159 dalitii
331 3109 631 3174 accepisse,
664 3115 717 3160 et
741 3120 848 3175 quo
879 3107 1134 3176 majorem
1174 3109 1318 3164 dicto
1349 3110 1505 3165 iidem
1551 3113 1728 3179 iaciat,

1837 1938 2051 2008 quidem
2077 1939 2320 2008 pluribus
2370 1942 2515 1996 illius
2563 1946 2880 2001 recentioris
2933 1947 3073 2002 dicta
3118 1951 3428 2007 confutave~

1838 2047 1977 2096 ram,
2006 2047 2122 2100 qua:
2154 2042 2330 2088 tamen
2366 2037 2541 2104 magni
2577 2037 2673 2090 viri
2700 2038 2927 2107 imperio
2966 2041 3149 2108 jussus
3203 2045 3424 2110 onii;to;

1837 2123 1974 2178 adeo
2002 2126 2145 2178 enim
2173 2126 2402 2180 absurda
2431 2136 2577 2194 sunt,
2612 2138 2668 2183 ut
2707 2130 2874 2184 satius
2897 2132 2969 2185 sit
2995 2133 3180 2188 eadem
3209 2136 3426 2192 silentio

1839 2215 2136 2284 obducere,
2164 2233 2320 2287 quam
2347 2219 2627 2289 prolixiori
2685 2221 3090 2292 impugnationc
3117 2227 3272 2283 latius
3325 2227 3427 2282 dil-

1838 2305 2060 2363 iamare.

2440 2424 2669 2481 CAPUT
2701 2425 2811 2480 VII.

1837 2546 2226 2625 Augustiniarta:
2269 2549 2518 2625 doctrina!
2548 2562 2748 2625 contra
2804 2553 3108 2624 Pelagianos
3134 2575 3223 2625 per
3253 2561 3423 2612 sedent

1909 2619 2247 2692 apostolicam
2278 2621 2592 2692 Διιηινιεριηιιὶο
2618 2640 2648 2674 α
2668 2619 3005 2676 recentiorum
3055 2619 3224 2692 pra-vis
3270 2634 3426 2681 inter-

1910 2688 2235 2752 pretamentis
2254 2688 2562 2753 defenditur.

1911 2817 2202 2886 Hucusque
2234 2820 2492 2874 nobiliora
2510 2820 2867 2877 Romanorum
2886 2827 3172 2893 prmsulum
3190 2830 3428 2886 testimo-

1839 2907 2002 2961 niade
2018 2909 2690 2977 Attgttslinianmdoclrina)
2708 2925 2894 2968 contra
2917 2917 3226 2988 Pelagianos
3253 2923 3430 2976 excel-

1837 3000 1997 3054 lentia
2013 3017 2042 3054 a
2060 3003 2289 3056 sinistris
2307 3003 2665 3059 recentiorum
2682 3007 3111 3074 oppositionibus
3128 3012 3426 3068 vindicavi-

1836 3108 1977 3156 mus,
2016 3093 2220 3161 singuli
2275 3095 2587 3162 ponzilicum
2638 3096 2807 3164 elogia
2869 3101 3170 3168 Augustino
3223 3104 3428 3174 integra

143 3202 218 3252 ait
243 3216 257 3250 ;
291 3198 501 3253 Sincere
528 3199 756 3267 affirmo,
789 3215 850 3252 ac
875 3210 1051 3254 sancte
1064 3203 1207 3270 jura.
1239 3204 1386 3256 liunc
1413 3204 1573 3257 etiam
1601 3206 1732 3258 scri-

1843 3190 2146 3238 astruentes
2176 3202 2188 3236 :
2224 3185 2383 3238 modo
2442 3187 2569 3255 qttid
2604 3186 2847 3243 homines
2901 3191 2975 3243 illi
3012 3193 3292 3262 Augustini
3323 3212 3423 3264 ap-

143 3299 346 3356 jtorcm
371 3291 650 3344 nominare
675 3291 822 3356 nolo,
856 3294 1000 3361 quod
1032 3308 1284 3363 magnum
1318 3304 1600 3362 patronum
1635 3295 1729 3349 ha-

144 3380 287 3444 beat,
317 3382 469 3447 cujus
502 3381 616 3449 ipse
635 3381 796 3435 esium
829 3382 1126 3452 patrocinio
1147 3387 1331 3448 laetor;
1367 3385 1516 3439 illum
1550 3395 1726 3443 tamen

144 3471 385 3538 pluribus
406 3473 736 3542 impugnavit
761 3475 839 3528 vir
861 3476 1202 3530 doctissimus
1219 3475 1281 3528 Ρ.
1306 3474 1517 3532 Gabriel
1539 3493 1569 3531 a
1594 3479 1731 3534 San-

139 3576 232 3617 cto
264 3564 538 3619 Vincentio
562 3568 613 3619 in
647 3567 778 3620 libro
825 3568 889 3622 de
919 3567 1191 3622 Retnediis
1221 3569 1558 3637 ignorantiae,
1589 3569 1730 3639 disp.

146 3653 241 3720 Μ,
275 3653 438 3707 dubio
468 3656 523 3722 9,
547 3673 694 3711 num.
721 3656 844 3723 M9,
880 3659 1125 3727 inquiens
1155 3673 1170 3712 :
1211 3677 1228 3710 ι
1265 3659 1569 3714 Cardinalis
1593 3661 1732 3715 Ner-

143 3746 251 3800 lius
280 3754 405 3802 tunc
435 3750 686 3818 temporis
731 3749 1057 3805 secretarius
1087 3750 1327 3804 brevium
1361 3749 1493 3802 dixit
1517 3750 1730 3806 cuidam

143 3840 259 3892 viro
281 3839 594 3908 gravissimo
623 3842 761 3911 quod
792 3845 896 3896 hoc
925 3842 1084 3896 breve
1143 3845 1259 3910 ipse
1309 3843 1611 3910 composuit
1665 3861 1730 3898 ex

143 3931 523 3985 commissione
554 3932 682 3986 dicti
710 3934 1003 3987 Alexandri
1059 3934 1166 3993 VII,
1196 3943 1254 3988 et
1303 3934 1444 4003 quod
1495 3935 1730 4003 pontifex

150 4020 276 4072 ilfud
311 4029 515 4074 attente
538 4023 688 4090 legit,
713 4032 767 4076 et
792 4023 1021 4092 sigillum
1054 4023 1203 4077 dedit
1226 4031 1281 4076 ut
1310 4040 1372 4078 co
1411 4025 1730 4092 signaretur,

147 4121 200 4162 et
229 4111 294 4164 ad
324 4111 523 4165 dictam
549 4114 960 4168 Universiiatem
996 4116 1384 4184 Lovatjiensem
1409 4118 1729 4172 tnit1eretur.

149 4196 210 4248 Et
242 4200 341 4253 iste
376 4200 454 4251 vir
487 4200 837 4267 gravissimus
885 4203 965 4255 sic
997 4212 1138 4256 tacto
1170 4217 1386 4270 pectore
1419 4204 1732 4260 testiﬁcatus

140 4296 246 4341 est.
289 4308 305 4339 ι
343 4290 470 4344 llaec
495 4291 710 4359 quidem
737 4293 797 4346 P.
825 4292 884 4347 G.
907 4292 1040 4347 bricl
1069 4293 1265 4347 litteris
1289 4294 1644 4362 consignavit,
1670 4309 1732 4348 ac

144 4381 304 4446 paulo
337 4391 510 4450 poste
544 4383 646 4437 vita
669 4383 918 4437 d:scessit
963 4401 1174 4439 summo
1203 4385 1282 4437 sui
1331 4385 1603 4437 desiderio
1646 4400 1732 4438 re-

141 4470 292 4538 licto,
327 4481 443 4526 erat
469 4475 611 4527 enim
642 4472 969 4528 Cartnclitici
1030 4475 1302 4543 rigidioris
1329 4475 1382 4527 di
1415 4475 1625 4542 ciplina:
1655 4476 1734 4528 in-

1840 3277 2136 3343 probationi
2171 3292 2263 3347 per
2291 3279 2583 3333 Ecclesium
2616 3280 2905 3336 universint
2933 3283 3210 3353 objiciunt,
3238 3286 3426 3342 viden~

1832 3366 1960 3420 dum
1993 3379 2095 3421 eSt.
2123 3369 2245 3422 Levi
2289 3370 2338 3422 id
2371 3371 2584 3438 quidem
2614 3371 2833 3427 brachio
2863 3376 3143 3430 retentabo
3166 3393 3178 3442 ;
3205 3394 3325 3430 nam
3356 3379 3424 3432 il-

1833 3457 2005 3512 lorum
2057 3459 2340 3513 consilium
2384 3462 2624 3513 imitatus
2677 3463 2766 3530 qui
2817 3463 2993 3516 civilia
3046 3465 3184 3520 inter
3238 3469 3420 3524 hoSles

1837 3550 1975 3604 bella
2031 3561 2235 3613 serunt,
2295 3566 2399 3618 quo
2446 3551 2758 3606 domesticis
2826 3551 3067 3606 dissidiis
3138 3569 3426 3612 cnervatos

1835 3643 1981 3698 nullo
2010 3652 2194 3711 postea
2217 3643 2434 3709 negotio
2465 3643 2830 3710 suppeditent,
2865 3644 3172 3716 Anti-Augu
3193 3648 3426 3702 ;tinianis

1835 3735 2161 3789 domesticos
2187 3743 2350 3787 testes
2402 3749 2690 3802 opponam,
2741 3745 2792 3788 et
2828 3734 2927 3802 pila
2961 3734 3217 3790 minantia
3273 3738 3417 3805 pilis.

1835 3831 2029 3879 Atnon
2065 3825 2184 3878 illos
2232 3823 2445 3892 quidem
2499 3823 2715 3878 novitiis
2755 3825 2868 3897 istis
2895 3839 3070 3893 pares,
3124 3827 3217 3881 sed
3268 3828 3425 3897 longe

1837 3919 2169 3987 superiores,
2223 3917 2419 3987 quibus
2474 3919 2818 3987 loquentibus
2863 3920 3058 3974 nedum
3110 3903 3420 3989 assurgunt,

1835 4012 1928 4064 sed
1963 4010 2172 4080 penitus
2224 4017 2620 4074 obmutescam,
2661 4025 2855 4079 nempe
2903 4009 3151 4064 Suarium
3192 4019 3246 4065 et
3289 4011 3424 4066 Va:-

1835 4103 2039 4171 qnium.
2072 4103 2115 4155 0
2156 4112 2349 4170 quanta
2380 4101 2582 4154 schola:
2608 4100 2856 4154 nomina!
2892 4094 3144 4169 Itaque‘in
3175 4102 3274 4156 hoc
3303 4118 3423 4155 cer-

1838 4195 2034 4248 tantine
2063 4194 2284 4257 sedebo,
2337 4192 2544 4246 duobus
2586 4191 2692 4245 illis
2719 4192 2944 4245 ducibus
2975 4207 3069 4260 pro
3098 4209 3218 4247 meo
3246 4196 3425 4261 Augu-

1835 4285 1976 4339 stino
2011 4286 2060 4336 in
2085 4284 2252 4336 aciem
2282 4290 2466 4336 c0ntra
2517 4296 2752 4350 nuperos
2811 4285 3152 4336 adversarius
3201 4285 3424 4337 desz-en-

1836 4375 2105 4430 dtntlﬂtns.

1911 4466 2004 4519 Eia
2043 4480 2160 4533 age,
2187 4463 2309 4530 quid
2335 4462 2402 4518 de
2426 4463 2822 4531 Augnsdnianm
2855 4464 3114 4517 doctrina:
3138 4478 3232 4531 per
3253 4461 3424 4517 Eccle-

145 4565 318 4618 stituti
342 4576 734 4632 ornamentum,
762 4577 1026 4636 acceptus
1073 4567 1125 4620 itt
1150 4567 1343 4636 primis
1371 4566 1634 4621 Clementi
1689 4568 1730 4621 Χ

1842 4559 1971 4612 siam
1996 4555 2400 4624 approbatione,
2446 4555 2677 4618 Anuate,
2704 4557 2872 4608 sentis
2894 4555 2915 4606 ?
2941 4554 2994 4607 Si
3019 4569 3138 4621 quae
3164 4553 3425 4606 adversus

147 4665 293 4722 pont.
323 4667 434 4726 opt.
463 4673 603 4713 max.
640 4658 791 4713 Vivet
820 4660 911 4714 ille
937 4667 1196 4714 aeternum
1229 4658 1614 4730 de‘Augustini
1639 4661 1734 4714 dn-

146 4767 176 4805 c
204 4754 317 4808 rina
376 4756 512 4810 bene
547 4757 792 4824 meritus,
824 4755 981 4825 cujus
1011 4757 1246 4826 glorioso
1287 4757 1487 4811 numini
1518 4757 1730 4809 theolo-

144 4845 321 4912 gicum
350 4845 600 4899 volumen
625 4846 970 4914 nuncupavit.
1002 4845 1189 4900 Sciant
1233 4847 1558 4902 recentiores
1608 4846 1734 4902 Ale-

146 4933 410 4987 xandrum
443 4933 534 4988 Vll
590 4950 620 4990 e
652 4935 988 4990 nobilissima
1039 4935 1346 4988 Cltisiorum
1393 4946 1550 5004 gente
1606 4953 1723 5004 pro-

147 5022 336 5091 diisse,
361 5025 444 5078 cui
479 5035 796 5095 perpetuum
846 5039 970 5094 erga
1005 5023 1288 5094 Augustini
1337 5039 1529 5078 nomen
1578 5026 1734 5080 obse-

147 5115 327 5181 quium
357 5105 756 5173 hicreditarium
788 5127 893 5186 est,
915 5117 989 5170 ita
1011 5126 1069 5172 ut
1101 5131 1131 5172 a
1182 5118 1436 5172 trecentis
1513 5127 1566 5170 et
1620 5131 1727 5170 am-

147 5208 284 5274 plius
315 5211 472 5264 annis
512 5225 677 5264 unum
711 5225 927 5280 semper
956 5209 1008 5263 in
1038 5210 1234 5264 Chisiis
1257 5209 1517 5279 appellari
1543 5208 1727 5266 volue-

144 5298 212 5352 rit
245 5301 622 5371 Augustinum.
652 5303 767 5357 Non
815 5301 978 5354 alium
1009 5301 1168 5369 hujus
1199 5303 1299 5357 mei
1359 5301 1488 5355 dicti
1539 5312 1727 5356 teStem

143 5407 303 5458 quam
335 5392 624 5462 ipsummet
665 5393 1025 5448 Alexandrum
1077 5391 1223 5456 volo,
1253 5393 1344 5461 qui
1369 5393 1422 5445 in
1477 5391 1729 5461 frequen-

145 5487 357 5542 tissimo
383 5499 797 5557 purpuratorum
819 5489 1032 5541 Patrum
1061 5495 1221 5554 atque
1251 5485 1546 5539 antistitum
1572 5499 1731 5540 sena.

143 5589 222 5645 ιιι,
256 5595 424 5651 agens
449 5581 516 5636 de
540 5581 880 5637 decernenda
939 5580 1158 5634 Tituth
1217 5577 1547 5631 Villanovani
1602 5592 1727 5645 apo-

139 5670 314 5724 theosi
345 5676 486 5738 regis
513 5671 920 5742 l-iispani:e°(Ex
972 5670 1109 5723 Actis
1140 5669 1372 5722 canonis.
1406 5667 1466 5722 S.
1525 5667 1730 5721 Tltomw

146 5761 460 5833 Valeriam),
490 5763 836 5833 plurimorqu
893 5763 1189 5832 principum
1221 5768 1377 5828 atque
1409 5759 1727 5828 populorum

1841 4666 1957 4703 eam
1993 4648 2180 4712 habes,
2213 4647 2381 4702 libere
2427 4645 2681 4716 proﬁtcre
2717 4663 2729 4700 :
2766 4665 2783 4696 ι
2819 4644 3117 4713 Objicimus
3165 4643 3362 4712 primo,
3396 4663 3415 4696 τ

1841 4741 1910 4794 ait
1942 4740 2032 4794 lib.
2095 4754 2210 4807 vttt,
2258 4754 2378 4808 cap.
2413 4739 2466 4800 6,
2499 4753 2616 4808 pag.
2648 4737 2792 4792 902:
2831 4753 2849 4785 ι
2887 4733 2978 4786 \el
3005 4733 3074 4786 ita
3121 4742 3205 4788 est
3233 4747 3422 4787 consc-

1840 4842 2007 4897 crata,
2034 4845 2088 4885 ιιι
2123 4830 2447 4901 Augustinus
2486 4845 2517 4884 e
2542 4842 2767 4881 numero
2794 4826 3120 4893 scriptorum
3179 4839 3285 4877 non
3333 4841 3422 4878 ca-

1842 4927 2157 4980 nonicorum
2184 4935 2453 4978 extrrctus
2495 4920 2763 4973 transierit
2786 4917 2840 4970 in
2867 4931 3149 4971 numerum
3202 4919 3422 4970 canini-

1841 5031 2022 5072 eorum
2054 5014 2133 5066 vel
2162 5029 2284 5068 non.
2321 5013 2377 5066 Si
2422 5012 2671 5078 primum,
2704 5015 2852 5062 errat
2893 5016 3037 5061 totus
3077 5004 3343 5061 Christian
3370 5022 3421 5061 s-

1841 5120 1978 5167 mus,
2009 5103 2095 5170 qui
2148 5101 2471 5154 contrarium
2526 5100 2692 5151 sentit
2736 5113 2841 5150 not.
2895 5097 3054 5153 modo
3100 5111 3129 5151 a
3183 5107 3422 5165 tempore

1838 5195 2300 5258 scholasticorum,
2341 5192 2435 5246 sed
2462 5208 2489 5244 a
2515 5191 2659 5246 mille
2682 5190 2926 5245 ducentis
2945 5190 3131 5255 annis;
3158 5190 3201 5243 si
3229 5205 3422 5244 secun-

1838 5289 1988 5354 dum,
2021 5302 2148 5356 ergo
2177 5285 2264 5339 illa
2295 5284 2470 5340 omnis
2514 5282 2766 5337 Ecclesia:
2792 5283 3111 5352 approbatio
3168 5279 3423 5346 relinquit

1839 5379 2013 5434 adhuc
2038 5377 2390 5446 Augustinum
2432 5373 2569 5426 intra
2600 5387 2882 5428 numerum
2936 5372 3257 5438 scriptorum
3284 5367 3420 5419 falli-

1839 5471 2044 5532 bilittm,
2078 5467 2270 5538 quibus
2303 5465 2420 5519 sine
2449 5465 2741 5532 cujuspiam
2789 5462 2980 5531 injuria
3004 5473 3308 5528 repugnare
3357 5457 3420 5512 li-

1835 5575 1972 5618 ccat.
2008 5580 2025 5611 ι
2055 5558 2158 5615 Sed
2179 5559 2285 5626 jam
2311 5559 2436 5610 olim
2477 5556 2602 5609 huic
2631 5554 2918 5622 objectioni
2951 5549 3292 5604 satisfecerat
3316 5562 3419 5602 non

1837 5657 2064 5713 Baianus
2088 5651 2300 5721 aliquis,
2322 5650 2415 5704 sed
2430 5660 2676 5702 strenuus
2696 5647 3154 5714 llaiioppugnalor
3177 5639 3418 5699 Suarins,

1833 5751 1985 5822 cujus
2011 5763 2140 5806 sane
2166 5744 2574 5819 responsionem
2608 5750 2852 5813 poterant
2883 5735 3024 5791 domi
3050 5735 3245 5805 legere.
3286 5732 3419 5789 Cum
