3930 6310
516 360 618 421 807

1437 358 1996 457 SL‘PPLEMLNTUM
2043 364 2133 419 AD
2172 364 2400 421 OPERA
2442 366 2499 422 S.
2544 366 2932 424 AUGUSTINI.

3678 377 3779 431 803‘

513 472 1282 544 Suarius,prolrg.6,deGratia
1294 487 1422 542 ,rap.
1437 471 1490 539 6,
1504 475 2096 538 niim.15,citasseth:ec

2207 471 2322 509 rum
2359 455 2542 509 laudes
2577 457 2964 527 intelliguntur.
3012 458 3076 511 Et
3121 468 3269 513 certe
3316 474 3438 515 cum
3480 461 3664 518 eadem
3712 470 3771 520 sit

510 566 682 622 sancti
698 566 1115 635 Prosperivcrba
1132 566 1181 618 iu
1200 564 1411 619 laudem
1428 566 1737 635 Augustini:
1760 585 1777 616 ι
1799 565 2091 633 Tuautcm,
2122 577 2128 583 '

509 658 859 713 dilectissime
901 666 955 710 et
988 655 1451 710 venerandissime
1498 656 1625 709 mihi
1656 656 1841 721 frater,
1873 658 1918 711 si
1973 671 2098 712 vere

509 752 575 806 de
606 751 687 805 liis
709 749 1093 819 qumstionibus
1122 747 1313 801 instrui
1342 746 1643 812 desideras,
1690 750 1828 802 sicut
1878 748 2097 802 deside-

508 856 629 899 rare
660 850 711 898 te
735 843 1007 907 convenit,
1037 843 1165 909 ipsis
1204 842 1264 894 Β.
1300 841 1587 910 Augustini
1638 840 2094 909 disputationibus
2126 850 2127 853 ‘

507 935 895 1006 cognoscendis
922 922 1173 1001 impende
1215 948 1421 998 curam,
1453 942 1510 985 ut
1562 936 1612 986 in
1643 932 1948 987 confitenda
1993 933 2090 988 Dei

506 1027 678 1095 gratia
698 1022 1169 1079 deftecatissimam
1220 1037 1283 1075 ac
1304 1023 1709 1077 saluberrimam
1766 1026 2091 1093 evangelica:

505 1115 924 1185 apostolicrque
952 1113 1213 1167 doctrinae
1238 1114 1644 1184 intelligentiam
1664 1115 2032 1184 consequaris,
2065 1134 2084 1167 ι

509 1211 625 1261 hzrc
655 1206 840 1260 scribit
872 1223 884 1258 :
915 1223 933 1257 ‹
970 1205 1084 1259 Non
1129 1214 1307 1259 tanien
1334 1206 1465 1260 dicit
1495 1205 1850 1276 Augustinum
1877 1214 2089 1276 apOsto-

507 1298 609 1353 lice
630 1296 928 1367 scripsisse,
986 1297 1070 1349 vel
1099 1296 1221 1365 quia
1271 1294 1502 1364 scriptor
1559 1298 1851 1351 canonicos
1904 1297 2088 1361 fuerit,

504 1389 590 1443 vel
611 1389 733 1457 quia
766 1387 1104 1441 iufallibilem
1152 1388 1399 1442 habuerit
1448 1388 1681 1458 Spiritus
1728 1394 1900 1443 sancti
1957 1389 2093 1445 assi-

503 1483 756 1537 stentiam
787 1482 838 1535 in
868 1480 1176 1545 scribendo,
1208 1483 1343 1534 sicut
1369 1480 1597 1550 apostoli
1641 1481 1961 1549 habuerunt,
1992 1483 2091 1537 hoc

503 1576 647 1631 enim
675 1574 909 1627 alienum
944 1589 972 1627 a
1002 1587 1163 1627 sensu
1214 1573 1465 1641 Prosperi
1523 1580 1577 1626 et
1626 1573 1788 1627 totius
1836 1574 2089 1630 Ecclesia:

501 1676 606 1727 est,
638 1665 733 1719 sed
766 1665 895 1718 dicit
922 1662 1220 1731 apostolice
1247 1663 1545 1732 scripsisse,
1574 1664 1656 1717 vel
1688 1664 1813 1733 quia
1839 1680 1990 1718 suam
2023 1666 2089 1721 de

500 1759 667 1826 gratia
691 1755 992 1809 doctrinam
1024 1770 1091 1809 ex
1139 1754 1387 1822 apostolo
1418 1755 1584 1810 Paulo
1621 1756 1885 1825 pra-cipue
1937 1773 2086 1812 sum-

2198 548 2524 616 judiciorum
2574 559 2628 602 et
2675 549 2960 603 affectuum
3004 550 3142 616 alea,
3189 562 3243 605 et
3276 552 3607 621 Augustinus
3634 561 3768 609 tanta

2200 642 2545 695 contentione
2596 649 2796 711 pugnet
2842 650 3029 695 contra
3081 642 3414 711 Pelagianos,
3464 644 3771 704 ntohtincat

2199 731 2402 785 nullum
2444 745 2565 786 esse
2603 730 2949 799 quantumvis
2990 741 3265 798 sanctum,
3298 734 3382 787 cui
3413 747 3520 788 non
3551 736 3623 787 sit
3648 750 3771 803 opus

2196 824 2378 880 dicere
2412 841 2425 877 :
2463 824 2676 876 Dimitte
2717 825 2863 878 nobis
2902 824 3068 877 debita
3108 835 3310 889 nostra,
3342 825 3413 880 ob
3440 827 3770 896 quotidianus

2196 914 2487 968 voluntatis
2512 914 2712 981 lapsus,
2748 916 2928 969 nescio
2956 914 3079 984 quid
3110 916 3320 971 Baianis
3348 917 3402 971 in
3432 926 3666 972 mentem
3691 934 3772 975 ve-

2202 1006 2362 1069 nerit,
2396 1014 2454 1058 ut
2482 1004 2850 1073 Augustiuiani
2882 1005 3057 1059 videri
3079 1007 3265 1069 velint,
3298 1022 3419 1060 cum
3469 1014 3619 1061 tanto
3664 1012 3770 1064 nisu

2197 1097 2525 1164 persuadere
2571 1104 2837 1148 conantur
2879 1108 3000 1147 esse
3046 1094 3254 1164 aliquos
3296 1096 3384 1164 qui
3411 1095 3619 1165 judicio
3648 1113 3769 1152 nun-

2194 1200 2352 1255 quam
2400 1184 2670 1248 labantur,
2704 1204 2722 1236 ι
2761 1200 2952 1253 nempe
2994 1185 3370 1256 Augustinum.
3418 1186 3619 1242 Verum
3662 1189 3769 1255 quis

2196 1277 2401 1332 nesciat
2429 1276 2782 1347 Augustinum
2810 1276 3005 1345 duplici
3036 1277 3199 1344 facto,
3240 1280 3365 1332 dum
3410 1293 3472 1334 se
3510 1279 3649 1334 infra
3679 1296 3769 1336 ca:-

2196 1375 2341 1421 teros
2374 1366 2659 1434 depressit,
2689 1381 2848 1436 supra
2874 1368 3152 1422 universos
3177 1368 3335 1423 altius
3357 1382 3481 1424 sese
3497 1371 3767 1425 evexisset

2194 1458 2291 1514 llle
2317 1472 2542 1528 magnus
2576 1458 2829 1513 Ecclesiae
2856 1458 3111 1530 magister
3139 1468 3248 1515 tum
3276 1460 3516 1528 eiectus,
3562 1471 3676 1516 tum
3694 1466 3771 1534 je-

2192 1550 2315 1603 dicii
2341 1549 2424 1602 sui
2454 1558 2627 1602 errata
2658 1548 2951 1618 publicavit
2980 1568 2990 1603 τ
3030 1549 3144 1606 hzec
3169 1551 3380 1621 quidem
3413 1568 3467 1606 tn
3496 1553 3651 1607 libris
3682 1554 3769 1609 ite-

2194 1644 2593 1709 tractationum,
2623 1646 2711 1699 illa
2755 1646 2807 1699 in
2856 1646 3007 1700 libris
3050 1646 3484 1715 Confessionum,
3517 1651 3769 1718 singulari

2192 1749 2412 1803 prorsus
2438 1737 2708 1805 exemplo,
2763 1753 2882 1791 cum
2930 1737 3206 1791 videamus
3248 1752 3490 1806 quosque
3517 1747 3636 1791 tum
3667 1755 3770 1806 pro-

501 1849 631 1917 psit,
658 1852 711 1900 et
734 1845 1077 1901 validissimis
1110 1846 1227 1914 ejus
1253 1845 1576 1900 testimoniis
1602 1847 1747 1900 illaut
1780 1846 2081 1913 confirmat,
2117 1862 2163 1920 Β
2193 1827 2305 1920 Ρτίθ
2335 1827 2497 1920 dici“,
2532 1838 2642 1920 ιιιιη
2674 1828 2812 1920 rima
2836 1829 2902 1882 ab
2932 1828 3529 1920 θττθτίδυδξνίηίάίθπέο
3570 1830 3767 1885 unum

501 1937 586 1990 vel
610 1946 759 1991 certe
785 1938 907 2005 quia
939 1948 1045 1990 tam
1094 1951 1223 1991 vere
1253 1950 1314 1990 ac
1347 1936 1577 1991 fideliter
1611 1938 1681 1990 de
1737 1939 1904 2007 gratia
1955 1941 2086 1992 scri-

503 2030 629 2096 ι·εἰι.
660 2040 716 2081 ut
744 2029 1043 2096 apostolica
1073 2029 1230 2083 sedes
1262 2032 1541 2100 Augustini
1572 2030 1869 2084 doctrinam
1900 2034 1951 2086 in
2004 2034 2086 2087 his

498 2135 620 2188 qua:
650 2120 713 2172 ad
741 2121 988 2190 dogmata
1025 2122 1295 2191 pertinent
1341 2137 1493 2177 suam
1534 2121 1771 2177 ell'eCerit
1799 2140 1860 2179 ac
1884 2125 2081 2195 proba-

496 2214 653 2267 verit.
682 2230 701 2263 ι

568 2303 745 2372 Pet-git
775 2304 1017 2356 Armatus
1049 2319 1061 2355 :
1099 2321 1117 2352 ε
1142 2302 1438 2370 Objicimus
1454 2304 1535 2367 2°,
1556 2305 1772 2359 eosdvm
1801 2306 1919 2359 illos
1939 2322 2085 2360 sum-

500 2407 619 2447 mos
648 2392 926 2460 pontifices
954 2391 1356 2460 quidoctrinam
1374 2393 1653 2461 Augustini
1692 2394 2080 2462 approbarunt,

444 2542 459 2555 ,
498 2498 559 2538 ea
591 2482 896 2550 seposuisse
921 2496 1041 2551 qua:
1056 2484 1357 2535 necessaria
1386 2482 1492 2538 illis
1516 2484 1625 2537 visa
1651 2493 1796 2548 sunt,
1826 2486 1958 2539 alias
1986 2502 2083 2539 au-

502 2585 611 2630 tem
640 2574 969 2644 qumstiones
1000 2574 1424 2630 intercurrentes
1477 2590 1579 2629 nec
1602 2587 1947 2630 contemnere
1984 2592 2084 2631 nec

499 2680 744 2723 astruere
768 2667 1026 2722 voluisse.
1062 2667 1171 2721 Hoc
1197 2667 1341 2720 enim
1369 2665 1693 2722 leestiuus
1716 2678 1898 2736 aperte
1927 2668 2082 2738 signi-

498 2759 699 2825 ficavit,
730 2767 787 2813 ut
808 2758 1097 2814 retulimus
1141 2767 1321 2826 antea,
1366 2777 1383 2810 ι
1422 2774 1542 2830 pag.
1589 2760 1717 2813 905.
1763 2759 1905 2815 Idem
1946 2762 2081 2814 Sua-

498 2852 636 2916 rius,
670 2850 936 2905 recensita
974 2849 1249 2905 leestini
1284 2851 1642 2916 restrictione,
1702 2865 1859 2919 quam
1905 2859 2079 2906 tamen

499 2951 660 3012 negat
690 2953 809 2996 esse
831 2943 1131 3006 leestiui,
1171 2953 1228 2994 ut
1256 2942 1454 3007 dicam,
1487 2952 1629 2998 totus
1659 2946 1960 3015 Augustino
1980 2944 2081 2998 ad-

498 3036 667 3086 hteret
697 3032 812 3086 haec
833 3032 1077 3087 scribens
1112 3051 1123 3084 :
1164 3051 1181 3083 ι
1221 3032 1578 3088 Nihilominus
1607 3045 1784 3090 tamen
1830 3037 1991 3089 etiam
2028 3037 2077 3089 in

499 3124 583 3177 his
613 3124 1006 3192 posterioribus
1059 3124 1129 3177 de
1180 3125 1651 3193 praedestinatione
1694 3128 2079 3194 quaestionibus

2191 1918 2329 1973 hanc
2370 1919 2658 1985 aliquando
2686 1918 2755 1972 de
2784 1920 2945 1972 sociis
2974 1934 3037 1972 ac
3065 1933 3177 1973 sua:
3206 1918 3427 1973 familiae
3474 1919 3771 1976 hominibus

2188 2011 2492 2078 Opinionem
2526 2011 2815 2066 adversarii
2849 2010 3088 2077 induant,
3123 2026 3348 2081 quorum
3394 2013 3705 2081 quempiam
3732 2015 3767 2067 si

2187 2102 2255 2152 ab
2274 2101 2452 2169 aliquo
2478 2102 2739 2168 scriptore
2771 2102 3063 2170 impetitum
3088 2110 3433 2170 cognoscant,
3466 2102 3623 2157 mille
3654 2117 3768 2170 apo.

2188 2190 2354 2259 lugias
2386 2191 2706 2260 procudunt,
2737 2201 2795 2245 ut
2823 2192 2921 2245 soli
2953 2191 3022 2246 ab
3052 2193 3329 2247 erroribus
3360 2193 3637 2246 immunes
3667 2207 3769 2247 esse

2187 2286 2488 2340 videantur.
2516 2284 2698 2355 itaque
2728 2284 2972 2341 eamdem
3000 2295 3053 2340 et
3081 2284 3301 2341 allectus
3318 2293 3374 2340 et
3396 2286 3585 2355 judicii
3609 2288 3768 2340 aleam

2190 2378 2391 2434 subiiit
2419 2379 2765 2447 Augustinus.
2801 2378 2999 2433 Verum
3049 2379 3175 2431 dum
3207 2378 3371 2433 libros
3400 2388 3594 2432 contra
3639 2377 3769 2434 Peli-

2184 2473 2369 2541 giauos
2397 2480 2649 2527 retractat
2680 2470 2774 2525 lib.
2805 2485 2864 2537 ιι,
2897 2485 3017 2539 cap.
3072 2470 3161 2536 55,
3206 2468 3297 2537 36,
3324 2472 3416 2536 57,
3440 2470 3532 2531 42,
3564 2470 3662 2535 50,
3690 2472 3765 2534 6t,

2186 2562 2276 2628 62,
2307 2561 2449 2618 66st
2475 2561 2564 2627 67,
2590 2562 2788 2616 nullam
2819 2561 3139 2617 sententiam
3163 2563 3276 2617 sive
3296 2564 3361 2616 de
3382 2562 3557 2632 gratia
3583 2564 3695 2618 sive
3713 2564 3769 2617 de

2189 2654 2358 2708 libero
2379 2652 2599 2708 arbitrio
2614 2653 2968 2724 corrigit,jsed
2997 2654 3173 2709 omnia
3197 2656 3292 2709 alis
3318 2668 3377 2709 se
3397 2655 3537 2709 dicta
3568 2656 3765 2724 probat,

2188 2747 2280 2817 qui
2311 2744 2429 2800 aliis
2461 2747 2512 2799 in
2546 2747 2858 2801 tractatibus
2890 2747 3171 2817 plerasque
3200 2748 3377 2803 theses
3405 2761 3654 2804 azserL-is
3686 2766 3765 2805 cs-

2186 2841 2471 2910 punxerat.
2507 2839 2658 2894 Unde
2699 2850 2917 2895 sanctus
2946 2839 3135 2895 doctor
3173 2857 3430 2911 nusquam
3458 2842 3512 2897 in
3537 2841 3770 2913 Pelagia-

2185 2933 2267 2985 nis
2295 2933 2665 3001 expugnandis
2707 2947 2767 2987 se
2808 2932 3009 3001 judicio
3044 2934 3247 3004 lapsum
3290 2935 3452 2989 fuisse
3482 2938 3768 3006 cognovit,

2184 3023 2473 3076 adversarii
2506 3031 2684 3077 autem
2716 3022 3129 3091 miserejudicio
3158 3024 3430 3089 labuntur,
3462 3034 3572 3080 tam
3611 3027 3770 3080 humi-

2184 3110 2307 3165 liter
2337 3112 2403 3166 de
2442 3112 2740 3181 Augustino
2770 3116 3195 3183 pronuntiantes.
3241 3114 3491 3172 Profeco
3527 3119 3770 3188 Augusti-

496 3213 787 3264 auctoritas
814 3212 1089 3279 Augustini
1132 3213 1364 3264 maxima
1393 3222 1471 3265 est
1505 3224 1722 3282 propter
1747 3216 1879 3267 alias
1924 3218 2078 3270 t‘alio-
2107 3237 2152 3300 ρ
2187 3218 2287 3256 nus
2318 3202 2521 3256 futuros
2554 3204 2690 3259 forte
2719 3220 2969 3261 censores
2998 3208 3317 3275 pnevidens,
3370 3209 3420 3262 in
3446 3224 3647 3264 eorum
3686 3213 3773 3264 hu-

497 3314 594 3375 nes
614 3314 775 3368 supra
806 3308 996 3365 tactas,
1024 3310 1079 3355 ct
1104 3301 1222 3355 idco
1243 3318 1458 3373 semper
1484 3322 1513 3357 a
1542 3304 1698 3359 nobis
1722 3308 1933 3361 caeteris
1956 3324 2083 3375 pra:-

497 3372 721 3446 fet‘etur.
747 3409 766 3443 ι

570 3484 676 3540 Sed
710 3484 966 3538 reclamat
990 3483 1107 3538 adv«
1129 3485 1329 3557 rsarius
1363 3504 1375 3540 :
1415 3506 1434 3538 ι
1464 3488 1777 3558 Objicimus,
1805 3491 1863 3545 3°
1888 3506 2082 3561 appro-

502 3574 678 3629 batam
704 3576 867 3629 fuisse
897 3576 1179 3646 Augustini
1223 3577 1524 3633 doetrinam
1551 3580 1709 3635 simul
1751 3591 1805 3636 et
1857 3582 2081 3638 alior‘um

494 3678 805 3725 sanctorum
830 3670 1071 3736 Patrum,
1106 3670 1249 3725 unde
1290 3673 1531 3741 sequitur
1572 3676 1765 3728 cadere
1810 3677 2079 3744 approba-

502 3763 704 3818 tionem
746 3762 882 3817 hanc
908 3764 959 3817 in
990 3764 1040 3819 id
1074 3765 1214 3833 quod
1248 3774 1329 3818 est
1360 3767 1659 3834 Augustino
1681 3784 1801 3822 cum
1826 3769 1944 3823 aliis
1980 3770 2080 3823 l’a-

496 3855 664 3909 tribus
716 3871 1022 3917 commune,
1084 3873 1188 3910 non
1239 3858 1288 3908 in
1324 3859 1373 3909 id
1402 3874 1484 3926 quo
1509 3859 1540 3911 d
1580 3870 1661 3913 est
1708 3864 2002 3932 prOprium,
2036 3865 2081 3919 si
2118 3912 2123 3917 .

494 3947 619 4014 quid
652 3946 756 3999 tale
777 3947 866 3997 sit.
904 3966 922 3997 ι
954 3947 1173 4000 Ibidem.
1201 3948 1306 4001 Sed
1341 3950 1506 4004 hocce
1538 3953 1697 4005 telum
1725 3957 2077 4024 Augustinum

488 4032 678 4101 clypeo
726 4043 1013 4102 protegens
1053 4035 1320 4105 Vasquius
1376 4041 1594 4110 excepit
1636 4044 1747 4107 1-2,
1782 4046 1922 4114 dist).
1956 4048 2076 4114 l90,

492 4134 613 4187 cap.
638 4120 692 4187 6,
724 4137 869 4175 num.
894 4124 959 4176 ’57
991 4143 1000 4175 :
1034 4143 1052 4177 t
1082 4128 1360 4194 Quamvis,
1406 4130 1601 4201 inquit,
1633 4136 1813 4188 nullus
1842 4148 1986 4192 esset
2011 4152 2078 4194 ex

492 4211 734 4265 l'att-ibus
764 4220 1207 4273 commemoratis
1230 4235 1390 4290 quem
1439 4239 1534 4292 pro
1567 4224 1665 4280 hac
1693 4230 1957 4283 sententia
2008 4232 2077 4287 de

487 4302 672 4368 gratiae
724 4305 1047 4360 necessitate
1099 4310 1165 4362 ad
1197 4312 1405 4381 singula
1454 4330 1617 4384 opera
1670 4317 1807 4372 bona
1856 4321 2076 4378 moralia

494 4392 801 4462 scholastici
852 4393 1103 4451 doctores
1145 4399 1384 4470 allegare
1435 4415 1676 4472 possent,
1734 4425 1784 4463 tu
1810 4426 1910 4464 uno
1941 4427 2074 4469 SOLO

485 4486 800 4539 Aucusriso
823 4485 1050 4556 ejusque
1077 4489 1262 4544 schola
1307 4507 1418 4549 sua:
1447 4497 1716 4565 opinionis
1764 4503 2071 4570 praesidium

2191 3302 2365 3345 meros
2404 3294 2736 3347 correctione
2777 3294 3022 3349 devoluta
3050 3338 3062 3360 ,
3097 3299 3271 3352 minus
3308 3299 3414 3365 illo
3446 3300 3499 3354 in
3529 3302 3770 3356 examine

2188 3399 2368 3440 secum
2399 3388 2525 3455 egit,
2577 3389 2965 3443 recentioribus
2997 3391 3132 3445 hanc
3160 3392 3385 3461 gloriam
3436 3394 3769 3465 relinquens,

2186 3484 2285 3546 qua
2316 3478 2517 3546 jactare
2555 3490 2774 3549 possent
2808 3496 2867 3537 se
2896 3483 3000 3538 illis
3046 3487 3095 3538 in
3128 3484 3281 3541 libris
3310 3496 3501 3540 contra
3534 3489 3770 3560 Pelagia-

2186 3582 2283 3622 nos
2314 3569 2473 3624 editis
2530 3572 2768 3625 maculas
2821 3574 3275 3638 dcpreliendisse,
3330 3591 3451 3644 quae.
3496 3578 3769 3649 Augustini

2184 3659 2351 3714 aciem
2398 3676 2462 3715 ac
2502 3663 2779 3731 spongiam
2821 3662 3210 3733 subterfugere.
3238 3665 3373 3732 Quid
3400 3669 3502 3731 ais,
3539 3673 3766 3731 Atinate,

2182 3750 2535 3820 Augustinum
2570 3753 2731 3807 fuisse
2762 3754 3053 3809 obnoxium
3090 3758 3335 3812 humanis
3365 3757 3699 3826 defectibus,
3726 3772 3769 3815 at

2181 3840 2464 3893 rarioribus
2483 3849 2528 3894 et
2553 3841 2845 3910 levioribus,
2874 3856 2937 3899 ac
2959 3846 3162 3915 judicio
3189 3849 3509 3918 quandoque
3531 3853 3769 3922 lapsum?

2182 3932 2297 3985 Alia
2331 3931 2488 4002 longe
2527 3934 2736 3989 diversa
2767 3938 2864 3991 fuit
2894 3943 2966 3992 tui
3000 3940 3172 3994 Suarii
3202 3944 3488 4009 sententia,
3518 3949 3612 4013 qui
3660 3963 3768 4017 pro.

2181 4020 2284 4090 leg.
2327 4022 2359 4074 6
2388 4023 2457 4078 de
2491 4022 2694 4091 Gratia,
2742 4041 2861 4096 cap.
2909 4027 2962 4097 6,
3013 4045 3161 4083 num.
3208 4032 3296 4095 l7,
3347 4033 3419 4085 ita
3464 4045 3519 4088 et
3551 4048 3685 4089 vere
3720 4043 3767 4088 et

2180 4110 2341 4182 digne
2364 4112 2431 4169 de
2459 4123 2647 4170 sancto
2668 4117 2965 4188 Augustino
2991 4121 3174 4175 scribit
3200 4139 3212 4174 :
3239 4139 3256 4172 ι
3287 4122 3427 4177 Nihil
3458 4133 3570 4178 tam
3606 4127 3764 4180 admi-

2188 4204 2413 4259 randum
2446 4218 2499 4261 et
2526 4208 2927 4278 suspiciendum
2956 4211 3212 4268 Ecclesiae
3242 4213 3477 4270 reddidit
3505 4218 3756 4287 Augustis

2179 4308 2302 4358 nus,
2327 4312 2486 4366 quam
2518 4300 2584 4355 de
2629 4302 2799 4370 gratia
2845 4302 3119 4371 doctrina;
3152 4316 3208 4361 at
3239 4307 3361 4362 siin
3405 4323 3470 4363 ea
3506 4311 3758 4365 tradenda

2177 4396 2233 4442 et
2277 4391 2591 4459 explicanda
2638 4395 2926 4465 aliquando
2967 4398 3151 4454 fuisset
3184 4401 3237 4456 in
3274 4417 3516 4458 errorem
3561 4406 3759 4476 lapsus,

2176 4482 2346 4539 multo
2397 4485 2807 4544 labefactaretur
2853 4489 2969 4560 ejus
3009 4494 3340 4565 auctoritas,
3384 4496 3758 4569 immeritoque

489 4572 721 4629 libenter
775 4576 1127 4644 collocarent,
1159 4595 1389 4653 eumque
1444 4588 1543 4642 sibi
1589 4590 1837 4646 sullicere
1877 4596 2068 4651 mei-ito

2184 4571 2416 4630 Ecclesia
2450 4586 2555 4631 tam
2585 4578 2810 4635 fidenter
2834 4580 3091 4650 judicium
3121 4584 3239 4655 ejus
3281 4587 3333 4641 in
3375 4587 3477 4643 hac
3517 4589 3757 4646 doctrina

484 4664 891 4732 arbitrarentur,
927 4670 1067 4741 quod
1100 4686 1285 4728 UNICUS
1336 4676 1407 4729 sit
1458 4678 1551 4746 qui
1602 4679 1727 4734 dum
1778 4682 1954 4752 agitur
1995 4687 2068 4743 de

482 4758 668 4822 gratiae
690 4759 1033 4827 necessitate,
1062 4762 1202 4817 sicut
1239 4763 1324 4819 sol
1381 4765 1541 4823 inter.
1576 4770 1809 4839 reliquos
1852 4773 2068 4840 praeful-

483 4857 626 4914 geat,
654 4850 805 4917 cujus
836 4852 1052 4921 quidem
1084 4854 1347 4914 doctrinm
1374 4860 1650 4930 egregium
1700 4865 2062 4923 testimonium

484 4942 542 4988 ct
568 4943 1082 4999 commendationem
1107 4946 1159 5001 in
1206 4950 1434 5018 epistola
1493 4952 1667 5023 prima
1697 4954 1973 5011 Cuelestini
1995 4960 2062 5015 ad

481 5028 763 5095 episcopos
784 5030 966 5087 Galliae
994 5047 1270 5094 exaratam
1311 5041 1591 5099 habemus.
1628 5062 1645 5097 i
1674 5044 1841 5102 Porro
1862 5046 2062 5105 Caeles-

481 5120 627 5174 tinus
678 5136 845 5199 unum
903 5128 1255 5195 Augustinum
1309 5132 1578 5201 laudavit;
1639 5136 1757 5207 lege
1808 5143 2059 5198 eumdem

475 5223 614 5284 part.
646 5229 683 5280 ι,
710 5213 855 5296 disp7
885 5216 975 5282 89,
1009 5232 1128 5287 cap.
1160 5220 1213 5285 4,
1248 5223 1416 5277 initio.

548 5305 620 5358 At
665 5322 767 5360 non
790 5306 933 5361 cedit
974 5307 1188 5373 Suario,
1223 5328 1327 5366 non
1355 5316 1497 5370 Crdil.
1528 5318 1761 5388 Vasquio
1792 5325 2056 5393 Armatus,

476 5397 572 5460 sed
607 5413 793 5453 rursus
838 5404 1061 5470 oppomt
1104 5418 1223 5474 pag.
1256 5406 1380 5462 902.
1417 5427 1436 5460 ι
1469 5409 1671 5481 Nempe
1695 5412 1803 5482 jam
1839 5430 1935 5470 nos
1962 5419 2058 5471 do-

474 5486 585 5540 cuit
611 5489 817 5544 Gcrson
848 5504 901 5546 et
930 5493 1216 5551 Abuleusis
1258 5512 1367 5566 quo
1406 5500 1667 5567 pertineat
1710 5506 1825 5560 haec
1863 5522 2057 5577 appro-

474 5576 650 5642 batio;
672 5598 775 5636 non
798 5585 939 5639 enim
964 5601 1029 5640 eo
1053 5598 1110 5641 ut
1140 5589 1497 5660 intelligamus
1522 5594 1870 5665 Augustinum
1900 5576 2059 5657 nullis

471 5680 594 5753 esse
624 5668 868 5728 humanis
899 5677 1197 5734 defeetibus
1244 5683 1533 5739 obnoxium
1557 5728 1573 5752 ,
1622 5686 1716 5741 sed
1766 5690 2056 5747 rarioribus

469 5768 523 5812 et
553 5757 859 5828 lcvio:ibus,
916 5771 1188 5833 quomodo
1217 5781 1534 5830 caeterorum
1581 5793 1796 5847 quoque
1836 5794 2051 5837 sancto-

2174 4677 2318 4723 esset
2364 4681 2569 4736 secuta,
2616 4673 2757 4741 quod
2800 4675 3019 4745 impium
3069 4686 3151 4733 est
3191 4680 3442 4751 cogitare.
3470 4699 3490 4731 ι
3523 4681 3752 4751 Egregie

2173 4760 2275 4816 hoc
2307 4762 2479 4833 ipsum
2512 4763 2709 4820 abhinc
2747 4770 3068 4840 octingentis
3095 4772 3251 4826 annis
3298 4783 3501 4827 notarat
3528 4785 3748 4828 sanctus

2172 4855 2490 4913 Prudentius
2511 4857 2869 4929 Tricassinus,
2900 4863 2953 4917 in
2984 4864 3206 4931 epistola
3236 4866 3301 4919 ad
3334 4865 3674 4920 ﬂincmarum
3698 4874 3752 4920 et

2172 4943 2495 5013 Paululum;
2529 4950 2621 5004 sed
2652 4952 2791 5019 quod
2836 4957 2955 5005 cum
3003 4953 3193 5009 Suario
3234 4963 3289 5009 et
3323 4955 3558 5025 V'asquio
3589 4955 3747 5011 veluti

2170 5032 2376 5092 foedere
2406 5040 2513 5095 icto
2536 5041 2757 5097 aliorum
2786 5044 3044 5112 suppetiis
3069 5044 3328 5112 dimissis,
3350 5058 3544 5103 contra
3563 5062 3746 5104 recen-

2170 5128 2333 5184 tiores
2365 5130 2450 5183 me
2476 5138 2834 5201 pugnaturum
2865 5144 2963 5202 pro
2990 5137 3285 5205 Augustino
3312 5139 3583 5206 pollicitus
3610 5154 3741 5203 sum,

2168 5220 2633 5290 prteclarissimum
2670 5223 2812 5279 illius
2843 5226 3100 5282 antistitis
3130 5229 3500 5285 testimonium
3532 5231 3742 5295 omitto,

2165 5311 2288 5365 alibi
2328 5311 2677 5366 recitandum.
3672 5368 3679 5371 ,

2236 5401 2481 5457 Nondum
2526 5407 2771 5462 Armatus
2805 5422 3025 5466 suorum
3055 5412 3276 5467 vocibus
3306 5412 3375 5466 ab
3404 5414 3602 5470 infelici
3629 5428 3743 5468 cer-

2168 5496 2365 5549 tamine
2394 5498 2633 5552 revocari
2665 5501 2872 5568 potuit;
2914 5495 3008 5557 sed
3049 5505 3210 5559 instat
3238 5506 3582 5577 obtruditque
3609 5507 3741 5561 hanc

2161 5586 2452 5651 illationem
2489 5606 2500 5641 :
2533 5604 2550 5638 t
2592 5589 2732 5661 Ergo
2771 5593 2837 5660 si,
2885 5602 3059 5651 stante
3108 5586 3391 5667 Augustini
3437 5600 3742 5655 testimonio

2158 5676 2267 5741 illo,
2299 5678 2419 5743 licet
2451 5688 2627 5735 tamen
2656 5682 2975 5753 singularem
3004 5688 3297 5757 cuiuspiam
3327 5705 3394 5745 ex
3423 5690 3543 5745 aliis
3569 5690 3741 5744 Patri-

2157 5768 2255 5823 bus
2285 5770 2658 5841 cogitationem
2689 5775 2743 5831 in
2773 5777 2919 5834 hisee
2948 5778 3393 5849 disputationibus
3422 5797 3532 5838 non
3558 5782 3734 5851 sequi.
