3930 6312
205 356 299 414 809

1371 346 1696 406 VINDICIIE
1736 343 2297 405 AUGUSTINIANIE.

3368 350 3475 409 810

202 471 374 528 licebit
421 470 604 537 etiam,
659 476 832 525 stante
873 468 965 525 illa
1013 468 1268 525 Ecclesiae
1315 469 1402 525 vel
1452 481 1787 522 summorum
1817 474 1865 532 Α
1896 464 2239 534 praecognitis
2271 463 2484 531 probat,
2512 470 2569 518 et
2595 463 2738 532 quod
2761 462 2963 539 judicio
2986 466 3158 535 jungit
3187 467 3344 523 laude
3375 484 3483 525 non

202 565 501 635 pontiﬁcum
542 563 946 633 approbatione,
996 578 1102 618 non
1153 563 1297 617 omni
1345 561 1622 616 adhaerere
1671 562 1785 615 Au-

202 658 387 728 gustini
435 657 734 712 sementim.
769 674 787 708 ›
842 656 912 710 At
960 655 1080 710 huic
1119 669 1328 724 quoque
1358 651 1647 723 objectioni
1690 653 1787 707 ob-

202 752 334 806 viam
364 751 500 805 ierat
527 748 909 804 subtilissimus
935 748 1290 803 recentiorum
1320 745 1601 815 Vasquius,
1634 745 1788 814 cujus

202 855 264 898 ex
294 840 410 909 l-2,
439 840 638 909 disput.
671 841 803 909 190,
837 841 1001 896 verba
1034 841 1189 910 paulo
1216 849 1339 894 ante
1364 838 1628 905 dedimus,
1660 838 1787 893 item

201 933 450 1002 prmelare
481 942 615 1000 part.
654 932 705 997 I,
737 932 873 1001 disp.
906 934 999 999 89,
1032 947 1180 986 num.
1210 932 1275 985 21
1315 950 1327 983 :
1362 950 1380 981 ‹
1417 930 1675 998 Tametsi,
1703 932 1785 985 in-

203 1023 332 1091 quit,
352 1022 579 1077 aliorum
610 1020 825 1078 Patrum
855 1023 1146 1078 auctoritas
1168 1022 1219 1077 in
1250 1023 1395 1077 omni
1425 1020 1791 1077 controversia

202 1112 373 1183 magni
402 1113 657 1183 ponderis
687 1114 825 1183 apud
869 1129 1056 1169 omnes
1099 1128 1221 1169 esse
1251 1114 1465 1181 debeat,
1500 1114 1552 1168 in
1591 1113 1689 1167 bac
1715 1122 1792 1167 ta-

205 1220 348 1273 men,
382 1205 451 1261 de
480 1220 581 1275 qua
608 1205 970 1277 nunc.agitur,
995 1220 1128 1261 unus
1156 1219 1259 1260 uno
1285 1219 1481 1260 nouns
1501 1203 1632 1258 mihi
1654 1217 1793 1259 sem-

206 1313 301 1368 per
330 1298 433 1354 erit
475 1300 836 1368 AUGUSTINUS,
870 1314 974 1353 non
1005 1300 1181 1354 solum
1228 1299 1372 1368 quod
1421 1298 1659 1351 omnium
1704 1295 1795 1365 qui

198 1391 333 1445 bene
362 1390 604 1446 sentiunt
624 1391 910 1461 plurimum
934 1393 1187 1457 emineat,
1217 1409 1236 1443 ι
1265 1398 1366 1446 etc.
1403 1392 1469 1445 At
1491 1389 1634 1460 quod
1655 1403 1794 1460 prae-

200 1484 420 1539 miserat
458 1483 699 1540 Annatus
728 1485 947 1551 ibidem,
981 1500 1100 1555 pag.
1140 1483 1245 1538 909
1279 1502 1291 1536 :
1332 1503 1349 1536 ‹
1382 1484 1459 1538 Ex
1489 1483 1680 1553 quibus
1720 1481 1795 1536 li-

198 1575 364 1644 quido
379 1584 588 1632 constat
606 1586 862 1647 quantum
879 1576 1178 1648 Augustino
1199 1575 1536 1631 tribuendum
1557 1573 1793 1628 Ecclesia

202 1667 439 1733 censuit,
456 1676 659 1723 tantum
683 1668 800 1723 aliis
819 1682 1031 1738 quoque
1046 1666 1291 1721 Patribus
1315 1664 1651 1721 tribuendum
1674 1678 1796 1720 esse

197 1755 554 1826 Augustinum
592 1757 766 1826 ipsum
798 1757 1092 1822 censuisse,
1130 1774 1149 1808 ι
1187 1756 1309 1823 hoc,
1344 1758 1559 1825 inquam
1582 1796 1597 1821 ,
1630 1756 1793 1824 plane

1888 552 2099 608 dividit.
2140 572 2159 605 ι
2216 553 2342 606 Iltcc
2391 552 2501 606 ille.
2553 553 2990 608 Succenturiatus
3036 556 3087 609 in
3136 557 3331 613 Annali
3376 560 3485 630 jam

1891 647 2087 703 defessi
2135 644 2439 714 praesidium
2480 644 2691 713 prosilit
2734 645 3022 714 Moraines,
3056 646 3270 703 diverso
3305 658 3485 707 tamen

1891 750 2164 791 armorum
2196 750 2394 803 genere
2439 735 2493 790 in
2542 738 2898 806 Augustinum
2951 739 3361 809 impressionem
3411 744 3488 797 fa~

1891 827 2062 881 ciens.
2097 826 2307 881 Etenim
2362 841 2468 895 quo
2512 827 2802 896 pontiﬁcis:
2831 831 3235 900 approbationis
3277 835 3488 905 Augus-

1893 920 2009 975 tino
2042 920 2181 975 datae
2225 920 2566 989 splendorem
2616 924 2917 992 imminuat,
2950 941 3055 981 non
3087 929 3313 998 quidem
3346 932 3486 986 invi—

1893 1014 2086 1069 darum
2119 1013 2628 1083 interpretationum
2660 1017 2883 1074 nebulas
2926 1006 3167 1090 opponit,
3199 1022 3293 1079 sed
3334 1023 3488 1079 nobi-

1895 1110 2031 1166 liora
2057 1103 2126 1165 ab
2150 1108 2448 1180 apostolica
2477 1112 2607 1168 sede
2635 1113 2757 1167 aliis
2790 1114 3038 1170 Patribus
3068 1118 3261 1173 tradita
3286 1134 3489 1188 prazco-

1896 1201 1985 1256 nia
2017 1201 2281 1271 proponit,
2329 1216 2557 1271 quorum
2606 1207 3011 1273 comparatione
3058 1207 3149 1263 illa
3194 1211 3491 1282 Augustino

1897 1292 2072 1349 delata
2112 1295 2318 1349 minora
2348 1294 2508 1365 longe
2538 1305 2896 1364 censeantur;
2930 1314 3035 1369 quo
3065 1315 3195 1357 sane
3226 1314 3382 1371 pacto
3407 1305 3491 1359 sol

1900 1400 2007 1442 non
2038 1387 2241 1442 umbris
2269 1387 2510 1457 quidem,
2542 1388 2635 1443 sed
2664 1390 2924 1444 immensa
2954 1394 3340 1461 propemodum
3373 1397 3493 1453 luce

1898 1491 2329 1548 quaquaversum
2378 1478 2673 1535 irradiante
2720 1481 3002 1537 minimum
3050 1484 3286 1539 candelae
3315 1486 3493 1555 splen-

1894 1567 2085 1645 dorem
2116 1569 2363 1635 suffocat,
2398 1569 2714 1640 nullumque
2742 1587 2880 1641 pene
2911 1572 3058 1631 facit.
3094 1575 3283 1631 Altiori
3316 1579 3494 1647 itaque

1899 1677 2031 1718 voce
2060 1663 2279 1718 insultat
2311 1665 2577 1720 Moraines
2605 1666 2661 1719 in
2689 1665 3006 1734 prtefatione
3027 1668 3095 1722 ad
3118 1669 3451 1726 orthodoxos
3475 1689 3490 1725 :

1894 1772 1926 1833 _t
1956 1755 2182 1823 Quando
2208 1756 2409 1811 dictum
2436 1766 2521 1813 est
2549 1758 2617 1813 de
2648 1758 2866 1828 scriptis
2908 1762 3191 1831 Augustini
3220 1763 3288 1818 ab
3316 1762 3496 1833 aliquo

199 1848 393 1905 falsum
424 1858 547 1915 est;
583 1864 704 1905 nam
748 1849 873 1907 licet
901 1850 953 1905 in
999 1850 1153 1906 libris
1198 1860 1383 1907 contra
1414 1851 1681 1906 lulianum
1722 1865 1790 1905 ex
1823 1858 1871 1919 B
1900 1848 2154 1917 pontiﬁce
2202 1849 2375 1917 legem
2417 1849 2713 1917 sanciente,
2765 1852 2908 1921 quod
2956 1853 3091 1908 dixit
3134 1855 3383 1912 Gelasius
3428 1857 3497 1913 de

197 1941 398 1996 sanctis
426 1940 677 1996 Patribus
711 1949 990 2012 peccatum
1031 1942 1292 2013 originale
1338 1943 1505 1997 fusius
1547 1956 1795 2011 compro-

199 2031 431 2100 baverit,
460 2033 697 2104 itemque
728 2034 781 2088 in
826 2033 965 2089 libro
995 2033 1063 2088 de
1110 2032 1290 2088 Gratia
1322 2030 1522 2087 Christi
1552 2032 1792 2102 ejusdem

200 2127 386 2195 gratiae
416 2126 816 2192 necessitatem,
847 2134 1081 2182 attamen
1112 2124 1639 2196 prtedestinationem
1670 2133 1795 2180 ante

200 2221 433 2289 praevisa
475 2202 667 2275 merita
714 2220 1040 2275 instantibus
1086 2218 1526 2285 Massiliensibus,
1571 2226 1625 2272 et
1653 2218 1796 2273 nolle

201 2324 265 2365 se
295 2310 438 2364 illam
471 2310 689 2366 credere
712 2309 1121 2377 afﬁrmantibus,
1154 2310 1255 2366 nisi
1286 2319 1528 2366 veterum
1556 2324 1619 2365 ea
1644 2309 1713 2366 de
1738 2325 1797 2366 re

204 2404 510 2460 testimonia
540 2404 882 2475 produceret,
909 2404 1188 2474 respondit
1218 2403 1310 2458 lib.
1344 2404 1409 2458 de
1438 2402 1793 2458 Praedestina-

198 2497 350 2551 tione
388 2505 716 2565 sanctorum,
750 2511 871 2565 cap.
904 2497 972 2550 14
1002 2513 1014 2547 :
1055 2513 1073 2547 ι
1111 2494 1248 2561 Quid
1278 2495 1437 2565 igitur
1464 2508 1599 2564 opus
1626 2503 1708 2549 est
1738 2504 1797 2549 ut

196 2603 385 2644 eorum
419 2601 718 2645 scrutemur
770 2590 1025 2658 opuscula
1054 2590 1166 2657 qui,
1200 2589 1508 2657 priusquam
1537 2587 1637 2640 ista
1684 2586 1795 2640 hae-

204 2681 351 2733 resis
393 2680 646 2742 oriretur,
696 2693 803 2732 non
850 2679 1152 2733 habuerunt
1193 2680 1567 2732 necessitatem
1599 2676 1651 2729 in
1697 2676 1798 2731 hac

199 2770 414 2825 difﬁcili
437 2770 503 2824 ad
528 2770 841 2825 solvendum
873 2770 1169 2839 quaestione
1188 2769 1415 2834 versari,
1438 2768 1580 2838 quod
1612 2767 1797 2837 procul

198 2859 367 2915 dubio
416 2860 655 2916 facerent
692 2861 736 2914 si
784 2860 1114 2930 respondere
1158 2861 1352 2915 talibus
1398 2868 1736 2929 cogerentur.
1772 2876 1790 2910 ι

198 2953 271 3007 At
314 2966 436 3022 cap.
472 2953 539 3006 19
577 2952 644 3006 de
676 2951 827 3007 Dono
878 2952 1291 3021 perseverantiae
1334 2966 1433 3020 pro
1480 2966 1539 3006 se
1579 2951 1797 3006 adducit

200 3030 545 3098 Ambrosium
578 3051 633 3097 et
676 3040 1021 3112 Cyprianum,
1074 3058 1143 3098 ex
1197 3043 1387 3112 quibus
1431 3056 1536 3097 non
1581 3042 1795 3097 disertis

202 3134 403 3199 verbis,
432 3134 527 3189 sed
559 3147 655 3203 per
705 3134 1063 3188 necessariam
1094 3133 1383 3188 illationem
1430 3147 1581 3187 suam
1623 3132 1792 3201 ipsius

1848 1952 1853 1955 '
1900 1938 2132 1992 mirabili
2162 1938 2251 1992 illa
2282 1940 2508 2008 epistola
2541 1940 2737 1996 Leonis
2765 1942 2939 2012 Magni
2969 1944 3036 1999 ad
3066 1945 3407 2014 Flavianum,
3438 1956 3499 2003 ut

1900 2030 1947 2083 si
1994 2029 2113 2097 quis
2152 2028 2295 2084 illam
2348 2046 2453 2085 non
2485 2032 2794 2088 admitteret
2839 2026 3009 2105 usque
3047 2036 3115 2091 ad
3158 2054 3321 2093 unum
3362 2040 3491 2109 iota,

1899 2119 2185 2176 anathema
2217 2124 2408 2178 esset?
2446 2142 2465 2175 ι
2500 2123 2697 2180 Verum
2739 2126 2860 2196 quis
2904 2142 3012 2184 non
3046 2129 3227 2186 videat
3268 2133 3497 2192 eximias

1900 2212 2023 2269 illas
2050 2214 2118 2269 de
2147 2214 2344 2270 Leonis
2387 2215 2578 2271 litteris
2608 2217 2796 2274 laudes
2840 2219 2893 2273 in
2937 2221 3293 2292 Augustinum
3341 2225 3499 2293 plene

1896 2304 2155 2383 devolvi?
2182 2306 2459 2362 Celebrem
2491 2306 2638 2363 illam
2662 2309 2858 2365 Leonis
2883 2312 3167 2381 epistolam
3195 2315 3262 2369 ad
3291 2316 3501 2373 Flavia-

1899 2414 2027 2453 num
2056 2413 2086 2454 a
2115 2407 2302 2454 sancto
2329 2399 2599 2470 Prospero
2625 2403 2908 2473 Augustini
2936 2405 3203 2475 discipulo
3233 2410 3501 2481 composi-

1899 2497 2010 2546 tam
2058 2489 2225 2544 fuisse
2268 2498 2525 2546 constans
2572 2506 2678 2547 non
2724 2493 2886 2548 modo
2930 2493 3265 2566 Latinorum,
3312 2515 3501 2556 verum

1899 2580 2061 2634 etiam
2105 2581 2415 2635 Graecorum
2459 2582 2643 2650 opinio
2690 2592 2791 2638 est.
2817 2578 3111 2641 'Baronius
3152 2589 3403 2644 audiatur
3448 2592 3501 2647 in

1902 2671 2046 2745 notis
2077 2662 2467 2741 Martyrologii,
2517 2673 2585 2725 ad
2626 2671 2770 2728 diem
2814 2673 2887 2728 25
2915 2675 3085 2743 Junii,
3116 2679 3206 2733 ubi
3243 2680 3311 2733 de
3341 2680 3500 2737 Pros-

1902 2776 2034 2831 pero
2078 2761 2190 2815 ait:
2232 2780 2251 2814 ‹
2289 2762 2409 2817 Ado
2459 2756 2797 2818 Viennensis
2834 2774 2888 2820 et
2935 2767 3027 2821 alii
3074 2768 3303 2839 tradunt
3357 2773 3501 2829 hunc

1901 2852 2065 2907 fuisse
2109 2854 2176 2908 ab
2224 2853 2465 2923 epistolis
2520 2862 2706 2911 sancto
2758 2856 2924 2913 Leoni
2976 2874 3166 2929 papae,
3216 2863 3286 2919 ab
3328 2880 3501 2935 eoque

1902 2945 2103 3013 scripta
2134 2943 2305 3000 fertur
2350 2945 2711 3002 famosissima
2738 2948 2824 3003 illa
2852 2950 3074 3019 epistola
3105 2954 3275 3008 sancti
3303 2955 3502 3013 Leonis

1900 3036 1968 3091 ad
2000 3035 2309 3091 Flavianum
2340 3037 2406 3092 de
2439 3038 2817 3095 Incarnatione
2847 3040 3033 3111 Verbi,
3066 3045 3209 3113 quod
3241 3062 3348 3103 non
3378 3056 3498 3104 tan~

1902 3137 2015 3183 tum
2042 3130 2376 3197 Gennadius,
2408 3131 2678 3187 Honorius
2709 3141 2765 3188 et
2807 3134 2896 3189 alii
2941 3135 3278 3207 Latinorum,
3323 3142 3417 3196 sed
3447 3152 3502 3199 et

203 3226 529 3281 sententiam
580 3224 812 3295 colligit.
861 3222 1045 3292 Igitur,
1090 3223 1272 3292 judice
1316 3224 1632 3293 Augustino,
1691 3239 1793 3277 non
1823 3225 1869 3288 ρ
1900 3218 2240 3275 Marcellinus
2289 3234 2474 3275 comes
2517 3229 2746 3277 testatur
2790 3223 2843 3277 in
2875 3224 3145 3282 Chronico
3173 3230 3274 3283 sub
3303 3245 3501 3288 consu-

203 3332 331 3388 opus
359 3325 431 3371 est
462 3326 517 3370 ut
545 3331 722 3370 eorum
746 3314 965 3369 Patrum
993 3322 1279 3368 scrutemur
1309 3315 1572 3384 apuscula,
1609 3313 1699 3369 ubi
1728 3314 1796 3369 de

201 3408 431 3479 gratuita
483 3406 954 3477 praedestinatione
1009 3406 1317 3461 disseritur.
1378 3408 1448 3459 At
1503 3405 1670 3461 libros
1726 3406 1795 3462 de

205 3498 683 3554 Praedestinatione
726 3504 1032 3552 sanctorum
1064 3506 1119 3551 et
1159 3497 1228 3551 de
1259 3497 1409 3551 Dono
1441 3511 1794 3566 perseveran-

202 3590 299 3645 tiae
329 3590 638 3646 Hormisdas
668 3590 1085 3658 commendavit,
1117 3590 1185 3644 ad
1217 3604 1309 3644 eos
1340 3605 1436 3644 nos
1465 3590 1681 3645 remisit
1709 3604 1798 3660 sy-

208 3681 391 3737 nodus
419 3681 774 3738 Sardiniensis
803 3668 1046 3736 exsulum
1089 3681 1467 3750 episcoporum
1496 3694 1560 3735 ex
1592 3678 1796 3745 Africa,

209 3774 467 3829 Clemens
495 3774 651 3829 etiam
683 3773 803 3828 VIII
831 3772 1149 3829 sententiam
1184 3772 1395 3827 Molinae
1424 3772 1490 3827 de
1521 3771 1800 3846 praedesti-

206 3864 430 3921 natione
478 3865 619 3926 iuxta
669 3865 840 3919 sancti
883 3864 1118 3919 doctoris
1148 3864 1355 3933 dogma
1384 3863 1796 3919 examinandam

202 3955 402 4026 jussit;
435 3969 540 4010 non
582 3955 739 4024 igitur
765 3969 824 4009 ea
872 3955 922 4008 in
965 3955 1260 4024 quaestione
1306 3963 1509 4009 tantum
1552 3954 1801 4025 Augusti-

208 4065 317 4105 nus
348 4048 532 4104 tribuit
559 4048 675 4103 aliis
714 4047 986 4115 Patribus,
1017 4056 1274 4118 quantum
1306 4049 1407 4118 ipsi
1437 4046 1678 4105 Ecclesia
1710 4047 1802 4101 de-

205 4142 346 4197 tulit.

288 4254 383 4309 llis
437 4254 655 4310 tandem
714 4262 983 4323 postremo
1050 4254 1253 4324 impetu
1307 4262 1492 4307 contra
1548 4254 1801 4309 librorum

207 4346 386 4402 sancti
435 4345 717 4417 Augustini
761 4345 1198 4415 approbationem
1242 4344 1385 4399 idem
1425 4346 1667 4398 Armatus
1710 4343 1805 4398 de-

209 4447 410 4503 certat,
439 4453 560 4511 pag.
589 4440 683 4495 911
721 4438 1053 4494 contendens
1085 4455 1099 4492 :
1133 4457 1151 4489 α
1189 4438 1448 4494 Omnibus
1478 4439 1587 4493 illis
1615 4453 1805 4508 appro-

206 4531 516 4587 bationibus
562 4546 693 4601 quas
722 4530 1018 4586 obtendunt
1048 4529 1580 4601 Nov-Augustiniani,
1612 4530 1809 4586 doctri—

1901 3311 2015 3367 Iatu
2044 3311 2251 3384 Olybrii
2284 3322 2338 3368 et
2369 3314 2598 3369 Rustici.
2635 3334 2654 3367 ι
2693 3315 2793 3372 Hic
2822 3324 2906 3373 est
2933 3319 3023 3374 ille
3052 3321 3306 3392 Prosper,
3340 3342 3499 3395 quem

1898 3404 2143 3460 Armatus
2186 3407 2299 3472 ipse
2330 3406 2424 3459 lib.
2458 3422 2516 3472 ll,
2543 3422 2662 3476 cap.
2697 3407 2749 3473 5,
2781 3408 2809 3478 §
2836 3409 2893 3472 2,
2922 3425 3042 3480 pag.
3074 3412 3197 3479 179,
3231 3432 3251 3467 ‹
3287 3415 3499 3471 Prima-

1899 3495 2037 3551 rium
2086 3512 2150 3551 ac
2182 3497 2485 3565 proximum
2518 3499 2804 3566 Augustini
2847 3496 3190 3571 discipulum,
3222 3506 3311 3573 qui
3352 3508 3500 3563 visus

1902 3598 1986 3645 est
2016 3591 2157 3645 illius
2186 3602 2240 3646 et
2266 3606 2412 3645 arma
2446 3600 2501 3646 et
2525 3593 2669 3649 vices
2694 3596 2930 3664 gessisse
2956 3599 3024 3651 ad
3058 3602 3307 3657 tuendam
3339 3620 3498 3674 quam

1902 3682 2069 3735 veluti
2094 3681 2343 3750 deposito
2372 3692 2656 3752 acceperat
2681 3684 2797 3754 ejus
2821 3685 3141 3746 doctrinam.
3170 3711 3189 3744 ι
3216 3692 3345 3758 Quis
3369 3710 3500 3753 vero
3564 3752 3567 3753 ν

1904 3781 2065 3841 neget
2105 3772 2312 3827 delatas
2342 3773 2607 3844 discipulo
2657 3776 2846 3832 laudes
2890 3778 2942 3832 in
2994 3782 3307 3851 magistrum
3356 3786 3502 3843 deri-

1905 3863 2076 3917 vare?
2106 3863 2370 3933 Profecto,
2400 3865 2445 3920 si
2477 3874 2694 3922 sanctus
2723 3868 2967 3925 Gelasius
2991 3872 3186 3930 Leonis
3216 3878 3499 3946 epistolam

1905 3965 2075 4022 usque
2105 3954 2171 4008 ad
2196 3954 2475 4010 minimum
2507 3957 2615 4012 iota
2643 3959 3003 4029 recipiendam
3036 3965 3189 4035 dixit,
3223 3969 3364 4026 idem
3399 3989 3501 4030 nec

1909 4058 2071 4098 unum
2099 4045 2206 4100 iota
2239 4045 2645 4117 Augustinianae
2684 4050 2947 4107 doctrinae
2984 4053 3333 4130 improbavit,
3368 4064 3502 4133 imo,-

1906 4146 1965 4192 ut
1992 4152 2136 4207 saepe
2165 4139 2219 4193 in
2250 4139 2439 4195 faciem
2468 4141 2858 4199 recentioribus
2886 4145 3084 4203 illisum
3128 4160 3232 4217 est,
3274 4154 3360 4209 vel
3394 4155 3500 4213 illae

1909 4229 2191 4298 Augustini
2224 4234 2527 4300 sententiae,
2558 4250 2677 4303 qua:
2701 4234 2849 4293 falsa:
2879 4254 2975 4295 seu
3007 4241 3157 4297 durae
3183 4244 3285 4299 illis
3310 4248 3499 4305 viden-

1911 4326 2018 4383 tur,
2050 4321 2117 4375 ab
2148 4336 2212 4375 eo
2242 4323 2496 4391 pontiﬁce
2528 4325 2785 4382 Ecclesia:
2826 4331 3105 4387 inculcata:
3135 4344 3280 4404 sunt,
3310 4341 3402 4404 qui
3433 4356 3502 4399 ex

1909 4410 2145 4481 Vasquio
2176 4411 2273 4467 fuit
2298 4430 2389 4483 per
2426 4417 2597 4469 omnia
2629 4418 3056 4490 Augustim'anus.

1984 4528 2167 4593 Quatit
2225 4543 2413 4583 rursus
2468 4530 2736 4589 Moraines
2796 4534 2998 4591 ibidem
3064 4537 3502 4606 Augustinianam

205 4641 336 4682 nam
365 4625 645 4695 Augustini
676 4623 961 4680 universim
983 4624 1290 4695 approbari,
1318 4624 1519 4679 nullam
1541 4639 1667 4679 vero
1689 4639 1810 4680 esse
1837 4595 1892 4658 Ῑ)
1919 4621 2294 4676 auctoritatem
2352 4622 2551 4691 duplici
2610 4626 2779 4682 ariete
2835 4595 3175 4683 Alexandria“
3204 4631 3428 4689 advecto
3486 4656 3499 4690 :

204 4736 334 4793 quae
384 4719 541 4777 cadat
583 4719 636 4773 in
682 4719 857 4773 omnia
904 4724 959 4773 et
1000 4719 1204 4787 singula
1234 4718 1351 4789 ejus
1392 4720 1606 4789 placita.
1650 4738 1669 4770 ι
1708 4720 1809 4774 Re-

205 4823 425 4872 coctam
469 4812 1048 4882 Semi-Pelagianorum
1094 4813 1361 4867 crambem
1404 4813 1658 4882 reponit:
1691 4822 1807 4871 ete-

206 4910 332 4963 nim
368 4919 488 4959 cum
531 4912 748 4959 sanctus
778 4901 1101 4959 Ctelcstinus
1133 4903 1299 4957 libros
1330 4904 1499 4957 sancti
1530 4903 1807 4973 Augustini

206 4996 512 5062 laudasset,
546 4995 621 5050 illi
651 5009 770 5050 eam
798 4993 1319 5049 commendationem
1351 4994 1628 5063 Augustini
1657 4992 1813 5051 libris

206 5087 507 5145 universim
556 5095 761 5143 tantum
809 5085 1056 5141 traditam
1106 5086 1376 5150 dicebant,
1428 5101 1587 5154 quam
1625 5095 1801 5141 tamen

206 5179 510 5252 prioribus,
559 5192 665 5233 non
696 5186 821 5233 Item
849 5178 1133 5247 postremis
1166 5178 1408 5247 ejusdem
1436 5176 1798 5234 voluminibus

206 5271 451 5326 delatam
500 5284 620 5325 esse
675 5269 1106 5333 contendebant,
1161 5277 1345 5324 contra
1399 5284 1532 5338 quos
1582 5262 1809 5323 sanctus

207 5360 452 5430 Prosper
493 5358 705 5430 egregie
742 5359 795 5413 in
827 5359 932 5414 ﬁne
962 5358 1078 5413 libri
1106 5368 1289 5414 contra
1317 5360 1658 5424 Collatorem,
1690 5375 1808 5430 cap.

209 5450 315 5517 42,
338 5453 458 5506 haec
482 5451 667 5506 scribit
692 5467 705 5504 :
736 5468 755 5501 ι
784 5450 1090 5521 Agnoscant
1110 5450 1521 5507 calumniatores
1543 5451 1813 5520 superﬂuo

207 5558 281 5599 se
309 5543 552 5613 objicere
584 5542 727 5613 quod
775 5541 859 5596 his
903 5540 1054 5596 libris
1104 5556 1211 5596 non
1241 5545 1471 5611 speciale
1502 5557 1674 5613 neque
1705 5542 1815 5598 disc

205 5642 429 5691 cretum
458 5632 819 5689 testimonium
849 5632 919 5687 sit
942 5631 1286 5701 perhibitum,
1321 5648 1545 5703 quorum
1571 5636 1624 5689 in
1653 5647 1816 5690 cunc—

213 5730 292 5782 tis
346 5726 705 5781 voluminibus
757 5738 942 5778 norma
996 5724 1286 5790 laudatur;
1335 5726 1630 5795 apostolica
1677 5726 1818 5781 enim

207 5824 402 5887 sedes,
436 5819 576 5890 quod
619 5833 647 5872 a
697 5818 1037 5888 praecognitis
1082 5819 1183 5874 sibi
1234 5834 1337 5875 non
1388 5821 1653 5891 discrepat
1697 5834 1815 5875 cum

513 5937 786 5995 PATBOL.
838 5930 1088 5994 XLVII.

1924 4730 1943 4764 ο
1977 4711 2107 4779 Quis
2132 4729 2391 4785 unquam,
2426 4724 2521 4783 att,
2554 4717 2739 4774 habuit
2791 4719 2973 4789 Cyrilli
3023 4720 3371 4779 Alexandrini
3411 4742 3505 4782 att-

1918 4808 2224 4864 ctoritatem
2245 4808 2298 4864 in
2321 4816 2609 4867 scribendo
2634 4825 2743 4866 non
2774 4818 2979 4865 tantum
3040 4813 3093 4866 in
3141 4817 3347 4883 synodo
3376 4835 3505 4889 pro-

1915 4899 2129 4953 vinciali
2159 4909 2252 4955 aut
2280 4903 2565 4965 nationali,
2594 4901 2690 4955 sed
2720 4902 2772 4954 in
2799 4902 3029 4959 concilio
3054 4909 3289 4976 generali
3321 4911 3506 4983 Ephe-

1918 4990 2059 5055 sino,
2084 4998 2141 5043 ut
2171 4991 2286 5059 ipse
2306 5007 2405 5060 per
2427 5006 2488 5046 se
2503 4992 3296 5071 scriberetAnatbematismos,
3317 5018 3505 5064 contra

1916 5095 2050 5151 quos
2081 5082 2282 5136 sentire
2326 5096 2389 5137 ac
2429 5082 2667 5139 scribere
2712 5084 2854 5141 idem
2889 5101 3055 5159 prope
3096 5105 3411 5153 censeretur
3443 5114 3506 5153 ac

1919 5172 2041 5227 fidei
2069 5170 2382 5242 refragare?
2412 5173 2613 5228 Audire
2639 5176 2771 5231 mihi
2800 5178 2983 5235 videor
3016 5183 3177 5238 alium
3199 5188 3289 5255 qui
3312 5187 3458 5241 dicat
3488 5201 3501 5243 :

1920 5264 2058 5331 Quid
2084 5263 2247 5332 ergo?
2273 5264 2597 5321 Athanasius
2623 5268 2783 5324 etiam
2812 5270 2902 5327 ille
2924 5287 3147 5343 magnus
3168 5276 3338 5330 eritne
3369 5291 3505 5332 unus

1920 5355 1989 5412 de
2035 5370 2259 5410 numero
2307 5356 2538 5411 ﬁliorum
2570 5367 2625 5413 et
2668 5362 3050 5431 discipulorum
3081 5366 3387 5433 Augustini,
3413 5368 3505 5438 qui

1923 5450 2118 5505 dicitur
2142 5450 2260 5505 sine
2289 5451 2603 5521 exceptione
2631 5453 2790 5509 Pater
2816 5455 3053 5522 Patrum,
3102 5457 3290 5512 doctor
3313 5458 3505 5515 docto-

1918 5557 2059 5607 rum,
2093 5548 2319 5596 eazteros
2345 5557 2533 5598 omnes
2559 5543 2727 5598 instar
2754 5547 2907 5614 primi
2935 5546 3105 5616 angeli
3129 5562 3227 5602 sua
3250 5549 3370 5605 luce
3389 5552 3505 5606 col-

1917 5633 2184 5687 lustrans?
2216 5652 2234 5685 ι
2258 5633 2397 5690 Sane
2426 5636 2614 5702 ingens
2648 5636 2923 5690 turbarum
2976 5638 3127 5709 origo
3158 5655 3290 5710 quas
3321 5642 3503 5711 Ephe-

1919 5726 2038 5781 sina
2090 5725 2327 5795 synodus
2375 5725 2442 5779 ab
2470 5725 2678 5782 Joanne
2703 5726 3001 5783 Antiochia:
3029 5732 3302 5802 episcopo,
3333 5732 3503 5789 Theu-

1924 5819 2113 5879 doreto
2142 5829 2195 5876 et
2224 5820 2446 5890 collegis
2468 5822 2758 5893 episcopis,
2778 5831 2938 5895 atque
2958 5824 3026 5879 ab
3047 5826 3163 5895 ipso
3184 5826 3504 5895 imperatore

3026 5939 3104 5997 26
