3930 6316
446 373 547 433 8H

1351 370 1914 430 SUPPLEMENTUM
1953 371 2045 428 AD
2082 371 2313 432 OPEBA
2351 375 2410 433 S.
2452 376 2847 436 AUGUSTINI.

3628 380 3727 437 612

443 488 750 549 Theodosio
780 501 936 559 passa
968 494 1072 553 est,
1104 485 1230 541 inde
1274 485 1374 543 fuit
1403 487 1545 558 quod
1572 487 1873 543 Orientales
1919 488 2031 558 epi-
2059 491 2109 551 Α
2140 507 2267 546 num
2295 492 2557 548 doctorem
2584 496 2873 563 doctorum,
2898 495 3072 565 palam
3106 495 3356 552 Patribus
3387 496 3726 558 contradicit.

446 584 597 653 scopi
630 580 821 651 privati
852 577 1088 633 hominis
1112 578 1433 633 auctoritate
1462 588 1688 633 statutos
1716 582 2041 633 Anatliema-

444 676 635 730 ti’smos
661 670 1007 726 subscribere
1030 668 1377 737 recusabant,
1411 684 1570 739 quam
1614 678 1791 725 tamen
1823 679 2041 725 senten-

450 769 580 822 tiam
618 774 806 833 postea
835 764 1161 831 deposuere.
1192 760 1298 816 Sed
1321 762 1388 817 de
1414 761 1711 833 Augustino
1735 765 2035 835 loquamur.

447 858 547 912 Hic
574 856 643 911 ob
659 854 979 925 sapientiam
998 851 1377 908 Africanorum
1405 856 1756 912 conciliorum
1779 858 2039 927 ingenium

446 928 753 1018 appellatus
786 944 901 999 fuitt
929 943 1077 999 ldem
1107 946 1357 999 universa
1377 960 1493 1001 acta
1517 948 1729 1002 concilii
1755 946 2039 1014 Numidia},

450 1042 691 1109 itemque
745 1034 1209 1103 Carthagincusis,
1253 1036 1336 1088 cui
1387 1036 1614 1105 quidem!
1640 1052 1745 1091 non
1774 1036 2038 1105 adfuerat,

448 1146 514 1187 ex
548 1131 765 1184 Patrum
815 1125 1037 1179 decreto
1067 1124 1119 1178 in
1149 1125 1568 1181 commentarios
1606 1128 1803 1182 retulit.
1852 1127 1927 1181 De
1950 1126 2042 1181 illo

448 1220 635 1276 scribit
663 1218 896 1286 Prosper
924 1216 979 1269 in
1011 1215 1117 1271 fine
1140 1215 1260 1270 libri
1291 1228 1476 1271 contra
1521 1216 1865 1286 Collatorem,
1899 1218 2044 1289 quod

446 1311 758 1367 Bonifacius
789 1323 947 1378 papa,
982 1324 1002 1359 ‹
1035 1322 1159 1362 cum
1202 1317 1345 1363 esset
1389 1309 1754 1378 doctissimus,
1786 1311 2044 1366 adversus

451 1405 617 1459 libros
676 1412 855 1456 tamen
910 1398 1321 1469 Pelagianorum
1366 1400 1427 1455 Β.
1479 1401 1761 1473 Augustini
1805 1402 2043 1471 episCOpi

448 1508 708 1565 responsa
761 1486 1039 1562 poscebat.
1081 1510 1100 1544 ›
1135 1491 1420 1563 Augustini
1474 1494 1756 1550 sententia:
1808 1509 2044 1551 canones

449 1585 640 1657 synodi
664 1584 1012 1639 Arausicana:
1030 1596 1094 1637 ac
1111 1580 1477 1638 Romanorum
1500 1585 1811 1653 pontificum
1830 1586 2046 1641 decreta

447 1693 705 1744 evasere;
738 1678 807 1733 de
833 1692 938 1747 qua
978 1691 1039 1732 re
1096 1677 1401 1747 Decampsii
1447 1677 1666 1734 Jesuitte
1711 1681 1872 1735 verba
1920 1680 2046 1734 red-

443 1774 569 1827 dam
606 1790 618 1824 :
655 1788 674 1822 ‹
714 1771 861 1837 Fuit,
904 1770 1101 1840 inquit,
1158 1770 1489 1840 Augustinus
1522 1770 1917 1839 quodammodo
1944 1769 2048 1826 Ec-

2147 586 2337 641 Doceri
2369 602 2429 642 se
2460 588 2527 643 ab
2554 589 2853 659 Augustino
2883 588 3050 643 voluit
3067 589 3403 656 Bonifacius;
3427 593 3728 662 magistrum

2144 692 2376 735 nostrum
2400 683 2755 751 Augustinum
2782 682 3106 751 nuncupavit
3134 692 3351 737 sanctus
3379 682 3729 753 Caelesrinus;
3806 678 3819 693 ’

2144 774 2211 830 ad
2229 775 2581 846 Augustinum
2601 775 2904 831 Orientales
2919 776 3129 831 remisit
3148 785 3367 831 sanctus
3384 775 3728 832 Horniisdas:

2144 877 2200 923 et
2224 882 2353 923 sane
2379 883 2535 923 suum
2561 869 2833 924 doctorem
2859 868 3097 924 Ecclesia
3120 868 3362 924 Romana
3376 870 3730 942 Augustinum

2144 960 2401 1029 appellat.
2461 960 2716 1014 Sanctum
2773 959 3037 1014 Thomam
3093 960 3377 1031 Augustini
3431 961 3729 1016 doctrinam

2146 1058 2389 1105 secutum
2418 1065 2538 1107 esse
2561 1052 2721 1107 tradit
2751 1051 2997 1107 Urbanus
3022 1050 3063 1105 ν
3098 1052 3149 1105 in
3200 1051 3344 1106 bulla
3389 1052 3460 1108 de
3488 1053 3733 1107 Transla-

2147 1146 2291 1199 tione
2323 1145 2493 1199 sancti
2524 1144 2767 1198 Thema}.
2817 1144 2896 1198 De
2946 1142 3110 1199 Scoto
3165 1143 3281 1197 haec
3320 1143 3525 1199 habent
3556 1126 3745 1202 Patres.

2148 1236 2372 1306 Hispani
2423 1236 2709 1302 Minoritm,
2740 1236 2792 1289 in
2825 1235 3006 1289 libello
3033 1234 3264 1303 supplici
3299 1237 3441 1305 apud
3470 1234 3732 1292 Petrum:

2148 1327 2368 1396 Campo,
2402 1336 2546 1381 tomo
2580 1329 2755 1395 primo
2785 1326 3035 1381 Historiae
3074 1326 3326 1395 August.,
3377 1327 3475 1381 lib.
3509 1343 3597 1391 tu,
3620 1343 3733 1399 cap.

2148 1422 2215 1476 50
2251 1440 2265 1476 :
2307 1440 2325 1471 ‹
2365 1421 2516 1475 Adeo
2546 1419 2951 1489 Augustiniana:
2973 1418 3235 1473 doctrinae
3258 1418 3504 1473 addictus
3533 1418 3654 1489 fuit,
3682 1429 3736 1474 ut

2150 1515 2205 1568 in
2254 1513 2384 1567 solis
2443 1510 2757 1580 theologicis
2824 1511 3222 1564 commentariis
3270 1510 3630 1580 octingenties
3678 1526 3737 1567 ac

2149 1603 2463 1675 quindecies
2486 1612 2731 1657 sanctum
2763 1601 3121 1671 Augustinum
3152 1601 3204 1653 in
3234 1614 3455 1653 suarum
3489 1602 3737 1655 assertio-

2149 1712 2275 1751 num
2310 1705 2502 1750 testem
2536 1693 2838 1762 protulerit,
2873 1693 3031 1747 enixe
3060 1707 3169 1762 pra:
3198 1691 3408 1747 caeteris
3436 1692 3737 1747 doctoribus

2152 1803 2403 1862 satagens
2445 1789 2591 1843 illius
2640 1795 2874 1841 mentem
2920 1785 3161 1840 intimius
3210 1795 3516 1855 penetrare,
3573 1804 3593 1837 ι
3636 1794 3735 1840 etc.

445 1864 627 1920 etesia:
656 1871 981 1933 praecentor,
1007 1878 1131 1954 cum
1156 1861 1439 1954 Romanis
1461 1862 1804 1932 pontificibus
1826 1872 1881 1918 et
1909 1878 2039 1919 con-
2070 1876 2120 1937 Β
2148 1861 2317 1954 Nega
2377 1884 2537 1952 igitur
2593 1878 2857 1935 Moraines
2900 1878 3143 1943 Scotum,
3202 1888 3447 1933 saucium
3477 1878 3735 1934 Thomam

447 1957 584 2010 ciliis
612 1970 707 2009 ore
738 1954 969 2022 praeivit,
996 1953 1140 2023 quod
1172 1954 1240 2009 de
1264 1953 1647 2023 superbissima
1686 1955 1877 2009 haeresi
1903 1954 2048 2025 judi-

449 2056 661 2102 carunt.
709 2046 834 2101 Fuit
884 2045 1064 2115 lingua
1119 2046 1397 2113 Ecclesiae,
1430 2060 1551 2100 cum
1580 2047 1698 2115 ejus
1727 2048 1905 2102 verbis
1954 2048 2049 2103 de-

450 2150 598 2195 creta
641 2146 902 2208 concepta
926 2145 1075 2205 sunt,
1105 2148 1302 2206 etquae
1327 2138 1476 2206 prius
1506 2138 1719 2192 fuerant
1766 2139 2047 2209 Augustini

451 2246 633 2292 voces,
668 2232 903 2301 Spiritus
948 2229 1128 2286 sancti
1180 2230 1399 2285 oracula
1442 2244 1562 2286 esse
1591 2244 1892 2300 creperum.
1927 2231 2049 2288 Fuit

450 2324 544 2378 ille
574 2322 929 2377 conciliorum
961 2319 1070 2375 dux
1102 2327 1265 2388 atque
1293 2319 1591 2389 ingenium,
1639 2335 1759 2375 cum
1790 2323 1851 2376 iis
1884 2323 2048 2375 ratio-

450 2430 549 2470 nes
577 2421 632 2468 et
657 2422 972 2483 argumenta
1023 2412 1473 2479 subministravit,
1524 2414 1719 2483 quibus
1772 2414 2045 2484 Pelagium

452 2505 681 2575 ejusque
709 2502 1003 2572 complices
1032 2504 1327 2573 fregerunt,
1354 2522 1373 2555 ›
1400 2514 1507 2559 etc.
1538 2505 1631 2559 His
1652 2506 1873 2576 collegae
1891 2506 2048 2561 dictis

449 2597 497 2651 si
528 2595 723 2662 credis,
744 2594 856 2664 jam
906 2594 1264 2665 Augustinum
1300 2595 1505 2665 Cyrillo
1531 2611 1714 2666 parem
1747 2599 2036 2665 conSpicis.

452 2686 793 2743 Theodosius
818 2699 958 2740 sane
988 2684 1284 2753 imperator
1332 2698 1513 2754 parem
1546 2682 1748 2756 Cyrillo
1794 2687 2049 2757 Augusti-

450 2793 576 2833 num
600 2776 883 2847 judicavit,
917 2775 1046 2831 dum
1075 2776 1141 2829 ad
1169 2784 1455 2846 utrumque
1483 2778 1700 2831 Sacram
1734 2779 2047 2847 (imperato-

448 2871 525 2924 ris
552 2869 757 2923 iitteras
788 2869 861 2922 ita
881 2868 1171 2935 vocabant)
1202 2866 1421 2923 direxit.
1462 2868 1570 2922 lmo
1620 2869 1777 2938 longe
1807 2870 1927 2938 plus
1950 2868 2048 2923 ho-

448 2961 597 3017 noris
640 2960 945 3031 Augustino
1006 2960 1264 3013 tributum
1294 2973 1324 3011 a
1368 2959 1609 3028 principe
1654 2959 1791 3025 fuit;
1826 2974 1949 3013 nam
1978 2958 2047 3013 ad

449 3054 715 3124 Cyrillum
767 3052 846 3105 uti
895 3051 1299 3121 metropolitam
1354 3052 1591 3121 scripsit,
1641 3067 1746 3121 quo
1777 3050 2047 3123 synodum

453 3145 753 3216 cogendam
796 3142 1068 3211 episcopis
1119 3142 1472 3211 suﬂ‘raganeis
1515 3145 1817 3210 intimaret;
1848 3152 1904 3197 at
1925 3159 2046 3198 cum

2153 1992 2337 2048 totque
2370 1977 2627 2031 Romanae
2652 1972 2913 2027 Ecclesiae
2940 1970 3226 2041 pontifices
3256 1971 3427 2025 sancti
3455 1972 3732 2041 Augustini

2153 2069 2446 2145 discipulos
2480 2067 2643 2120 fuisse
2668 2064 2941 2129 doctores,
2991 2076 3059 2116 ne
3088 2062 3414 2130 Augustinus
3444 2062 3551 2116 dici
3576 2064 3734 2131 possit

2153 2165 2332 2216 doctor
2363 2162 2648 2213 doctorum.
2684 2156 2855 2210 Video
2889 2164 3067 2211 tamen
3116 2154 3290 2225 ipsum
3336 2168 3442 2209 non
3495 2156 3603 2223 pati
3636 2155 3735 2210 sine

2154 2257 2449 2325 exceptione
2474 2252 2828 2322 Augustinum
2849 2248 2956 2304 dici
2976 2248 3257 2304 doctorem
3276 2248 3582 2302 doctorum.
3596 2248 3734 2305 Scias

2154 2348 2336 2415 itaque
2367 2352 2611 2399 sanctum
2660 2340 3021 2409 Augustinum
3071 2339 3125 2393 in
3175 2338 3628 2408 disputationibus
3671 2336 3733 2393 de

2151 2438 2361 2493 auxiliis
2410 2437 2594 2507 gratiae
2651 2449 2772 2489 esse
2824 2434 3103 2488 doctorem
3157 2431 3460 2495 ductorum,
3510 2431 3607 2485 sed
3635 2445 3731 2485 non

2153 2532 2434 2584 omnium:
2466 2543 2568 2582 non
2599 2526 2819 2597 quidem
2848 2541 3036 2580 eorum
3087 2524 3179 2592 qui
3229 2524 3404 2594 ipsum
3456 2538 3732 2595 praeesse

2153 2635 2301 2690 runt,
2330 2637 2506 2691 neque
2530 2624 2673 2675 enim
2706 2619 2878 2689 potuit
2910 2619 3027 2673 illos
3070 2618 3287 2685 ducere,
3337 2634 3515 2688 neque
3566 2629 3731 2688 poste-

2152 2716 2378 2777 riorum,
2414 2713 2503 2780 qui
2531 2712 2598 2765 ab
2625 2713 2740 2781 ipso
2771 2710 2955 2764 doceri
2986 2709 3295 2773 noluerunt,
3318 2725 3436 2778 quae
3459 2708 3559 2763 fuit
3576 2709 3731 2764 Semi-

2152 2804 2562 2874 Pelagianorum
2592 2802 2855 2858 obdurata
2884 2800 3156 2869 superbia,
3188 2813 3249 2854 ac
3291 2812 3568 2870 conceptae
3616 2801 3733 2854 olim

2154 2896 2425 2965 opinionis
2475 2892 2825 2948 defendenda:
2868 2892 3103 2947 effrtenis
3134 2890 3352 2957 lubido;
3395 2902 3450 2945 at
3491 2893 3583 2961 qui
3609 2906 3735 2960 prae-

2152 2995 2437 3042 cesserunt
2469 2985 2825 3055 Augustinum
2871 2985 3059 3039 Patres
3107 2998 3215 3038 non
3259 2992 3386 3038 sunt
3423 2984 3670 3045 doctores
3689 2984 3735 3038 in

2157 3081 2381 3134 materia
2419 3078 2487 3133 de
2520 3078 2695 3147 gratia
2723 3092 2845 3131 cum
2899 3077 3198 3146 Augustino
3246 3075 3580 3145 conferendi,
3630 3076 3733 3146 qui,

2155 3180 2294 3227 teste
2311 3172 2611 3241 Augustino
2637 3185 2759 3240 cap.
2792 3171 2860 3225 M
2894 3169 2961 3224 de
3009 3169 3492 3225 Prmdestinatione
3535 3177 3737 3226 sancto-

451 3237 519 3293 δά
553 3236 771 3337 ,Μήοω
812 3236 1099 3337 minime?
1151 3233 1868 3337 Cémmginensemfadem
1899 3237 1969 3337 _de
1993 3254 2050 3294 re
2076 3242 2123 3306 ε
2157 3282 2299 3333 rum,
2327 3233 2580 3337 devgratia
2606 3233 2857 3335 Dei-quid
2898 3265 3167 3332 sentirent,
3216 3265 3428 3320 breviter
3452 3265 3739 3334 quibusdam

450 3328 656 3400 pariter
676 3324 1106 3396 perscripsisset,
1126 3326 1365 3396 privatas
1396 3336 1569 3382 tamen
1598 3327 1663 3381 ad
1690 3331 2045 3398 Augustinum

453 3420 663 3475 litteras
694 3419 865 3486 misit,
891 3416 1055 3473 enixe
1079 3417 1329 3473 eumdem
1356 3432 1552 3488 rogans
1581 3431 1637 3473 ut
1658 3419 1867 3490 synodo
1888 3421 2048 3477 ades-

452 3522 557 3577 set,
604 3513 670 3567 de
716 3527 820 3581 qua
850 3526 911 3567 re
948 3506 1003 3564 in
1056 3508 1292 3565 Historia
1323 3508 1612 3580 Pelagiana
1641 3510 1879 3565 diximus
1908 3511 2047 3566 libro

452 3607 649 3677 primo,
683 3603 751 3659 ad
782 3618 982 3658 annum
1012 3602 1138 3657 451.
1172 3600 1286 3658 lmo
1319 3611 1558 3657 veterum
1591 3602 1911 3674 scriptorum
1941 3602 2048 3657 fide

451 3707 663 3754 constat
694 3697 954 3769 Cyrillum
1014 3692 1448 3750 Alexandrinum
1489 3695 1663 3763 egisse
1704 3709 1802 3766 per
1841 3695 2047 3750 litteras

453 3805 575 3847 cum
618 3789 945 3854 Theodosio,
994 3796 1055 3841 ut
1085 3796 1306 3841 sanctus
1332 3787 1665 3855 Augustinus
1687 3787 1754 3841 ad
1782 3788 2048 3858 synodum

451 3882 777 3953 Ephesiuam
811 3895 871 3935 se
900 3876 1174 3932 conferret
1207 3892 1221 3929 :
1254 3875 1470 3928 videbat
1515 3878 1657 3929 enim
1714 3888 1914 3945 quanto
1946 3879 2048 3934 sibi

452 3976 716 4030 adversus
748 3970 1103 4025 Nestorianos
1142 3968 1457 4036 adjumento
1491 3966 1699 4022 futurus
1740 3982 1882 4024 esset
1929 3988 2047 4026 ina-

452 4077 590 4135 gnus
620 4062 711 4114 ille
739 4060 847 4113 dux
876 4073 943 4115 ex
993 4057 1262 4111 continuis
1309 4064 1495 4111 contra
1531 4060 1816 4114 haereticos
1848 4062 2044 4129 prteliis

454 4157 653 4214 erectis
683 4153 939 4222 traphaeis
962 4160 1072 4207 toto
1093 4152 1224 4208 orbe
1250 4142 1657 4209 celeberrimus.
1685 4153 1854 4209 Porro
1881 4156 2046 4211 Atha-

454 4250 667 4305 nasium
700 4262 953 4317 magnum
1002 4245 1151 4300 illum
1180 4247 1295 4300 Arii
1341 4250 1732 4317 antagonistam
1761 4250 2046 4320 Augustini

454 4344 772 4413 discipulum
805 4342 1112 4411 neutiquam
1145 4340 1395 4406 facimus,
1420 4343 1513 4397 sed
1543 4350 1745 4398 motum
1775 4347 1842 4399 ab
1872 4345 2045 4399 Allia-

453 4439 608 4496 nasio
632 4437 890 4491 adversus
912 4437 1141 4489 Arianos
1167 4434 1388 4501 bellum,
1413 4436 1479 4491 ab
1498 4437 1797 4507 Augustino
1821 4438 2047 4493 feliciter

450 4530 667 4587 tandem
703 4528 1039 4597 profligatum
1073 4526 1383 4581 asserimus.
1440 4526 1673 4582 Joannes
1710 4528 1893 4582 Rivius
1926 4530 2041 4584 Bel-

2153 3359 2464 3427 seriptorunt
2506 3374 2717 3413 suorum
2749 3356 2874 3411 locis
2901 3366 2948 3413 et
2979 3366 3303 3413 transeunter
3338 3358 3632 3429 attigerunt.
3681 3358 3739 3414 Et

2158 3448 2417 3504 ridendus
2445 3448 2537 3504 ille
2563 3458 2708 3504 esset
2730 3449 2843 3519 qui,
2877 3450 3124 3518 sepositis
3147 3451 3430 3520 Augustini
3456 3450 3737 3519 libris,vel-

2151 3544 2225 3598 let
2253 3541 2608 3613 quaestionum
2637 3542 2705 3598 de
2731 3544 2898 3613 gratia
2928 3542 3254 3598 solutionem
3298 3553 3486 3612 petere
3513 3544 3585 3598 ab
3606 3543 3739 3598 Hila-

2152 3638 2236 3692 rio
2265 3637 2350 3691 vel
2383 3636 2711 3700 Athanasio;
2744 3635 2890 3689 unde
2919 3635 3010 3705 qui
3064 3635 3134 3689 de
3174 3636 3360 3690 divina
3409 3636 3581 3706 gratia
3612 3635 3739 3690 scri-

2152 3729 2345 3783 bcutes
2369 3727 2665 3783 Ecclesium
2696 3726 3047 3789 illustrarunt,
3066 3727 3440 3781 omnessancti
3467 3725 3742 3796 Augustini

2152 3819 2400 3888 discipuli
2458 3820 2627 3883 fuere,
2678 3818 2766 3888 qui
2798 3819 3001 3889 primus
3043 3826 3347 3873 sanctorum
3407 3816 3648 3883 Patrum,
3694 3825 3741 3871 et

2152 3913 2366 3984 quidem
2416 3915 2468 3968 in
2524 3913 2770 3968 doctrina
2810 3922 3015 3968 tantum
3064 3910 3130 3968 de
3179 3910 3346 3983 gratia
3376 3911 3617 3967 scholam
3647 3911 3742 3965 sibi

2154 4008 2300 4074 fecit,
2330 4008 2415 4062 cui
2438 4022 2633 4062 nomen
2666 3994 3149 4074 dedere‘Prosper,
3182 4002 3518 4073 Fulgentius,
3550 4003 3740 4058 Petrus

2153 4100 2436 4165 Diaconus,
2474 4099 2807 4169 Eugyppius,
2837 4096 3123 4163 (lanarius,
3158 4095 3500 4160 Prudentius,
3524 4096 3742 4163 aliique,

2153 4200 2210 4245 ut
2232 4205 2356 4245 vere
2382 4190 2574 4245 doctor
2601 4190 2885 4245 doctorum
2920 4188 3129 4245 dicatur
3150 4188 3501 4259 Augustinus.
3528 4186 3745 4241 Illorum

2150 4296 2278 4336 vere
2311 4281 2674 4336 recentiorum
2732 4281 3007 4335 doctorem
3065 4279 3421 4348 Augustinum
3472 4292 3750 4349 nunquam

2156 4373 2647 4444 pronuntiabimus,
2708 4371 2798 4441 qui
2850 4370 3088 4441 ejusdem
3142 4370 3393 4441 discipuli
3440 4369 3751 4427 essetdedi-

2151 4475 2403 4535 gnantur.
2438 4463 2793 4533 Augustinum
2852 4461 3063 4532 quidem
3100 4462 3299 4531 legunt,
3330 4475 3435 4515 non
3469 4470 3527 4515 ut
3556 4460 3751 4516 ducem

2152 4556 2298 4610 illum
2324 4557 2571 4622 habeant,
2609 4555 2703 4611 sed
2726 4563 2783 4608 ut
2813 4562 3197 4624 prmconccpttc
3224 4568 3335 4608 sua:
3356 4552 3599 4623 ipsorum
3622 4551 3744 4622 opi-

450 4640 535 4696 ἔθ’
566 4624 661 4678 lib“
692 4637 743 4677 'v
772 4622 841 4677 de
875 4620 996 4674 Vim
1025 4620 1198 4674 sane“
1228 4620 1538 4689 Augl'su”i’
1570 4635 1687 4689 (Ἆρ’
1710 4622 1761 4685 8’
1790 4622 1816 4691 θ
1846 4623 1898 4687 δ’
1926 4624 2041 4690 ph"
2071 4620 2127 4683 D
2154 4650 2387 4705 nationis
2415 4620 2736 4704 sectatorem
2770 4620 3036 4702 volentem
3066 4620 3338 4701 nolentem
3380 4620 3603 4707 faciant,
3650 4620 3755 4696 ad-

448 4718 599 4773 ribus
630 4714 794 4770 tradit
822 4729 986 4769 unum
1020 4712 1378 4781 Augustinum
1410 4712 1776 4765 Arianismum
1801 4728 1829 4766 a
1854 4712 2043 4767 funda-

456 4808 656 4863 mentis
682 4806 966 4873 evertisse,
996 4804 1137 4874 quod
1169 4811 1293 4858 ante
1321 4803 1494 4872 ipsum
1544 4802 1682 4857 adeo
1712 4816 1898 4859 exacte
1928 4810 2045 4860 nul-

452 4898 538 4953 lus
565 4897 784 4954 Patrum
810 4899 1079 4969 prmstitit.
1109 4898 1174 4952 Et
1198 4912 1328 4952 sane
1353 4906 1541 4952 contra
1565 4897 1794 4952 Arianos
1814 4909 1868 4953 et
1894 4899 2042 4957 libris

456 4999 513 5045 et
541 4990 710 5043 sacris
741 4991 1228 5061 declamationibus
1258 5004 1323 5046 ex
1356 4991 1595 5060 professo
1614 4999 1832 5046 sanctus
1854 4992 2044 5048 doctor

449 5081 743 5146 iusudavit,
775 5097 876 5152 qua
909 5084 975 5136 de
1006 5099 1062 5136 re
1094 5083 1370 5137 Possidius
1422 5093 1533 5139 toto
1575 5099 1694 5154 cap.
1732 5085 1797 5139 l7
1826 5086 1894 5140 de
1928 5085 2043 5139 Vita

450 5175 757 5249 Augustini.
782 5175 983 5241 Quare,
1012 5177 1055 5228 si
1086 5186 1401 5244 argumenta
1425 5192 1487 5233 ac
1513 5179 1824 5234 testimonia
1848 5180 2041 5248 quibus

451 5269 566 5325 Arii
596 5276 797 5323 sectam
830 5266 1161 5336 Augustinus
1211 5269 1537 5339 expugnavit
1578 5271 1630 5324 iu
1657 5270 2041 5327 consideratio-

448 5380 573 5421 nem
621 5363 861 5425 veniant,
896 5360 1197 5416 anteriores
1249 5362 1434 5418 Patres
1465 5371 1683 5417 sauctus
1712 5364 1897 5420 doctor
1926 5380 2039 5421 om-

450 5460 600 5513 nium
630 5456 963 5513 eruditorum
991 5452 1195 5526 judicio
1236 5455 1391 5511 facile
1416 5456 1707 5525 superavit.

518 5551 686 5605 Instat
732 5565 922 5607 rursus
970 5550 1280 5607 Moraines:
1321 5567 1341 5602 ι
1374 5549 1514 5617 Quid
1569 5551 1636 5606 de
1678 5551 2038 5624 Hieronymo?

441 5642 635 5700 Eritne
666 5645 829 5701 etiam
858 5645 953 5700 ille
975 5645 1257 5715 AuguStini
1304 5643 1599 5714 discipulus
1628 5648 1709 5702 vel
1740 5648 1805 5704 tle
1832 5650 2036 5717 angelis

443 5732 835 5790 inferioribus?
871 5754 892 5787 ι
929 5736 1038 5792 Sed
1066 5738 1244 5806 capite
1274 5738 1599 5805 praecedenti
1634 5740 1736 5796 hoc
1765 5741 2032 5813 objectuut

438 5825 816 5889 refutavimus.
847 5829 1003 5895 Quod
1034 5846 1163 5888 vero
1191 5832 1327 5890 nolit
1353 5834 1622 5895 Moraines
1650 5838 1757 5895 dici
1777 5841 2033 5911 AuguSti-

2150 4744 2312 4798 motis
2340 4742 2501 4796 etiam
2556 4750 2635 4796 tot
2680 4740 3036 4796 violentarum
3092 4735 3579 4807 interpretatiouum
3624 4748 3751 4789 ma-

2150 4835 2347 4889 chinis.
2368 4835 2613 4890 Annatus
2640 4834 2764 4890 totis
2799 4835 2949 4894 libr}:
2965 4841 3171 4904 septem
3196 4848 3357 4889 unum
3391 4830 3756 4901 Augustinum
3800 4874 3813 4935 (

2149 4929 2408 4998 appellat,
2444 4928 2691 4983 Moraiuii
2724 4929 2972 4984 volumen
3025 4928 3221 4983 millies
3269 4925 3554 4997 Augustini
3586 4938 3757 4980 voces
3807 4925 3813 4945 ⁵

2156 5020 2365 5087 reddit;
2399 5021 2602 5076 istosue
2635 5021 2916 5091 Augustini
2939 5019 3229 5089 discipulos
3249 5019 3476 5073 dixerim
3494 5028 3549 5073 et
3575 5026 3754 5071 secta-

2152 5111 2331 5164 tores?
2369 5110 2545 5164 Videri
2578 5110 2791 5179 quidem
2824 5109 3075 5179 discipuli
3103 5106 3385 5179 Augustini
3418 5109 3634 5175 volunt,
3656 5104 3753 5161 sed

2152 5201 2273 5257 ficte
2300 5204 2408 5255 cito
2440 5201 2493 5254 in
2539 5202 2784 5255 naturam
2815 5217 2963 5257 suam
2996 5202 3246 5258 redeunt.
3280 5199 3416 5256 Hinc
3446 5194 3751 5267 Moraines,

2150 5308 2270 5347 cum
2302 5293 2354 5347 in
2388 5292 2704 5363 praefatione
2734 5293 2799 5348 ad
2830 5293 3184 5362 ortltodoxos,
3238 5296 3397 5363 quam
3448 5307 3549 5348 suo
3595 5294 3751 5347 Anti-

2149 5383 2405 5439 Junsenio
2436 5382 2683 5453 praeﬁxit,
2718 5385 3003 5453 Augustini
3035 5385 3239 5449 laudes,
3281 5398 3349 5440 ne
3380 5398 3441 5437 ea
3471 5384 3525 5437 in
3556 5398 3619 5438 re
3650 5382 3749 5435 ad-

2147 5480 2387 5537 versario
2416 5480 2610 5536 cedere
2642 5491 2975 5549 censeretur,
3008 5482 3309 5547 recitasset,
3351 5479 3614 5550 paulatim
3658 5492 3752 5547 pa-

2149 5577 2457 5647 negyricum
2490 5577 2541 5629 in
2571 5585 2804 5648 satyram
2834 5576 3018 5645 vertit,
3047 5584 3297 5631 strenuus
3329 5575 3749 5647 AuguStinianm

2146 5669 2333 5740 gloriae
2376 5668 2707 5737 decurtator,
2753 5669 2842 5739 qui
2883 5670 3039 5723 initio
3071 5669 3288 5739 quidem
3318 5683 3427 5724 non
3458 5667 3748 5736 inelegans

2143 5760 2389 5832 ejusdem
2445 5774 2719 5832 promotor
2773 5763 3075 5820 videbatur.
3112 5763 3311 5818 Eadem
3346 5765 3431 5817 via
3460 5764 3748 5818 Anuatutn

2144 5860 2306 5919 ivisse
2344 5872 2414 5917 ex
2459 5858 2622 5916 dictis
2648 5858 2805 5915 initio
2831 5871 2949 5928 cap.
3002 5858 3033 5913 5
3072 5864 3238 5929 patet.
3264 5856 3394 5924 Quis
3422 5855 3564 5913 enim
3602 5866 3745 5922 prae~
