3930 6314
252 378 357 434 813

1430 378 1754 441 VINDICIE
1796 374 2358 445 AUGUSTINIANE.

3434 394 3538 456 8M

198 506 201 509 ν
254 494 534 561 posterum
569 494 798 552 hominis
829 492 1119 554 consilium
1159 512 1263 554 non
1292 496 1531 566 irrideat,
1580 501 1670 571 qui
1720 500 1920 568 cumA
1952 503 2087 559 lucis
2137 504 2437 576 Augustino
2491 504 2732 574 attribui,
2784 514 2841 562 ut
2888 507 3171 566 universos
3218 513 3537 570 subsecutus

252 580 321 637 ad
352 578 632 655 Augustini
667 587 898 643 tribunal
922 596 1126 659 septem
1169 588 1319 644 libris
1355 603 1476 645 cum
1506 591 1844 648 Jausenianis

252 676 607 747 tlisputasset,
639 690 801 750 atque
832 681 899 735 ab
945 680 1241 751 Augustino
1280 696 1496 737 causam
1548 685 1646 738 sibi
1678 692 1841 740 totam

252 768 626 839 integramque
658 769 1014 838 adiudicatam
1045 773 1309 841 gloriatus
1343 780 1506 838 esset,
1536 775 1842 829 exclamans

253 860 305 911 in
340 861 524 917 limine
555 863 646 918 lib.
682 879 795 931 vtu,
834 864 965 919 nihil
1006 881 1110 919 esse
1154 867 1291 936 quod
1317 863 1617 920 Janseniani
1650 868 1843 935 possint

249 950 314 1002 ab
335 948 622 1022 Augustino
650 969 857 1025 sperare
889 955 1137 1024 prcesidii,
1164 970 1285 1011 cum
1306 958 1471 1027 judici
1501 959 1699 1027 gratias
1720 974 1844 1030 age-

252 1057 333 1107 re,
384 1043 610 1114 ejusque
656 1060 779 1116 erga
829 1061 888 1101 se
935 1062 1262 1118 propensum
1312 1048 1529 1119 suisque
1580 1049 1841 1107 faventem

250 1134 489 1190 animum
520 1137 903 1193 commendare
951 1139 1201 1194 eumdem
1256 1149 1429 1208 putas,
1480 1140 1723 1209 datisque
1777 1142 1844 1197 ad

246 1229 456 1283 atuicos
484 1230 682 1285 litteris
707 1229 899 1286 laxatis
924 1231 1213 1287 babenisin
1243 1232 1389 1286 illius
1417 1232 1600 1287 laudes
1620 1232 1841 1296 edundi,

243 1325 484 1390 pessime
514 1325 583 1379 ab
620 1324 712 1380 illo
736 1326 1091 1396 Augustinum
1115 1333 1395 1397 acceptum
1427 1324 1689 1394 videmus,
1717 1340 1843 1381 cou-

188 1424 189 1427 ‘
246 1414 433 1469 ductis
466 1426 651 1471 contra
684 1418 858 1486 ipsum
890 1416 1053 1488 longo
1080 1416 1274 1474 ordine
1302 1417 1525 1473 testibus
1552 1418 1696 1474 mille
1714 1433 1844 1473 con-

241 1506 403 1561 viciis
434 1509 775 1564 lacessitum:
799 1524 903 1564 uno
929 1511 1117 1577 verbo,
1143 1524 1207 1566 ex
1232 1511 1417 1581 judice
1446 1520 1595 1566 reum
1623 1508 1837 1568 factum.

172 1620 175 1623 ·
239 1598 287 1651 Ο
320 1600 663 1667 gratissimos
712 1603 885 1659 sancti
916 1603 1201 1674 Augustini
1251 1602 1574 1674 diecipulos!
1620 1605 1841 1674 Insuper

170 1716 173 1717 ν
239 1702 354 1744 non
384 1692 663 1760 patiuntur
690 1695 797 1750 dici
825 1698 1180 1768 Augustinum
1214 1706 1422 1753 caeteros
1452 1715 1627 1755 omnes
1674 1701 1840 1755 instar

170 1780 177 1811 έ
214 1781 397 1851 νργὶῆή
437 1782 610 1853 angeli
638 1798 733 1839 sua
756 1785 869 1840 luce
891 1787 1237 1843 collustrasse.
1267 1788 1480 1844 Scimus
1514 1790 1839 1860 Prosperum

168 1888 173 1889 ί
243 1872 376 1927 olim
402 1876 664 1931 cecinisse
694 1889 814 1946 cap.
840 1877 874 1930 2
902 1886 1045 1933 cont.
1083 1877 1328 1949 Ingratos
1361 1897 1375 1932 :

313 1988 788 2067 Augustinuserat,
820 2012 971 2066 quem
1003 1994 1197 2067 Christi
1215 1999 1383 2067 gratia
1411 2013 1570 2053 cornu

310 2060 582 2125 Unentonn
613 2066 807 2133 rigans,
831 2060 1013 2120 'nostro
1045 2060 1388 2122 lumen'dedit
1415 2084 1522 2123 (evo

309 2134 595 2187 Accessum
621 2150 737 2190 vero
766 2138 831 2191 de
859 2137 1070 2192 lumine.

233 2248 463 2305 Sanctus
509 2250 843 2323 Fulgentius,
878 2252 970 2309 lib.
1014 2269 1054 2309 rt
1100 2255 1167 2311 de
1216 2256 1447 2312 Veritate
1479 2258 1830 2327 praedestina-

236 2343 406 2399 tionis
437 2356 486 2399 et
518 2347 727 2415 gratice,
762 2361 882 2417 cap.
909 2350 977 2404 i8
1009 2365 1065 2400 τι
1108 2344 1462 2419 Augustinum
1494 2350 1634 2419 legat
1657 2352 1832 2405 omnis

230 2436 326 2504 qui
371 2434 599 2491 salutent
658 2446 915 2492 aeternam
970 2437 1195 2509 adipisci
1236 2440 1527 2505 desiderat,
1560 2439 1832 2495 humi'iter

230 2541 400 2582 orans
441 2529 825 2583 misericordiae
872 2528 1161 2584 Dominum
1213 2539 1269 2584 ut
1301 2531 1547 2585 eumdem
1580 2532 1828 2599 spiritum

230 2616 614 2686 intelligentia:
654 2619 839 2688 legens
892 2620 1123 2687 accipiat
1166 2634 1321 2688 quem
1372 2620 1463 2673 ille
1520 2619 1729 2687 accepit
1777 2627 1833 2673 ut

230 2709 526 2771 scriberet,
544 2716 596 2763 et
620 2708 865 2764 eamdem
891 2708 1301 2764 illuminationis
1321 2710 1543 2779 gratiam
1569 2710 1832 2779 adipisca-

230 2809 348 2863 tur,
375 2808 433 2854 ut
461 2800 635 2855 discat
657 2816 813 2869 quam
842 2801 935 2855 ille
962 2801 1191 2870 adeptus
1216 2810 1295 2855 est
1322 2810 1380 2855 ut
1407 2801 1644 2856 doceret.
1677 2820 1695 2852 ι
1723 2801 1828 2857 Sed

230 2909 333 2949 cur
365 2906 471 2948 non
503 2894 753 2949 audiatur
800 2904 1018 2949 sanctus
1049 2893 1283 2949 Thomas
1316 2893 1714 2958 Villanovanus,
1747 2910 1831 2948 ar-

230 2980 616 3054 chiepiscopus
644 2983 982 3049 Valentinus,
1009 2998 1165 3040 conc.
1202 2984 1225 3039 1
1263 2984 1331 3040 de
1358 2994 1547 3039 sancto
1579 2984 1832 3055 Augusti-

235 3090 309 3131 no
343 3092 355 3128 :
397 3093 415 3127 ‹
444 3074 489 3129 0
521 3075 696 3141 Pater,
747 3073 839 3139 ait,
886 3073 1219 3144 amplissime
1248 3074 1568 3144 Augustine,
1603 3076 1691 3144 qui
1721 3090 1827 3129 non

232 3167 411 3223 solum
442 3171 565 3222 vita:
589 3168 895 3233 sanctitate,
930 3167 1023 3222 sed
1053 3168 1213 3222 etiam
1243 3169 1381 3222 miro
1422 3169 1697 3237 sapientiae
1722 3175 1827 3223 tuae

1951 594 2204 649 doctores
2236 592 2502 649 irradiare
2528 595 2783 665 potuerit,
2818 604 2872 652 et
2892 607 3292 654 antecessorum
3321 600 3535 657 Patrum

1946 686 2234 740 sententiis
2263 687 2329 739 de
2354 685 2531 741 divina
2563 689 2732 758 gratia
2763 690 3019 758 plenioris
3041 706 3105 746 ac
3141 691 3414 747 solidioris
3443 694 3536 747 do-
3568 694 3569 697 “

1947 776 2136 830 ctrinze
2170 778 2351 833 lumen
2377 777 2590 834 aderre.

2018 870 2122 926 Sed
2145 873 2389 927 A‘nnatus
2411 875 2640 930 collecto
2674 877 2864 945 spiritu
2890 875 3083 932 iterum
3110 886 3297 933 contra
3330 878 3540 947 Augus-

1949 964 2116 1018 tinum
2179 963 2489 1035 invehitur,
2547 978 2711 1038 atqne
2765 968 3006 1023 Moraiuii
3064 970 3285 1039 collegae
3340 969 3538 1024 factum

1948 1050 2246 1124 tumulatus,
2276 1057 2631 1113 domesticum
2664 1070 2848 1115 contra
2877 1068 3121 1116 sanctum
3166 1061 3440 1117 doctorem
3468 1059 3538 1114 li-

1948 1144 2102 1200 brum
2130 1148 2198 1202 ab
2220 1149 2513 1217 apostolica
2543 1150 2672 1205 sede
2701 1153 3010 1221 expressiori
3031 1162 3183 1222 atque
3232 1153 3535 1224 efﬁcaciori,

1948 1249 2107 1305 quam
2134 1238 2361 1308 quodvis
2382 1238 2665 1309 Augustini
2695 1242 2965 1304 volumen,
2986 1244 3370 1311 approbatione
3392 1256 3542 1298 com-
3587 1259 3597 1315 ζ

1947 1329 2207 1384 munitum
2252 1332 2495 1400 opponit.
2528 1332 2835 1386 Adversarii
2866 1336 3025 1387 verba
3073 1343 3193 1389 sunt
3228 1349 3243 1387 :
3283 1352 3303 1387 ‹
3337 1337 3540 1405 Ub‘jiei-
3586 1325 3599 1365 ³·

1947 1428 2066 1472 mtts
2098 1427 2308 1485 octavo,
2343 1420 2592 1475 omnibus
2624 1422 2729 1476 illis
2755 1424 3228 1492 approbationibus
3264 1439 3399 1494 quas
3442 1427 3543 1480 ob-

1946 1502 2174 1566 tendunt
2200 1511 2714 1583 Nov-Augustiniani
2734 1555 2749 1578 ,
2780 1515 3075 1569 doctrinam
3106 1517 3389 1585 Augustini
3417 1520 3541 1572 uni-

1949 1604 2141 1659 versim
2193 1606 2501 1675 approbari,
2546 1609 2744 1661 nullam
2795 1624 2923 1664 vero
2973 1624 3092 1663 esse
3122 1626 3239 1677 qum
3283 1612 3441 1664 cadat
3482 1611 3537 1664 in

1947 1698 2127 1749 omnia
2172 1703 2227 1750 et
2273 1698 2481 1767 singula
2511 1698 2627 1767 ejus
2654 1698 2883 1766 placita;
2921 1702 3063 1769 quod
3111 1702 3153 1754 si
3208 1702 3387 1771 aliqua
3420 1703 3539 1756 talis

1947 1797 2126 1851 esset,
2161 1803 2266 1841 non
2316 1790 2606 1859 negabunt,
2635 1794 2846 1859 opinor,
2896 1793 3292 1861 expressiorem
3340 1794 3456 1847 fore
3484 1802 3539 1846 et

1872 1891 1920 1952 Β
1948 1878 2307 1934 efﬁcaciorem
2352 1880 2405 1933 in
2463 1883 2711 1937 omnibus
2737 1884 3104 1938 consentiendi
3140 1888 3535 1940 necessitatem.

1940 1972 2075 2038 Quid
2104 1972 2262 2043 igitur
2286 1974 2476 2027 facient
2498 1975 2544 2027 si
2564 1976 2869 2043 reperiatur
2892 1977 2945 2028 in
2974 1986 3161 2030 natura
3188 1992 3365 2029 rerum
3396 1978 3534 2033 alius

1939 2065 2151 2134 quidam
2184 2067 2317 2120 liber
2344 2068 2496 2136 cujus
2539 2070 2716 2121 omnia
2763 2077 2817 2123 et
2848 2069 3057 2138 singula
3088 2070 3140 2122 in
3172 2084 3237 2124 eo
3279 2078 3532 2126 contenta

1938 2161 2254 2213 auctoritate
2307 2161 2451 2216 sedis
2492 2162 2804 2231 apostolica:
2855 2168 2949 2231 per
2998 2163 3191 2218 bullam
3238 2166 3301 2219 ad
3336 2180 3528 2234 perpe-

1939 2253 2081 2300 tuam
2115 2249 2192 2302 rei
2227 2253 2541 2305 memoriam
2585 2252 2782 2307 editam
2813 2261 2865 2307 et
2896 2255 3287 2325 promulgatam
3332 2272 3528 2326 appro-

1937 2339 2163 2393 bentur?
2198 2356 2221 2393 ι
2251 2341 2345 2395 Eia
2401 2356 2539 2413 age,
2591 2344 2869 2413 delapsum
2915 2359 3046 2401 sane
3101 2348 3239 2402 caelo
3288 2349 3528 2402 libellum

1938 2434 2145 2501 pande,
2200 2435 2301 2489 nisi
2348 2433 2491 2491 forte
2537 2439 2827 2492 sacratiora
2864 2449 2968 2492 tam
3001 2440 3108 2494 cito
3148 2438 3202 2493 in
3248 2442 3532 2510 propatulo

1935 2540 2055 2580 esse
2089 2526 2353 2594 piaculum
2380 2538 2554 2597 putas.
2576 2548 2594 2582 ι
2627 2531 2743 2598 Est,
2765 2532 3009 2602 inquam,
3035 2534 3131 2599 ait,
3166 2534 3288 2588 talis
3314 2534 3530 2603 quidam

1937 2614 2072 2668 liber
2104 2616 2155 2669 in
2206 2632 2391 2671 rerum
2424 2630 2611 2673 natura
2641 2630 2696 2674 et
2729 2623 2966 2675 auctoris
3001 2627 3196 2677 sancti.
3231 2644 3249 2675 ›
3272 2625 3390 2677 Jam
3425 2626 3535 2691 pie-

1939 2714 2099 2762 tatem
2124 2720 2187 2763 ae
2214 2710 2525 2779 religionem
2549 2712 2773 2780 excitus,
2805 2714 2933 2767 dum
2957 2724 3232 2771 auctorem
3259 2730 3501 2775 commcn
3518 2749 3533 2761 ς

1936 2800 2031 2851 das
2064 2814 2126 2853 ac
2152 2799 2333 2853 divum
2366 2801 2706 2856 conteStaris.
2738 2804 2809 2858 At
2856 2806 3029 2874 pergit
3067 2811 3312 2862 Annatus
3359 2810 3532 2863 lectoa-

1937 2902 2051 2944 rem
2079 2892 2409 2960 suspendere
2439 2910 2451 2945 :
2489 2911 2508 2944 ι
2544 2894 2650 2947 Sed
2682 2895 2803 2964 quis
2823 2896 2943 2949 est?
2972 2897 3209 2951 libellum
3244 2901 3419 2968 potius
3447 2902 3531 2955 di-

1936 2999 2062 3039 cere
2091 2985 2273 3050 debui,
2306 2987 2448 3055 quod
2478 2988 2548 3042 sit
2572 2988 2715 3043 mole
2748 3004 2941 3058 parvus
2966 2999 3017 3047 et
3042 2996 3224 3059 specie
3251 3003 3533 3065 contemn-

1936 3073 2134 3141 tihiii‘s,
2186 3076 2281 3130 sed
2333 3075 2422 3145 qui
2462 3084 2639 3131 tamen
2688 3078 2901 3133 virtutis
2948 3081 3236 3150 plurimum
3294 3088 3472 3141 habet.
3504 3106 3523 3139 ι

1932 3167 2085 3220 llunc
2111 3167 2376 3232 libellum,
2398 3168 2484 3221 cui
2513 3181 2673 3237 supra
2705 3171 2885 3224 omnia
2918 3174 3196 3243 Augustini
3231 3179 3409 3247 magni
3439 3192 3528 3233 vo-

236 3260 445 3328 fntgore
488 3255 683 3313 Christi
719 3257 1011 3312 Ecclesiam
1050 3256 1169 3312 luce
1217 3258 1453 3325 propria,
1501 3258 1617 3312 luce
1649 3259 1821 3327 plena,
1854 3264 1902 3325 ο
1937 3258 2137 3312 lumina
2165 3272 2228 3311 ex
2261 3259 2572 3327 apostolica:
2593 3259 2738 3315 sedis
2766 3263 3153 3330 approbatione
3179 3283 3198 3317 ι
3222 3269 3532 3335 expressior

236 3351 355 3404 luce
388 3350 489 3403 fixa
516 3348 814 3403 irradiasti!
849 3346 908 3404 Si
939 3350 1078 3403 enim
1104 3349 1365 3417 sapientia
1388 3349 1477 3404 lux
1506 3356 1608 3414 est,
1633 3351 1822 3419 quisin

237 3442 478 3499 Ecclesia
507 3443 601 3499 Dei
625 3445 694 3498 ita
722 3443 862 3497 lucet
890 3453 947 3498 ut
978 3441 1348 3513 Augustinus?
1401 3444 1445 3496 A
1488 3444 1601 3497 sole
1645 3445 1824 3498 omnia

168 3564 179 3571 ι
236 3547 383 3595 astra
411 3537 608 3605 lucent,
628 3537 693 3593 ab
717 3537 1012 3605 AuguStino
1034 3550 1222 3591 omnes
1245 3537 1336 3604 qui
1363 3545 1480 3601 post
1504 3537 1678 3604 ipsum
1706 3538 1822 3591 itte—

174 3652 183 3669 τ
237 3632 370 3681 runt
397 3628 639 3682 doctores
691 3627 970 3697 sapientim
1007 3627 1187 3683 lumen
1220 3626 1512 3694 accipiant,
1557 3628 1671 3694 ipse
1700 3640 1827 3680 vero

240 3719 461 3790 propria
493 3719 610 3775 lucc
664 3721 826 3786 lucet,
858 3734 1017 3789 quam
1071 3728 1099 3772 a
1156 3720 1305 3773 nullo
1347 3718 1643 3784 hotninum,
1670 3718 1763 3773 sed
1796 3732 1827 3772 a

168 3828 171 3829 '
238 3810 354 3865 Deo
381 3811 495 3865 solo
518 3813 744 3880 accepit,
769 3812 915 3865 nullo
940 3811 1087 3865 enim
1118 3810 1384 3877 tradente,
1404 3810 1548 3863 nullo
1572 3810 1827 3879 magistro

233 3916 458 3960 cunetas
502 3904 687 3960 didicit
737 3905 1066 3975 disciplinas.
1128 3924 1148 3957 ι
1202 3904 1390 3959 Nonne
1447 3905 1631 3971 igitur,
1690 3910 1829 3955 teste

238 4001 465 4065 Thema,
512 4000 845 4070 Augustinus
871 4008 953 4054 est
1001 3998 1172 4053 instar
1204 3998 1362 4067 primi
1411 3997 1608 4067 angeli,
1640 4010 1745 4065 quo
1778 3994 1829 4048 in

234 4100 468 4146 caeteros
500 4090 868 4160 intelligentiae
896 4093 1073 4145 lumen
1104 4091 1334 4145 derivari
1387 4088 1620 4156 theologi
1675 4096 1830 4141 autu-

236 4196 408 4254 mant,
442 4202 563 4242 cum
598 4187 714 4256 ipse
742 4201 770 4239 a
795 4185 912 4241 solo
945 4185 1053 4241 Deo
1091 4184 1421 4239 illustretur?
1470 4183 1827 4252 Hipponensis

236 4279 454 4349 quidem
487 4288 673 4335 noster
696 4280 918 4350 angelus
963 4292 1074 4333 sua:
1118 4277 1378 4331 doctrinm
1411 4276 1573 4331 radiis
1603 4276 1829 4343 Prospe-

235 4388 378 4432 rum,
415 4373 779 4444 Fulgentium,
807 4370 1089 4437 Thomam,
1142 4379 1471 4436 caeterosque
1500 4369 1829 4424 orthodoxos

237 4465 425 4519 Patres
457 4466 769 4529 illustravit;
807 4472 859 4518 at
880 4464 1213 4518 recentiores
1244 4464 1331 4532 qui
1357 4462 1685 4515 contendunt
1708 4474 1827 4513 eum

238 4554 472 4622 Annato,
505 4577 524 4610 ‹
556 4558 753 4627 aliquid
786 4558 919 4611 luris
948 4555 1247 4626 Augustino
1296 4554 1530 4608 defuisse
1560 4555 1611 4607 in
1645 4553 1825 4606 conci-

1929 3358 1984 3407 et
2003 3351 2275 3406 efficacior
2304 3352 2357 3406 in
2374 3354 2627 3407 omnibus
2649 3362 2735 3409 est
2760 3358 3132 3414 consentiendi
3158 3364 3475 3427 necessitas,
3501 3382 3519 3415 ι

1928 3448 2035 3501 cito
2057 3447 2217 3501 citius
2240 3447 2527 3502 exhibeas.
2553 3449 2712 3513 «Quis
2734 3464 2884 3513 vero,
2904 3452 3070 3516 addit,
3098 3456 3337 3518 tandem,
3356 3465 3411 3511 et
3434 3471 3528 3510 eu-

1931 3535 2018 3603 jus
2048 3537 2163 3588 est?
2201 3555 2218 3587 ι
2244 3536 2319 3588 Ita
2344 3537 2560 3605 quidem
2586 3537 2689 3590 hoc
2716 3538 2969 3605 petimus,
2997 3541 3096 3594 hoc
3127 3557 3398 3609 rogamus,
3436 3559 3522 3610 ne,

1935 3638 2136 3693 quaeso,
2188 3627 2278 3679 diu
2313 3633 2548 3680 nostram
2605 3631 3063 3695 exspectatidnem
3109 3643 3383 3701 torqueas,
3433 3649 3528 3703 per

1932 3725 2179 3771 sanctum
2212 3717 2356 3772 illius
2387 3717 2555 3772 libelli
2587 3720 2821 3774 auctoris
2862 3736 3055 3776 nomen
3090 3736 3151 3776 ac
3209 3739 3402 3779 numen
3431 3729 3531 3783 ob-

1933 3815 2123 3864 testor.
2164 3827 2182 3860 ί
2219 3811 2576 3878 Contrahant,
2615 3813 2808 3881 inquit,
2858 3813 2985 3869 licet
3034 3817 3260 3871 frontem
3297 3819 3523 3887 Baiani,

1932 3913 1985 3956 et
2018 3909 2225 3957 torvum
2259 3905 2568 3959 intueantur
2589 3948 2603 3973 ,
2638 3906 2904 3961 sorbenda
2942 3908 3102 3977 pilula
3132 3918 3237 3969 est.
3269 3930 3289 3963 ι
3322 3912 3413 3967 Na:
3436 3922 3529 3969 tuo

1934 3996 2225 4063 pharmacn
2276 3996 2352 4050 illi
2397 3997 2634 4066 indigent
2680 4015 3030 4071 quoscunque
3075 4004 3302 4059 Baianos
3349 4007 3525 4063 dicis?

1934 4089 2043 4145 Nos
2069 4093 2285 4161 quidem
2315 4093 2561 4149 validiori
2604 4096 2884 4152 stomacho
2930 4114 3114 4153 sumus
3164 4101 3275 4167 jam
3316 4102 3523 4171 pridem

1936 4183 2038 4237 tuis
2070 4185 2121 4236 in
2162 4185 2516 4253 Augustinum
2541 4188 2828 4254 conviciis,
2876 4191 3055 4258 pilulis
3085 4193 3336 4249 omnibus
3380 4209 3527 4250 ama-

1932 4274 2166 4327 rioribus
2198 4275 2523 4329 devorandis
2575 4287 2824 4345 assueto,
2865 4296 3041 4350 neque
3092 4282 3270 4348 pilulis
3302 4298 3532 4350 praemu-

1935 4365 2114 4419 niendi
2147 4378 2330 4420 sumus
2353 4410 2366 4431 ,
2404 4383 2509 4435 quo
2533 4378 2809 4425 auctorem
2843 4372 3191 4441 libellumque
3218 4374 3349 4427 citra
3378 4373 3528 4429 fasti-

1936 4456 2079 4510 dimn
2124 4472 2185 4510 ac
2235 4458 2528 4526 deliquium
2580 4464 2884 4517 audiamus.
2940 4463 3073 4529 lmo,
3132 4464 3343 4531 quando
3400 4464 3525 4520 libri

1935 4552 2253 4619 scriptorem
2300 4564 2545 4608 sanctum
2588 4563 2834 4610 autumas
2863 4601 2876 4623 ,
2912 4558 3079 4610 sacris
3108 4556 3368 4611 doctrinis
3396 4572 3527 4611 con-

238 4650 414 4705 lianda
463 4665 583 4704 cum
615 4659 793 4704 creata
848 4647 1095 4703 libertate
1144 4647 1444 4701 divinorum
1491 4646 1831 4700 decretorum
1860 4638 1910 4697 D
1938 4655 2152 4709 spersas
2176 4642 2395 4711 paginas
2413 4660 2621 4700 summa
2645 4647 2903 4714 religione
2921 4646 3521 4709 deosculantes,divum

238 4758 293 4797 et
328 4742 649 4795 auxiliorum
683 4739 940 4805 efficacia,
985 4758 1005 4791 ι
1036 4739 1128 4793 lib.
1155 4752 1268 4801 VIII,
1300 4750 1418 4806 cap.
1452 4738 1503 4801 4,
1543 4750 1659 4806 pag.
1690 4736 1825 4801 874;

236 4836 422 4904 quive,
456 4834 681 4889 ut-idem
712 4832 836 4888 alibi
868 4834 965 4900 alt,
994 4838 1187 4901 nempe
1213 4832 1409 4899 disput.
1436 4830 1470 4882 5
1494 4831 1562 4885 de
1591 4830 1827 4886 Scientia

241 4928 446 4989 media,
470 4941 584 4995 cap.
622 4926 674 4990 ὕ,
699 4941 849 4979 num.
887 4922 1012 4989 115,
1044 4942 1061 4974 ‹
1100 4923 1309 4977 radium
1332 4922 1617 4991 quemdam
1647 4922 1829 4976 videre

238 5033 303 5071 se
338 5026 521 5086 putant
546 5035 611 5075 ex
646 5017 928 5088 Augustini
969 5017 1086 5071 sole
1113 5026 1219 5069 non
1246 5015 1529 5078 emissum;
1568 5032 1586 5064 ι
1623 5014 1711 5082 qui
1731 5013 1827 5068 de-

240 5112 406 5181 nique
436 5112 677 5167 scribere
706 5126 813 5165 non
847 5110 1115 5165 erubuere
1167 5122 1292 5162 cum
1342 5106 1562 5171 Molina,
1616 5113 1751 5174 part.
1786 5120 1826 5169 ι,

239 5210 434 5273 quaest.
459 5203 671 5268 25,art.
705 5204 737 5257 4
766 5202 887 5267 etii,
908 5202 1269 5272 disputatione
1291 5192 1341 5263 l,
1368 5198 1566 5253 memb.
1585 5198 1637 5261 ti,
1663 5214 1680 5247 ‹
1703 5198 1829 5251 dum

240 5298 343 5352 sub
373 5312 435 5351 ea
464 5296 613 5367 quasi
664 5294 891 5365 caligin'e
923 5293 986 5347 D.
1018 5294 1346 5365 Augustinus
1388 5291 1457 5345 ad
1489 5290 1588 5345 hoc
1618 5305 1723 5344 non
1754 5297 1833 5342 at-

242 5394 436 5458 tendit,
454 5392 746 5449 arbitratus
770 5391 942 5461 primo
965 5396 1182 5457 aspectu
1200 5401 1320 5441 cum
1343 5400 1437 5440 sua
1460 5385 1526 5440 de
1550 5384 1830 5455 praedesti-

240 5486 465 5541 natione
514 5486 794 5553 opinione,
835 5500 853 5534 ι
887 5489 1030 5545 ete.;
1090 5480 1439 5543 recentiores,
1474 5481 1711 5545 inquam,
1746 5476 1829 5530 isti

243 5578 443 5648 quibus
480 5577 712 5646 purioris
741 5574 1002 5631 doctrinae
1031 5573 1121 5627 lux
1152 5570 1390 5641 aﬂulget,
1415 5572 1717 5641 Augustino
1734 5568 1833 5623 sub

242 5672 479 5741 caligine
507 5668 703 5739 posito,
738 5667 897 5737 hujus
924 5664 1083 5737 primi
1112 5666 1285 5735 angeli
1338 5662 1571 5733 fulgores
1600 5678 1706 5716 non
1735 5676 1831 5716 ex-

244 5768 476 5835 cipiunt,
540 5765 649 5817 imo
700 5762 809 5818 lere
853 5769 1227 5829 contemnunt,
1272 5767 1328 5814 ut
1372 5759 1564 5813 mirum
1614 5758 1835 5812 minime

248 5856 425 5913 videri
454 5855 683 5926 cuipiam
705 5854 899 5911 debeat
918 5866 1010 5909 eos
1039 5853 1173 5909 adeo
1204 5852 1429 5907 moleste
1462 5849 1604 5906 ferre
1635 5857 1834 5905 tantttm

1933 4738 2206 4788 auctorem
2238 4750 2331 4803 pro
2365 4736 2751 4807 Augustiniana
2780 4737 3095 4790 auctoritate
3138 4746 3321 4791 contra
3350 4753 3520 4793 novos

1932 4842 2187 4883 censores
2219 4839 2362 4883 sarta
2408 4841 2653 4900 teetaque
2676 4830 2935 4884 servanda
2965 4831 3128 4884 etiam
3172 4840 3331 4899 atque
3355 4834 3520 4891 etiam

1934 4923 2263 4989 rogabimus,
2306 4938 2397 4975 sua
2426 4924 2566 4976 enim
2594 4922 2825 4975 vicissim
2849 4921 3008 4976 tutari
3033 4923 3283 4981 divorum
3311 4937 3410 4983 est.
3454 4930 3525 4985 At

1932 5013 2110 5080 inquis
2140 5033 2151 5065 :
2194 5032 2213 5065 ι
2240 5014 2398 5067 Liber
2423 5022 2504 5069 est
2536 5015 2935 5072 Exercitiorum
2965 5019 3320 5088 spiritualium
3350 5024 3522 5079 sancti

1939 5104 2120 5172 lgnatii
2154 5146 2167 5167 ,
2203 5118 2363 5172 quem
2395 5103 2590 5158 Paulus
2622 5105 2683 5157 lll
2732 5116 2921 5161 severe
2970 5115 3357 5180 examinatum,
3392 5123 3523 5177 etc.,

1938 5196 2016 5249 sic
2060 5195 2405 5265 approbavit,
2464 5204 2520 5249 ιη
2573 5197 2716 5253 dicat
2745 5214 2804 5253 se
2839 5199 3160 5257 documenta
3192 5212 3244 5258 et
3271 5204 3527 5258 exercitia

1940 5286 2229 5357 praedicta,
2293 5306 2353 5345 ac
2408 5290 2590 5345 omnia
2655 5302 2709 5347 et
2764 5291 2971 5364 singula
3022 5296 3073 5347 in
3137 5294 3216 5347 eis
3269 5301 3526 5346 contenta

1938 5381 2253 5435 auctoritate
2302 5384 2576 5451 praedicta,
2638 5393 2822 5439 tenore
2864 5386 3212 5455 praesentium
3261 5396 3329 5437 ex
3374 5394 3523 5437 certa

1940 5472 2165 5527 scientia
2198 5475 2527 5543 approbare,
2575 5475 2882 5531 collaudar‘e
2937 5491 3002 5530 ae
3051 5475 3330 5544 praesentis
3389 5474 3525 5528 scri-

1940 5564 2011 5633 pti
2077 5566 2374 5633 patrocinio
2425 5566 2779 5623 communire.
2820 5580 2840 5619 s
2890 5567 3014 5622 limo
3084 5565 3177 5621 ille
3245 5567 3521 5635 suspensis

1936 5655 2029 5709 diu
2096 5658 2245 5724 quasi
2316 5674 2410 5725 per
2464 5658 2645 5728 iocum
2694 5660 2982 5715 lectoribus
3032 5660 3124 5714 lib.
3204 5673 3330 5724 vnr,
3396 5675 3519 5730 cap.

1941 5750 2170 5813 ultimo;
2239 5751 2607 5820 exclamatque
2682 5765 2797 5821 pag.
2861 5750 3024 5806 912:
3085 5769 3104 5803 α
3145 5751 3300 5807 Scire
3359 5754 3518 5807 velim

1940 5851 2065 5923 quid
2115 5851 2223 5906 sint
2264 5850 2573 5920 responsuri
2603 5857 2711 5905 tam
2753 5850 2969 5906 diserta!
3013 5860 3233 5919 tamque
3259 5848 3520 5915 explicitas
