3930 6318
473 362 577 419 815

1364 347 1923 433 SUPPLEMENTUM
1968 346 2058 402 AD
2096 343 2326 403 OPERA
2369 345 2427 402 S.
2467 342 2853 402 AUGUSTINI.

3652 337 3761 397 816

468 475 877 553 approbationi,
941 475 1032 546 qui
1082 474 1259 529 minus
1309 484 1617 538 expressam
1689 463 2405 529 explicitamveAtum;at
2454 443 2695 530 profecto
2745 442 3455 537 mirabiliusrecentiorum
3510 449 3757 522 factum,

466 571 789 648 (Augustini
814 568 1056 637 scilicet)
1086 567 1195 622 suis
1222 563 1519 620 obtendunt
1549 559 1841 615 erroribus.

546 666 703 723 Absit
727 674 786 719 ut
826 678 917 732 per
950 675 1045 716 nos
1075 657 1363 728 quidquam
1409 651 1778 721 approbationi
1801 647 2059 719 lgnatiani

474 764 649 821 libelli
673 761 974 816 detractum
1004 757 1106 819 sit,
1151 754 1258 807 imo
1289 750 1474 820 quanti
1500 748 1646 802 illum
1686 741 2059 813 Augustiniani

472 853 886 914 fecerintvestri
932 850 1223 917 scriptores
1272 844 1485 898 tradunt
1530 842 1583 893 in
1628 837 1860 907 lmagine
1903 834 2060 903 primi

472 950 679 1016 saeculi,
710 948 806 1004 lib.
836 963 915 1011 ιιι,
946 959 1066 1013 cap.
1102 942 1190 1007 IO,
1220 940 1307 993 ubi
1338 938 1405 993 de
1435 933 1719 990 Exercitiis
1749 929 1917 986 sancti
1962 929 2062 982 Pa-

468 1046 568 1100 tris
622 1040 811 1112 lgnatii
862 1039 1143 1105 loquentes
1190 1032 1307 1085 haec
1349 1027 1630 1084 scribunt:
1671 1044 1689 1075 ‹
1721 1023 1909 1077 Testes
1938 1026 2062 1074 sunt

471 1136 668 1192 inﬁniti
700 1142 814 1188 toto
844 1130 976 1186 orbe
1024 1128 1114 1198 qui
1154 1141 1215 1181 ea
1253 1141 1357 1180 nun
1405 1121 1599 1177 minori
1650 1134 1745 1175 sua
1788 1116 2063 1184 voluptate

469 1240 629 1300 quam
666 1225 842 1281 fructu
888 1229 1012 1275 sunt
1055 1219 1286 1289 experti.
1328 1215 1433 1272 Sed
1464 1227 1599 1268 unus
1628 1213 1798 1266 instar
1825 1207 2060 1263 omnium

476 1318 808 1391 Augustinus
836 1312 1199 1381 Caravajalius
1222 1351 1235 1375 ,
1266 1305 1636 1376 Augustiniani
1679 1302 1884 1358 ordinis
1913 1300 2064 1354 theo-
2112 1356 2117 1359 _

474 1390 648 1482 logus.
683 1409 733 1464 Is
758 1422 879 1463 cum
922 1404 1123 1458 Indiam
1151 1400 1458 1457 Occidentis
1497 1402 1868 1466 peragrasset,
1912 1399 1968 1446 et
2011 1390 2066 1443 in
2114 1450 2117 1451 ν

476 1502 734 1572 HiSpania
777 1497 941 1552 variis
984 1493 1294 1550 muneribus
1318 1504 1436 1545 cum
1462 1487 1618 1543 laude
1650 1484 1959 1556 perfunctus
1980 1492 2068 1535 es-

476 1604 580 1665 set,
613 1594 777 1650 Italia:
805 1604 1018 1662 quoque
1061 1586 1305 1643 ctenobia
1338 1584 1419 1639 sui
1448 1581 1653 1639 ordinis
1689 1580 1841 1649 jussu
1872 1574 2067 1631 summi
2126 1646 2127 1651 η

476 1686 747 1758 pontificis
802 1683 1110 1746 visitasset,
1158 1676 1452 1733 Bononiam
1497 1673 1711 1728 tandem
1761 1670 1830 1724 ab
1875 1666 2067 1724 eodem

478 1781 734 1852 pontiﬁce
784 1777 1029 1832 visitator
1081 1771 1403 1843 apostolicus
1453 1768 1649 1821 missus
1676 1762 1743 1817 ad
1782 1762 1841 1815 D.

1884 1722 2117 1814 iacenti

2163 555 2251 623 qui
2277 552 2521 607 eumdem
2545 567 2611 608 ex
2633 546 2941 619 apostolica:
2964 549 3107 604 sedis
3126 534 3444 602 testimonio
3466 548 3760 603 litterarum

2163 646 2314 715 plane
2363 644 2542 698 rudem
2593 643 2648 697 in
2689 640 2988 711 sapientiae,
3041 638 3381 695 auctoritatis
3427 654 3490 695 ac
3541 639 3762 697 laudum

2162 753 2351 807 campo
2381 738 2682 805 Augustino
2729 751 2834 789 non
2886 734 3064 789 dicam
3094 733 3243 788 velut
3272 731 3537 801 aequalem
3586 747 3763 803 oppu-

2162 847 2324 895 nere,
2356 831 2450 886 sed
2481 828 2624 898 quod
2652 828 2718 882 ad
2763 827 2907 883 illam
2939 826 3337 897 expressiorem
3382 840 3447 881 ac
3488 825 3767 881 efﬁcacio-

2164 938 2277 978 rem
2308 921 2833 977 commendationem
2864 934 2927 975 ac
2969 918 3348 974 consentiendi
3379 918 3767 975 necessitatem

2164 1015 2417 1085 pertinet,
2442 1015 2608 1069 veluti
2632 1014 2966 1082 superiorem
3000 1011 3298 1082 praedicare
3326 1022 3631 1081 conantur,-
3657 1012 3764 1079 illi,

2164 1110 2406 1179 inquam,
2438 1107 2777 1179 Augustino,
2838 1106 2931 1178 qui
2988 1114 3149 1161 tanta:
3194 1105 3438 1162 scientia:
3477 1105 3651 1161 luisse
3702 1107 3766 1162 ab

2169 1204 2468 1276 apostolica
2503 1204 2632 1260 sede
2650 1203 2922 1274 judicatus
2952 1211 3059 1269 est,
3098 1219 3115 1253 ι
3145 1210 3203 1256 ut
3230 1200 3365 1256 nihil
3396 1214 3540 1268 pene
3570 1200 3764 1268 (verba

2166 1307 2292 1353 sunt
2319 1297 2532 1352 Martini
2570 1295 2669 1350 Vin
2714 1297 2863 1351 Orat.
2906 1294 2973 1350 de
3000 1299 3186 1348 sancta
3222 1290 3458 1362 Monica)
3485 1304 3557 1346 ex
3597 1290 3769 1346 sacris

2160 1375 2367 1449 litteris
2385 1392 2577 1462 possit,
2595 1391 2698 1445 nisi
2724 1403 2789 1445 eo
2803 1389 2938 1444 duce
2959 1386 3209 1456 intelligi,
3225 1385 3360 1440 nihil
3381 1384 3488 1439 nisi
3512 1398 3583 1439 eo
3603 1385 3767 1440 inter-

2168 1492 2322 1555 prete
2346 1484 2627 1554 explicari.
2659 1482 2738 1537 Eo
2760 1481 2872 1552 jam
2901 1488 3121 1535 auctore
3163 1477 3361 1554 factum
3401 1483 3526 1544 est,
3569 1484 3628 1531 ut
3669 1490 3767 1532 nec

2169 1579 2504 1650 philosophis
2542 1576 2866 1647 sapientiam
2896 1572 3239 1629 invideamus
3264 1611 3279 1636 ,
3331 1584 3442 1624 non
3490 1577 3767 1624 oratorum

2170 1670 2532 1742 eloquentiam
2560 1668 2964 1733 desideremus,
2997 1680 3104 1721 non
3152 1663 3521 1720 studiosorum
3557 1663 3770 1733 ingenia

2172 1767 2536 1836 requiramus,
2570 1779 2675 1819 non
2704 1762 2937 1830 denique
2979 1759 3137 1814 nobis
3178 1772 3410 1813 acumen
3455 1757 3768 1814 Aristotelis

474 1873 783 1930 coenobium
811 1872 863 1925 in
892 1878 1131 1923 veterem
1157 1863 1493 1932 disciplinam
1518 1852 1936 1917 restituendum,
1960 1864 2067 1903 non
2100 1856 2148 1915 B
2175 1861 2536 1915 necessarium
2568 1857 2639 1912 sit
2658 1898 2673 1922 ,
2702 1869 2805 1911 non
2854 1853 3095 1909 Platonis
3120 1852 3463 1919 eloquentia,
3493 1864 3605 1906 ηοη
3649 1866 3768 1920 pm-

474 1968 595 2022 aliis
624 1966 673 2019 id
700 1962 964 2033 praesidiis
996 1959 1173 2014 facere
1202 1967 1489 2027 aggressus
1518 1958 1630 2015 est,
1656 1961 1813 2017 quam
1853 1942 1956 2012 piis
1982 1940 2067 1994 his

478 2054 751 2112 societatis
787 2050 1332 2108 commentationibus
1356 2086 1370 2112 ,
1403 2045 1595 2116 quibus
1642 2042 1757 2109 ipse
1804 2050 1927 2092 cum
1968 2048 2067 2104 per

474 2167 715 2210 mensem
742 2165 803 2205 se
829 2148 1178 2212 exercuisset,
1208 2150 1434 2199 testatus
1460 2145 1542 2193 est
1566 2133 1789 2190 candide
1812 2145 1871 2186 se
1893 2141 2067 2198 quan-

470 2245 564 2300 diu
590 2243 645 2298 in
676 2240 935 2311 religione
963 2237 1221 2301 vixisset,
1256 2227 1778 2297 rationcmaliquam
1816 2235 1921 2292 qua
1949 2232 2067 2273 rec-

470 2338 678 2393 tissime
709 2336 983 2390 incederet
1013 2344 1226 2399 semper
1273 2336 1518 2395 optasse,
1550 2335 1776 2390 eamque
1820 2327 1947 2371 tunc
1971 2315 2066 2368 de-

468 2444 616 2486 mum
645 2442 766 2482 cum
798 2427 852 2479 in
880 2426 993 2478 haec
1017 2422 1189 2476 sancti
1220 2417 1409 2489 lgnatii
1453 2414 1719 2471 Exercitia
1752 2409 2065 2477 incidisset,

476 2519 769 2576 invenisse.
814 2516 945 2582 Quae
970 2512 1190 2582 quidem
1230 2510 1319 2563 ille
1349 2506 1658 2562 avidissime
1690 2503 1879 2557 hausta
1906 2510 2070 2573 atque

474 2613 532 2669 in
554 2611 797 2666 intimum
834 2606 1065 2660 demissa
1090 2610 1278 2671 pectus
1324 2597 1457 2653 tanti
1510 2595 1659 2659 fecit,
1705 2602 1762 2649 ut
1797 2594 1852 2648 in
1876 2594 1942 2648 iis
1972 2594 2073 2647 ali-
2124 2660 2131 2661 γ

476 2705 603 2777 quid
645 2717 770 2758 vere
806 2700 1045 2754 divinum
1077 2696 1258 2751 inesse
1289 2698 1475 2762 aperte
1500 2689 1736 2756 diceret,
1772 2706 1790 2739 ι
1817 2695 1922 2743 etc.
1972 2686 2071 2740 llic
2128 2742 2133 2747 ,

473 2801 843 2871 Caravajalius
894 2813 959 2853 ex
1010 2795 1300 2850 assistente
1331 2789 1706 2859 Hispaniarum
1745 2784 1946 2840 electus
1990 2791 2073 2839 est

478 2897 764 2967 episcopus
811 2884 1239 2955 Guamangensis
1287 2882 1427 2952 apud
1478 2879 1793 2941 Peruanos,
1843 2877 1911 2931 de
1966 2889 2072 2946 quo
2128 2928 2133 2931 κ

478 2991 712 3046 Herrera
750 2986 805 3040 in
830 2981 1132 3053 Alphabeto
1165 2975 1578 3046 Augustiniano.
1604 2972 1821 3027 Utinam
1848 2984 1945 3039 per
1976 2983 2073 3023 nos

478 3078 771 3151 Ignatianis
798 3075 1000 3130 chartis
1030 3070 1203 3139 major
1231 3068 1408 3123 laudis
1433 3066 1551 3120 ﬁeri
1582 3072 1763 3133 posset
1790 3062 2030 3118 accessio
2056 3062 2068 3114 ι

480 3170 618 3224 Illud
671 3178 849 3222 tamen
893 3176 1036 3231 aegre
1085 3160 1348 3228 patimur,
1397 3156 1537 3225 quod
1568 3155 1756 3208 scribit
1784 3153 2029 3208 Armatus
2056 3194 2072 3220 ,

2172 1951 2355 2005 dentia
2386 1948 2662 2013 Varronis,
2695 1959 2798 2001 non
2830 1945 3067 2015 gravitas
3094 1932 3356 2007 Soeratis,
3388 1956 3495 1997 non
3532 1942 3763 2012 auctori:

2174 2052 2255 2097 tas
2284 2041 2624 2111 Pythagorze,
2656 2052 2760 2092 non
2783 2027 3128 2106 Empedoclis
3156 2033 3409 2099 solertia,
3443 2049 3556 2090 non
3587 2034 3761 2105 cujus-

2172 2150 2334 2207 quam
2386 2133 2530 2187 illius
2578 2131 2792 2202 generis
2843 2130 3120 2185 hominum
3183 2128 3407 2183 scientia
3456 2136 3553 2183 aut
3606 2129 3761 2187 virtus

2173 2227 2429 2297 exemplo
2466 2236 2558 2280 aut
2607 2226 2934 2280 documento
2984 2222 3140 2299 nobis
3181 2236 3305 2278 esse
3352 2222 3571 2279 debeat.
3624 2222 3759 2279 Idem

2174 2321 2330 2377 nobis
2354 2320 2737 2389 prophetarum
2765 2316 2986 2372 oracula
3010 2356 3025 2383 ,
3049 2316 3191 2371 idem
3215 2316 3589 2385 apostolorum
3610 2330 3756 2372 voces

2174 2414 2359 2479 refert,
2374 2414 2513 2467 idem
2528 2425 2741 2466 omnem
2756 2410 2996 2464 omnium
3014 2408 3413 2476 Scripturarum
3432 2421 3650 2463 sensum
3671 2422 3754 2463 ex-

2175 2504 2379 2577 primit,
2400 2517 2537 2557 unus
2561 2511 2835 2571 postremo
2851 2500 3092 2555 omnium
3116 2498 3333 2553 Patrum
3355 2501 3752 2569 sapientumque

2174 2595 2385 2667 ingenia
2414 2610 2478 2649 ac
2502 2593 2677 2649 studia
2708 2592 2948 2648 exhibet.
2982 2611 3000 2643 »
3034 2590 3183 2646 Itane
3204 2630 3219 2656 ,
3250 2590 3296 2647 si
3322 2592 3539 2661 superis
3568 2593 3751 2661 placet,

2178 2689 2303 2743 huic
2347 2686 2657 2757 apostolicae
2724 2682 3103 2754 approbationi
3164 2681 3409 2747 eximite,
3469 2683 3751 2752 praeclaris-

2177 2782 2350 2847 simac,
2392 2777 2863 2835 excellentissima:
2910 2773 3172 2845 Ignatiani
3223 2771 3388 2828 libelli
3417 2774 3751 2844 approbatio-

2176 2888 2323 2939 nem,
2355 2870 2654 2941 Augustino
2694 2867 2989 2938 Ignatium,
3042 2873 3122 2920 tot
3156 2864 3382 2920 summis
3424 2866 3753 2934 pontificibus

2177 2965 2401 3021 Paulum
2430 2963 2497 3018 III
2520 2960 2845 3034 opponetis?
2874 2959 3184 3030 Respondet
3207 2962 3449 3013 Annatus
3480 2976 3494 3012 :
3532 2979 3554 3012 ί
3589 2959 3710 3027 Qua:
3730 2974 3753 3014 a

2178 3073 2266 3113 me
2297 3058 2519 3113 minime
2548 3055 2877 3122 referuntur,
2906 3064 2966 3109 ut
2994 3053 3083 3109 vel
3125 3050 3388 3123 lgnatium
3435 3053 3753 3123 Augustino,

2178 3152 2264 3208 vel
2293 3152 2518 3206 Paulum
2562 3150 2630 3205 IlI
2673 3147 3046 3218 superioribus
3088 3160 3356 3217 opponam
3389 3146 3753 3217 pontiﬁcibus,

482 3260 925 3333 Augustinianam
955 3254 1254 3333 doctrinam
1284 3250 1463 3304 minus
1502 3247 1754 3316 explicita
1786 3254 1947 3315 atque
1979 3260 2076 3300 ex—
2099 3237 2147 3300 C
2181 3244 2353 3299 absit!
2397 3262 2415 3294 ι
2450 3242 2556 3299 Sed
2579 3242 2737 3297 dictis
2765 3239 2908 3295 facta
2934 3255 3041 3295 non
3080 3237 3376 3295 cohaerent.
3406 3238 3593 3306 Qualis
3629 3238 3757 3294 enim

482 3330 668 3425 pressa
695 3346 1085 3419 approbatione
1115 3330 1277 3413 quam
1310 3339 1662 3410 lgnatianam,
1684 3350 1804 3391 esse
1826 3337 1893 3390 ab
1914 3349 2075 3405 apos-

480 3423 645 3498 tolica
673 3439 801 3494 sede
843 3436 1130 3491 ﬁrmatam.
1162 3430 1358 3495 Quaeso
1388 3442 1503 3493 vos
1552 3424 1893 3497 quandonam
1946 3423 2076 3479 doc-

434 3596 437 3599 _
480 3533 625 3589 trina
648 3529 821 3589 sancti
859 3526 1048 3598 lgnatii
1078 3527 1131 3581 in
1173 3522 1503 3596 synodorum
1539 3533 1774 3576 canones
1823 3517 2076 3572 transiit?

482 3626 817 3683 Arausicana
843 3620 1083 3693 synodus
1119 3633 1186 3674 ex
1216 3617 1348 3686 ipsis
1388 3613 1561 3671 sancti
1592 3612 1830 3668 doctoris
1859 3620 2077 3668 senten-

484 3720 579 3775 tiis
608 3718 837 3774 conﬂata
865 3723 967 3768 cst.
999 3709 1225 3778 Quando
1256 3708 1344 3763 illa
1377 3709 1430 3761 in
1464 3704 1773 3775 pontificum
1804 3702 2077 3757 Romano-

486 3827 607 3867 rum
652 3809 846 3865 litteris
875 3806 940 3860 ad
986 3804 1212 3858 verbum
1242 3799 1512 3866 exscripta
1557 3796 1679 3849 est?
1730 3795 1845 3848 Duo
1872 3794 2077 3862 integra

487 3906 662 3975 capita
693 3918 757 3957 ex
793 3896 1109 3951 Encltiridio
1156 3894 1329 3947 sancti
1376 3888 1658 3957 Augustini
1699 3887 1808 3941 Leo
1860 3887 2077 3961 Magnus

489 3995 717 4052 inseruit
740 4006 851 4046 sum
874 3989 938 4042 ad
979 3986 1380 4056 Aquileiensem
1411 3981 1704 4035 antistitem
1729 3980 1991 4049 epistolae,
2024 3986 2080 4033 et

487 4083 705 4157 quidem
757 4089 945 4135 contra
976 4076 1294 4146 Pelagianos
1338 4073 1495 4128 datm.
1547 4071 1768 4138 Quando
1818 4071 1882 4124 ad
1931 4072 2076 4124 illam

488 4190 587 4247 pro
609 4174 834 4228 veritate
857 4168 1198 4239 percipienda
1222 4168 1290 4223 ab
1317 4164 1607 4237 apostolica
1638 4163 1766 4217 sede
1786 4162 2076 4216 orthodoxi

488 4269 705 4327 remissi
732 4266 889 4323 sunt?
919 4265 1001 4321 Ad
1026 4262 1307 4334 Augustini
1332 4260 1501 4314 libros
1527 4266 1743 4312 sanctus
1765 4254 2076 4310 Ilormisdas
2124 4308 2129 4313 .

429 4410 433 4414 .
484 4361 725 4419 Orientis
748 4359 1016 4430 principes
1037 4357 1208 4423 viros,
1233 4353 1515 4423 episcopos
1543 4364 1606 4405 ac
1630 4347 1944 4414 monachos,
1969 4362 2076 4402 uno

486 4456 653 4513 verbo
694 4452 1019 4509 catholicum
1070 4447 1252 4504 orbem
1296 4445 1501 4501 retulit.
1544 4442 1771 4510 Quando
1820 4442 1887 4497 ad
1934 4442 2076 4496 illius

484 4560 731 4605 normam
758 4543 1037 4615 pontiﬁces
1067 4538 1454 4594 catholicorum
1480 4537 1779 4591 doctrinam
1809 4534 2075 4604 exegere?

2182 3343 2477 3407 quantusve
2524 3340 2669 3390 esset
2695 3332 3047 3403 Augustinus,
3078 3331 3143 3401 si
3172 3331 3414 3387 Ecclesia
3470 3330 3621 3385 illum
3662 3346 3755 3385 non

2182 3429 2565 3500 approbasset?
2589 3430 2700 3496 jam
2727 3441 2848 3481 cum
2877 3426 3137 3482 Cassiano
3180 3439 3246 3481 ac
3288 3424 3486 3480 Fausto
3518 3440 3758 3481 numera-

2182 3529 2347 3576 retur.
2406 3520 2569 3589 Igitur
2632 3517 2965 3574 tantumdem
3016 3517 3175 3573 nobis
3249 3517 3561 3587 probandus
3627 3518 3759 3573 venit

2130 3662 2135 3669 .
2181 3623 2440 3688 quantunt
2483 3614 2623 3670 idem
2655 3613 2722 3668 ab
2756 3610 2994 3668 Ecclesia
3025 3609 3350 3682 approbatus
3384 3609 3504 3664 fuit.
3556 3610 3754 3679 Quare,

2132 3763 2138 3770 .
2182 3711 2227 3766 si
2259 3708 2445 3779 lgnatii
2477 3706 2691 3762 libellus
2716 3707 2784 3761 ab
2814 3704 3055 3760 Ecclesia
3091 3703 3418 3774 approbatus
3448 3714 3530 3759 est
3558 3744 3573 3767 ,
3620 3704 3756 3760 iteu-

2129 3847 2133 3855 .
2183 3817 2287 3871 que
2318 3798 2601 3869 approbati
2634 3796 2781 3853 fuere
2812 3795 2934 3851 libri
2965 3795 3287 3866 Augustini,
3321 3794 3416 3850 sed
3460 3795 3553 3849 isti
3580 3810 3757 3865 appro-

2183 3893 2399 3947 batione
2428 3891 2619 3958 minus,
2648 3898 2709 3944 ut
2736 3890 2831 3954 ait,
2861 3904 3100 3960 expressa
3126 3887 3427 3957 explicitura
3451 3930 3469 3956 ,
3516 3887 3659 3943 unde
3691 3888 3758 3942 illi

2130 4036 2131 4041 η
2183 3981 2480 4055 lgnatiano,
2511 3994 2564 4039 te
2582 3983 2783 4054 judice,
2814 3984 3064 4053 efficacior
3084 3983 3140 4036 in
3163 3981 3399 4035 omnibus
3417 3983 3760 4037 consentiendi

2183 4080 2455 4133 necessitas
2498 4088 2590 4142 est,
2630 4091 2789 4146 quam
2832 4075 2950 4131 istis
2999 4074 3422 4147 Augustinianis,
3462 4075 3579 4145 jam
3622 4077 3760 4133 vides

2183 4169 2444 4238 Ignatium
2474 4166 2772 4237 Augustino
2809 4167 2892 4221 vel
2923 4167 3161 4235 praeponi
3184 4165 3279 4220 abs
3306 4173 3379 4233 te,
3408 4166 3495 4221 vel
3520 4182 3589 4222 ex
3613 4182 3757 4238 teque

2182 4264 2372 4319 saltem
2435 4260 2655 4330 opponi.
2702 4260 2771 4313 At
2810 4258 2920 4315 cito
2962 4259 3372 4328 commentaris,
3413 4260 3603 4330 tuique
3650 4260 3764 4316 facti

2183 4354 2321 4409 hanc
2370 4354 2637 4409 rationem
2684 4351 2903 4431 reddis,
2948 4366 3012 4408 ea
3042 4360 3096 4407 te
3122 4352 3191 4408 de
3218 4351 3481 4424 lgnatiani
3509 4354 3636 4409 libri
3678 4371 3765 4425 ap-

2182 4449 2499 4517 probatione
2546 4448 2804 4503 recitasse
2832 4466 2843 4501 :
2876 4464 2895 4497 ε
2925 4445 3082 4513 Quod
3110 4455 3324 4502 constet
3360 4446 3416 4500 in
3457 4447 3559 4503 hoc
3589 4448 3765 4504 libello

2184 4542 2361 4609 aliqua
2388 4555 2509 4595 esse
2537 4555 2658 4610 quae
2687 4539 3002 4610 capitalibus
3030 4539 3353 4595 Baianorum
3376 4541 3656 4611 principiis
3675 4556 3767 4612 op-

435 4677 439 4685 ν
486 4643 733 4698 Clemens
760 4638 873 4693 VIII
893 4636 1042 4707 juxta
1066 4630 1352 4701 Augustini
1384 4636 1617 4683 mentem
1657 4628 1778 4681 lites
1816 4626 1885 4681 de
1915 4626 2070 4679 auxi-
2097 4621 2154 4684 D
2182 4641 2471 4703 ponuntur,
2502 4632 2641 4686 scire
2675 4632 2832 4686 velim
2882 4631 3011 4702 quid
3050 4632 3161 4687 sint,
3189 4632 3498 4701 responsuri
3526 4643 3635 4685 tam
3686 4634 3768 4687 di.

481 4734 569 4789 liis
601 4731 800 4788 divinis
827 4722 1232 4797 componendas
1279 4720 1457 4788 jussit.
1502 4717 1851 4785 Quandonam
1899 4718 2068 4771 sancti

484 4824 668 4894 lgnatii
718 4820 931 4877 libellus
972 4817 1134 4872 tantis
1182 4813 1550 4868 Romanorum
1596 4809 1885 4879 praesulum
1922 4821 2071 4862 com-

482 4914 916 4971 mendationibus
960 4916 1219 4978 exceptus
1244 4947 1259 4972 ,
1296 4904 1454 4959 tantis
1496 4910 1803 4958 sanctorum
1850 4901 2066 4956 Patrum

483 5005 672 5075 elogiis
719 5004 1039 5067 decoratus,
1087 4998 1249 5053 tantis
1295 4997 1533 5051 omnium
1580 5008 1715 5064 pene
1744 4994 2067 5049 saeculorum

480 5093 751 5167 plausibus
779 5093 1072 5146 honoratus
1116 5087 1251 5142 fuit?
1283 5087 1412 5154 Quae
1441 5084 1658 5156 quidem
1700 5083 1884 5140 Iaudes
1933 5085 1977 5139 si
2015 5085 2069 5139 in

428 5230 431 5251 π
479 5190 677 5245 librum
705 5193 1024 5257 cogerentur
1044 5229 1059 5253 ,
1094 5185 1204 5255 jam
1238 5185 1465 5256 decuplo
1496 5187 1667 5255 major
1694 5186 1787 5242 ille
1814 5185 2068 5242 evaderet

474 5298 635 5355 quam
682 5281 819 5336 liber
849 5277 1243 5334 Exercitiorum
1290 5280 1462 5335 sancti
1492 5277 1700 5348 lgnatii.
1734 5279 1908 5335 Audio
1936 5294 2067 5336 sane

474 5377 604 5449 quid
633 5375 702 5432 de
727 5375 865 5430 libro
885 5372 980 5427 illo
1017 5370 1190 5427 sancti
1228 5370 1413 5443 lgnatii
1445 5372 1684 5427 Romana
1711 5373 1947 5428 Ecclesia
1973 5374 2064 5444 ju-

472 5474 615 5528 dicet
639 5471 693 5525 in
724 5467 1045 5526 lectionibus
1085 5465 1341 5522 Breviarii
1374 5466 1633 5521 Romani:
1668 5484 1685 5516 ‹
1726 5466 1932 5533 lIomo,
1985 5466 2069 5522 in-

472 5564 607 5632 quit,
638 5562 936 5618 litterarum
969 5559 1125 5631 plane
1151 5559 1300 5616 rudis
1324 5559 1695 5616 admirabilem
1728 5561 1877 5617 illum
1909 5576 2062 5618 com-

431 5705 439 5713 ,
475 5653 659 5720 posuit
698 5654 1092 5710 Exercitiorum
1121 5653 1319 5708 librum
1352 5652 1495 5708 sedis
1524 5654 1835 5725 apostolicae
1861 5650 2064 5725 judicio

448 5748 530 5821 et
554 5742 795 5796 omnium
835 5745 1061 5798 utilitate
1099 5744 1527 5813 comprobatum.
1571 5766 1589 5799 ι
1624 5746 1862 5803 Mirabile
1892 5762 2058 5815 sane,

474 5827 721 5906 libellum
746 5829 901 5917 illum
927 5848 957 5886 a
976 5834 1277 5890 litterarum
1304 5836 1466 5906 plane
1496 5838 1615 5895 rudi
1641 5851 1764 5896 esse
1786 5840 2059 5911 conscrip-

2132 4788 2133 4793 η
2180 4735 2337 4783 sertae
2380 4734 2592 4795 tamque
2622 4725 2893 4795 explicitas
2918 4726 3319 4796 approbationi,
3346 4725 3431 4797 qui
3459 4724 3635 4780 minus
3664 4739 3767 4780 ex-

2181 4834 2422 4891 pressam
2476 4818 2860 4889 explicitamve
2906 4819 3018 4873 suis
3068 4818 3375 4875 obtendunt
3413 4817 3712 4874 erroribus.
3741 4839 3760 4871 ι

2178 4914 2286 4971 Nos
2308 4915 2522 4983 quidem
2547 4896 2647 4984 pro?
2671 4912 2885 4967 Baianis
2921 4912 3121 4969 nullam
3170 4912 3450 4977 volumus,
3508 4911 3620 4969 imo
3670 4927 3764 4969 nec

2180 5021 2465 5077 possumus
2490 5006 2901 5077 responsionem
2937 5004 3227 5072 adornare,
3268 5004 3365 5060 sed
3403 5004 3546 5074 quod
3578 5006 3760 5061 eodem

2130 5158 2135 5161 ,
2177 5100 2285 5155 ictu
2314 5107 2370 5155 et
2397 5098 2626 5153 Baianos
2647 5105 2701 5153 et
2730 5095 3085 5166 Augustinum
3110 5094 3272 5152 ferias
3292 5135 3307 5161 ,
3360 5096 3454 5150 tibi
3488 5096 3622 5151 vitio
3649 5111 3785 5171 ver-_

2176 5194 2367 5259 timus,
2393 5192 2481 5262 qui
2510 5206 2606 5261 per
2634 5190 2956 5245 Baianorum
2989 5190 3177 5257 latera
3200 5190 3558 5260 Augustinum
3609 5182 3783 5281 impe:

2124 5326 2127 5329 .
2174 5285 2265 5339 tis.
2306 5283 2428 5339 Sint
2467 5283 2522 5337 in
2552 5282 2738 5337 libello
2763 5282 2955 5351 lgnatii
2985 5282 3269 5338 sententia:
3296 5282 3492 5353 quibus
3519 5283 3760 5355 capitalia
3786 5356 3793 5361 _

2176 5376 2388 5431 illorum
2436 5375 2688 5444 dogmata
2740 5374 3182 5444 strangulentur;,
3235 5374 3337 5446 ipsi
3385 5376 3653 5445 viderint;
3707 5387 3800 5446 at;

2174 5469 2315 5538 quod
2342 5467 2530 5523 eadem
2575 5467 2800 5537 periodo
2825 5467 3112 5538 Augustini
3152 5482 3248 5538 per
3288 5470 3638 5538 apostolicam
3677 5484 3759 5526 se-

2173 5563 2295 5618 dem
2327 5563 2768 5633 approbationem
2810 5563 2980 5617 minus
3023 5578 3318 5633 expressam
3362 5563 3759 5635 explicitumque

2172 5656 2474 5725 contendis,
2503 5656 2659 5713 nobis
2689 5657 2905 5728 placere
2936 5671 3042 5721 non
3070 5666 3281 5728 potest.
3312 5658 3480 5713 Parce
3510 5656 3677 5724 Patri,
3707 5666 3760 5712 et

2170 5749 2398 5804 Baianos
2424 5749 2478 5805 in
2507 5748 2756 5808 exsilium
2802 5764 2909 5807 non
2944 5750 3124 5818 Baias,
3152 5749 3251 5808 sed
3295 5756 3351 5806 ta
3397 5748 3636 5821 Gyarum
3666 5750 3762 5808 de-

2169 5851 2397 5913 portato.
