3930 6320
216 291 319 350 817

1392 297 1714 357 VINDICIA'I
1753 294 2310 357 AUGUSTINIANE.

3388 302 3492 356 818

287 408 345 463 Si
376 409 573 465 Annali
594 413 836 483 exemplo
874 413 1125 470 insistere
1164 421 1219 470 et
1262 429 1356 483 par
1402 417 1514 486 pari
1562 413 1791 469 reddere
1819 417 1872 477 Α
1899 423 2103 469 trarum
2125 413 2491 469 doctrinarum
2522 411 2804 466 harmonia
2841 413 3258 483 recitabitur,ac
3281 417 3491 477 dulcior

217 499 499 568 vellemus,
533 504 607 556 uti
640 504 730 558 ille
763 505 827 558 ad
858 506 1281 563 imminuendam
1311 508 1480 561 sancti
1523 505 1800 575 Augustini

215 591 474 646 adversus
530 592 845 663 Pelagianos
890 597 1176 652 scribentis
1221 597 1593 650 auctoritatem
1621 636 1634 659 ,
1689 604 1802 649 tum

211 683 454 739 collectis
488 685 721 753 plurium
748 690 1083 755 testimoniis,
1115 698 1223 743 tum
1244 687 1495 742 violentis
1523 687 1804 756 pravisque

210 773 576 830 Romanorum
610 780 897 846 praesulum
940 780 1112 850 elogia
1162 780 1336 835 eidem
1379 788 1566 834 sancto
1597 777 1801 832 doctori

212 866 390 921 delata
417 869 956 939 interpretationibus
983 886 1358 940 corrumpens,
1385 880 1570 926 contra
1595 873 1802 940 Augus-

211 957 380 1012 tinum
409 960 660 1030 insurgit,
691 977 973 1030 possemus
1001 971 1056 1018 et
1085 976 1183 1017 nos
1213 962 1400 1018 eadem
1444 975 1662 1031 prorsus
1707 976 1803 1015 au-

210 1049 362 1105 dacia
390 1052 494 1107 huc
537 1068 794 1111 revocare
840 1071 958 1124 quae
1006 1055 1174 1111 abbas
1220 1054 1630 1118 Constantinus,
1683 1068 1803 1122 quae

212 1138 524 1196 Vincentius
555 1143 833 1211 Baronius,
860 1146 943 1199 vir
969 1145 1099 1200 satis
1124 1154 1305 1211 notus,
1355 1153 1496 1213 part.
1543 1160 1578 1198 ll
1607 1143 1791 1198 Theol.

211 1229 367 1299 Mor.,
396 1232 535 1302 disp.
562 1236 614 1300 5,
647 1245 781 1290 sect.
817 1235 868 1301 1,
901 1244 1004 1290 art.
1033 1237 1090 1303 2,
1117 1235 1143 1306 §
1168 1236 1222 1301 2,
1252 1249 1370 1303 quae
1392 1233 1483 1287 alii
1508 1234 1575 1288 de
1603 1233 1800 1289 eisdem

209 1319 497 1379 Exercitiis
521 1327 689 1380 sancti
716 1326 904 1396 lgnatii
930 1328 1212 1396 scripsere,
1235 1341 1296 1380 ac
1313 1325 1539 1381 subinde
1560 1325 1804 1395 frigidam

204 1413 355 1469 illam
406 1417 602 1471 Annati
647 1421 1051 1485 excusationem
1096 1420 1394 1489 Augustino
1454 1419 1802 1492 quorumdam

205 1508 457 1563 censuris
487 1509 792 1564 insultantis
820 1521 1105 1580 repetere:
1148 1530 1166 1562 ι
1208 1512 1404 1568 Refero
1431 1521 1654 1577 tantum,
1699 1526 1803 1567 non

205 1600 402 1665 probo,
432 1601 477 1654 si
508 1600 800 1671 quidquam
825 1603 984 1671 justae
1014 1602 1324 1658 offensionis
1359 1619 1573 1660 causam
1603 1604 1694 1658 det
1723 1649 1736 1673 ,
1777 1621 1797 1655 ›

203 1688 304 1744 lib.
336 1706 447 1756 vtu,
480 1705 599 1760 cap.
634 1692 685 1758 6,
721 1709 842 1763 pag.
873 1693 997 1748 864.
1030 1695 1135 1748 Sed
1161 1695 1301 1752 absit
1345 1706 1402 1752 ut
1444 1697 1680 1752 hominis
1718 1711 1804 1751 er;

1906 504 2035 560 inde
2057 514 2352 560 concentus
2374 502 2697 558 inaudietur.
2723 502 2872 556 Filiis
2892 519 3101 572 quoque
3122 508 3317 562 vestris
3338 523 3491 567 eum-

1907 597 2027 651 dem
2059 597 2317 650 doctrina:
2339 608 2661 649 consensum
2686 594 2974 661 immittite,
3023 615 3224 671 eosque
3258 602 3488 658 invicem

1905 687 2171 742 officiosos
2200 688 2280 741 vel
2313 697 2527 741 servate
2554 687 2636 742 vel
2682 686 2863 745 facite.
2912 691 3090 762 Turpe
3137 692 3209 747 sit
3239 695 3293 748 in
3342 701 3489 746 tanta

1904 777 2121 831 Patrum
2146 781 2430 834 concordia
2451 786 2594 841 filios
2618 787 2819 845 odiosis
2844 804 2974 845 sane
3003 783 3492 855 comparationibus

1905 869 1971 924 de
1998 873 2308 928 eorumdem
2337 879 2657 937 auctoritate
2687 883 3032 939 contendere.

2482 991 2708 1049 CAPUT
2759 996 2892 1051 VIII.

1907 1075 2228 1153 Reccntiores
2259 1096 2322 1153 ea:
2345 1083 2561 1150 epistola
2588 1087 2751 1138 sancti
2779 1087 3035 1140 Calestini
3083 1102 3227 1153 papae
3273 1085 3341 1138 D.
3387 1085 3497 1138 Au-

2081 1151 2270 1220 gustini
2289 1153 2642 1208 auctoritatem
2671 1155 2913 1217 limitant.
2940 1151 3284 1226 Refetluntur.

1977 1245 2204 1300 Sanctus
2232 1245 2554 1302 leestinus
2585 1265 2720 1318 papa
2744 1266 2808 1305 ex
2840 1252 3137 1306 litterarum
3160 1250 3491 1305 commercio

1906 1336 2186 1406 Augustini
2217 1339 2439 1405 amicus,
2468 1356 2529 1396 ac
2557 1343 2753 1398 deinde
2784 1344 3051 1398 demortui
3087 1344 3349 1398 adversus
3392 1343 3488 1396 Se-

1907 1429 2323 1499 mi—Pelagianos
2376 1432 2658 1502 defensor,
2717 1435 2769 1488 in
2821 1435 3201 1505 Augustiniana
3248 1433 3489 1488 doctrina

1905 1523 2330 1577 commendanda
2363 1527 2602 1580 omnium
2627 1528 2962 1582 nobilissimo
3005 1527 3181 1597 elogio
3211 1541 3337 1580 usus
3383 1533 3488 1589 est,

1906 1614 2048 1668 unde
2077 1617 2406 1670 recentiores
2434 1617 2498 1669 ad
2527 1618 2660 1672 illud
2689 1619 3076 1673 decurtandum
3129 1616 3493 1671 limitantlum-

1907 1719 2011 1772 que
2038 1707 2178 1760 vires
2209 1721 2398 1761 omnes
2425 1708 2732 1774 intendunt,
2759 1718 2812 1762 et
2839 1708 2982 1777 quod
3012 1716 3093 1762 est
3115 1721 3303 1760 eorum
3358 1719 3490 1757 acu-

203 1796 384 1837 rorcm
418 1782 774 1852 redarguens,
807 1785 1058 1839 eumdem
1087 1787 1287 1852 imiter,
1311 1787 1535 1857 ejusque
1563 1788 1804 1842 criminis

1917 1813 2050 1865 men,
2086 1814 2152 1854 ex
2180 1800 2367 1854 eadem
2391 1800 2666 1855 leestini
2707 1801 2952 1869 epistola,
2995 1799 3137 1853 unde
3165 1798 3232 1852 ab
3266 1797 3381 1850 aliis
3403 1794 3491 1848 vel

203 1888 333 1930 reus
365 1874 483 1928 [iam
517 1875 668 1945 cujus
708 1876 849 1933 hunc
873 1880 1233 1934 recentiorem
1261 1882 1402 1949 apud
1425 1882 1632 1950 judices
1652 1896 1801 1935 reum

205 1965 424 2036 postulo
453 1969 466 2021 !
501 1968 838 2023 Erubescant
864 1966 1111 2038 profecto
1132 1969 1449 2037 adversarii,
1486 1971 1804 2026 erubescant

203 2057 335 2112 dum
363 2073 460 2113 nos
489 2059 543 2114 in
568 2059 708 2114 hanc
735 2076 956 2116 arenam
1009 2062 1095 2116 vel
1127 2063 1324 2117 invitos
1364 2064 1696 2132 propellunt,
1748 2065 1801 2118 in

203 2165 314 2220 qua
343 2151 551 2207 odiosis
574 2167 797 2222 prorsus
822 2155 1312 2224 comparationibus
1329 2155 1397 2210 de
1413 2157 1656 2212 divorum
1679 2171 1804 2212 auc-

209 2243 431 2298 toritate
455 2243 713 2314 litigetur.
745 2245 950 2301 Scitote
973 2247 1392 2316 Augustinianos
1421 2249 1589 2303 sancti
1616 2248 1802 2318 lgnatii

205 2335 450 2391 libellum
473 2337 560 2393 vel
587 2338 988 2408 Augustiuianae
1011 2338 1274 2395 doctrina:
1297 2341 1628 2395 conformem
1658 2341 1799 2394 reci-

209 2439 366 2496 pere,
398 2428 668 2494 evolvere,
703 2429 1030 2495 deosculari,
1051 2438 1188 2485 etne
1211 2430 1329 2499 quis
1351 2430 1418 2485 de
1440 2430 1541 2486 hoc
1564 2431 1801 2499 ipsorum

206 2519 470 2589 obsequio
494 2520 722 2586 dubitet,
756 2521 912 2576 editis
938 2523 1342 2578 commentariis
1367 2524 1467 2576 hoc
1511 2524 1686 2590 ipsum
1710 2537 1804 2577 co-

206 2623 326 2664 ram
359 2611 629 2666 catholico
657 2612 787 2666 orbe
819 2611 1157 2681 profitentur.
1190 2614 1252 2667 P.
1281 2614 1597 2670 Franciscus
1632 2615 1804 2668 Mace-

206 2701 306 2764 do,
342 2701 592 2755 Minorita
622 2702 933 2768 Lusitanus,
961 2703 1256 2772 seraphicaa
1285 2705 1462 2773 gentis
1503 2704 1757 2774 splendor
1787 2745 1802 2771 ,

207 2792 356 2845 hanc
385 2791 488 2847 sibi
517 2794 742 2863 gloriam
799 2795 1113 2852 felicissime
1160 2797 1510 2865 comparavit.
1560 2796 1658 2851 Hic
1699 2797 1809 2852 Au-

208 2880 535 2952 gustiniana:
565 2884 827 2940 doctrinae
857 2886 992 2942 adeo
1021 2887 1294 2942 studiosus
1316 2897 1420 2955 est,
1449 2897 1506 2942 ut
1551 2890 1605 2942 in
1631 2889 1810 2957 lsago-

209 2987 301 3044 ge,
334 2972 486 3026 initio
508 2987 620 3028 suae
653 2977 898 3042 cortinae,
927 2977 1029 3032 hac
1067 2978 1229 3033 veluti
1270 2987 1472 3034 tessera
1512 2980 1566 3034 in
1598 2979 1804 3034 littera-

209 3062 346 3130 riam
369 3065 670 3134 palrestram
719 3066 1117 3124 descenderet:
1156 3087 1174 3119 ‹
1209 3069 1323 3139 Ego
1381 3070 1805 3139 Augustinianus

211 3169 368 3224 sum;
419 3158 991 3227 Augustinianissimus
1037 3175 1176 3215 sum.
1216 3178 1236 3212 ι
1285 3161 1402 3226 Hic,
1436 3162 1652 3230 inquam
1684 3202 1699 3228 ,
1754 3163 1810 3215 in
1836 3147 1883 3210 C

211 3247 581 3304 eruditissimo
597 3249 692 3305 illo
719 3250 991 3306 volumine
1007 3266 1114 3321 quo
1130 3252 1387 3308 Ecclesia:
1401 3254 1602 3308 orantis
1626 3261 1680 3307 et
1704 3255 1810 3307 Au-

214 3343 415 3412 gustini
450 3343 734 3400 scribentis
765 3353 1084 3400 concentum
1117 3345 1424 3417 descripsit,
1473 3346 1809 3402 harmoniam

214 3449 428 3504 quoque
457 3436 849 3492 Exercitiorum
904 3438 1075 3492 sancti
1116 3437 1324 3507 Ignatii,
1359 3438 1634 3495 societatis
1683 3439 1810 3494 .lesu

214 3524 538 3591 fundatoris,
570 3536 625 3582 et
648 3542 871 3597 operum
893 3527 1065 3583 sancti
1084 3527 1367 3598 Augustini
1400 3528 1657 3586 Ecclesiae
1686 3530 1812 3585 doc-

216 3620 356 3675 toris
387 3621 550 3691 (nam
575 3623 734 3692 plane
764 3624 907 3678 hunc
933 3621 1086 3692 operi
1113 3622 1326 3676 titulum
1347 3622 1517 3692 dedit)
1543 3623 1807 3690 exhibuit,

217 3712 377 3781 cujus
407 3713 534 3768 illud
565 3715 840 3770 exordium
865 3723 984 3770 est:
1025 3733 1044 3766 ‹
1079 3713 1261 3781 Soleo,
1293 3714 1454 3784 idque
1475 3723 1727 3783 expertus
1749 3728 1812 3768 ac

215 3803 456 3874 prudens
472 3804 672 3874 dicere,
689 3807 828 3862 haud
847 3807 1002 3862 facile
1015 3807 1152 3861 inter
1169 3817 1384 3862 sanctos
1406 3808 1628 3876 reperiri
1652 3807 1810 3862 alium

217 3898 526 3967 Augustino
553 3915 674 3954 cum
703 3900 988 3966 doctrinae,
1021 3916 1140 3971 qua:
1162 3916 1189 3955 a
1215 3901 1326 3956 Deo
1349 3910 1452 3968 est,
1493 3911 1548 3958 et
1589 3904 1812 3975 mystica

217 3989 544 4059 appellatur,
573 3999 685 4046 tum
729 3993 991 4046 instituta:
1021 4009 1049 4045 a
1081 4007 1139 4048 se
1183 4001 1236 4047 et
1284 3993 1404 4048 aliis
1437 3993 1651 4048 indictae
1691 3994 1814 4049 vitae

217 4083 449 4149 ratione,
478 4099 636 4153 quam
668 4085 928 4153 Ignatium
979 4086 1321 4142 similiorem.
1362 4107 1380 4138 ι
1421 4088 1552 4154 Qua:
1596 4087 1812 4156 quidem

218 4173 306 4227 vir
334 4173 677 4231 doctissimus
709 4175 978 4232 fusissime
1006 4193 1100 4246 per
1133 4177 1320 4247 viginti
1343 4187 1466 4234 octo
1489 4178 1684 4248 capita,
1704 4180 1815 4234 col-

221 4267 349 4321 latis
370 4281 435 4322 ex
461 4276 694 4338 utroque
724 4270 1027 4334 sententiis,
1059 4269 1130 4323 ita
1161 4270 1496 4338 comprobat,
1522 4280 1578 4325 ut
1604 4271 1814 4340 profec-

224 4366 282 4412 to
304 4360 527 4416 minime
555 4361 850 4416 timendum
876 4363 944 4416 sit
974 4376 1042 4416 ne
1063 4361 1364 4431 Augustino
1403 4363 1691 4433 quidquam
1722 4363 1816 4419 de-

222 4453 465 4509 trimenti
512 4469 578 4510 ex
624 4456 885 4525 lgnatiani
934 4455 1104 4511 libelli
1151 4455 1483 4524 expressiori
1535 4471 1598 4511 ac
1645 4459 1815 4527 magis

225 4547 500 4616 explicita,
545 4557 601 4603 ut
646 4548 860 4619 inquis,
904 4548 1296 4619 approbatione
1338 4547 1615 4614 inferatur,
1674 4565 1813 4606 neve
1841 4530 1895 4592 D

226 4640 389 4693 tantis
414 4638 780 4696 Romanorum
805 4643 1092 4711 prazsulum
1119 4657 1180 4698 ac
1226 4642 1445 4697 Patrum
1488 4644 1678 4713 elogiis
1709 4644 1818 4699 Au-

221 4732 519 4801 gustiniani
541 4737 813 4792 volumina
840 4737 1240 4792 nobilitantibus
1264 4737 1449 4807 lgnatii
1476 4737 1688 4793 libellus
1709 4740 1820 4793 Suf-

225 4826 459 4894 fccetur,
482 4831 576 4884 sed
606 4846 726 4885 cum
755 4811 942 4886 eadem
969 4832 1218 4901 dogmata
1241 4841 1295 4886 et
1321 4847 1541 4901 parvum
1588 4833 1774 4902 lgnatii
1804 4873 1819 4898 ,

227 4931 285 4974 et
312 4923 513 4988 prolixa
540 4925 822 4993 Augusﬁni
849 4925 1121 4979 volumina
1161 4924 1228 4977 de
1273 4923 1466 4978 divina:
1495 4925 1682 4992 gratia:
1727 4940 1822 4978 au-

228 5013 375 5067 xiliis
403 5015 630 5086 tradant,
663 5016 850 5072 eadem
875 5031 1096 5087 prorsus
1117 5016 1504 5085 approbatione
1521 5016 1722 5069 munita
1740 5015 1822 5070 di-

225 5115 442 5172 cantur,
467 5111 763 5178 Augustino
781 5118 833 5164 et
849 5109 1151 5164 doctrinam
1165 5116 1219 5164 et
1234 5105 1477 5176 ejusdem
1497 5107 1656 5161 etiam
1679 5121 1826 5162 com-

229 5201 633 5257 mendationem
661 5205 711 5258 in
747 5203 1078 5273 lgnatianum
1109 5202 1348 5258 codicem
1378 5200 1823 5267 transfundente,

228 5302 284 5349 et
316 5293 521 5364 lgnatio
552 5311 688 5350 nova
717 5311 746 5349 a
777 5295 944 5350 Paulo
966 5295 1030 5350 lll
1060 5295 1447 5365 approbatione
1466 5293 1708 5360 obtenta,
1734 5307 1830 5347 an-

232 5389 383 5457 tiqua
417 5390 732 5458 pontiﬁcum
757 5391 826 5446 de
854 5390 1138 5461 Augustini
1186 5389 1335 5444 libris
1377 5389 1593 5445 decreta
1641 5404 1829 5447 recen-

230 5483 355 5536 tiori
408 5482 603 5539 iterum
647 5485 887 5553 ejusdem
950 5484 1259 5556 apostolica:
1319 5487 1464 5543 sedis
1523 5490 1828 5545 testimonio

233 5576 616 5634 confirmante.
650 5578 758 5634 Vos
780 5580 999 5650 quidem
1026 5597 1234 5652 magna:
1256 5584 1450 5640 animae
1474 5585 1645 5640 beata:
1688 5583 1830 5638 illius

232 5667 476 5737 regionis
507 5670 676 5736 cives,
709 5671 785 5725 uti
817 5672 870 5726 in
907 5672 1082 5742 libris,
1129 5673 1202 5730 ita
1243 5684 1297 5732 et
1342 5677 1395 5732 in
1425 5676 1631 5732 caelesti
1665 5676 1833 5744 patria

232 5763 542 5825 concordes
562 5776 825 5826 aeternum
854 5767 1025 5840 eritis,
1053 5776 1106 5827 et
1134 5770 1390 5843 angelicis
1430 5768 1676 5829 cantibus
1715 5784 1835 5832 ves—

1905 1905 2070 1959 supra
2123 1891 2299 1946 sidera
2354 1892 2741 1961 Augustiniana
2791 1890 3080 1944 auctoritas
3130 1887 3284 1942 evehi
3332 1885 3489 1950 solet,

1907 1972 2148 2036 eamdem
2179 1981 2486 2050 deprimere
2505 1991 2796 2036 (conantur.
2835 1979 3034 2035 Ultima
3063 1977 3304 2047 epistolae
3330 1974 3494 2027 verba

1905 2073 2150 2139 recitant,
2188 2090 2381 2144 nempe
2411 2075 2502 2131 ubi
2533 2074 2862 2130 leestinus
2893 2075 3005 2127 ait:
3061 2091 3082 2124 ‹
3112 2068 3492 2125 Profundiores

1909 2180 2040 2220 vero
2065 2166 2503 2237 dimcilioresque
2516 2177 2696 2237 partes
2711 2166 3097 2223 incurrentium
3112 2163 3490 2234 quaestionum,

1904 2270 2037 2326 quas
2067 2256 2224 2311 latius
2265 2266 2658 2326 pertractarunt
2697 2259 2787 2328 qui
2843 2257 3107 2312 haareticis
3154 2256 3491 2318 restiterunt,

1904 2347 2043 2402 sicut
2072 2361 2178 2402 non
2202 2349 2462 2404 audemus
2493 2356 2864 2414 contemnere,
2892 2348 2964 2402 ita
2994 2362 3101 2401 non
3141 2357 3364 2400 necesse
3394 2341 3492 2395 ba-

1903 2437 2094 2493 bemus
2121 2447 2414 2495 astruere.»
2436 2439 2638 2504 Quibus
2661 2438 2965 2508 significare
2989 2436 3341 2492 Caelestinum
3361 2445 3494 2486 con-

1904 2531 2152 2595 tendunt,
2179 2541 2373 2600 praeter
2417 2545 2612 2600 paucas
2658 2532 2831 2585 sancti
2864 2529 3148 2599 Augustini
3201 2523 3497 2582 sententias

1909 2623 1975 2676 ab
2008 2622 2262 2676 Ecclesiae
2295 2622 2619 2690 praesulibus
2645 2636 2708 2674 ac
2729 2621 2947 2691 synodis
2973 2629 3238 2689 receptas,
3263 2632 3392 2687 quas
3443 2614 3501 2668 in

1912 2714 2274 2782 superioribus
2298 2713 2551 2782 capitulis
2580 2712 2794 2776 recitat,
2843 2713 2939 2764 abs
2970 2726 3030 2766 se
3076 2712 3266 2765 iterata
3303 2721 3501 2777 appro-

1912 2806 2130 2861 batione
2152 2807 2516 2871 confirmatas,
2547 2804 2692 2859 nolle
2713 2804 2959 2874 reliquas
2989 2805 3056 2859 de
3099 2803 3279 2858 divina
3333 2800 3502 2871 gratia

1912 2899 2212 2968 Opiniones,
2245 2914 2378 2970 quas
2406 2900 2499 2956 ille
2527 2902 2580 2955 in
2623 2902 2736 2956 suis
2778 2907 2965 2955 contra
2996 2897 3310 2968 Pelagianos
3342 2894 3502 2951 editis

1913 2994 2363 3064 disputationibus
2392 2999 2579 3066 tenuit,
2616 3007 2869 3067 tanquam
2902 2997 2969 3051 de
2992 2994 3096 3049 fide
3121 3001 3385 3056 astruere,
3431 2987 3502 3043 ob

1915 3088 2204 3142 asserentis
2234 3097 2410 3144 tamen
2435 3091 2716 3159 Augustini
2756 3090 3134 3144 auctoritatem
3164 3101 3256 3141 eas
3300 3099 3360 3140 se
3393 3096 3502 3138 non

1914 3188 2282 3248 contemnere,
2311 3182 2405 3237 sed
2435 3182 2651 3237 easdem
2674 3183 2844 3238 libero
2866 3182 3127 3236 lectorum
3149 3177 3396 3234 assensui
3418 3172 3506 3229 vel

1914 3271 2179 3327 dissensui
2210 3271 2344 3327 citra
2366 3274 2805 3344 reprehensionis
2826 3274 3127 3344 periculum
3172 3272 3502 3342 permittere.

1917 3363 1983 3417 Et
2013 3363 2229 3434 quidem
2262 3366 2528 3430 Annatus,
2561 3367 2654 3422 lib.
2688 3382 2807 3429 vni,
2838 3381 2956 3434 cap.
2991 3367 3044 3433 1,
3086 3379 3210 3420 cum
3259 3377 3507 3419 numero-

1915 3471 2029 3510 sam
2064 3456 2276 3511 testium
2298 3467 2573 3512 catervam
2608 3467 2796 3511 contra
2820 3457 3174 3525 Augustinum
3215 3457 3506 3524 productu-

1915 3562 2008 3601 rus
2032 3557 2195 3612 esset,
2237 3548 2414 3602 eidem
2443 3547 2790 3602 Ctelestinum
2831 3561 3024 3615 papam
3059 3546 3336 3600 ductorem
3357 3544 3510 3600 dedit

1916 3638 2245 3692 inclamans:
2279 3641 2514 3708 «Agmen
2538 3638 2716 3703 ducet,
2742 3646 2800 3691 ut
2823 3652 2917 3706 par
2938 3647 3042 3705 est,
3066 3652 3308 3693 summus
3332 3638 3508 3707 ponti—

1917 3731 2002 3786 fex
2027 3728 2351 3786 Ccelestinus
2393 3730 2624 3796 Primus,
2654 3748 2672 3781 ›
2704 3743 2826 3785 cum
2853 3739 3026 3784 tamen
3059 3730 3334 3800 hucusque
3363 3731 3506 3787 inter

1919 3823 2217 3893 praecipuos
2240 3823 2411 3878 sancti
2439 3821 2675 3877 doctoris
2697 3820 3054 3877 encomiastas
3096 3820 3187 3876 ille
3226 3820 3366 3877 idem
3399 3821 3510 3891 pri-

1918 3932 2035 3972 mas
2062 3918 2314 3973 tenuerit.
2349 3916 2602 3984 Quinimo
2652 3915 2980 3972 recentiores
3010 3916 3098 3970 isti
3129 3914 3360 3987 ιι]θοίοεὶ
3392 3916 3508 3986 glo-

1918 4009 2125 4065 riantur
2153 4025 2212 4065 se
2259 4010 2505 4079 ejusdem
2538 4011 2781 4079 epistolae
2828 4009 3226 4078 limitationem,
3269 4027 3372 4081 qua
3409 4026 3506 4066 an-

1917 4102 2122 4174 gustior
2144 4104 2234 4157 fiat
2261 4103 2543 4173 Augustini
2568 4103 2878 4166 auctoritas,
2905 4117 2935 4157 e
2963 4104 3197 4158 tenebris
3227 4104 3277 4158 in
3305 4105 3509 4160 scholas

1918 4197 2101 4251 oculos
2141 4210 2441 4250 revocasse.
2491 4196 2753 4250 Audiatur
2793 4195 3058 4252 Moraines
3090 4197 3146 4253 in
3197 4198 3511 4267 praefatione

1921 4287 1986 4340 ad
2037 4286 2406 4342 orthodoxos:
2447 4306 2464 4338 ι
2501 4289 2670 4354 Quam
2713 4287 2865 4341 multi
2904 4289 3018 4343 sine
3041 4289 3151 4343 ullo
3196 4289 3508 4346 discrimine

1923 4380 2208 4448 Augustini
2231 4381 2602 4435 auctoritatem
2634 4381 3009 4447 admittebant,
3042 4380 3132 4451 qui
3154 4395 3296 4435 nunc
3329 4383 3508 4436 audita

1922 4473 2243 4527 limitatione
2263 4488 2422 4542 quam
2443 4474 2559 4543 ejus
2590 4475 2962 4544 approbationi
2991 4472 3318 4528 Cuelestinus
3343 4487 3513 4542 appo-

1920 4567 2046 4632 suit,
2078 4565 2208 4619 dum
2265 4564 2486 4620 audiunt
2541 4566 2739 4636 aliquid
2781 4582 2846 4622 ex
2898 4566 3196 4633 Augustino
3241 4563 3510 4632 preponi,

1923 4659 2214 4728 quaeritant
2237 4674 2253 4712 :
2273 4658 2438 4714 Estne
2461 4658 2563 4715 hoc
2581 4660 2648 4715 de
2686 4659 2790 4714 illis
2807 4655 3243 4728 profundioribus
3268 4655 3514 4724 quaestio-

1924 4755 2082 4810 nibus
2109 4769 2242 4824 quas
2269 4769 2373 4808 non
2403 4768 2624 4808 necesse
2649 4751 2910 4822 judicavit
2962 4758 3225 4813 astruere,
3269 4762 3403 4813 quas
3456 4748 3510 4803 in

1925 4847 2142 4916 ancipiti
2167 4846 2419 4914 opinandi
2449 4845 2694 4900 libertate
2749 4840 3018 4910 reliquit?
3055 4859 3072 4890 ι
3135 4839 3411 4909 Tripudiat
3457 4841 3512 4894 in

1928 4941 2035 4994 illis
2055 4939 2328 4994 Coelestini
2370 4938 2551 4991 verbis
2577 4938 2818 4989 Annatus
2851 4934 2942 4988 lib.
2980 4949 3096 4998 vm,
3131 4949 3250 5004 cap.
3305 4934 3356 5001 1,
3390 4946 3516 5004 pag.

1929 5030 2074 5084 858:
2113 5049 2130 5079 ‹
2172 5029 2278 5083 Nos
2307 5043 2456 5094 vero,
2499 5029 2690 5096 inquit,
2743 5038 2964 5083 auctore
3009 5026 3298 5084 Caelestino
3323 5030 3515 5084 distin-

1931 5122 2144 5192 guimus
2176 5123 2315 5176 inter
2345 5121 2678 5175 necessarias
2722 5130 2775 5177 et
2825 5121 3198 5179 indifferentes
3235 5121 3521 5191 Augustini

1935 5214 2256 5280 sententias,
2291 5229 2612 5284 omnemque
2636 5215 2759 5269 huic
2782 5215 2969 5271 lumini
2991 5216 3316 5272 contrariam
3347 5215 3523 5267 lucem

1937 5307 2186 5363 tenebras
2216 5316 2547 5376 reputamus.
2584 5327 2602 5358 ›
2648 5309 2830 5378 Itaque
2861 5309 2964 5364 hoc
3009 5310 3126 5365 loco
3179 5321 3274 5376 pro
3318 5308 3524 5373 Augus-

1939 5400 2140 5453 tiniana
2167 5399 2412 5454 doctrina
2461 5414 2582 5453 cum
2627 5401 3020 5455 recentioribus
3062 5397 3306 5454 cominus
3358 5394 3524 5454 veluti

1938 5490 2134 5546 collato
2165 5492 2299 5561 pede
2350 5490 2693 5561 pugnandum
2723 5501 2826 5556 est,
2854 5493 2907 5545 in
2939 5505 3045 5559 quo
3075 5487 3289 5559 quidem
3333 5499 3526 5554 campo

1941 5584 2115 5637 minus
2147 5583 2374 5638 feliciter
2401 5585 2755 5639 recentiorum
2808 5584 3040 5651 impetus
3073 5581 3159 5636 alii
3201 5580 3524 5647 sustinuere,

1943 5677 2086 5732 unde
2116 5678 2190 5731 illi
2220 5677 2572 5732 auimosiorcs
2599 5678 2723 5731 factl
2752 5676 2853 5732 sibi
2883 5691 2943 5732 ea
2977 5678 3030 5732 in
3059 5677 3150 5734 lite
3176 5675 3246 5732 de
3274 5673 3526 5745 Augusti-

1880 5844 1883 5845 ν
1948 5785 2017 5827 no
2047 5769 2326 5828 victoriam
2354 5778 2406 5826 et
2439 5769 2764 5840 triumphum
2796 5769 3065 5828 cecinere.
