3930 6302
451 301 552 357 819

1340 288 1893 352 SUPPLEMENTUM
1934 287 2023 345 AD
2061 285 2289 345 OPERA
2328 284 2388 343 S.
2429 282 2820 342 AUGUSTINI.

472 426 483 449 ·η
526 416 581 466 In
616 412 800 480 primis
850 410 1045 463 eximia
1080 411 1440 463 recentiorum
1499 407 1730 461 eruditio
1758 418 2033 459 commen-
2059 401 2115 463 Α
2139 397 2501 460 demorantes.
2538 397 2790 467 piissimis
2826 394 3246 465 disputateribus
3268 391 3489 449 obviare
3514 401 3716 480 prasa-

452 506 625 558 tlanda
654 506 913 568 occurrit,
966 504 1054 571 qui
1088 518 1116 554 e
1149 517 1205 554 re
1240 516 1458 569 prorsus
1488 502 1689 553 incerta
1722 509 1929 554 certum
1958 497 2037 551 in-

452 602 761 666 victumque
795 609 981 652 contra
1016 595 1370 663 Augustinum
1404 603 1779 663 argumentum
1810 606 2038 646 exerere

451 696 798 749 arbitrantur.
832 694 1037 747 Etenim
1073 692 1200 744 viris
1246 690 1626 745 eruditissimis
1671 698 1725 745 et
1751 691 2039 757 sapientis-

448 788 604 842 simis
636 786 775 840 haud
826 786 1083 854 probatur
1113 786 1278 839 verba
1327 786 1576 853 superius
1624 792 1916 839 memorata
1946 799 2034 838 as-

447 878 580 932 cribi
633 878 951 941 Caelestino,
1014 877 1105 930 sed
1160 878 1369 943 cuipam
1428 877 1582 930 alteri
1634 877 2036 947 Augustiniante

448 970 709 1024 doctrina:
748 968 990 1022 studioso
1038 967 1339 1034 deputanda
1368 982 1488 1023 esse
1533 968 1889 1023 contendunt.
1924 968 2038 1023 Cm-

448 1059 625 1113 lestini
660 1057 885 1125 epistola
919 1058 1025 1111 illis
1059 1058 1239 1113 verbis
1282 1059 1333 1113 in
1380 1059 1485 1115 fine
1534 1075 1654 1127 cap.
1694 1059 2036 1115 2'concludi-

450 1157 535 1201 tur
568 1167 579 1199 :
608 1148 746 1201 Deus
767 1164 854 1200 vos
884 1147 1169 1203 incolumes
1190 1150 1470 1216 custodiat,
1506 1153 1690 1221 fratres
1723 1152 2030 1205 charissimi.

448 1238 638 1294 Postea
677 1238 865 1293 decem
898 1240 1074 1306 capita
1105 1241 1465 1298 adnectantur
1494 1242 1544 1296 in
1576 1244 1767 1313 quibus
1798 1244 2034 1310 Pelagia-

450 1347 642 1386 norum
675 1347 736 1385 ac
771 1332 1360 1402 Serui-Pelagianorum
1388 1350 1603 1390 errores
1632 1351 1697 1390 ex
1721 1336 2035 1401 Innocentii,

446 1420 650 1476 Zosimi
678 1437 739 1476 ac
769 1425 959 1494 synodi
980 1425 1420 1495 Carthaginensis
1448 1428 1685 1483 dceretis
1713 1429 2031 1483 refutantur.

447 1512 615 1568 Porro
660 1515 760 1569 ista
794 1516 979 1571 decem
1026 1519 1198 1586 capita
1247 1533 1355 1572 non
1397 1535 1517 1574 esse
1547 1518 1826 1575 C(elestini
1873 1521 2038 1575 tradit

449 1605 830 1661 ecclesiastica:
887 1609 1125 1662 historia:
1180 1624 1377 1679 parens
1425 1612 1605 1667 Caesar
1662 1614 1922 1666 Baronius
1969 1612 2037 1665 ad

446 1713 645 1753 annum
680 1700 804 1766 651,
844 1717 963 1770 pag.
996 1702 1122 1767 605,
1156 1704 1246 1756 ubi
1290 1704 1363 1756 ait
1383 1703 1453 1758 de
1477 1705 1705 1773 epistola
1739 1706 1830 1759 illa
1860 1704 2037 1761 ϐαδιε-

2138 498 2327 553 munt,
2376 498 2430 543 et
2474 504 2593 543 cum
2626 488 2899 555 Pelagium
2928 494 3087 553 atque
3134 484 3444 540 Ccelestium
3494 479 3718 535 anathe-

2141 584 2397 637 matizare
2426 596 2531 635 non
2556 581 2824 645 dubitent,
2855 577 3123 648 magistris
3153 585 3329 632 nmen
3346 572 3577 636 nostris,
3609 580 3721 625 tan-

2137 688 2297 741 quam
2338 672 2703 727 necessarium
2763 671 2978 727 modum
3024 668 3388 727 excesserint,
3423 664 3725 728 obloquun—

2140 774 2246 831 tur,
2290 779 2465 832 eaque
2496 763 2865 818 tantummodo
2907 762 3053 830 sequi
3097 769 3151 815 et
3191 759 3419 826 probare
3467 755 3726 823 profiten-

2141 868 2244 922 tur,
2280 872 2401 926 quze
2424 854 2789 911 sacratissima
2821 854 2879 908 Β.
2914 852 3141 921 apostoli
3173 850 3319 905 Petri
3346 848 3506 904 sedes
3536 855 3726 905 contra

2140 950 2387 1003 inimicos
2411 948 2599 1016 gratia
2628 946 2721 1000 Dei
2764 960 2856 1014 per
2896 944 3250 1001 ministerium
3283 941 3573 1011 praesulum
3601 955 3724 996 suo-

2140 1055 2257 1094 rum
2290 1040 2465 1094 sanxit
2490 1048 2546 1093 et
2570 1037 2769 1095 docuit.
2813 1038 3187 1092 blecessarium
3216 1034 3316 1089 fuit
3335 1034 3622 1102 diligenter
3652 1033 3724 1085 in-

2139 1132 2352 1201 quirere
2398 1131 2525 1200 quid
2574 1142 2809 1187 rectores
2854 1130 3110 1184 Romanae
3150 1126 3407 1182 Ecclesia
3434 1126 3502 1180 de
3530 1124 3723 1180 haeresi

2140 1238 2260 1290 quae
2316 1237 2505 1276 eorum
2554 1222 2885 1291 temporibus
2936 1229 3120 1275 exorta
3175 1219 3351 1273 fuerat
3396 1216 3720 1286 judicarint:

2147 1328 2165 1362 ι
2194 1310 2323 1366 Haec
2350 1311 2493 1366 enim
2523 1325 2631 1365 non
2678 1310 2929 1366 videntur
2952 1312 3114 1365 verba
3154 1308 3384 1363 Romani
3414 1306 3679 1361 antistitis
3706 1320 3720 1357 :

2141 1419 2250 1459 non
2274 1406 2417 1458 enim
2450 1404 2516 1457 de
2549 1404 2793 1458 Romana
2834 1402 2966 1459 sede
3004 1411 3255 1470 tauquam
3287 1402 3355 1453 de
3401 1396 3619 1466 pmpria
3650 1396 3726 1449 lo-

2141 1497 2340 1565 quitur,
2378 1511 2475 1550 nec
2518 1498 2791 1551 Romanos
2821 1503 3061 1550 rectores
3115 1502 3270 1548 vocat
3299 1491 3727 1561 pradecessores

2141 1601 2290 1651 suos,
2325 1598 2479 1656 prout
2516 1588 2799 1655 pontifices
2833 1593 3254 1649 consueverunt,
3292 1594 3473 1638 tamen
3522 1580 3726 1643 habens

2143 1679 2210 1732 ad
2238 1678 2601 1735 definiendum
2651 1678 3027 1733 auctoritatem
3082 1675 3338 1746 loquitur.
3391 1676 3727 1741 Quapropter

448 1791 574 1845 stini
604 1807 619 1847 :
676 1809 696 1843 ι
726 1762 1029 1861 Iunguntur
1060 1762 1305 1861 epistolae
1354 1762 1531 1877 capita
1578 1797 1820 1864 quaedam
1852 1796 2041 1852 adver-

2146 1770 2308 1839 aliqui
2337 1779 2559 1827 censent
2591 1770 2678 1825 illa
2726 1769 2902 1835 capita
2950 1767 3116 1824 fuisse
3143 1781 3172 1820 a
3205 1766 3474 1833 Prospero
3500 1762 3728 1819 collecta

446 1895 537 1936 sus
564 1880 880 1951 Pelagianos
910 1898 1125 1939 errores
1157 1885 1225 1940 ab
1243 1887 1537 1954 apostolica
1570 1888 1701 1943 sede
1722 1888 1849 1943 olim
1882 1898 1935 1943 et
1969 1890 2037 1945 ab

447 1970 713 2025 Africanis
744 1973 962 2028 decreta
984 1975 1248 2042 conciliis,
1282 1977 1475 2043 quibus
1503 1978 1762 2034 deberent
1787 1980 2038 2035 insistere

448 2066 537 2132 qui
576 2066 676 2119 sub
705 2065 973 2121 catholico
1014 2070 1231 2125 nomine
1262 2070 1385 2126 licet
1429 2072 1697 2139 Pelagium
1729 2085 1890 2141 atque
1918 2071 2037 2130 Cae—

447 2158 662 2211 lestium
719 2160 1063 2214 anathemate
1109 2162 1561 2228 condemnarent,
1615 2178 1801 2218 eorum
1860 2174 2035 2219 tamen

448 2248 742 2306 defendere
770 2261 1095 2307 conarentur
1143 2269 1376 2309 errores.
1434 2256 1693 2310 Pntantur
1737 2257 1828 2309 illa
1860 2258 2036 2325 capita

449 2355 571 2396 esse
596 2341 865 2411 Prosperi,
889 2344 998 2411 qui,
1035 2354 1091 2398 ut
1120 2345 1357 2413 profiteri
1384 2347 1615 2410 Videtur,
1640 2362 1700 2402 ea
1732 2348 1949 2415 collegit
1968 2364 2036 2403 ex

449 2430 680 2486 decretis
706 2432 1071 2488 Romanorum
1106 2436 1415 2503 pontiﬁcum
1440 2479 1454 2503 ,
1488 2438 1753 2507 simulque
1791 2439 2037 2493 cciiciliis

448 2518 734 2589 Africanis,
769 2524 856 2577 ubi
889 2524 1027 2578 idem
1060 2524 1261 2579 Auctor
1287 2526 1401 2580 haec
1434 2527 1608 2593 habet,
1638 2527 1696 2582 iu
1724 2527 1869 2583 fine:
1906 2529 2040 2583 1³νο-

449 2614 717 2683 fundiores
770 2632 886 2671 vero
959 2617 1385 2689 difﬁcilioresque
1437 2630 1607 2691 partes
1665 2622 2039 2676 incurrentium

452 2710 822 2777 qumtionum,
852 2726 981 2780 quas
1005 2711 1179 2777 latius,
1207 2720 1341 2779 etc.,
1364 2721 1422 2768 ut
1447 2729 1628 2785 supra.
1657 2734 1687 2772 ›.
1713 2714 1851 2771 Ante
1876 2715 2038 2769 Baro-

449 2801 596 2856 nium
618 2803 943 2858 Laurentius
966 2805 1158 2881 Surius
1177 2845 1192 2871 ,
1238 2808 1289 2860 in
1318 2821 1470 2861 sacra
1507 2806 1733 2863 historia
1762 2810 1895 2863 satis
1919 2824 2040 2878 per-

449 2892 703 2959 celebris,
736 2895 935 2964 aliique
977 2906 1101 2963 post
1136 2900 1307 2967 ipsum
1338 2900 1657 2954 collectores
1686 2902 2038 2957 conciliorum

448 2984 554 3040 hoc
576 2987 748 3054 ipsum
783 2997 1186 3056 praenotarant;
1218 3004 1341 3045 nam
1374 2993 1427 3045 in
1456 2991 1696 3047 editione
1734 2991 2039 3048 Coloniensi

448 3073 852 3142 Conciliorum,
907 3092 1049 3132 anno
1094 3078 1254 3145 1551,
1286 3096 1318 3134 a
1365 3082 1533 3137 latere
1583 3084 1697 3136 hanc
1746 3085 2038 3152 leguntur:

2145 1862 2296 1921 etilli
2325 1862 2565 1931 epistolae
2614 1861 2888 1929 adiuncta,
2922 1875 3076 1929 aqua
3122 1858 3385 1925 sententia
3432 1870 3540 1914 non
3574 1856 3727 1926 longe

2139 1956 2296 2011 abest
2346 1955 2605 2009 Barouius
2653 1969 2795 2011 aiino
2832 1952 2960 2017 451,
3007 1967 3156 2009 num.
3208 1949 3345 2017 185,
3392 1959 3561 2009 etest
3587 1960 3726 2007 certe

2143 2046 2477 2110 verisimilis,
2523 2046 2983 2114 indicaturquein
3032 2045 3143 2101 illis
3190 2043 3370 2100 verbis
3418 2041 3723 2111 :Hagiwis

2140 2141 2326 2193 nostris
2359 2148 2601 2207 tauquam
2630 2141 2975 2197 necessarium
3002 2138 3214 2196 modum
3233 2138 3561 2201 excesserint,
3585 2135 3720 2191 oblo-

2139 2246 2395 2301 quuntur;
2422 2236 2538 2291 haec
2564 2236 2710 2291 enim
2741 2236 2905 2291 verba
2926 2236 2981 2289 in
3020 2233 3249 2303 gratiam
3280 2229 3565 2300 Augustini
3586 2227 3719 2285 dicta

2139 2338 2283 2393 sunt,
2329 2329 2602 2398 magisque
2644 2329 2893 2384 redolent
2931 2326 3257 2395 Prosperum
3288 2338 3448 2394 quam
3474 2319 3714 2380 (Italasne

2141 2435 2289 2476 num.
2319 2441 2339 2475 ι
2378 2422 2503 2477 llmc
2532 2422 2642 2475 ille.

2212 2538 2357 2593 Vidit
2384 2538 2486 2592 ista
2517 2538 2568 2591 in
2587 2537 2744 2593 Surio
2772 2534 2990 2592 Gabriel
3028 2534 3290 2603 Vasquez,
3336 2539 3477 2603 part.
3512 2545 3549 2595 ι,
3586 2529 3714 2594 disp.

2142 2634 2231 2699 9i,
2287 2648 2435 2687 num.
2483 2630 2573 2696 35,
2617 2630 2857 2699 dixitque
2892 2630 2959 2683 ab
3008 2643 3074 2683 eo
3124 2633 3343 2680 auctore
3388 2624 3507 2678 sine
3545 2621 3716 2675 tunda-

2143 2734 2327 2779 mento
2357 2722 2541 2793 negari
2563 2723 2733 2792 capita
2764 2722 2850 2775 illa
2876 2736 2996 2776 esse
3023 2716 3322 2782 C(elestini,
3354 2730 3476 2771 cum
3504 2714 3579 2769 uti
3608 2713 3715 2767 Cm-

2144 2816 2323 2871 lestini
2351 2816 2657 2871 sanctiones
2684 2812 2969 2881 protulerit
2996 2810 3185 2865 Petrus
3211 2808 3497 2862 Diaconus.
3523 2803 3721 2858 Addere

2144 2917 2356 2978 poterat
2376 2918 2431 2964 et
2454 2908 2803 2981 Cresconium
2835 2907 2885 2959 in
2919 2903 3256 2960 Collectione
3304 2915 3603 2964 canonum;
3637 2913 3720 2951 rc-

2146 3015 2263 3053 rum
2296 3002 2397 3056 iste
2425 3002 2559 3055 vixit
2592 3014 2732 3053 anno
2767 2999 2892 3062 6%8,
2922 3000 3110 3051 Petrus
3136 3010 3263 3049 vero
3296 2994 3563 3047 Diaconus
3604 2990 3724 3043 inte

2147 3108 2243 3163 gro
2273 3102 2393 3165 post
2419 3094 2765 3149 Caelestinum
2797 3090 2994 3146 saeculo
3025 3090 3223 3153 ﬂoruit,
3275 3097 3333 3141 ut
3380 3102 3448 3142 ex
3502 3082 3722 3139 Historia

458 3187 477 3220 ι
514 3167 803 3238 Sequentia
836 3171 1086 3224 undecim
1110 3172 1338 3240 capitula
1366 3175 1614 3232 videntur
1642 3176 1822 3245 potius
1841 3179 1907 3233 ab
1933 3180 2040 3236 alio
2072 3179 2118 3240 C
2150 3195 2329 3241 nostra
2376 3187 2659 3255 Pelagiana
2691 3184 3033 3252 intelligitur;
3064 3196 3231 3252 quare
3262 3180 3437 3250 potuit
3465 3192 3530 3232 ea
3560 3178 3719 3244 capita

448 3258 701 3327 quopiam
768 3261 1088 3323 interposita
1158 3280 1319 3333 quam
1365 3281 1489 3323 esse
1536 3269 1703 3337 ipsius
1761 3267 2040 3327 leestini

450 3364 621 3420 papae.
666 3370 684 3403 ι
724 3352 781 3406 ln
811 3351 1048 3409 editione
1068 3355 1171 3412 sub
1216 3356 1372 3413 Sixto
1422 3359 1489 3427 V,
1522 3360 1624 3415 hoc
1647 3362 1889 3417 scholion
1923 3376 2043 3433 post

450 3445 742 3501 sccundum
772 3446 1065 3516 capitulum
1097 3451 1353 3506 inseritur
1387 3470 1400 3507 :
1427 3472 1447 3506 ι
1489 3453 1605 3508 Non
1639 3455 1851 3510 videtur
1881 3457 2040 3513 dubi-

454 3536 679 3591 tandum
710 3540 837 3609 quin
860 3542 1141 3609 sequentia
1164 3543 1272 3598 sint
1300 3541 1576 3615 Prosperi,
1610 3556 1716 3602 tam
1747 3561 1872 3604 sunt
1894 3550 2043 3605 simi-

451 3630 522 3685 lia
549 3640 604 3686 et
632 3644 950 3703 argumento
1000 3645 1057 3691 et
1097 3637 1239 3707 stylo
1286 3637 1402 3707 ejus
1433 3641 1669 3710 scriptis.
1697 3659 1717 3693 ι
1768 3642 2041 3698 Gerardus

451 3722 699 3791 Vossius,
728 3728 808 3782 vir
829 3744 987 3799 quem
1019 3730 1283 3785 librorum
1318 3731 1624 3787 helluonem
1652 3735 1875 3801 dixeris,
1901 3736 1992 3790 lib.
2027 3753 2041 3790 ι

450 3816 588 3872 llist.
623 3818 831 3889 Pelag.,
880 3836 998 3890 cap.
1048 3821 1138 3886 50,
1185 3823 1429 3878 eamdem
1479 3828 1799 3880 sententiam
1850 3828 2045 3896 prohat

451 3910 651 3979 duplici
709 3922 1077 3979 argumento:
1131 3929 1277 3976 uno,
1321 3916 1461 3983 quod
1510 3915 1831 3973 Ctelestinus
1861 3921 1911 3973 in
1954 3922 2040 3975 illa

450 4004 677 4071 epistola
710 4020 816 4059 non
864 4006 1111 4058 meminit
1162 4008 1350 4060 horum
1381 4011 1615 4077 capitum
1661 4026 1780 4081 quae
1825 4028 2040 4069 annexa

450 4094 623 4147 eidem
670 4103 822 4159 sunt;
856 4096 999 4150 aliud
1032 4097 1117 4152 his
1155 4099 1337 4155 verbis
1385 4102 1636 4171 proponit
1671 4122 1682 4155 :
1742 4122 1760 4155 ι
1800 4106 2039 4160 Alterum

450 4195 825 4256 argumentum
857 4203 953 4242 cur
996 4191 1273 4247 Ceclestini
1305 4208 1427 4249 esse
1460 4210 1565 4251 non
1597 4198 1781 4265 possit,
1821 4198 1920 4253 hoc
1962 4208 2043 4254 est

449 4279 596 4351 quod
647 4279 945 4336 Innocentii
975 4292 1027 4337 et
1079 4282 1277 4338 Zosimi
1323 4286 1578 4355 epistolas
1626 4290 1755 4343 citet
1799 4290 2037 4358 saepius,

451 4388 553 4427 nec
584 4386 807 4442 usquam
839 4372 922 4428 vel
958 4374 1100 4428 hunc
1140 4374 1480 4431 decessorem
1519 4378 1602 4433 vel
1648 4379 1797 4435 illum
1827 4381 2041 4450 prtede~

446 4478 725 4520 sessorem
779 4478 936 4517 suum
989 4465 1262 4534 appellet,
1323 4478 1511 4521 contra
1571 4485 1729 4538 quam
1784 4471 2041 4525 Romanis

446 4555 724 4626 episcopis
752 4570 869 4611 mos
890 4564 993 4623 est,
1018 4565 1073 4612 et
1101 4555 1424 4612 Caelestinus
1450 4560 1561 4627 ipse
1592 4560 1643 4614 in
1670 4561 1894 4629 epistola
1914 4562 2038 4617 facit
2070 4549 2119 4608 Ι)

451 4649 537 4705 bis
562 4650 744 4705 verbis
770 4668 782 4703 :
818 4650 1139 4720 Augustinus
1168 4650 1301 4703 inter
1330 4653 1604 4722 magistros
1640 4654 1857 4724 optimos
1888 4656 2039 4711 etiam

449 4752 572 4798 ante
618 4760 651 4798 a
690 4745 814 4799 meis
843 4744 1195 4799 decessoribus
1226 4744 1523 4798 habebatur.
1551 4746 1692 4801 Sane
1740 4748 1857 4801 haec
1882 4764 2039 4817 arguo

451 4847 631 4891 menta
678 4838 809 4891 tanti
863 4837 1002 4905 apud
1048 4852 1136 4890 me
1183 4844 1343 4900 sunt,
1402 4846 1460 4893 ut
1521 4836 1813 4893 Caelestino
1865 4838 2038 4901 ἁπλῶς

453 4929 694 4984 tribuere
707 4943 813 4983 non
836 4930 1005 4983 ausim
1027 4937 1111 4995 ;at
1126 4928 1281 4998 cujus
1303 4928 1373 4982 sit
1397 4928 1538 4983 ultra
1564 4928 1996 5000 disquirendum.
2012 4950 2028 4981 ι

455 5020 562 5076 Sed
610 5030 781 5087 neque
813 5035 876 5072 ex
908 5021 1175 5089 theologis
1204 5036 1268 5075 ex
1313 5022 1674 5077 recentiorum
1722 5022 1905 5076 schola
1936 5022 2033 5076 de-

452 5111 607 5166 fuere
633 5108 722 5177 qui
772 5119 1030 5176 negarem
1058 5110 1143 5163 illa
1188 5110 1365 5178 capita
1392 5126 1513 5167 esse
1549 5112 1859 5178 leestini;
1899 5128 2036 5167 unus

450 5216 551 5273 pro
580 5198 726 5255 mille
755 5196 987 5253 sufficiat
1027 5199 1350 5257 Franciscus
1379 5203 1603 5259 Suarius
1627 5247 1639 5267 ,
1677 5206 1882 5277 proleg.
1913 5206 1947 5261 6
1970 5205 2036 5261 de

452 5292 662 5359 Gratia,
700 5306 817 5360 cap.
872 5290 926 5357 1,
966 5304 1114 5345 num.
1150 5292 1233 5359 11,
1287 5294 1375 5349 ubi
1437 5297 1551 5351 hac
1607 5297 1793 5353 scribit
1837 5315 1849 5352 :
1900 5316 1919 5349 ς
1959 5298 2036 5352 Ex

449 5386 611 5443 modo
659 5384 908 5455 loquendi
936 5382 1289 5454 intelligimus
1328 5390 1649 5457 scriptorem
1683 5389 1829 5447 illius
1869 5392 2038 5460 partis

447 5494 557 5533 non
588 5476 752 5534 fuisse
773 5477 1126 5535 Caelestinum
1148 5519 1164 5545 ,
1196 5494 1293 5534 nec
1319 5481 1553 5548 aliquem
1584 5482 1884 5539 Romanum
1906 5500 2036 5554 pon-

428 5569 647 5627 .I-iﬁcem
668 5609 681 5631 ,
715 5579 774 5624 ut
804 5579 951 5639 patet
979 5584 1046 5626 ex
1075 5570 1185 5626 illis
1206 5572 1406 5628 verbis.
1442 5590 1459 5623 ι
1494 5573 1630 5640 Quia
1661 5576 1904 5630 nonnulli
1944 5578 2036 5645 qui

448 5658 718 5717 catholico
773 5664 993 5719 nomine
1041 5664 1379 5735 gloriantur,
1434 5667 1486 5722 in
1540 5668 1808 5724 damnatis
1856 5680 2033 5724 autem

453 5745 826 5804 haereticorum
867 5755 1109 5812 sensibus
1157 5772 1253 5814 seu
1294 5760 1555 5827 pravitate
1601 5762 1714 5819 sive
1764 5763 2031 5835 imperitia

2146 3278 2289 3334 edita
2340 3293 2368 3331 a
2410 3277 2677 3348 Prospero
2718 3292 2811 3345 per
2852 3290 3087 3331 errorem
3139 3273 3376 3328 tribuere
3419 3270 3719 3325 Caelestino.

2145 3370 2283 3425 ilinc
2313 3368 2536 3423 Phntius
2560 3410 2573 3434 ,
2610 3376 2852 3423 veterum
2898 3374 3365 3421 monumentorum
3397 3361 3622 3433 diligens
3651 3362 3726 3414 in-

2144 3466 2365 3536 dagator
2391 3474 2444 3520 et
2472 3480 2684 3533 censor,
2712 3465 2834 3521 cod.
2869 3463 2954 3531 55,
2980 3464 3047 3519 de
3080 3454 3268 3519 eodem
3296 3461 3590 3518 Caelestino
3619 3459 3724 3513 hzec

2146 3554 2345 3611 habet:
2398 3574 2415 3607 ί
2453 3555 2681 3626 Scripsit
2739 3556 2879 3611 idem
2911 3563 2965 3610 et
2998 3554 3064 3609 ad
3113 3555 3406 3611 Galliarum
3453 3552 3724 3621 episcoitos

2145 3648 2210 3702 de
2238 3647 2340 3703 fide
2371 3647 2429 3701 Β.
2465 3647 2767 3717 Augustini,
2795 3656 2847 3701 et
2872 3657 3062 3703 contra
3093 3660 3185 3702 eos
3207 3644 3294 3715 qui
3320 3643 3543 3698 haeresis
3575 3642 3727 3696 licen-

2146 3741 2221 3795 tia
2252 3742 2412 3795 nimis
2442 3742 2566 3796 elati
2606 3743 3012 3796 insolescerent.
3048 3760 3065 3793 ι
3102 3743 3227 3808 Qun
3257 3738 3474 3809 quidem
3525 3737 3577 3791 in
3606 3736 3729 3790 duo-

2146 3835 2244 3889 bus
2274 3833 2542 3903 prioribus
2573 3834 2838 3902 capitibus
2867 3834 3238 3898 continentur,
3273 3845 3450 3899 neque
3481 3828 3644 3882 ullam
3672 3842 3729 3880 ca

2146 3925 2197 3980 in
2228 3926 2455 3994 epistola
2487 3934 2809 3982 statutorum
2854 3926 3160 3997 dogmatum
3207 3926 3539 3979 mentionem
3587 3921 3729 3977 fecit.

2146 4016 2376 4071 Jacobus
2432 4017 2592 4071 etiam
2642 4016 2977 4083 Sirmondus,
3028 4015 3225 4071 tomol
3271 4014 3477 4071 Concil.
3528 4013 3731 4077 Galliae,

2146 4107 2321 4175 capita
2343 4106 2429 4161 illa
2457 4107 2697 4176 epistolae
2724 4116 3034 4163 memorata:
3056 4122 3262 4163 annexa
3284 4107 3350 4162 ab
3373 4106 3563 4162 eadem
3591 4122 3735 4177 pror-

2146 4213 2238 4254 sus
2268 4201 2538 4269 separavit
2566 4199 2723 4255 lineis
2753 4201 3106 4271 interpositis,
3156 4216 3263 4271 quo
3302 4200 3480 4256 alieno
3531 4200 3734 4257 auctori

2146 4290 2236 4345 illa
2290 4308 2509 4360 prorsus
2559 4293 2863 4363 deputanda
2889 4307 3009 4349 esse
3053 4302 3396 4348 monstraret.
3454 4293 3565 4349 Sed
3621 4309 3735 4363 age,

2148 4386 2437 4452 probemus
2469 4402 2530 4442 ca
2562 4387 2735 4455 capita
2775 4402 2881 4441 non
2906 4386 3070 4441 fuisse
3099 4402 3128 4440 a
3178 4386 3468 4440 Caelestino
3514 4388 3734 4455 scripta.

2148 4477 2288 4546 quod
2329 4492 2459 4533 sane
2490 4477 2754 4546 praestabo
2785 4486 3101 4547 argumento
3141 4493 3246 4547 quo
3299 4478 3411 4548 ipse
3456 4478 3738 4532 convictus

2147 4583 2289 4623 sum.
2316 4568 2471 4623 Prius
2519 4577 2694 4623 tamen
2727 4569 2983 4624 nonnulla
3020 4570 3250 4625 notanda
3280 4571 3505 4625 veniunt
3545 4571 3741 4640 quibus

2151 4668 2419 4715 tantorum
2469 4660 2791 4729 scriptorum
2842 4664 3111 4719 sententia
3165 4663 3483 4727 illustratur;
3536 4678 3740 4727 nempe

2149 4752 2472 4821 Prosperum
2500 4759 2554 4806 et
2575 4752 2834 4810 Hilarium
2860 4769 2957 4825 pro
2987 4756 3389 4825 Augustinianis
3416 4753 3559 4809 libris
3588 4768 3735 4824 quos

2150 4843 2508 4899 Massilienses
2538 4845 2846 4914 carpebant,
2889 4862 2951 4904 ac
2987 4864 3047 4903 se
3087 4848 3215 4915 ipsis
3261 4861 3471 4919 quoque
3508 4846 3602 4916 qui
3657 4849 3737 4900 uti

2149 4946 2391 5001 haeretici
2428 4948 2629 5016 passim
2664 4948 3100 5019 traducebantur,
3134 4950 3357 5005 Romam
3388 4949 3455 5004 ad
3486 4948 3740 5004 Caelesti-

2149 5064 2277 5103 num
2327 5051 2593 5120 profectos
2625 5052 2807 5119 fuisse,
2835 5068 2955 5124 quae
2986 5063 3168 5124 patent
3217 5069 3281 5109 ex
3307 5054 3576 5137 Prospero
3618 5069 3735 5122 cap.

2147 5148 2218 5206 40
2248 5160 2431 5207 contra
2469 5151 2819 5223 Collatorem,
2858 5165 2912 5209 et
2953 5170 3071 5225 cap.
3108 5157 3134 5210 1
3183 5154 3421 5224 epistolae
3458 5154 3737 5211 leestini

2126 5251 2214 5321 ad
2237 5254 2517 5325 episcopos
2544 5256 2751 5312 Gallite.
2776 5256 3101 5314 leestinus
3121 5273 3249 5315 vero
3279 5258 3489 5313 litteras
3514 5257 3583 5312 ad
3614 5256 3738 5312 Gal-

2143 5354 2226 5411 los
2250 5356 2515 5412 antistites
2545 5358 2854 5427 destinavit,
2880 5359 3073 5433 quibus
3102 5369 3345 5415 sanctum
3377 5358 3733 5429 Augustinum

2147 5460 2344 5517 eximie
2392 5461 2828 5527 commendavit,
2874 5472 3060 5518 vetans
3111 5461 3357 5534 ejusdem
3415 5460 3732 5517 memoriam

2146 5564 2301 5619 novis
2347 5563 2757 5629 Massiliensium
2787 5564 3067 5629 conatibus
3112 5564 3353 5635 percelli,
3387 5578 3451 5619 ac
3498 5563 3731 5631 Prosper

2146 5678 2265 5719 rum
2293 5674 2347 5719 et
2372 5664 2626 5723 Hilarium
2653 5666 2873 5723 haeresis
2893 5666 3155 5731 accusari,
3182 5666 3311 5725 nihil
3336 5665 3555 5719 interim
3593 5662 3732 5719 scri-

2147 5766 2223 5837 pti
2247 5765 2499 5823 adversus
2528 5767 2747 5825 eosdem
2776 5768 3068 5841 publicans,
3110 5783 3221 5841 quo
3259 5767 3471 5827 illorum
3512 5782 3731 5827 errores
