3930 6318
241 268 334 325 (LEM

1441 269 1753 329 VlNDlCl/E
1795 269 2350 330 AUGUSTINIANIE.

3427 280 3532 336 822

235 385 639 448 damnarentur,
675 385 798 440 hinc
827 386 1052 455 epistola
1096 386 1406 442 inscribitur
1441 404 1535 458 pro
1570 387 1825 456 Prospero
1855 389 1902 443 Α
1934 405 2082 444 num.
2104 390 2207 446 85:
2234 409 2251 442 ι
2273 391 2496 456 Quibus,
2517 391 2710 462 inquit,
2733 394 2866 450 locis
2880 400 3332 456 cumCoelestinus
3349 403 3528 455 omnia

237 487 286 530 et
319 477 547 532 Hilario.
582 477 688 532 Sed
721 478 819 533 hoc
850 479 1004 534 nobis
1034 487 1116 534 est
1146 479 1644 538 demonstrandum.

315 586 540 643 Sanctus
589 585 850 657 Prosper,
905 595 1089 644 contra
1138 588 1458 642 Collatorem
1504 588 1828 655 probaturus

237 680 485 733 bonarum
509 677 828 733 voluntatum
858 679 1005 733 initia
1048 680 1147 734 Dei
1190 680 1527 748 inspiratione
1572 680 1822 749 generari,

233 772 448 826 adducit
469 786 588 841 cap.
615 774 682 826 l0
707 774 1012 830 testimonia
1044 774 1362 838 Innocentii,
1391 775 1586 829 Zosimi
1609 786 1661 830 et
1683 777 1826 830 Con-

233 864 345 918 cilii
396 863 831 934 Carthaginensis
881 866 1070 921 eadem
1114 867 1335 922 omnino
1382 882 1500 936 quae
1545 868 1824 924 leestini

231 953 426 1008 litteris
471 954 718 1026 adjuncta
751 956 1020 1026 leguntur,
1065 967 1121 1012 et
1170 959 1441 1013 concludit
1474 976 1488 1013 :
1521 979 1540 1012 ‹
1592 961 1824 1015 Videsne

232 1048 444 1117 regulas
494 1058 610 1104 tuas
656 1050 975 1106 invictarum
1031 1052 1484 1109 'constitutionum
1553 1056 1822 1111 siiliditate

229 1136 553 1205 confractas,
586 1149 639 1195 et
668 1141 719 1194 in
751 1142 876 1196 ﬁdei
919 1150 1188 1199 structura
1221 1158 1415 1214 pravas
1467 1147 1821 1216 ruinosnsque

225 1234 526 1301 iuncturas,
557 1235 702 1290 velut
730 1235 1163 1292 Hierichontinos
1197 1254 1383 1292 muros
1415 1239 1480 1293 ad
1514 1241 1820 1294 sacerdota.

225 1325 358 1381 lium
385 1326 630 1380 tubarum
662 1328 834 1384 ruisse
857 1330 1216 1384 concentum?
1245 1329 1379 1384 Cum
1405 1330 1546 1385 enim
1572 1331 1640 1384 de
1665 1346 1819 1385 sanc-

225 1427 404 1474 tarum
468 1419 674 1487 origine
747 1421 1104 1484 voluntatum,
1165 1429 1219 1475 et
1261 1422 1379 1476 ﬁdei
1438 1423 1817 1492 charitatisque

224 1509 513 1578 principiis
540 1509 677 1566 inter
702 1519 913 1568 nostros
940 1523 994 1568 et
1024 1512 1342 1582 Pelagianos
1369 1515 1593 1581 qumsrio
1634 1530 1816 1569 versa-

221 1608 398 1666 retur,
433 1616 536 1655 non
565 1603 782 1671 ancipiti
812 1603 1028 1659 victoria
1062 1620 1160 1659 nec
1181 1606 1343 1660 dubio
1369 1605 1694 1673 diremptura
1729 1615 1816 1661 est

219 1693 334 1750 ﬁne
358 1705 654 1762 certamen,
682 1705 738 1752 ut
764 1697 936 1753 adhuc
975 1699 1132 1753 nobis
1163 1698 1230 1753 de
1278 1697 1612 1769 iniquissima
1656 1700 1813 1769 hujus

1935 485 2073 539 bona
2093 500 2277 553 opera,
2291 484 2463 539 studia
2476 489 2731 540 etmerita
2749 488 2802 541 in
2820 491 3009 556 quovis
3023 499 3284 560 tempore,
3302 507 3462 548 causa
3473 501 3529 547 et

1933 576 2148 645 negotio
2173 574 2239 630 ad
2268 577 2432 630 Deum
2463 586 2738 632 auctorem
2768 581 2952 648 gratiae
2983 580 3212 648 referat,
3243 584 3525 638 manifeste

1930 669 2342 724 Massiliensium
2365 685 2608 726 errorem
2638 672 2900 728 conlutat.
2941 693 2959 726 ι
2993 675 3061 729 Ει
3090 674 3208 729 haec
3231 675 3366 729 adeo
3394 691 3519 730 con-

1929 773 2138 818 stanter
2191 764 2387 819 docent
2417 767 2770 835 recentiores,
2803 775 2861 820 ut
2900 781 3085 822 eorum
3125 768 3520 824 eruditissimus

1929 873 1991 912 ac
2021 860 2451 927 sapientissimus
2495 862 2744 916 Armatus
2783 862 3056 919 leestini
3106 877 3388 933 personam
3440 862 3521 918 iu-

1927 952 2122 1020 duens,
2151 954 2291 1022 quod
2347 958 2475 1009 satis
2519 957 2801 1012 ridiculum
2832 966 2947 1025 est,
2981 958 3157 1012 altiori
3188 971 3251 1011 ac
3301 954 3518 1010 clariori

1927 1060 2057 1100 voce
2105 1047 2156 1099 in
2205 1047 2569 1104 Massilienses
2599 1051 2668 1103 ita
2714 1060 2909 1106 tonet:
2956 1071 2973 1103 ι
3007 1051 3139 1105 Cum
3194 1066 3260 1105 eo
3311 1059 3517 1102 tantum

1926 1146 2132 1206 spectet
2164 1137 2420 1192 Romanae
2465 1139 2608 1196 sedis
2637 1142 2920 1196 cmisilium
2962 1151 3017 1214 et
3053 1139 3408 1210 providentia,
3461 1145 3521 1192 ut

1924 1230 2305 1286 Massnmnsss
2337 1232 2442 1295 isti,
2470 1248 2680 1294 quorum
2707 1250 2870 1288 causa
2915 1248 3031 1288 nec
3062 1247 3334 1296 sanemus,
3384 1229 3516 1284 nihil

1925 1324 2133 1390 penitus
2181 1323 2500 1380 sul-trahant
2543 1325 2740 1379 divinae
2767 1326 2988 1393 gratiae,
3022 1341 3087 1379 ne
3120 1325 3269 1378 illum
3297 1324 3512 1391 quidem

1923 1414 2095 1470 morbi
2122 1430 2359 1480 sensum,
2395 1424 2449 1469 et
2477 1415 2805 1472 desiderium
2838 1415 3140 1476 medicinas,
3197 1413 3340 1482 quod
3386 1426 3512 1481 gra-

1923 1508 2056 1564 tuito
2089 1507 2560 1576 etsupernaturali
2589 1507 2788 1560 auxilio
2829 1506 3180 1574 praemittunt.
3232 1503 3507 1572 praedicta:

1921 1600 2122 1667 regulae
2143 1615 2239 1654 seu
2272 1601 2505 1667 praeﬁxae
2529 1601 2810 1654 sententiae
2852 1601 2921 1654 ita
2951 1600 3248 1662 sufﬁciunt,
3283 1605 3341 1650 ut
3371 1596 3513 1650 sicut

1921 1703 2026 1742 non
2055 1688 2216 1743 debet
2247 1689 2414 1743 videri
2445 1687 2768 1743 catholicum
2800 1689 2940 1757 quod
2984 1689 3060 1742 eis
3103 1694 3389 1756 repugnat,
3439 1685 3510 1738 ita

219 1787 448 1847 fmderis
471 1795 548 1848 tui
577 1809 704 1862 pace
735 1796 1072 1850 tractandum
1101 1797 1191 1852 sit.
1223 1815 1240 1849 ι
1279 1799 1348 1851 At
1393 1800 1435 1852 si
1486 1798 1575 1851 illa
1620 1797 1803 1852 decem

1921 1796 2093 1849 neque
2122 1779 2262 1849 quod
2293 1795 2397 1834 non
2440 1791 2700 1850 repugnat
2732 1780 2899 1834 videri
2950 1778 3146 1835 debeat
3187 1791 3471 1832 erroneum
3491 1817 3506 1841 ,

219 1884 397 1954 capita
443 1886 721 1944 leestini
771 1889 1021 1957 fuissent,
1064 1906 1160 1945 cur
1209 1907 1314 1947 non
1360 1892 1454 1946 illa
1505 1894 1815 1960 protulisset

220 1976 456 2050 Prosper
488 1983 650 2037 veluti
679 1983 927 2051 clariora,
974 1984 1278 2041 el‘ﬁcaciora
1308 1995 1361 2040 et
1406 2002 1469 2039 ex
1505 1994 1615 2042 toto
1666 1986 1810 2040 litem

217 2069 573 2128 dirimenda?
604 2075 786 2146 Longe
825 2078 968 2132 enim
1003 2078 1310 2145 expressius
1341 2077 1667 2133 Ctelestinus
1692 2093 1809 2133 eam

218 2163 464 2220 Cassiani
491 2167 799 2234 opinionem
840 2170 1077 2234 damnat,
1132 2185 1291 2236 quam
1343 2171 1680 2226 Innocentius
1727 2173 1809 2226 vel

217 2253 489 2313 Zosimus.
540 2257 785 2314 Profecto
828 2260 1185 2317 Massilienses
1245 2264 1550 2319 testimonia
1617 2267 1805 2319 horum

217 2348 531 2415 pontiﬁcum
561 2360 614 2406 et
642 2367 812 2407 sacrae
839 2355 1049 2424 paginre
1091 2356 1466 2425 explicabant,
1501 2359 1570 2411 ita
1603 2367 1662 2412 ut
1701 2374 1805 2412 non

215 2438 290 2494 de
317 2440 468 2496 initio
515 2441 658 2508 ﬁdei,
704 2445 800 2500 sed
839 2444 906 2499 de
947 2446 1186 2514 ejusdem
1236 2448 1566 2505 incremento
1609 2451 1806 2506 intelli-

207 2531 390 2600 genda
418 2542 601 2588 essent
628 2549 691 2588 ex
717 2536 778 2588 Ι).
810 2533 1109 2605 Augustino
1138 2553 1255 2607 cap.
1288 2538 1321 2590 2
1353 2540 1419 2594 de
1451 2541 1806 2595 Praedestina-

213 2622 368 2676 tione
398 2632 725 2678 sanctorum.
757 2643 774 2676 ε
807 2626 911 2680 Sed
943 2642 1081 2681 nunc
1107 2629 1186 2682 eis
1215 2630 1648 2697 respondendum
1679 2646 1802 2686 esse

213 2714 400 2794 video,
431 2716 518 2783 qui
541 2715 722 2769 divina
744 2718 1070 2785 testimonia,
1103 2735 1221 2790 quae
1249 2721 1320 2775 de
1345 2721 1445 2775 hac
1475 2737 1537 2776 re
1561 2721 1807 2778 adhibui-

211 2819 362 2870 mus,
390 2805 589 2863 adhoc
617 2807 801 2863 dicunt
827 2811 1024 2874 valere,
1069 2822 1126 2867 ut
1183 2814 1490 2869 noverimus
1539 2830 1605 2870 ex
1653 2817 1807 2872 nobis

210 2897 431 2967 quidem
461 2914 558 2954 nos
590 2901 789 2956 habere
820 2902 997 2967 ﬁdem,
1040 2906 1136 2959 sed
1169 2907 1559 2962 incrementum
1593 2908 1711 2976 ejus
1739 2924 1806 2964 ex

215 2990 350 3044 Deo.
388 3008 405 3040 ι
439 2989 568 3056 Qua}
600 2991 1009 3047 Massiliensium
1049 2996 1314 3051 sententia
1345 2997 1491 3052 clare
1521 2998 1808 3053 damnatur

210 3095 334 3148 cap.
368 3081 434 3134 12
457 3069 596 3136 illius
623 3083 889 3151 epistolae,
911 3085 1000 3139 ubi
1023 3085 1139 3140 haec
1159 3087 1410 3156 leguntur
1437 3106 1449 3140 ε
1490 3107 1507 3138 ‹
1550 3088 1644 3143 His
1673 3104 1803 3159 ergo

1919 1883 2011 1928 aut
2049 1889 2079 1927 a
2113 1889 2275 1928 sensu
2315 1875 2585 1929 catholico
2627 1875 2884 1929 alienum.
2927 1893 2946 1926 ι
3001 1873 3128 1928 Haec
3175 1870 3512 1940 elegantissi-

1913 1981 2036 2021 mus
2060 1967 2467 2036 Parapltrastes.
2497 1967 2595 2024 Hic
2615 1979 2789 2023 tamen
2814 1967 2988 2022 obiter
3019 1973 3147 2020 noto
3170 1965 3311 2018 hunc
3333 1963 3509 2017 homi-

1917 2075 2041 2115 nem
2069 2060 2182 2114 sive
2206 2069 2393 2114 contra
2419 2075 2546 2115 suos
2576 2061 2806 2114 Baianos
2834 2061 2946 2114 sive
2987 2068 3170 2113 contra
3205 2056 3506 2112 Massilien-

1915 2170 2004 2210 ses
2035 2156 2179 2224 loqui
2213 2155 2451 2223 incipiat,
2483 2170 2789 2210 sermonem
2821 2154 3036 2208 tandem
3079 2161 3268 2206 contra
3309 2153 3507 2219 Augus-

1917 2247 2084 2301 tinum
2109 2260 2323 2315 semper
2363 2245 2539 2302 ﬁnire.
2592 2247 2671 2301 De
2700 2246 2912 2300 Baianis
2963 2244 3015 2299 id
3055 2243 3284 2299 vidimus
3332 2241 3507 2309 capite

1911 2340 2176 2405 superiori
2205 2357 2218 2403 ;
2250 2339 2334 2393 hic
2365 2353 2491 2394 vero
2533 2353 2654 2393 cum
2697 2337 2973 2392 Calestini
3006 2349 3290 2404 personam
3340 2345 3504 2401 agens

1913 2431 2004 2485 illa
2031 2431 2276 2496 dixisset,
2314 2431 2495 2485 statim
2523 2430 2672 2485 addit
2703 2448 2716 2482 :
2758 2447 2776 2480 ‹
2818 2427 2971 2484 Unde
3000 2429 3262 2494 sequitur,
3301 2427 3345 2480 si
3374 2423 3501 2494 quid

1913 2521 2000 2574 vel
2032 2521 2100 2574 ab
2128 2523 2451 2589 Augustino,
2479 2522 2560 2575 vel
2593 2521 2660 2575 ab
2710 2521 2816 2575 alio
2854 2520 3085 2588 quodam
3134 2515 3502 2573 ecclesiastico

1915 2622 2206 2666 tractatore
2232 2623 2496 2668 assertum
2528 2624 2620 2666 aut
2648 2621 2898 2681 negatum
2927 2615 3016 2676 sit,
3044 2612 3186 2679 quod
3217 2625 3320 2661 non
3349 2623 3504 2676 repuo

1914 2712 2042 2770 gnet
2095 2704 2294 2772 regulis
2344 2705 2446 2758 illis
2488 2712 2650 2770 atque
2693 2702 3002 2767 sententiis,
3062 2716 3184 2756 esse
3213 2702 3316 2754 hoc
3363 2701 3503 2755 inter

1916 2790 2170 2868 ἀδιάφορα
2200 2794 2614 2857 numerandum,
2643 2803 2698 2848 et
2747 2810 2866 2864 quae
2895 2793 3067 2848 libero
3116 2792 3500 2848 catholicorum

1914 2887 2200 2941 consensui
2228 2895 2387 2956 atque
2415 2887 2686 2942 dissensui
2721 2888 2984 2955 permissa
3009 2895 3153 2940 sunt.
3193 2905 3210 2937 ι
3247 2885 3360 2954 Ego
3389 2885 3506 2952 qui-

1911 2977 2036 3032 dem
2068 2979 2428 3034 certissimum
2473 2987 2600 3048 puto
2653 2979 2705 3032 in
2761 2979 3027 3048 adjunctis
3083 2978 3188 3032 illis
3240 2977 3506 3044 capitibus

1912 3069 2322 3126 Massiliensium
2353 3086 2570 3126 errores
2599 3071 2877 3140 capitales,
2906 3086 3136 3139 quorum
3171 3070 3363 3139 reliqui
3413 3084 3504 3124 ve-

200 3171 590 3227 ecclesiasticis
612 3171 835 3243 regulis,
859 3183 912 3228 et
932 3191 994 3228 ex
1027 3176 1205 3230 divina
1227 3178 1455 3245 sumptis
1480 3179 1799 3235 auctoritate
1829 3173 1875 3235 (Γ.
1908 3161 2009 3216 iu“
2037 3165 2366 3232 appendices
2390 3171 2564 3227 Nam,
2593 3172 2782 3231 εΡθΝθ
2811 3162 3076 3226 damnari:
3105 3177 3276 3231 ιιθιιυθ
3302 3161 3403 3215 hoc
3448 3162 3500 3214 ίη

205 3261 565 3324 documentis.
601 3264 672 3318 ita
701 3264 990 3332 adjuvante
1012 3267 1242 3322 Domino
1269 3268 1554 3324 confortati
1587 3287 1796 3338 sumus,

209 3361 274 3408 ut
315 3354 548 3410 omnium
578 3354 840 3412 bonorum
890 3357 1198 3426 affectuum,
1253 3367 1414 3430 atque
1465 3377 1688 3429 operum
1745 3373 1800 3418 et

209 3446 450 3501 omnium
481 3447 776 3502 studiorum
825 3450 1172 3519 omniumque
1201 3452 1479 3518 virtutum,
1506 3454 1702 3520 quibus
1732 3454 1799 3508 ab

205 3535 364 3590 initio
389 3535 512 3591 ﬁdei
545 3539 854 3605 attenditur,
899 3540 1070 3596 Deum
1103 3542 1451 3610 proﬁteamur
1496 3554 1796 3611 auctorem,

205 3636 265 3681 et
314 3641 419 3680 non
465 3627 766 3684 dubitemus
810 3630 877 3685 ab
913 3630 1082 3698 ipsius
1127 3633 1294 3701 gratia
1341 3633 1524 3688 omnia
1563 3636 1798 3690 hominis

207 3718 405 3777 merita
430 3723 729 3790 pracveniri,
758 3739 850 3791 per
875 3739 1034 3791 quem
1059 3724 1118 3778 ﬁt
1148 3725 1418 3795 utaliquid
1445 3727 1570 3781 boni
1595 3728 1800 3784 etvelle

203 3813 526 3883 incipiamus
553 3815 820 3872 etfacere.
857 3837 874 3869 ›
903 3816 1166 3874 Praeterea
1201 3817 1316 3874 haec
1332 3820 1642 3877 scribuntur
1665 3837 1789 3891 cap.

206 3906 272 3959 ll
314 3923 326 3959 :
359 3926 376 3958 ι
412 3908 612 3962 Praeter
653 3909 978 3965 beatissima:
1005 3920 1056 3965 et
1087 3912 1398 3980 apostolica:
1435 3912 1578 3967 sedis
1624 3913 1798 3969 invio-

205 3998 396 4054 labiles
416 4000 741 4067 sanctiones,
772 4002 964 4067 quibus
997 4018 1103 4057 non
1136 4002 1364 4071 piissimi
1392 4003 1582 4059 Patres
1634 4008 1799 4074 pesti-

204 4089 318 4144 l'cra
363 4091 612 4146 novitatis
659 4091 892 4148 elatione
932 4093 1163 4162 deiecta,
1215 4103 1268 4150 et
1315 4095 1471 4149 bonae
1506 4096 1796 4154 voluntatis

206 4183 446 4251 exordia,
479 4193 535 4240 et
566 4186 895 4240 incrementa
926 4187 1280 4255 probabilium
1305 4188 1630 4250 studiorum,
1659 4198 1713 4244 et
1743 4190 1794 4244 iu

205 4273 288 4329 eis
317 4289 478 4346 uSque
509 4276 559 4330 in
593 4277 755 4332 ﬁnem
781 4280 1233 4348 perseverantiam
1257 4279 1326 4334 ad
1347 4279 1544 4335 Christi
1566 4282 1793 4350 gratiam

205 4367 407 4422 referre
446 4368 764 4435 docuerunt,
799 4389 816 4422 ι
847 4380 950 4426 etc.
990 4370 1132 4426 Idem
1171 4371 1332 4425 habet
1362 4385 1480 4440 cap.
1518 4372 1558 4427 9
1590 4390 1603 4426 :
1653 4392 1671 4424 ‹
1726 4373 1794 4428 Ut

202 4472 388 4518 sancta
427 4465 716 4535 cogitatio,
762 4467 906 4534 pium
936 4466 1243 4531 consilium,
1284 4468 1569 4536 omnisque
1616 4478 1793 4522 motus

1907 3254 2126 3313 dubium
2151 3257 2328 3310 vocari
2363 3271 2520 3325 posse
2551 3257 2803 3322 arbitror,
2835 3256 2977 3325 quod
3009 3266 3154 3311 recte
3180 3273 3212 3311 a
3246 3257 3496 3327 Vasquio,

1907 3351 2120 3403 Annato
2160 3349 2388 3419 aliisque
2435 3351 2794 3405 communiter
2843 3360 2926 3405 est
2973 3351 3339 3406 observatum.
3385 3353 3502 3406 Duo

1903 3451 2058 3495 erant
2088 3440 2343 3509 capitalia
2394 3439 2972 3509 Semi-Pelagianorum
3023 3442 3293 3512 dogmata,
3340 3441 3499 3498 ﬁdem

1903 3530 2144 3598 incipere
2167 3546 2195 3584 a
2225 3532 2403 3596 nobis,
2435 3532 2670 3598 itemque
2691 3546 2720 3582 a
2743 3532 2899 3584 nobis
2923 3545 3044 3584 esse
3071 3547 3235 3600 usque
3259 3534 3310 3585 in
3340 3533 3497 3587 ﬁnem

1905 3623 1961 3678 in
1989 3625 2133 3678 bono
2159 3625 2636 3691 perseverantiam,
2665 3634 2721 3677 ut
2742 3623 2897 3678 docet
2919 3633 3138 3680 sanctus
3167 3625 3497 3696 Augusdnus

1905 3716 2082 3783 capite
2133 3715 2325 3770 ultimo
2371 3715 2437 3770 de
2475 3717 2622 3769 Dono
2653 3717 3068 3784 perseverantiae
3101 3736 3114 3770 :
3149 3737 3168 3770 ε
3219 3719 3384 3785 Satis,
3416 3720 3501 3773 in-

1904 3808 2033 3877 quit,
2070 3807 2315 3863 docuisse
2347 3823 2434 3863 me
2470 3809 2742 3874 existimo,
2773 3809 2856 3864 vel
2888 3811 3065 3878 p0tius
3087 3812 3203 3880 plus
3225 3827 3385 3883 quam
3409 3829 3498 3868 sa-

1903 3901 1995 3965 tis,
2027 3901 2164 3956 doua
2193 3901 2285 3956 Dei
2315 3917 2457 3967 esse,
2487 3911 2538 3954 et
2578 3902 2814 3971 incipere
2842 3903 2892 3956 in
2925 3904 3207 3959 Dominum
3246 3907 3490 3973 credere,

1901 4002 1958 4048 et
1987 4007 2152 4062 usque
2182 3994 2235 4047 in
2265 3992 2425 4047 ﬁnem
2454 3994 2507 4047 in
2537 3994 2763 4048 Domino
2790 4009 3128 4066 permanere.
3167 4016 3185 4048 ι
3223 3997 3336 4052 lloc
3367 4013 3494 4054 vero

1904 4094 2194 4154 utrumque
2221 4087 2472 4140 statuitur
2499 4086 2552 4139 in
2581 4086 2775 4140 litteris
2807 4086 2909 4142 illis
2934 4102 3054 4158 quae
3084 4086 3381 4144 C(elestino
3409 4105 3496 4144 as-

1901 4177 2218 4244 cribuntur;
2275 4192 2396 4231 nam
2454 4191 2573 4245 cap.
2627 4178 2686 4230 ll
2741 4178 3068 4244 decernitur,
3122 4180 3493 4235 utdicebam:

1911 4292 1929 4324 ι
1969 4273 2128 4326 Bome
2144 4272 2434 4326 voluntatis
2448 4272 2690 4338 exordia,
2709 4281 2759 4324 et
2779 4272 3106 4328 incrementa
3136 4273 3494 4339 probabilium

1904 4363 2230 4427 studiorum,
2261 4365 2390 4418 etin
2431 4365 2512 4417 eis
2538 4378 2704 4430 usque
2732 4364 2783 4416 in
2828 4364 2988 4419 ﬁnem
3035 4367 3494 4434 perseverantiam

1903 4456 1971 4510 ad
2021 4455 2216 4510 Christi
2267 4455 2490 4524 gratiam
2537 4455 2750 4509 referri.
2781 4473 2800 4507 ι
2839 4457 3023 4524 Ibique
3071 4455 3186 4508 fuse
3239 4457 3495 4525 probatur

205 4557 360 4609 honre
407 4556 695 4611 voluntatis
725 4571 791 4612 ex
821 4558 936 4613 Deo
974 4559 1068 4624 sit,
1099 4558 1221 4628 quia
1266 4574 1360 4628 per
1402 4559 1548 4612 illum
1590 4559 1789 4628 aliquid
1823 4550 1871 4606 Ι)
1903 4547 2062 4602 ﬁdem
2090 4561 2340 4602 "0119558
2366 4563 2396 4602 3
2425 4547 2599 4612 DObiS.
2627 4548 2720 4602 sed
2747 4547 2934 4602 άοηπί
2965 4564 2992 4600 ³
3025 4548 3152 4609 Deo»
3177 4556 3232 4600 ει
3266 4563 3386 4616 θερ-
3427 4548 3496 4602 η

201 4647 328 4703 boni
357 4664 661 4718 possumus,
689 4651 804 4707 sine
827 4668 933 4721 quo
963 4652 1092 4707 nihil
1121 4669 1423 4722 possumus.
1458 4674 1476 4706 ι
1513 4655 1792 4712 ltanehrec

201 4738 479 4796 Ctelestini
506 4743 744 4809 oracula,
788 4743 1052 4813 Prospero
1070 4755 1292 4814 rogante
1320 4747 1466 4811 data,
1501 4763 1562 4801 ac
1594 4747 1792 4803 litteris

201 4846 302 4900 pro
333 4833 519 4887 eodem
550 4834 615 4887 ad
642 4835 926 4904 episcopos
950 4836 1129 4892 missis
1160 4836 1380 4903 inserta,
1414 4840 1550 4894 adeo
1580 4855 1788 4895 memo-

200 4922 250 4976 ri
268 4938 286 4975 λ
312 4922 546 4989 ejusdem
569 4925 833 4982 excidisse
860 4927 1127 4981 credenda
1153 4938 1297 4989 sunt,
1329 4938 1383 4982 ut
1411 4928 1522 4990 illa,
1551 4945 1671 4984 cum
1705 4932 1788 4985 vel

199 5014 437 5069 maxime
465 5015 530 5070 ad
574 5017 984 5072 Massiliensium
1031 5017 1380 5088 petulantiam
1430 5021 1792 5087 comprimen-

197 5107 321 5161 dam
352 5112 654 5165 necessaria
678 5119 884 5179 essent,
929 5112 1234 5167 omitteret?
1263 5111 1370 5166 Sibi
1403 5126 1531 5166 cusa
1562 5112 1664 5166 tela
1710 5125 1791 5166 at-

196 5215 303 5268 que
331 5200 607 5256 elaborata
633 5217 780 5257 arma
815 5210 922 5257 tam
952 5205 1098 5272 parvi
1130 5205 1274 5269 fecit,
1301 5213 1357 5258 ut
1378 5219 1501 5259 cum
1528 5204 1591 5258 iis
1615 5203 1788 5260 Semi-

194 5291 470 5364 Pelagiani
519 5295 730 5363 penitus
772 5293 1091 5350 conﬁciendi
1133 5295 1328 5362 forent,
1373 5295 1575 5351 eisdem
1625 5297 1786 5350 veluti

195 5385 404 5440 obtusis
429 5383 507 5441 uti
540 5386 792 5448 noluerit,
823 5385 910 5455 qui
935 5395 1121 5441 contra
1151 5385 1517 5441 Massilienses
1546 5387 1785 5440 omnium

194 5475 523 5534 fortissimus
551 5493 615 5536 ac
649 5477 1037 5535 solertissimus
1077 5487 1198 5548 post
1225 5480 1578 5551 Augustinum
1620 5478 1726 5534 dux
1754 5494 1783 5534 a

192 5572 608 5638 recentioribus,
639 5580 693 5626 et
724 5572 916 5626 merito
947 5571 1163 5641 quidem
1194 5571 1534 5640 praedicatur.

268 5665 537 5720 Laudatas
549 5665 756 5720 litteras
772 5679 800 5718 a
818 5663 1110 5720 Caelestino
1126 5665 1352 5720 emissas
1368 5665 1434 5719 ad
1456 5663 1790 5720 damnandos

193 5753 609 5819 Massiliensium
627 5770 839 5815 errores
850 5755 1036 5813 scribit
1051 5755 1310 5827 Vasquez,
1329 5764 1467 5826 part.
1487 5771 1524 5823 ι,
1539 5755 1679 5826 disp.
1695 5755 1756 5810 9i
1771 5797 1786 5823 ,

1905 4637 2207 4707 injungitur
2258 4646 2314 4692 ut
2345 4656 2363 4688 ‹
2402 4637 2638 4692 omnium
2683 4637 2942 4692 bonorum
2997 4634 3282 4690 affectuum
3329 4645 3492 4706 atque

1906 4748 2155 4801 operum,
2183 4739 2237 4786 et
2262 4731 2499 4786 omnium
2525 4731 2826 4786 studiorum
2867 4728 3212 4797 omniumque
3238 4729 3489 4786 virtutum

1904 4824 2097 4893 quibus
2128 4823 2194 4877 ab
2226 4823 2376 4878 initio
2407 4824 2528 4878 ﬁdei
2571 4822 2881 4887 attenditur,
2925 4819 3090 4875 Deum
3145 4821 3491 4889 proﬁteantur

1904 4926 2196 4971 auctorem.
2234 4934 2252 4966 ι
2287 4915 2410 4970 Haec
2436 4915 2526 4968 ibi.

1977 5007 2051 5061 Ex
2103 5007 2188 5059 his
2243 5015 2482 5060 nostrum
2527 5012 2902 5074 argumentum
2945 5007 3324 5066 instauramus.
3349 5009 3485 5066 Cum

1907 5101 2139 5168 Prosper
2169 5107 2352 5154 contra
2403 5097 2896 5175 Semi-Pelagianos
2947 5100 3225 5158 Ctelestini
3261 5105 3492 5174 elogium

1901 5194 2184 5249 recitasset
2213 5199 2368 5259 caput
2392 5187 2461 5242 42
2507 5197 2694 5246 contra
2721 5191 3047 5249 Collatorem
3071 5237 3083 5258 ,
3108 5196 3320 5250 illorum
3351 5193 3492 5246 invi-

1901 5285 2114 5341 diosum
2168 5285 2704 5354 interpretamentum
2736 5289 2978 5356 apponit,
3008 5304 3114 5358 quo
3167 5285 3492 5342 dictitabant

1899 5379 2143 5434 laudatos
2173 5393 2201 5430 a
2225 5377 2515 5433 Coelesuno
2541 5380 2747 5448 priores
2773 5383 2945 5436 sancti
2973 5379 3256 5450 Augustini
3293 5378 3482 5443 libros,

1899 5486 2006 5526 non
2053 5471 2399 5540 posteriores,
2424 5487 2616 5542 nempe
2665 5473 2732 5527 de
2788 5471 3141 5541 Correptione
3189 5481 3242 5527 et
3291 5471 3486 5541 gratia,

1901 5566 2142 5635 duosque
2170 5563 2236 5617 ad
2267 5564 2594 5634 Prosperum
2616 5575 2671 5620 et
2701 5565 2958 5620 Hilarium
2981 5565 3139 5621 datos
3167 5566 3233 5620 de
3249 5564 3489 5621 Prairies-

1901 5659 2163 5714 tinatione
2190 5666 2494 5712 sanctorum
2539 5667 2586 5712 el
2615 5658 2683 5716 de
2712 5658 2862 5712 Dono
2911 5660 3344 5727 perseverantiae.
3376 5657 3489 5714 Hoc

1905 5763 2266 5814 commentum
2299 5752 2476 5808 statim
2510 5752 2723 5818 refellit,
2757 5761 2869 5808 tum
2920 5754 3040 5825 quia
3090 5754 3227 5811 idem
3276 5767 3480 5824 semper
