3930 6300
477 274 581 341 Bas

1338 268 1896 335 sarmentorum
1938 255 2298 336 inopem
2336 270 2394 335 s.
2438 278 2829 338 AUGUSTINI.

3626 254 3788 340 'sss

477 402 531 455 in
559 394 806 451 omnibus
853 392 1005 448 libris
1034 390 1364 463 Augustinus
1406 390 1640 459 scripsit,
1676 390 1921 460 idemque
1972 392 2071 447 fuit
2100 395 2144 453 A
2174 392 2465 449 voluntatis
2486 394 2743 450 asseritur
2775 407 2896 449 esse
2919 407 2949 448 a
2975 390 3234 464 Deo,quia
3264 406 3362 464 per
3387 392 3539 450 illum
3561 393 3786 464 aliquid

473 504 687 558 semper
716 488 771 541 in
804 486 894 541 illo
929 485 1147 554 Spiritus
1178 493 1232 539 et
1257 484 1523 547 doctrina,
1561 493 1668 537 tum
1694 485 1815 554 quia
1845 504 1862 535 ‹
1897 486 2068 553 Apos-

475 583 633 637 tolica
666 581 844 644 sedes,
874 582 971 643 ait,
1005 578 1147 648 quod
1177 594 1205 631 a
1240 577 1575 646 praecognitis
1603 578 1704 631 sibi
1734 593 1837 632 non
1867 579 2067 634 discre-

473 685 582 743 pat,
609 689 732 730 cum
773 668 1115 742 prmCOgnitis
1144 670 1360 740 probat,
1399 678 1452 723 et
1480 669 1623 739 quod
1642 668 1845 737 judicio
1871 669 2062 740 jungit,

418 800 419 803 η
474 767 632 822 laude
681 782 784 821 nou
820 765 1027 819 dividit.
1072 782 1088 813 ι
1132 765 1203 816 At
1224 776 1480 831 quorsum
1506 762 1693 815 isthmc
1726 762 2066 833 elonginquo

418 866 419 869 ‘
472 860 733 913 librorum
781 856 951 912 sancti
984 854 1264 925 Augustini
1308 853 1374 908 de
1407 854 1883 908 Prmdestinatione
1912 869 2069 910 sanc-

474 962 686 1016 torum,
728 950 796 1004 de
824 949 974 1003 Dono
1005 946 1415 1016 perseverantiae
1460 946 1621 1013 petita
1653 947 1720 1000 ab
1771 946 2064 1013 apostolica

473 1045 602 1100 sede
625 1043 965 1113 approbatio?
980 1041 1088 1094 Cur
1102 1039 1376 1094 Coelestini
1395 1038 1604 1092 litteras
1617 1038 1712 1091 abs
1734 1054 1793 1093 se
1818 1040 2067 1107 impetra-

478 1147 581 1200 tas,
616 1137 666 1189 in
695 1134 887 1202 quibus
937 1133 1180 1186 doctrina
1220 1131 1478 1186 librorum
1512 1131 1685 1184 sancti
1737 1130 1970 1185 doctoris
2001 1132 2067 1183 de

474 1228 634 1281 lnitio
669 1228 789 1281 ﬁdei
825 1227 977 1282 etde
1037 1224 1438 1295 perseverantia
1493 1226 1693 1293 apertis
1744 1223 2068 1279 deﬁnitioni-

474 1319 575 1372 bus
620 1319 892 1383 statuitur,
920 1334 1026 1371 non
1058 1317 1298 1387 protulit,
1324 1326 1378 1372 et
1412 1331 1524 1381 eas,
1560 1316 1802 1385 inquam,
1839 1316 2064 1381 litteras,

476 1422 609 1477 quas
642 1410 694 1463 in
719 1408 1034 1463 earumdem
1066 1408 1355 1479 Augustini
1386 1408 1837 1463 calumniatorum
1882 1407 2067 1462 faciem

475 1499 665 1553 eodem
698 1501 815 1568 ipso
840 1501 957 1554 loco
987 1501 1245 1556 illiserat?
1276 1503 1520 1555 Annatus
1549 1502 1764 1570 quidem
1788 1501 1855 1555 de
1884 1510 2067 1569 poste—

472 1590 707 1644 rioribus
735 1589 886 1645 libris
918 1592 1086 1645 sancti
1117 1593 1400 1661 Augustini
1459 1591 1644 1647 scribit
1671 1592 1764 1646 lib.
1798 1607 1914 1655 vm,
1948 1606 2066 1661 cap.

477 1682 511 1736 6
546 1701 559 1737 :
595 1702 612 1733 ι
653 1683 993 1739 Manifestum
1030 1685 1193 1755 igitur
1237 1695 1320 1741 est
1350 1686 1635 1756 Augustini
1668 1687 1833 1740 menti
1885 1684 1969 1740 his
2014 1685 2068 1739 in

2170 485 2293 539 boui
2314 486 2741 553 possumus,sine
2770 500 2875 555 quo
2904 484 3037 539 nihil
3056 500 3360 555 possumus.
3386 486 3551 553 Sane,
3582 488 3629 542 si
3656 490 3786 557 quis

2170 576 2328 631 modo
2352 576 2762 633 Massiliensium
2788 579 3082 633 sententias
3109 589 3394 647 assereret,
3412 597 3519 638 non
3546 594 3783 642 exstan-

2172 667 2313 722 tibus
2335 667 2679 723 Arausicauis
2734 669 2923 724 aliisve
2960 671 3268 738 apostolicae
3319 674 3464 729 sedis
3492 674 3745 735 decretis
3766 721 3782 744 ,

2136 794 2139 797 -
2171 774 2348 814 nonne
2372 760 2460 814 ille
2491 776 2560 814 ex
2589 760 2783 815 litteris
2810 760 3086 817 leestini
3118 778 3244 817 reus
3278 764 3501 821 haeresis
3532 771 3784 827 convin-

2170 852 2415 905 ceretur?
2446 850 2740 906 Damnasse
2762 854 2957 922 quippe
2985 854 3606 924 inquituttCtnlestinum
3638 862 3786 918 Mas-

2170 941 2464 997 siliensium
2494 942 2770 1013 dogmata;
2806 959 2962 1014 quam
2996 947 3155 1015 igitur
3173 952 3586 1005 excusationem
3644 967 3785 1009 eon-

2170 1034 2503 1089 cinnabimus
2551 1050 2645 1104 pro
2689 1036 2908 1103 Hilario,
2945 1052 3041 1107 pro
3089 1037 3308 1107 Fausto,
3334 1054 3432 1108 pro
3455 1041 3778 1113 Vincentio,

2170 1142 2268 1197 pro
2324 1128 2544 1197 reliquis
2569 1130 2753 1185 Gallice
2783 1132 3125 1201 praesulibus,
3155 1133 3245 1202 qui
3301 1144 3431 1190 ante
3478 1135 3778 1193 Arausica—

2171 1234 2294 1274 nam
2355 1222 2620 1289 synodum
2672 1222 3081 1279 Massiliensium
3135 1224 3417 1295 Opiniones
3482 1229 3769 1286 mordicus

2173 1312 2547 1367 sustinebant?
2569 1312 2651 1367 An
2680 1314 2767 1367 isti
2816 1314 2955 1370 forte
2982 1316 3258 1387 leestini
3287 1318 3493 1374 litteras
3530 1336 3759 1389 prorsus

2173 1402 2467 1475 ignorasse:
2486 1406 2765 1460 dicentur?
2806 1408 2875 1462 At
2898 1409 3091 1465 littera:
3146 1410 3252 1465 illae
3310 1410 3449 1466 data:
3494 1423 3656 1468 erant
3697 1414 3765 1468 ad

2172 1496 2454 1566 episcopos
2506 1514 2611 1553 non
2658 1500 2983 1556 Macedoniae
3007 1539 3024 1566 ,
3062 1510 3154 1558 aut
3200 1503 3467 1575 Bithyniae
3492 1546 3507 1571 ,
3541 1506 3642 1562 sed
3694 1508 3760 1563 ad

2174 1590 2452 1659 episcopos
2498 1591 2702 1656 Galliae,
2734 1608 2799 1648 eo
2845 1603 3086 1664 tempore
3114 1609 3219 1665 quo
3266 1596 3500 1653 Faustus
3548 1600 3605 1653 in
3670 1598 3744 1656 Le

2174 1682 2373 1737 rinensi
2402 1685 2648 1739 coenobio
2676 1686 2925 1754 ﬂorebat,
2949 1689 3031 1742 eui
3058 1698 3179 1757 post
3208 1704 3404 1744 annum
3428 1690 3599 1747 abbas
3628 1707 3768 1762 prte-

479 1777 632 1832 lihris
659 1778 993 1833 satisfactum
1024 1778 1091 1833 ab
1123 1793 1187 1833 eo
1214 1780 1304 1847 qui
1334 1779 1565 1833 fateatur
1594 1787 1645 1833 et
1696 1777 1923 1847 gratiam
1954 1791 2075 1832 esse
2108 1768 2153 1828 B
2182 1773 2350 1829 lectus
2380 1775 2495 1829 fuit.
2524 1776 2662 1842 Quid
2717 1778 2858 1848 quod
2897 1779 3038 1834 idem
3075 1781 3383 1836 Vincentius
3439 1782 3757 1840 Lerinensis

474 1870 837 1923 necessariam
869 1870 934 1923 ad
958 1870 1168 1926 initium
1189 1871 1335 1937 ﬁdei,
1365 1884 1463 1925 nec
1478 1871 1592 1939 ejus
1615 1870 1864 1924 meritum
1888 1870 2061 1938 sequi,

474 1959 570 2013 sed
603 1963 817 2028 praeire,
854 1970 907 2013 et
961 1961 1161 2015 donum
1215 1963 1306 2016 Dei
1366 1977 1484 2017 esse
1522 1962 1999 2031 perseverantiam.
2039 1978 2057 2012 ι

474 2051 757 2118 Quodnam
792 2053 953 2120 igitur
982 2054 1258 2109 efﬁcacius
1288 2066 1663 2125 argumentum
1695 2055 1886 2110 adduci
1910 2064 2065 2123 pote-

475 2149 561 2194 rat
590 2140 655 2194 ad
708 2140 1189 2198 demonstrandum
1242 2145 1570 2213 posteriores
1618 2159 1711 2199 eos
1753 2145 1920 2199 libros
1948 2158 2069 2200 esse

479 2232 547 2284 ab
574 2233 866 2300 apostolica
901 2235 1030 2290 sede
1062 2237 1339 2309 probatos,
1369 2252 1528 2306 quam
1568 2236 1761 2291 littera:
1793 2236 1899 2289 illa:
1942 2234 2067 2291 Ca:-

476 2322 680 2388 lcstini,
729 2326 781 2378 in
811 2327 1009 2394 quibus
1064 2320 1319 2382 doctrina
1362 2328 1623 2383 librorum
1660 2330 2068 2397 ‘postremorum

474 2416 647 2468 sancti
679 2415 849 2470 Patris
894 2417 1031 2472 adeo
1060 2418 1261 2474 diserte
1281 2458 1296 2485 ,
1322 2419 1455 2474 adeo
1488 2419 1792 2489 perspicue,
1816 2419 1950 2474 adeo
1980 2433 2070 2474 so-

475 2503 587 2560 lide
641 2508 1022 2563 assercbatur?
1056 2510 1725 2582 Semi-Pelagianos,cum
1782 2510 2067 2580 Augustini

475 2596 852 2653 auctoritatem
874 2600 1171 2668 elevarent,
1194 2601 1426 2670 Prosper
1452 2616 1520 2656 ex
1546 2601 1825 2657 leestiui
1853 2602 2068 2668 litteris,

478 2688 537 2743 in
569 2688 763 2759 quibus
792 2691 991 2747 eximie
1043 2692 1137 2747 ille
1169 2694 1519 2761 laudabatur,
1544 2695 1861 2750 confutavit.
1894 2693 2069 2761 Quare

479 2794 603 2834 cutn
655 2781 817 2837 iidem
850 2784 1021 2838 sancti
1045 2782 1328 2855 Augustini
1384 2785 1685 2841 doctrinam
1718 2786 2067 2852 lacesserent,

478 2887 547 2929 ex
594 2872 784 2930 iisdem
836 2878 1059 2933 omnino
1108 2878 1307 2934 litteris
1358 2878 1635 2934 leestini
1681 2879 1977 2949 compressi
2006 2892 2070 2932 ac

476 2966 707 3021 convicti
732 2981 839 3022 non
871 2970 1032 3023 sunt?
1062 2969 1289 3039 Scripsit
1311 2985 1443 3024 sane
1466 2971 1697 3039 Prosper
1728 2980 1847 3039 post
1866 2968 2071 3025 Cocles-

474 3057 647 3112 tinum
684 3058 943 3114 adversus
992 3058 1342 3127 Cassianum,
1376 3069 1431 3115 et
1460 3063 1667 3118 litteras
1697 3060 1975 3117 leeStini
2004 3076 2066 3116 ea

2174 1865 2388 1921 easdem
2415 1869 2661 1937 producit
2686 1870 2739 1925 in
2766 1871 3187 1928 Commonitorio
3208 1874 3469 1931 adversus
3501 1877 3755 1945 profanas
3846 1940 3859 1954 ο

2174 1972 2370 2012 vocum
2428 1960 2732 2027 novitates,
2782 1978 2981 2034 easque
3036 1967 3327 2035 plurimum
3381 1969 3761 2026 commendat?

2171 2050 2285 2116 Qua
2299 2065 2425 2105 vero
2449 2051 2621 2108 fronte
2640 2053 2951 2113 Vincentius
2974 2072 3066 2113 eas
3091 2059 3194 2115 sibi
3225 2060 3405 2117 favere
3436 2063 3645 2118 litteras
3658 2065 3763 2133 jac-

2175 2150 2357 2208 tasset,
2390 2145 2582 2212 quibus
2614 2148 2891 2216 ipsiusmet
2913 2151 3194 2218 Opiniones
3223 2154 3764 2215 condemnabantur?

2174 2231 2298 2287 Haec
2315 2233 2405 2287 ille
2431 2236 2614 2290 scribit
2639 2255 2650 2288 :
2683 2256 2702 2289 ι
2726 2239 2830 2294 Sed
2847 2250 3129 2299 etsanctus
3143 2260 3277 2314 papa
3293 2246 3622 2305 leestinus
3651 2253 3760 2320 pari

2176 2325 2334 2379 modo
2364 2326 2657 2398 eademque
2687 2333 2979 2399 sententia;
3011 2334 3084 2389 ait
3108 2339 3250 2391 enim
3283 2338 3340 2392 in
3359 2340 3591 2408 epistola
3605 2357 3759 2409 quam

2174 2412 2446 2470 Gallorum
2474 2420 2839 2477 sacerdotibus
2866 2424 3028 2494 misit,
3054 2444 3072 2478 ι
3106 2435 3212 2482 etc.
3230 2427 3363 2482 Tota
3394 2429 3560 2500 igitur
3586 2431 3754 2489 Gallia

2173 2516 2425 2563 sonantes
2474 2509 2750 2567 Coelestini
2799 2531 2978 2584 voces,
3002 2532 3063 2573 ac
3113 2519 3374 2576 Vincentii
3420 2532 3475 2577 et
3497 2523 3743 2595 l’rosperi

2175 2613 2271 2653 ore
2296 2601 2456 2655 etiam
2487 2603 2724 2660 redditas
2753 2609 2873 2678 quis
2920 2611 3251 2668 eruditorum
3300 2616 3600 2673 antistitum
3646 2635 3744 2675 non

2175 2690 2504 2749 inaudivisse
2528 2696 2827 2754 credendus
2853 2702 2967 2757 est?
2997 2704 3179 2773 Itaque
3225 2707 3398 2776 capita
3431 2708 3524 2763 illa
3570 2726 3599 2763 a
3628 2709 3751 2767 Cea-

2175 2781 2369 2840 lestino
2398 2789 2594 2843 emissa
2623 2804 2729 2846 non
2784 2792 2957 2860 fuere,
2988 2810 3055 2850 ne
3114 2796 3396 2855 hmreticos
3446 2804 3751 2869 pronuntie.

2177 2890 2298 2931 mus
2324 2891 2416 2934 eos
2443 2894 2578 2949 quos
2606 2891 2660 2937 et
2684 2885 2938 2941 sanctitas
2967 2894 3020 2942 et
3046 2886 3279 2944 eruditio
3303 2891 3549 2948 celebres
3579 2894 3756 2952 reddi-

2175 2965 2324 3023 dere.

2260 3059 2458 3116 Verum
2519 3062 2739 3119 dubium
2792 3066 2878 3121 hie
2925 3070 3314 3139 expediendum
3369 3074 3599 3132 alterum
3654 3087 3754 3147 est,

477 3148 533 3202 in
582 3148 948 3217 disputatione
979 3150 1033 3203 in
1080 3150 1266 3219 digitis
1298 3151 1552 3206 habebat.
1587 3152 1701 3206 Hoc
1731 3152 1950 3219 quidem
1982 3165 2069 3206 ar-
2093 3150 2143 3215 C
2173 3153 2385 3208 cuinam
2405 3154 2581 3223 capita
2610 3155 2699 3211 illa
2713 3154 2991 3215 leestini
3022 3161 3218 3220 litteris
3242 3180 3451 3223 annexa
3474 3169 3751 3226 tribuenda

474 3247 733 3308 gumento
764 3239 940 3308 capita
980 3239 1071 3294 illa
1103 3241 1296 3296 infarta
1320 3242 1617 3310 probantur
1645 3242 1841 3297 litteris
1862 3243 2073 3306 lees.

475 3329 597 3384 tini.

548 3423 759 3478 Rursus
787 3423 962 3479 dicam
1018 3423 1238 3494 aliquid,
1273 3426 1417 3496 quod
1467 3429 1678 3485 caeteris
1733 3433 2071 3501 argumentis

472 3532 695 3588 semper
727 3519 959 3589 praetuli.
994 3518 1051 3575 Si
1079 3520 1255 3590 capita
1284 3521 1372 3576 illa
1404 3520 1685 3579 Celestini
1712 3535 1927 3594 essent,
1954 3537 2010 3584 et
2037 3542 2068 3583 a

472 3608 604 3664 sede
632 3610 934 3679 apostolica
964 3622 1307 3669 emanassent
1330 3654 1345 3679 ,
1370 3628 1477 3669 non
1512 3615 1668 3672 video
1724 3632 1829 3686 qua
1859 3619 2069 3677 ratione

472 3700 705 3757 Faustus
755 3702 1034 3773 Rejorum,
1067 3704 1381 3761 Vincentius
1434 3707 1778 3775 Lerinensis,
1836 3710 2067 3768 llilarius

471 3790 807 3850 Arelatensis
836 3795 1123 3864 episcopus
1146 3796 1215 3865 (si
1247 3798 1300 3850 in
1341 3797 1606 3855 sententia
1650 3800 1957 3871 perstitere)
2003 3816 2067 3857 ac

474 3885 565 3940 alii
618 3887 908 3943 Galliarum
956 3886 1196 3955 episc0pi
1227 3887 1293 3939 ab
1324 3886 1516 3940 haeresi
1564 3892 1811 3944 excusari
1859 3893 2067 3961 possint

471 3985 636 4045 atque
666 3978 810 4031 inter
835 3978 987 4031 divos
1016 3978 1212 4032 erectis
1258 3978 1366 4032 aris
1396 3983 1794 4037 connumerari.
1829 3983 2063 4042 Faustus

469 4067 633 4122 ﬁdem
658 4081 778 4121 esse
807 4068 962 4122 nobis
986 4082 1051 4122 ex
1082 4077 1286 4124 natura:
1314 4069 1521 4127 viribus
1548 4071 1705 4129 docet
1733 4074 1826 4129 lib.
1861 4092 1918 4142 ιι,
1939 4091 2058 4147 cap.

472 4159 528 4223 6,
548 4160 643 4213 7et
665 4158 875 4223 8;unde
897 4160 990 4217 lib.
1009 4163 1352 4232 r,cap.7,ait
1385 4181 1397 4216 :
1437 4183 1455 4215 ι
1478 4165 1713 4237 Tempus
1735 4168 2062 4239 gratiamque

472 4252 739 4325 redempti
765 4268 971 4324 sumus,
1005 4257 1197 4313 merita
1237 4259 1516 4315 hominum
1549 4275 1654 4315 non
1707 4266 2059 4334 exspectavit,

471 4361 633 4417 opera
667 4349 879 4418 penitus
907 4366 1013 4407 non
1045 4351 1323 4421 quaesivit,
1350 4355 1466 4409 sola
1496 4354 1639 4411 Deus
1685 4356 1809 4412 ﬁdei
1859 4366 2061 4413 nostra:

468 4442 756 4499 devotione
781 4452 1066 4501 contentus
1096 4444 1213 4501 luit.
1245 4466 1264 4499 ι
1297 4446 1547 4504 Addens:
1579 4468 1597 4501 ι
1620 4449 1805 4506 Fidem
1838 4467 2060 4521 exspec-

2177 3246 2319 3300 sint?
2340 3244 2399 3299 In
2426 3246 2565 3303 libro
2594 3250 3083 3310 ecclesiasticarum
3115 3257 3453 3329 Dogmatum,
3488 3262 3582 3332 qui
3624 3264 3755 3320 inter

2187 3352 2352 3411 opera
2379 3343 2549 3397 sancti
2563 3345 2843 3413 Augustini
2876 3358 3023 3407 torno
3052 3350 3119 3407 ιιι
3144 3364 3475 3424 recensetur,
3500 3372 3530 3411 a
3560 3358 3759 3427 cap}:

2174 3439 2422 3497 undecim
2451 3440 2623 3510 capita
2652 3441 2902 3512 leguntur
2930 3444 2997 3500 ad
3045 3446 3267 3503 verbum
3296 3462 3364 3504 ex
3394 3449 3592 3506 litteris
3633 3450 3749 3509 Cte-

2172 3532 2351 3588 lestini
2372 3532 2662 3606 exscripta.
2697 3533 2805 3589 Sed
2834 3535 2982 3591 illius
3006 3538 3294 3596 voluminis
3310 3552 3431 3596 non
3457 3551 3541 3598 est
3567 3553 3750 3600 auctor

2172 3634 2389 3681 sanctus
2436 3623 2788 3695 Augustinus,
2812 3611 2933 3681 cum
2986 3629 3145 3685 etiam
3200 3631 3399 3688 ibidem
3450 3633 3753 3691 inserantur

2181 3718 2355 3790 capita
2380 3720 2592 3775 concilii
2616 3721 2949 3790 Arausicani,
2967 3722 3108 3793 quod
3137 3740 3279 3781 anno
3296 3724 3400 3781 529
3430 3728 3753 3786 celebratum

2170 3821 2282 3879 est;
2305 3826 2469 3881 quare
2493 3828 2592 3869 nec
2621 3814 2712 3869 illa
2740 3817 2982 3874 scribere
3010 3820 3185 3888 potuit
3229 3820 3541 3878 Gennadius
3574 3824 3646 3878 ob
3676 3840 3754 3881 ra.

2174 3904 2353 3959 tiones
2381 3904 2640 3961 adductas
2663 3906 2803 3963 libro
2832 3924 2868 3963 tt
2894 3908 3031 3966 Hist.
3063 3909 3386 3983 Pelagianae,
3410 3928 3534 3984 cap.
3567 3917 3653 3983 16,
3672 3918 3754 3986 qui

2168 4010 2290 4050 cum
2311 3995 2554 4051 Cassiani
2582 3997 2834 4068 dogmata
2861 4002 2937 4056 uti
2951 4004 3213 4059 catholica
3238 4020 3521 4076 perperam
3545 4024 3575 4064 a
3606 4009 3755 4066 Pros-

2170 4102 2299 4157 pero
2332 4090 2645 4160 impugnata
2678 4090 2846 4150 fuisse
2875 4095 3040 4163 dicat,
3070 4112 3176 4153 non
3205 4113 3300 4155 eas
3326 4102 3634 4158 sententias
3659 4104 3753 4160 do-

2168 4181 2624 4253 cere,potuit,quaa
2639 4184 2881 4243 Cassiani
2892 4190 3232 4260 opinionibus
3245 4206 3466 4264 prorsus
3491 4212 3754 4268 repugna-

2172 4286 2318 4329 rent.
2348 4275 2513 4332 Sutor
2534 4280 2694 4334 etiam
2729 4281 2842 4347 ille,
2872 4286 3180 4357 quicunque
3202 4288 3385 4354 fuerit,
3411 4288 3628 4360 ineptus
3654 4302 3752 4357 est,

2166 4381 2288 4422 nam
2342 4383 2463 4440 cap.
2486 4370 2559 4427 25
2585 4374 2664 4427 ait
2696 4390 2710 4428 :
2746 4392 2767 4426 ι
2798 4376 2945 4432 Idem
2990 4380 3245 4450 magister
3296 4383 3349 4437 in
3403 4385 3637 4453 epistola
3689 4384 3751 4440 ad

2166 4458 2532 4518 Milevitanum
2562 4466 2850 4522 concilium
2881 4468 3003 4523 data
3031 4471 3291 4540 praedicat
3315 4473 3520 4539 dicens,
3555 4496 3575 4527 ›
3612 4485 3749 4543 elc.;

470 4543 592 4590 tata
615 4537 871 4606 parvulis,
896 4552 1058 4608 opera
1086 4540 1246 4594 etiam
1268 4554 1389 4595 eum
1421 4543 1525 4598 ﬁde
1554 4558 1585 4598 a
1614 4545 1944 4602 conﬁrmatis
1970 4561 2059 4601 re-
2085 4525 2141 4587 Β
2166 4563 2289 4605 cum
2317 4560 2497 4609 tamen
2524 4557 2672 4624 prius
2704 4572 2809 4612 non
2834 4525 3055 4615 eitassei
3105 4561 3501 4629 Innocentium,
3526 4580 3592 4620 ex
3643 4583 3750 4637 quo

469 4628 655 4698 quirit,
691 4632 763 4685 ita
793 4638 971 4685 tamen
1000 4640 1059 4686 ut
1101 4631 1435 4688 credulitatis
1488 4635 1737 4692 aﬁ'ectum
1772 4640 2061 4706 proﬁcien-

468 4722 611 4777 tibus
658 4732 869 4793 augeat.
903 4741 922 4775 t
961 4724 1193 4794 Legatur
1222 4723 1442 4780 Vossius
1468 4726 1560 4781 lib.
1596 4742 1647 4781 tv
1675 4729 1813 4784 llist.
1849 4732 2055 4802 Pelag.,

470 4825 611 4880 part.
638 4830 677 4881 ι,
708 4816 850 4872 thesi
877 4816 945 4882 2;
979 4817 1121 4874 idem
1144 4817 1239 4874 lib.
1272 4833 1331 4885 tt,
1357 4832 1475 4887 cap.
1510 4819 1599 4886 10,
1630 4830 1683 4874 et
1710 4830 1835 4876 ante
1860 4823 2056 4891 ipsum

465 4902 785 4961 Vincentius
834 4907 1141 4965 Lerinensis
1213 4910 1266 4965 in
1313 4908 1758 4977 Commonitorio,
1808 4928 1930 4983 cap.
1964 4917 2053 4985 57,

466 4995 707 5049 scribunt
756 5013 853 5052 nos
906 5015 1063 5069 posse
1093 5003 1292 5059 nostris
1344 5006 1548 5061 viribus
1581 5016 1783 5077 petere,
1814 5009 2052 5078 pulsare,

466 5102 729 5156 quaerere,
747 5098 806 5143 ut
833 5090 925 5145 Dei
957 5095 1180 5162 gratiam
1206 5097 1703 5170 obtineamus,qum
1732 5110 1848 5155 erat
1876 5100 2053 5157 Senti-

464 5180 875 5251 Pelagianorum
907 5184 1089 5251 Opinio
1120 5202 1183 5241 ex
1207 5188 1400 5245 litteris
1424 5192 1671 5261 Prosperi
1698 5194 1765 5249 ad
1798 5194 2052 5266 Augusti-

464 5292 610 5331 num.
641 5276 768 5331 ltem
800 5276 1005 5347 aliquot
1034 5279 1194 5334 etiam
1216 5284 1452 5353 episcopi
1481 5285 1798 5354 Galliarum,
1825 5300 2043 5346 mortuo

466 5366 686 5433 Fausto,
704 5367 861 5424 ﬁdem
876 5369 1028 5424 nobis
1057 5386 1124 5425 ex
1139 5373 1293 5428 nobis
1316 5379 1460 5431 nasci
1494 5377 1765 5447 dicebant,
1798 5388 1853 5433 ut
1873 5395 1939 5435 ex
1967 5383 2051 5438 lit-

460 5461 594 5517 teris
619 5461 874 5519 Bonil‘acii
898 5464 941 5519 ll
962 5464 1027 5520 ad
1058 5463 1353 5522 Caesarium
1385 5470 1736 5541 intelligitur:
1766 5489 1886 5541 quae
1926 5476 2049 5546 qui-

459 5552 584 5606 dem
608 5558 885 5612 sementim
910 5567 1093 5627 aperte
1122 5560 1447 5616 damnantur
1470 5562 1521 5615 in
1554 5564 1663 5618 illis
1691 5566 1957 5634 capitibus
1991 5566 2045 5624 in

457 5642 655 5709 quibus
682 5647 840 5704 ﬁdem
861 5660 915 5705 et
940 5650 1099 5721 hujus
1128 5654 1361 5719 initium,
1387 5666 1572 5711 sancta
1593 5658 1868 5729 cogitatio,
1899 5663 2043 5730 pium

456 5729 945 5801 consilium.omnis
956 5743 1126 5803 bonus
1136 5746 1359 5806 allectus
1376 5750 1656 5821 omnisque
1680 5751 1851 5810 bonus
1868 5729 2044 5817 motus

2165 4642 2256 4696 illa
2278 4645 2442 4698 verba
2469 4644 2778 4703 referuntur
2808 4650 2859 4704 in
2882 4653 3107 4709 annexis
3123 4656 3410 4726 capitibus,
3430 4659 3528 4712 illis
3546 4674 3745 4727 nempe

2164 4747 2282 4802 eap.
2314 4735 2366 4789 7.
2402 4735 2671 4794 Praeterea
2701 4741 2811 4797 duo
2842 4755 3114 4813 postrema
3146 4749 3349 4817 capita,
3378 4749 3571 4805 scilicet
3599 4751 3662 4805 ll
3687 4761 3745 4806 ct

2162 4827 2254 4893 22,
2279 4828 2344 4883 ad
2388 4829 2608 4885 verbum
2660 4834 2925 4893 habentur
2954 4839 3007 4893 in
3049 4840 3266 4896 homilia
3320 4844 3491 4898 sancti
3518 4842 3747 4900 Joannis

2164 4920 2531 4993 Chrysostomi
2587 4926 2655 4983 de
2675 4927 2845 4984 Adam
2874 4941 2927 4987 et
2966 4933 3076 4988 Eva
3109 4942 3237 4990 tom.
3274 4936 3315 4991 ΙΙ
3338 4936 3471 4993 edit.
3500 4937 3739 5007 Basiler,

2163 5012 2249 5067 ubi
2280 5015 2552 5072 etiamilla
2574 5020 2733 5075 verba
2758 5022 2810 5075 in
2855 5022 2962 5080 ﬁne
2998 5036 3289 5095 ponuntur,
3315 5044 3544 5099 quarum
3597 5046 3744 5086 occa-

2158 5106 2313 5164 sione
2341 5111 2441 5164 ista
2500 5114 2896 5182 perquirimus,
2927 5132 3122 5189 nempe
3157 5137 3170 5172 :
3204 5118 3589 5189 Profundiom
3612 5142 3737 5190 vero,

2158 5200 2578 5273 difﬁcilioresuue
2621 5217 2813 5275 partes,
2838 5220 2969 5275 etc.,
3007 5213 3059 5266 in
3089 5228 3192 5282 qua
3247 5214 3411 5271 etiam
3444 5215 3736 5289 homilia,§

2157 5291 2285 5346 Cum
2310 5310 2427 5364 ergo
2472 5295 2660 5350 dicitur
2692 5299 2841 5353 homo
2865 5302 3001 5357 tradi
3043 5292 3313 5360 desideriis
3354 5309 3490 5375 suis,
3520 5320 3651 5377 etc.,
3676 5310 3736 5364 ad

2156 5385 2377 5440 verbum
2403 5384 2709 5444 inseruntur
2721 5393 3069 5464 quadraginta
3084 5411 3269 5453 versus
3282 5412 3347 5453 ex
3372 5398 3510 5453 libro
3528 5418 3559 5455 v
3575 5399 3736 5455 sancti

2156 5477 2431 5549 Augustini
2462 5492 2649 5537 contra
2678 5484 2809 5551 Jul.,
2836 5501 2954 5557 cap.
2989 5488 3040 5543 3.
3077 5488 3230 5545 Unde
3253 5499 3444 5547 auctor
3472 5492 3618 5548 illius
3646 5494 3737 5547 ho«

2156 5572 2316 5627 milia:
2350 5590 2452 5629 non
2485 5585 2565 5629 est
2594 5576 3028 5648 Chrysostomus,
3058 5582 3153 5637 sed
3210 5582 3433 5641 Latinus
3474 5586 3734 5655 quispiam

2154 5667 2343 5724 debilis
2377 5670 2572 5738 ingenii
2603 5671 2834 5741 scriptor
2857 5713 2872 5739 ,
2900 5673 2991 5743 qui
3021 5688 3119 5729 nec
3150 5690 3249 5730 suo
3304 5690 3402 5733 ore
3450 5676 3594 5746 loqui
3646 5690 3737 5747 po-

2156 5758 2275 5819 tuit.
2308 5759 2397 5817 sed
2427 5759 2651 5817 aliorum
2688 5768 2892 5818 tantum
2924 5766 3219 5823 sententias
3248 5767 3302 5826 in
3333 5777 3591 5827 centones
3614 5783 3739 5828 coeo
