3930 6332
130 289 246 349 825.

1323 285 1641 354 VINDICIAE
1683 284 2235 343 AUGUSTINIANE.

3305 295 3410 351 8‘20

124 404 224 474 git.
251 401 514 458 Baronius
544 414 606 456 ac
623 397 843 470 Suartus
872 401 1163 464 verisimile
1192 409 1401 470 putant,
1428 407 1570 472 quod
1602 401 1718 469 qui-
1748 406 1795 462 Α
1895 400 1974 454 Ex
2003 403 2087 456 bis
2118 410 2264 471 patet
2312 402 2677 472 imprudenter
2719 413 3050 462 recentiores
3090 421 3158 464 ex
3208 409 3407 466 litteris

123 495 256 549 dam
289 496 552 561 scribunt,
584 509 646 550 ea
677 493 848 562 capita
887 493 1067 562 fuisse
1113 508 1142 546 a
1175 493 1443 562 Prospero
1495 492 1715 546 concin-

122 597 289 654 nata;
324 588 546 643 Vossius
602 601 708 640 non
756 585 921 641 audet
957 586 1223 654 spondere
1251 601 1280 638 a
1306 587 1421 640 solo
1455 587 1719 654 Prospero

117 681 410 736 elaborata
438 696 578 749 esse,
608 680 867 736 Hilarium
913 681 1150 752 aliosque
1201 680 1483 750 Augustini
1535 679 1719 735 defen-

115 787 285 828 sores
333 773 510 827 socios
559 771 825 841 Prospero
853 772 1056 839 tribuit,
1090 788 1214 826 nam
1253 771 1447 840 plurali
1492 785 1719 825 numero

118 867 454 936 loquuntur.
513 865 650 931 Quid
704 865 805 920 hac
861 865 914 918 in
974 880 1034 920 re
1081 865 1313 920 divinari
1392 865 1719 934 possumus?

110 956 385 1010 Dicamus
410 956 570 1024 igitur
595 954 828 1009 conﬂata
875 970 996 1009 esse
1025 970 1054 1007 a
1089 956 1353 1024 Prospero
1402 957 1489 1010 illa
1519 956 1716 1025 capita,

114 1050 426 1118 demusquc
450 1064 612 1103 unam
642 1057 733 1102 aut
762 1048 985 1102 alteram
1017 1035 1403 1118 conjecturam.
1428 1049 1608 1102 Prima
1629 1050 1716 1113 sit,

115 1141 270 1210 quod
301 1157 420 1210 cap.
455 1141 487 1195 8
520 1142 766 1210 leguntur
789 1139 950 1195 verba
980 1138 1278 1194 litterarum
1307 1140 1509 1195 Zosimi
1543 1146 1597 1194 et
1623 1141 1721 1193 Pa-

112 1243 266 1288 trum
289 1232 708 1297 Africanorum,
752 1247 874 1300 qua:
923 1231 1108 1286 eadem
1161 1231 1724 1300 omninoeodcmque

115 1329 293 1383 modo
352 1328 543 1383 recitat
582 1327 813 1395 Prosper
862 1335 1051 1380 contra
1089 1323 1414 1380 Collatorem
1441 1365 1456 1392 ,
1482 1339 1598 1394 cap.
1631 1323 1720 1390 10,

104 1439 228 1493 quo
254 1424 380 1478 loco
409 1424 598 1478 eadem
624 1422 922 1478 Innocentii
966 1421 1280 1476 testimonia
1313 1421 1487 1490 ponit,
1521 1435 1638 1489 qua:
1668 1420 1723 1474 in

101 1516 399 1585 capitibus
431 1517 589 1585 vulgo
627 1514 1026 1570 Coelestinianis
1073 1515 1342 1583 leguntur.
1376 1513 1590 1568 Litterae
1619 1513 1724 1568 illa:

103 1606 332 1660 Zosimi
363 1606 598 1674 periere,
622 1621 918 1675 carumque
947 1605 1158 1659 initium
1184 1605 1324 1674 apud
1373 1604 1720 1672 Prosperum,

99 1707 166 1752 et
199 1698 258 1750 in
289 1697 544 1764 capitulis
567 1697 904 1759 illistantum
935 1696 1180 1750 habetur.
1224 1696 1406 1750 Altera
1434 1710 1563 1752 vero
1616 1705 1721 1762 est,

1821 491 2099 550 leestini
2131 495 2533 564 Augustinianae
2581 496 2886 552 auctoritati
2935 498 3069 554 adeo
3110 514 3298 557 secure
3328 504 3408 557 in-

1823 586 2025 642 sultare
2053 629 2067 653 ,
2097 599 2353 644 conantes
2384 591 2739 660 Augustinum
2770 589 2882 645 fere
2913 591 2968 644 in
2995 592 3237 648 ordinem
3269 593 3411 648 redi—

1823 694 1968 749 gere.
2020 680 2204 750 Neque
2233 682 2376 736 enim
2407 692 2613 738 certum
2660 692 2742 738 est
2772 693 3094 754 postremam
3142 684 3286 739 illam
3316 698 3409 752 ap-

1825 771 2102 840 pendicem
2132 789 2144 823 :
2178 770 2557 841 Profundiores
2595 790 2734 840 vero,
2762 775 3165 845 difﬁcilioresque
3216 783 3409 846 partes,

1751 927 1763 940 ο
1823 872 1950 930 etc.,
1984 863 2052 917 ab
2091 865 2388 932 apostolica
2431 867 2561 922 sede
2599 881 2877 924 emanasse
2902 909 2916 935 ,
2949 869 3088 940 quod
3119 868 3415 937 praeclaris-

1824 955 1944 1012 simi
1970 955 2265 1024 scriptores
2296 969 2515 1028 negant.
2550 960 2719 1026 Quem
2752 976 2878 1016 vero
2905 976 2969 1016 ex
3007 959 3266 1030 theologis
3288 974 3411 1016 cum

1824 1047 2015 1107 Suario
2055 1063 2239 1116 parem
2271 1064 2334 1104 ex
2366 1051 2479 1105 suis
2518 1050 2734 1117 faciant,
2779 1069 3003 1123 quemve
3033 1069 3100 1108 ex
3143 1052 3413 1107 historicis

1825 1141 1909 1195 vel
1949 1141 2178 1195 Baronio
2210 1143 2292 1195 vel
2315 1141 2602 1196 Sirmondo
2628 1158 2725 1198 suo
2747 1143 3051 1214 opponent?
3075 1143 3410 1199 Solidissima

1826 1232 1983 1286 etiam
2039 1243 2353 1301 argumenta
2404 1236 2648 1290 eamdem
2695 1238 3018 1291 sententiam
3066 1238 3410 1301 conﬁrmant,

1826 1325 2016 1394 quibus
2044 1326 2223 1394 plures
2245 1327 2296 1380 in
2321 1337 2595 1396 posterum
2618 1344 2808 1383 manus
2834 1328 3165 1397 herbamque
3187 1328 3410 1382 daturos

1825 1431 2008 1485 spero,
2044 1418 2150 1472 nisi
2203 1428 2508 1476 nostrorum
2561 1420 2798 1475 adulatio
2847 1421 3001 1476 nobis
3033 1419 3244 1475 illudat.
3285 1420 3414 1486 Quae

1829 1524 1958 1565 vero
1985 1509 2184 1566 dicturi
2227 1512 2445 1580 insuper
2476 1527 2662 1567 sumus
2689 1514 2742 1566 in
2785 1512 3008 1582 gratiam
3051 1510 3413 1567 recentiorum

1834 1610 2038 1657 asserta
2063 1602 2190 1669 sint,
2223 1611 2281 1657 ut
2309 1618 2524 1658 omnem
2555 1604 2662 1658 illis
2691 1603 2759 1656 ad
2788 1604 3188 1673 Augustinianze
3235 1609 3418 1657 aucto-

1831 1695 2008 1749 ritatis
2042 1695 2354 1750 truncandae
2403 1695 2605 1751 aditum
2660 1695 3076 1764 praecludamus.
3133 1694 3418 1762 llueusque

100 1788 471 1856 l’rosperum,
506 1801 623 1855 cap.
661 1786 696 1841 9
724 1795 910 1842 contra
941 1783 1294 1853 Collatorem,
1327 1788 1577 1843 eumdem
1634 1803 1720 1842 ar-
1749 1788 1798 1851 Β
1830 1785 1884 1840 in
1918 1787 2199 1842 remotiori
2247 1804 2405 1858 quam
2451 1797 2694 1859 putarant
2749 1804 2939 1858 campo
2982 1794 3267 1857 pugnatum
3312 1794 3413 1848 est,

101 1894 310 1949 guere,
347 1879 774 1949 quoddixerat,
811 1877 1166 1947 Augustinum
1225 1880 1469 1949 quaedam
1528 1890 1719 1935 contra

105 1974 600 2044 Pelagianusjusto
632 1972 860 2039 amplius
911 1971 1226 2035 asseruisse;
1286 1971 1466 2040 ibique
1511 1970 1722 2026 vellicat

114 2066 461 2120 sobrietatem
492 2063 806 2119 adversarii.
840 2061 908 2116 At
937 2063 990 2116 in
1019 2079 1138 2130 cap.
1160 2061 1193 2113 5
1222 2063 1608 2119 leestiniauo
1634 2079 1722 2119 rc-

107 2156 534 2227 prehcnduntur
563 2154 946 2218 Massilienses,
975 2154 1118 2222 quod
1167 2154 1282 2209 ausi
1341 2154 1452 2209 sint
1505 2155 1722 2223 obloqui

107 2250 444 2320 Augustino,
467 2257 717 2320 tanquam
742 2247 1110 2302 necessarium
1143 2245 1359 2300 modum
1392 2245 1715 2301 excesserit.

109 2341 254 2408 Quae
302 2341 347 2394 si
374 2355 501 2396 vere
526 2357 554 2394 a
586 2338 880 2394 Caelestino
935 2339 1074 2394 dicta
1136 2339 1388 2405 fuissent,
1424 2338 1720 2408 repetenda

111 2451 257 2490 sane
291 2436 504 2490 fuerant
532 2434 800 2501 Prospero
831 2447 895 2487 ea
925 2431 993 2486 de
1042 2445 1101 2486 re
1142 2445 1239 2500 pro
1266 2429 1564 2500 Augustino
1592 2445 1723 2486 con-

112 2537 201 2582 tra
233 2525 566 2581 Collatorem
599 2523 870 2592 litigante;
905 2521 1033 2592 quid
1064 2522 1208 2576 enim
1230 2522 1466 2583 validius
1522 2522 1720 2578 adduci

112 2627 342 2690 poterat
372 2619 440 2672 ad
471 2632 531 2671 os
549 2615 1334 2672 calumniatoriobstruendum
1360 2624 1469 2669 tam
1519 2614 1724 2670 celebri

112 2710 447 2781 apostolicae
479 2709 625 2763 sedis
649 2706 992 2763 testimonio?
1014 2706 1166 2774 Unde
1196 2706 1373 2760 minus
1401 2707 1561 2759 etiam
1597 2720 1724 2774 pro-

115 2803 284 2859 batur
324 2799 692 2856 recentiorum
715 2798 982 2854 sententia
1021 2798 1333 2867 eacapitula
1371 2797 1572 2867 absque
1618 2797 1727 2851 ulla

121 2892 467 2947 dubitatione
497 2889 795 2945 Caelestino
828 2888 1093 2944 tribuens.
1128 2888 1261 2943 Cum
1285 2887 1518 2956 Prosper
1537 2901 1566 2940 a
1608 2886 1728 2942 Cte-

122 2983 328 3039 Iestino
379 2981 634 3052 pontiﬁce
693 2982 748 3035 in
779 2979 1311 3036 commendationem
1360 2978 1643 3048 Augustini
1665 2993 1728 3035 ac

125 3091 244 3131 suae
304 3074 428 3130 ﬁdei
479 3072 925 3143 approbationem
980 3072 1214 3141 diploma
1271 3071 1636 3139 impetrasset,
1676 3071 1727 3125 in

1771 1944 1783 1956 .
1828 1894 1971 1933 nunc
2000 1879 2065 1934 ad
2100 1895 2289 1936 eorum
2336 1891 2511 1936 castra
2542 1882 2848 1936 accedimus
2875 1921 2891 1948 ,
2931 1881 3121 1937 eadem
3166 1879 3327 1935 etiam
3359 1878 3416 1933 in

1826 1984 1990 2024 arena
2018 1970 2071 2024 in
2110 1985 2267 2039 quam
2319 1971 2417 2026 nus
2450 1981 2870 2040 provocaveraut
2914 1973 3235 2028 dimicaturi.
3269 1970 3419 2025 Dabo
3478 2035 3485 2042 _

1828 2062 1987 2130 igitur
2016 2063 2184 2132 gratis
2215 2062 2405 2118 decem
2434 2063 2524 2117 illa
2551 2064 2725 2133 capita
2754 2079 2874 2120 esse
2903 2079 2934 2118 a
2963 2063 3258 2119 Caelestino
3288 2075 3415 2116 con-

1830 2154 2069 2219 cinnata,
2121 2154 2187 2207 ab
2217 2155 2407 2210 eodem
2439 2155 2600 2210 etiam
2646 2156 2998 2226 appendicem
3051 2155 3197 2210 illam
3228 2152 3420 2222 adjun-

1828 2257 1968 2302 ctam
1996 2248 2320 2315 concedam;
2354 2250 2475 2304 inde
2509 2258 2686 2305 tamen
2727 2250 2862 2304 nihil
2889 2249 3295 2319 Augustinianm
3324 2246 3421 2301 do-

1828 2339 2045 2406 ctrina),
2102 2339 2232 2395 nihil
2283 2340 2528 2409 ejusdem
2575 2341 2865 2411 dignitati,
2925 2340 3062 2395 nihil
3110 2339 3420 2395 auctoritati

1826 2431 2126 2486 detractum
2160 2432 2322 2486 fuisse
2343 2432 2568 2488 docebo.
2591 2435 2894 2503 Antequam
2920 2442 3093 2488 tamen
3118 2432 3219 2487 hoc
3247 2432 3418 2500 ipsum

1827 2543 2118 2596 exsequar,
2166 2543 2320 2582 mens
2347 2527 2669 2598 animusque
2698 2529 3058 2583 recentiorum
3090 2523 3422 2596 indagandus

1828 2627 1929 2682 est,
1964 2617 2180 2683 suisque
2203 2617 2369 2670 veluti
2394 2617 2664 2670 coloribus
2694 2617 3063 2671 delineandus.

1902 2708 2127 2763 Veteres
2154 2706 2610 2775 Semi-Pelagiani
2654 2705 3033 2772 Massilienses,
3078 2720 3185 2775 quo
3231 2716 3424 2758 conce-

1832 2809 1983 2872 ptum
2033 2800 2204 2855 semel
2271 2809 2457 2854 contra
2520 2797 2690 2852 sancti
2760 2796 3042 2867 Augustini
3119 2796 3422 2852 doctrinam

1833 2894 2017 2950 odium
2046 2892 2295 2961 specioso
2321 2891 2554 2961 quodam
2582 2897 2844 2960 praetextu
2869 2889 3126 2955 vclareut,
3153 2887 3423 2956 Pelagium

1830 3001 1894 3040 ac
1943 2982 2257 3039 Coelestium
2308 2981 2668 3048 damnabant,
2719 2980 3037 3050 proﬁtentes
3066 2977 3316 3049 amplecti
3363 2993 3423 3034 se

1836 3091 2170 3148 quaecunque
2191 3085 2380 3132 contra
2413 3076 2631 3131 eosdem
2655 3076 2724 3130 ab
2751 3073 3045 3145 apostolica
3068 3073 3197 3129 sede
3221 3073 3425 3128 sancita

129 3167 362 3224 Galliam
410 3166 628 3221 rediens
659 3163 846 3220 iisdem
881 3160 1358 3230 Semi-Pclagianis
1406 3159 1724 3226 iusuItabat;
1754 3173 1801 3235 ε
1833 3170 2089 3232 fuissem;
2122 3177 2376 3222 caeterum
2412 3169 2464 3221 ίη
2495 3167 2612 3222 ams
2639 3207 2654 3234 ,
2681 3166 2749 3222 de
2793 3165 2988 3235 quibus
3031 3164 3174 3219 ηυιιδ
3206 3178 3425 3218 emam-

130 3269 190 3316 at
227 3259 305 3315 illi
335 3272 429 3314 eas
451 3256 639 3312 laudes
666 3253 937 3325 prioribus
968 3254 1119 3308 libris
1146 3254 1318 3308 sancti
1350 3252 1597 3307 Doctoris
1633 3252 1728 3308 da-

137 3364 226 3408 tas
277 3351 442 3408 fuisse
473 3348 1008 3412 commentabantur;
1041 3360 1148 3416 quo
1176 3359 1307 3400 vero
1365 3359 1580 3401 omnem
1631 3343 1730 3400 abs

133 3445 330 3516 seipsis
360 3444 562 3498 erroris
588 3440 949 3510 suspicionem
976 3437 1377 3506 propulsarent,
1400 3436 1732 3507 proﬁteban-

136 3550 310 3595 turea
335 3551 392 3592 se
431 3545 638 3591 tantum
667 3536 916 3604 dogmata
975 3529 1268 3585 defendere
1316 3529 1455 3583 velle
1502 3544 1621 3597 quas
1677 3529 1732 3582 in

135 3629 592 3701 disputationibus
618 3631 687 3683 dc
711 3626 883 3697 gratia
914 3631 1105 3680 contra
1137 3621 1454 3689 Pelagianos
1480 3618 1546 3673 ab
1571 3633 1734 3687 apos-

145 3726 310 3782 tolica
339 3722 467 3779 sede
491 3722 692 3776 sancita
716 3720 963 3774 fuissent.
1003 3715 1132 3771 Inde
1162 3727 1299 3769 onus
1331 3710 1735 3781 Augustinianis

142 3811 808 3874 iucubuitdemonstraudi
835 3825 898 3866 ex
923 3804 1486 3872 Innocentio,'l.osimo
1519 3813 1572 3857 ct
1595 3800 1738 3856 Afri-

143 3924 280 3968 cano
309 3908 552 3964 Concilio
575 3921 604 3960 a
629 3907 871 3960 Romana
907 3900 1038 3958 sede
1088 3885 1389 3970 approbato
1443 3896 1740 3951 Massilien-

144 4008 280 4062 sium
322 4003 604 4075 opiniones
634 4013 754 4055 esse
801 3997 1148 4071 proscriplas.
1177 3993 1358 4062 Quare
1414 3991 1599 4048 decem
1650 3989 1740 4045 illa

149 4101 320 4171 capita
371 4102 750 4158 contexentes,
786 4108 893 4162 quo
922 4090 1172 4165 validiori
1220 4086 1541 4142 auctoritate
1572 4085 1741 4140 dona-

149 4202 351 4258 rentur,
371 4192 580 4249 eisdem
607 4185 1185 4255 Coelestiniepistolam
1209 4182 1275 4237 ad
1305 4181 1592 4250 episcOpos
1619 4178 1743 4234 Gal-

149 4287 233 4343 lia:
256 4287 558 4357 praelixere.
575 4281 644 4335 At
665 4295 788 4335 cum
803 4279 856 4333 in
873 4275 1226 4347 quorumdam
1250 4287 1441 4328 manus
1462 4287 1523 4328 ea
1544 4271 1744 4342 scripta

151 4379 514 4442 devenissent,
543 4376 600 4429 in
629 4374 776 4427 illam
807 4369 1129 4427 sententiam
1161 4368 1344 4422 abiere
1368 4408 1382 4432 ,
1414 4374 1469 4420 ut
1499 4373 1748 4434 putarent

155 4471 458 4526 universum
494 4466 737 4521 libellum
769 4463 935 4518 fuisse
965 4477 994 4516 a
1027 4461 1326 4516 Caelestino
1358 4459 1613 4530 pontiﬁce
1649 4473 1746 4528 pu-

1834 3268 1956 3316 raut
1984 3275 2013 3315 a
2037 3257 2379 3329 pontilicibus
2409 3258 2647 3323 decreta,
2679 3271 2786 3312 non
2815 3267 2961 3312 stare
3007 3270 3066 3311 se
3095 3270 3217 3311 cum
3244 3256 3426 3325 Augu-

1834 3354 1980 3409 stino
1995 3353 2266 3418 dicebant,
2282 3351 2424 3421 quod
2442 3350 2533 3406 ille
2553 3351 2607 3405 in
2627 3349 2868 3404 doctrina
2893 3356 3080 3404 contra
3105 3347 3424 3417 Pelagianos

1838 3447 2028 3502 tradita
2077 3445 2442 3501 necessarium
2492 3445 2708 3498 modum
2758 3450 3089 3498 excesserat.
3134 3441 3213 3496 Do
3260 3440 3427 3497 verba

1837 3539 2138 3614 leestini,
2172 3553 2292 3606 cap.
2325 3538 2360 3591 5
2387 3554 2400 3590 :
2430 3554 2448 3587 ι
2476 3535 2610 3602 Quia
2633 3536 2875 3589 nonnulli
2905 3535 2996 3603 qui
3041 3533 3305 3589 catholico
3325 3549 3427 3588 no-

1841 3631 1985 3686 mine
2032 3631 2360 3700 gloriantur,
2409 3629 2463 3683 in
2514 3629 2781 3684 damnatis
2829 3637 3004 3683 autem
3053 3629 3428 3684 haereticorum

1840 3724 2107 3788 sensibus,
2139 3737 2234 3778 seu
2268 3721 2553 3792 pravitate,
2600 3723 2714 3776 sive
2741 3721 3007 3791 imperitia
3049 3720 3392 3778 demorantes
3413 3762 3429 3788 ,

1842 3817 2101 3888 piissimis
2148 3813 2573 3886 disputatoribus
2599 3813 2818 3868 obviare
2839 3821 3199 3882 prmsumunt:
3231 3821 3285 3869 et
3309 3827 3445 3871 cum.

1843 3907 2116 3977 Pelagium
2146 3915 2304 3976 atque
2333 3903 2645 3961 Coelestium
2695 3903 3153 3960 anathematizato
3198 3920 3304 3961 non
3334 3905 3433 3960 du-

1845 4000 2037 4063 bitent,
2065 3998 2334 4066 magistris
2358 4007 2537 4054 tamen
2564 3999 2762 4055 nostris
2790 4007 3042 4068 tanquam
3067 3999 3434 4055 necessarium

1847 4092 2063 4148 modum
2129 4092 2491 4161 excesserint,
2547 4092 2944 4162 obloquuntur,
2989 4107 3157 4164 eaque
3203 4103 3436 4150 tantum-

1847 4186 2008 4242 modo
2041 4186 2192 4256 sequi
2215 4195 2270 4241 et
2292 4185 2521 4255 probare
2553 4185 2891 4254 proﬁtentur,
2923 4201 3044 4256 quae
3071 4189 3435 4244 sacratissima

1847 4278 1993 4335 beati
2023 4278 2255 4347 apostoli
2293 4277 2680 4333 sedcs'contra
2720 4276 2970 4332 inimicos
2996 4279 3180 4347 gratiae
3222 4279 3317 4335 Dei
3343 4295 3439 4349 per

1851 4371 2213 4425 ministerium
2245 4369 2535 4439 praesulum
2567 4384 2783 4425 suorum
2809 4372 2986 4426 sanxit
3013 4379 3066 4426 et
3089 4371 3292 4425 docuit.
3327 4390 3344 4423 ι
3372 4372 3440 4426 At

1852 4479 1951 4519 nos
1999 4463 2348 4534 proponimus
2397 4463 2785 4518 recentioribus
2838 4463 3010 4519 sancti
3058 4461 3341 4532 Augustini
3372 4463 3440 4517 de

155 4564 404 4620 blicatum
424 4563 475 4616 iu
508 4575 610 4630 qua
629 4558 885 4628 opinione
917 4554 1077 4610 video
1109 4568 1231 4610 esse
1258 4567 1324 4608 ex
1351 4551 1742 4622 antiquioribus
1768 4536 1822 4598 D
1851 4560 2085 4631 gratuita
2114 4559 2180 4614 ad
2216 4558 2441 4628 gloriam
2473 4540 2942 4626 prgdestinatione
2989 4555 3308 4612 sententiam
3338 4599 3351 4622 ,
3387 4556 3440 4611 in

156 4657 370 4714 Petrum
402 4655 720 4720 Diaconum,
752 4650 878 4706 dein
905 4647 1280 4715 Cresconium,
1314 4660 1449 4716 quos
1476 4643 1656 4709 citavi,
1691 4651 1745 4699 et

157 4760 271 4821 post
323 4748 745 4820 quadringentos
773 4757 941 4797 annos
971 4741 1266 4796 Ecclesiam
1317 4739 1479 4793 etiam
1535 4735 1744 4807 Lugdu-

161 4859 376 4901 nensem
408 4843 461 4897 in
488 4841 625 4896 libro
652 4839 718 4893 de
743 4837 938 4892 Tribus
963 4834 1242 4905 Epistolis,
1266 4840 1427 4901 atque
1477 4829 1596 4884 aliis
1621 4841 1747 4897 pas;

163 4938 261 4992 sim
289 4935 446 4990 editis
475 4935 528 4988 in
569 4945 730 4989 causa
782 4926 1163 4984 Gotteschalci.
1212 4923 1514 4978 Notandum
1568 4931 1746 4977 tamen

164 5035 246 5082 est
274 5025 488 5081 Petrum
549 5024 846 5079 Diaconum
893 5034 954 5074 ac
1008 5017 1186 5073 socios
1231 5013 1459 5085 Scythas
1510 5027 1745 5079 errasse,

167 5120 286 5175 dum
332 5120 386 5173 in
428 5118 563 5172 libro
589 5116 656 5172 de
706 5111 1078 5169 Incarnatione
1109 5115 1165 5163 ct
1191 5107 1381 5178 gratia,
1408 5119 1526 5174 cap.
1553 5105 1605 5169 8,
1632 5103 1746 5158 Iau-

167 5213 298 5269 dant,
320 5210 484 5267 verba
508 5225 627 5280 quae
667 5208 932 5263 habentur
953 5204 1108 5258 initio
1149 5202 1324 5271 cap.8
1379 5197 1752 5254 Ccelestiniani

168 5312 414 5372 tanquam
438 5299 733 5356 Innocentii
763 5297 829 5351 ad
867 5292 1130 5366 synodum
1175 5290 1567 5354 Milevitanam;
1609 5289 1752 5344 unde

169 5402 309 5463 patet
348 5407 446 5449 eos
476 5407 582 5447 non
612 5391 810 5462 legisse
841 5385 1136 5442 Innocentii
1159 5383 1400 5449 litteras,
1433 5382 1526 5438 sed
1561 5382 1613 5436 in
1637 5380 1753 5435 bmc

172 5488 455 5544 Caelestino
468 5485 721 5544 attributa
739 5480 970 5552 capitula
985 5476 1410 5543 incidisse,haud
1426 5474 1757 5545 distinguen-

175 5589 249 5635 tes
278 5581 463 5635 ultima
491 5579 652 5637 verba
684 5592 804 5646 cap.
835 5577 889 5640 7,
923 5588 1042 5644 qua:
1073 5573 1240 5628 sancti
1288 5571 1584 5628 Innocentii
1635 5579 1759 5625 sunt

173 5673 236 5728 ad
259 5673 593 5729 Milevitauos
622 5687 654 5728 a
675 5669 865 5744 primis
912 5666 1093 5729 octavi
1131 5664 1340 5738 capitis,
1361 5679 1481 5736 quae
1539 5664 1758 5722 alterius

174 5768 402 5826 aucturis
429 5777 574 5825 sunt.

1853 4653 1990 4708 hanc
2014 4658 2290 4707 transeant
2330 4651 2399 4705 ob
2428 4651 2716 4707 asserentis
2764 4648 3134 4705 auctoritatem
3166 4660 3436 4716 rogamus.

1855 4743 2165 4814 Respondet
2196 4742 2484 4809 Moraines,
2509 4743 2647 4814 disp.
2681 4745 2712 4797 9
2737 4739 3066 4807 Anti—Jans.,
3093 4755 3241 4794 num.
3275 4737 3363 4802 50,
3394 4739 3439 4794 si

1853 4853 1971 4894 eam
2027 4838 2353 4892 sententiam
2417 4836 2600 4890 docuit
2654 4833 3014 4901 Augustinus,
3073 4848 3175 4886 non
3224 4840 3438 4886 statutae

1855 4938 2039 4984 contra
2067 4926 2385 4994 Pelagianos
2412 4926 2658 4978 doctrina:
2696 4923 3012 4990 aﬁinilalem,
3047 4931 3136 4976 aut
3164 4924 3439 4977 conuentio-

1858 5034 1993 5085 nem,
2025 5032 2138 5084 qua:
2181 5016 2328 5068 nulla
2369 5024 2464 5080 est,
2500 5015 2588 5068 sed
2626 5023 2808 5068 wstum
2840 5013 3198 5083 disputationis
3230 5015 3298 5068 ad
3347 5015 3443 5070 hoc

1857 5108 2006 5161 illum
2053 5105 2331 5176 impulisse.
2363 5103 2577 5159 Addunt
2621 5118 2681 5161 se
2705 5111 2907 5160 tantum
2938 5108 3107 5162 teneri
3148 5106 3213 5161 ad
3260 5106 3443 5160 delen-

1857 5198 2059 5254 dendas
2129 5196 2422 5253 sententias
2474 5195 2501 5249 η
2560 5197 2799 5253 Romana
2851 5197 2980 5254 sede
3051 5196 3372 5268 approbatas
3427 5211 3442 5248 :

1866 5310 1883 5344 t
1915 5290 2172 5357 Quamvis
2197 5289 2360 5355 enim,
2398 5288 2664 5358 inquiunt,
2698 5289 3028 5360 pracferenda
3056 5289 3127 5344 sit
3150 5292 3440 5342 easenten-

1864 5383 1936 5436 tia
1964 5397 2082 5450 qua:
2113 5381 2273 5434 talem
2325 5380 2539 5435 modum
2588 5382 3073 5451 prmdestinationis
3119 5395 3184 5434 ex
3234 5375 3444 5432 meritis

1863 5476 2083 5532 omnino
2116 5484 2292 5543 negat,
2322 5483 2498 5530 tamen
2528 5485 2586 5530 ut
2603 5475 2850 5531 damnata
2877 5476 3036 5532 etiam
3055 5469 3447 5528 censeaturilla

1863 5586 1983 5640 quae
2024 5569 2284 5635 afﬁrmat,
2333 5570 2618 5624 videndum
2660 5571 2762 5624 erit
2809 5585 2967 5637 quam
3019 5567 3089 5620 sit
3137 5563 3444 5621 necessario

1863 5676 2107 5719 connexa
2135 5675 2256 5714 cum
2287 5659 2524 5715 articulis
2561 5675 2590 5713 a
2611 5659 2903 5716 Caelestino
2924 5655 3159 5714 deﬁnitis
3183 5674 3199 5710 :
3224 5657 3270 5712 si
3299 5655 3443 5713 enim

1866 5773 1973 5818 nou
2001 5756 2090 5828 sit,
2122 5755 2362 5828 quamvis
2402 5756 2728 5828 Augustinus
2766 5755 2823 5816 in
2849 5752 3177 5814 contrarium
3208 5767 3440 5826 propen-
