3930 6374
483 336 583 392 827
1376 321 1931 388 SUPPLEMENTUM
1973 321 2062 376 AD
2099 316 2331 375 OPERA
2370 316 2429 373 S.
2471 312 2862 373 AUGUSTINI.
3659 307 3789 362 828

483 446 643 509 deat,
691 442 1047 512 permittenda
1076 450 1254 497 tamen
1302 438 1409 495 erit
1436 438 1598 507 hujus
1626 434 1938 505 quaestionis
1974 433 2063 487 de-
2087 442 2138 499 Α
2164 432 2361 487 nobilis
2390 431 2656 487 exclamat
2706 447 2717 481 :
2757 446 2778 480 ι
2828 427 2903 482 Ita
2955 434 3068 495 est,
3122 426 3289 480 multa
3339 424 3613 480 habemus
3643 440 3787 479 cum

483 534 789 590 terminatio
832 534 1019 590 libera:
1059 531 1446 604 disputantium
1502 525 1771 583 electioni.
1812 543 1831 577 ι
1886 524 2060 579 Verba
2171 523 2512 579 Armenianis
2544 520 2848 578 communia
2876 519 3011 591 (Lib.
3062 517 3312 574 IHQres.
3344 515 3525 583 Jans.,
3554 533 3677 587 cap.
3705 516 3781 580 5,

483 634 613 682 sunt
639 625 834 681 Annati
877 626 972 680 lib.
1019 641 1133 689 vni,
1178 639 1295 693 cap.
1330 624 1383 687 Ι,
1416 636 1534 690 pag.
1569 618 1694 673 856.
1728 619 1888 688 Igitur
1921 616 2067 670 nullo
2172 633 2225 671 η.
2261 616 2405 687 115).
2444 635 2462 668 ι

488 720 656 789 gradu
683 719 848 773 distat
872 719 975 772 hoc
1006 717 1367 772 recentiorum
1398 717 1465 768 de
1490 712 1786 781 Augustino
1809 710 2065 778 judicium
2249 711 2444 767 verum
2468 710 2609 766 enim
2635 722 2763 763 vero
2788 706 2972 763 audire
3016 705 3146 760 mihi
3176 704 3363 760 videor
3390 703 3779 759 recentiorum

489 825 520 867 a
546 811 715 866 veteri
745 809 1341 879 Semi-Pelagianorum
1370 806 1623 876 Opinione
1648 822 1662 870 ;
1694 806 1905 872 utrique
1924 803 2068 858 enim
2175 803 2419 872 querelas
2443 841 2458 865 ,
2492 816 2551 856 se
2579 800 2787 870 gravari
2843 798 3122 853 invidiosis
3151 806 3357 852 tantum
3401 794 3723 851 nominibus
3758 836 3780 858 ,

488 902 773 957 admittunt
802 902 1174 959 necessitatem
1216 899 1473 956 credendi
1505 914 1565 953 ea
1597 912 1715 967 quas
1745 906 1929 953 contra
1964 896 2071 950 lia:-
2176 910 2283 950 non
2321 904 2500 950 autem
2532 895 2770 963 ipsorum
2820 891 3145 948 sententiam
3194 889 3440 945 falsitatis
3482 889 3783 945 errorisve

490 993 689 1047 reticos
738 992 808 1047 de
852 992 1027 1046 divina
1057 991 1231 1060 gratia
1261 988 1332 1045 ab
1364 987 1656 1058 apostolica
1704 986 1832 1040 sede
1875 992 2072 1038 statuta
2176 986 2445 1055 convinci.
2498 985 2652 1055 Agite
2718 984 2842 1038 dum
2873 1023 2888 1049 ,
2958 982 3324 1054 relinquamus
3376 982 3517 1048 ista,
3576 987 3783 1050 utpote

490 1095 615 1140 sunt
637 1129 650 1149 ,
680 1092 735 1139 at
774 1098 894 1138 non.
922 1084 1010 1137 illa
1043 1098 1162 1152 quae
1193 1097 1287 1151 per
1313 1094 1589 1138 excessum
1627 1086 1815 1132 contra
1856 1076 2072 1131 eosdem

494 1182 710 1230 sanctus
742 1174 1069 1244 Augustinus
1092 1173 1341 1229 asseruit.
1374 1173 1552 1227 Dicam
1585 1180 1762 1225 tamen
1784 1169 1907 1239 quid
1937 1168 2076 1222 inter

492 1271 749 1333 utrosque
784 1264 1113 1320 discriminis
1142 1264 1376 1319 intersit.
1405 1263 1538 1317 Cum
1580 1272 1798 1316 sanctus
1846 1260 2077 1329 Prosper

495 1356 767 1413 Caelestlni
838 1357 1273 1425 approbationem
1346 1355 1749 1426 Augustinianm
1818 1352 2078 1407 doctrina:

499 1446 920 1504 Massiliensibus
950 1448 1243 1516 objiceret,
1278 1448 1353 1503 illi
1384 1461 1475 1503 eas
1506 1447 1694 1502 laudes
1720 1444 2079 1501 anterioribus

496 1537 653 1593 libris
679 1538 960 1608 Augustini
984 1538 1187 1594 delatas
1213 1539 1500 1603 dicebant,
1531 1553 1637 1593 non
1671 1536 2075 1607 posterioribus,

496 1627 551 1682 in
581 1629 773 1699 quibus
798 1640 852 1686 et
880 1630 1283 1699 praedestinatio
1329 1631 1450 1685 sine
1478 1630 1705 1694 meritis,
1736 1639 1790 1684 et
1826 1629 1956 1683 tides
1989 1628 2081 1681 Dei

496 1717 696 1774 donum
722 1722 997 1777 astruitur.
1032 1722 1101 1775 At
1141 1722 1470 1778 recentiores
1515 1722 1677 1777 libros
1704 1723 1866 1776 etiam
1907 1731 2076 1789 poste~

2180 1074 2385 1139 odiosa,
2409 1074 2473 1129 ad
2505 1088 2681 1145 arcem
2710 1086 2887 1127 causae
2930 1070 3267 1126 accedamus.
3314 1069 3515 1125 Auctor
3544 1070 3781 1126 illorum

2181 1166 2414 1235 capitum
2462 1164 2695 1219 intendit
2720 1162 2935 1218 tradere
2976 1170 3162 1216 contra
3212 1161 3569 1217 Massilienses
3611 1178 3785 1233 quas—

2181 1274 2305 1315 nam
2334 1259 2443 1313 sint
2492 1257 2647 1312 liberi
2695 1256 2901 1311 arbitrii
2951 1256 3091 1310 vires
3122 1255 3190 1308 ad
3223 1255 3447 1322 bonum,
3480 1270 3539 1310 ac
3563 1265 3780 1325 quanta

2182 1355 2368 1424 gratias
2397 1352 2708 1407 necessitas.
2734 1350 2846 1407 Hoc
2876 1358 3023 1418 patet
3050 1364 3117 1404 ex
3160 1347 3266 1403 ﬁne
3293 1348 3594 1403 litterarum
3618 1392 3631 1413 ,
3674 1350 3781 1404 ubi

2185 1446 2411 1517 legimus
2444 1463 2457 1496 :
2493 1462 2512 1495 ι
2551 1443 2683 1510 Quia
2714 1442 2779 1497 ad
2825 1440 3183 1497 conﬁtendam
3214 1440 3437 1510 gratiam
3462 1440 3581 1504 Dei,
3610 1442 3780 1510 cujus

2184 1537 2333 1606 operi
2362 1550 2425 1589 ac
2462 1533 2757 1604 dignationi
2794 1532 2929 1586 nihil
2961 1530 3172 1600 penitus
3202 1530 3630 1586 subtrahendum
3661 1541 3775 1601 est,

2186 1627 2318 1683 satis
2347 1625 2596 1681 sufﬁcere
2624 1625 2898 1679 credimus
2926 1622 3185 1697 quidquid
3224 1622 3518 1678 secundum
3570 1623 3779 1693 pradi-

2186 1728 2300 1775 ctas
2330 1718 2543 1787 regulas
2564 1717 2871 1785 apostolicae
2898 1717 3047 1771 sedis
3076 1730 3176 1771 nos
3203 1715 3523 1770 docuerunt.
3541 1733 3563 1767 ι
3592 1716 3781 1782 Quare

502 1808 678 1875 riores
702 1811 999 1879 recipiunt,
1025 1812 1281 1881 aluntque
1319 1812 1665 1880 approbatos,
1696 1825 1799 1880 qua
1848 1817 1996 1878 parte
2022 1809 2083 1861 ἢ·
2115 1820 2159 1878 Β
2186 1826 2251 1867 ea
2288 1827 2407 1881 qum
2432 1811 2501 1865 de
2534 1817 2753 1878 peccato
2776 1809 3026 1880 originali
3050 1822 3114 1865 ac
3151 1809 3311 1865 modo
3338 1824 3445 1878 quo
3472 1808 3617 1863 idem
3651 1825 3781 1878 pro-

499 1899 622 1957 dem
664 1916 735 1957 ex
790 1901 883 1959 Dei
927 1917 1154 1959 munere
1184 1916 1305 1958 esse
1332 1902 1558 1968 dicunt,
1612 1916 1716 1957 non
1765 1917 1867 1971 qua
1921 1902 2083 1955 etiam

498 1992 1032 2061 .praedestinationem
1064 2003 1187 2051 ante
1214 1995 1437 2063 pravisa
1480 1994 1671 2049 merita
1703 1999 1932 2062 ponunt.
1981 1993 2085 2046 Ita-

502 2096 609 2150 que
638 2081 997 2141 Massilienses
1027 2100 1092 2139 ex
1124 2094 1237 2141 toto
1282 2096 1581 2156 postremos
1610 2084 1895 2154 Augustini
1921 2084 2086 2138 libros

503 2173 751 2230 laudatos
795 2190 823 2229 a
856 2175 1111 2233 Romanis
1158 2178 1499 2247 pontificibus
1542 2178 1853 2248 negabant,
1902 2190 2089 2231 reten-

506 2261 673 2319 tiores
714 2280 781 2319 ex
812 2274 962 2333 parte
996 2272 1201 2320 tantum
1234 2267 1560 2335 approbatns
1588 2266 1908 2321 concedunt.

579 2357 794 2413 Certum
845 2368 928 2415 est
997 2359 1257 2414 Jaoobum
1315 2358 1613 2415 Arminium
1669 2358 1810 2427 apud
1862 2358 2089 2412 Batavos

506 2445 1128 2517 Semi-Pelagianismum
1160 2450 1230 2505 ab
1255 2451 1395 2506 Orco
1429 2464 1713 2506 revocasse
1737 2491 1753 2515 ,
1802 2449 1885 2505 vel
1915 2450 1961 2504 si
1992 2450 2090 2503 ali-

502 2537 631 2607 cubi
662 2538 836 2599 adhuc
880 2550 1155 2608 superstes
1205 2550 1363 2608 erat,
1409 2542 1829 2597 communivisse
1880 2559 1893 2593 ε
1947 2541 2092 2597 unde

517 2627 674 2683 Pater
704 2629 921 2686 Macedo
950 2634 1142 2688 scribit
1183 2634 1237 2689 in
1290 2634 1514 2703 prologo
1556 2634 1754 2690 Scrinii
1791 2651 1803 2685 :
1852 2650 1871 2686 ι
1902 2632 2093 2689 Sintne

510 2721 669 2777 hodie
700 2721 881 2778 hostes
909 2725 1095 2793 gratiae
1122 2725 1144 2777 ?
1185 2726 1326 2781 scire
1356 2726 1448 2795 qui
1480 2726 1638 2792 velit,
1674 2724 1922 2791 inspiciat
1952 2726 1997 2779 is
2023 2740 2091 2780 an

506 2812 618 2867 sint
649 2813 807 2871 hodie
836 2816 1116 2884 Augustini
1142 2817 1365 2873 hostes?
1402 2818 1643 2886 Cumque
1676 2819 1774 2874 bos
1804 2818 2091 2886 invenerit,

508 2912 564 2965 et
594 2906 713 2962 illos
735 2907 1008 2965 invenisse
1028 2924 1086 2964 se
1107 2920 1276 2980 putet.
1306 2913 1376 2966 At
1423 2912 1475 2967 in
1522 2911 1707 2981 Belgio
1737 2922 1864 2967 sunt
1910 2912 2094 2967 hostes

506 2998 817 3067 Augustini,
848 3011 1043 3058 suntet
1074 3002 1127 3058 in
1158 3004 1351 3075 Anglia
1371 3045 1385 3069 ,
1418 3004 1541 3060 licet
1571 3005 1738 3059 multo
1769 3005 2048 3075 pauciores
2074 3048 2091 3073 ,

510 3088 565 3143 id
595 3100 678 3145 est
706 3093 1003 3151 Arminiani
1024 3103 1079 3150 et
1108 3093 1570 3152 Remonstrantes.
1610 3115 1629 3149 ι
1662 3097 1845 3166 Itaque
1876 3098 1962 3151 hic
1992 3097 2094 3150 Ba-

2189 1913 2433 1975 pagatur,
2465 1902 2535 1959 de
2558 1903 2995 1971 concupiscentia
3026 1916 3087 1957 ae
3128 1901 3357 1957 miseriis
3389 1901 3629 1971 reliquis,
3654 1917 3777 1971 quas

2187 2005 2311 2050 sunt
2343 2008 2514 2064 pinnae
2544 1995 2745 2063 peccati
2775 1993 3071 2063 originalis,
3100 1991 3271 2049 fusius
3289 2002 3475 2048 contra
3502 1992 3775 2047 lulianum

2189 2094 2407 2141 sanctus
2440 2085 2767 2154 AuguStinus
2797 2084 2999 2149 docuit,
3032 2085 3085 2137 in
3116 2084 3223 2137 illis
3248 2082 3529 2138 Ctelestini
3574 2082 3779 2136 litteris

2190 2192 2296 2232 non
2326 2177 2674 2241 deﬁniuntur,
2702 2175 2823 2245 quia
2848 2176 2916 2232 de
2942 2176 3045 2231 illis
3072 2175 3219 2229 nulla
3256 2184 3374 2230 erat
3416 2175 3777 2246 Augustinum

2190 2271 2331 2325 inter
2358 2278 2412 2324 et
2460 2270 2819 2343 Massilienses
2866 2269 3266 2333 controversia,
3315 2282 3415 2323 nec
3442 2268 3604 2322 ullam
3650 2267 3777 2323 inde

2192 2363 2641 2434 Semi-Pelagiani
2706 2362 3005 2435 Augustino
3076 2361 3422 2429 quaestionem
3480 2360 3774 2416 faciebant.

2190 2459 2367 2524 Quare
2434 2456 2761 2512 Ctelestinus
2833 2456 2966 2511 dixit
3018 2473 3032 2510 :
3085 2454 3209 2510 Non
3285 2470 3483 2509 necesse
3532 2454 3780 2507 habent”

2190 2557 2416 2603 unane
2446 2589 2461 2615 ,
2488 2548 2632 2617 quod
2681 2556 2765 2603 est
2795 2548 2941 2603 nolle
2970 2561 3028 2603 se
3067 2547 3134 2602 de
3181 2546 3287 2602 illis
3331 2560 3563 2602 canones
3604 2545 3778 2600 edere

2193 2640 2334 2711 quod
2376 2641 2441 2694 ad
2477 2648 2793 2709 praesentem
2825 2654 2946 2695 eum
2997 2639 3418 2695 Massiliensibus
3460 2648 3774 2693 controver-

2196 2732 2329 2786 siam
2363 2746 2468 2785 non
2510 2730 2915 2798 conducebant,
2946 2745 3053 2785 non
3099 2731 3240 2800 quod
3281 2731 3449 2785 libero
3490 2730 3780 2799 disputan-

2196 2825 2326 2879 tium
2347 2824 2593 2879 assensui
2625 2824 2708 2877 vel
2740 2822 3005 2879 dissensui
3036 2823 3122 2877 illa
3152 2823 3423 2879 dimittere
3442 2823 3623 2889 vellet,
3654 2839 3785 2893 qum

2194 2924 2277 2971 est
2328 2915 2527 2970 insulsa
2593 2918 2957 2970 recentiorum
3007 2916 3393 2985 interpretatio.
3452 2914 3584 2969 Hine
3634 2926 3787 2984 patet

2197 3012 2410 3067 inanem
2444 3011 2682 3067 laborem
2713 3011 2892 3067 subire
2915 3025 3011 3066 eos
3048 3012 3139 3079 qui
3180 3013 3393 3066 nomine
3415 3011 3785 3067 intercurren-

2200 3103 2328 3158 tium
2373 3105 2729 3173 qumsﬁonum
2755 3104 3013 3173 quasdam
3048 3104 3349 3174 intelligunt
3376 3119 3439 3158 ex
3491 3105 3781 3173 Augustini

516 3192 757 3239 tavorum
829 3186 1413 3257 Semi-Pelagianornm
1484 3204 1651 3244 novus
1702 3191 1951 3258 princeps
2000 3190 2090 3246 illa
2120 3182 2166 3246 C
2200 3195 2352 3250 libris
2382 3194 2714 3265 desumptas,
2746 3211 2881 3265 quas
2906 3195 2970 3250 ad
3000 3210 3109 3250 rem
3150 3211 3255 3251 non
3280 3196 3454 3251 facere
3482 3196 3613 3249 satis
3637 3212 3784 3249 com-

510 3273 787 3329 Coelcstini
814 3276 1053 3333 clausula
1084 3286 1270 3333 contra
1301 3278 1585 3346 Augustini
1611 3281 1982 3335 auctoritatem
2004 3296 2092 3335 ar-

512 3365 648 3425 mari
692 3380 753 3425 se
794 3366 1033 3436 satisque
1081 3368 1273 3425 instrui
1321 3371 1539 3439 putabat
1592 3372 1729 3427 :dat
1775 3373 1891 3441 ejus
1929 3374 2091 3426 verba

510 3454 717 3519 anticus
754 3457 1001 3517 laudatus
1048 3461 1102 3514 in
1151 3461 1421 3518 Antitbesi
1476 3462 1789 3521 Arminiana
1842 3463 2086 3519 ibidem:

523 3565 543 3598 ι
591 3547 818 3604 Tantum
850 3565 977 3606 vero
1006 3552 1178 3619 abest,
1213 3554 1385 3623 inquit
1426 3556 1733 3623 Arminius,
1764 3566 1821 3610 ut
1850 3556 2091 3613 doctrina

512 3639 682 3710 ipsius
714 3642 873 3703 etiam
921 3646 1209 3716 Augustini
1259 3648 1327 3704 de
1377 3649 1849 3717 praedestinatione
1888 3650 1939 3704 in
1988 3652 2093 3707 illis

510 3730 755 3809 conciliis
782 3745 997 3801 recepta
1026 3738 1115 3801 sit,
1142 3744 1199 3790 ut
1219 3734 1559 3805 leestinus,
1584 3737 1865 3807 episcopus
1895 3739 2093 3794 Roma-

512 3838 637 3888 nus,
667 3826 757 3895 qui
806 3825 900 3883 illo
945 3836 1185 3898 tempore
1215 3829 1457 3894 vivebat,
1487 3830 1551 3884 ad
1584 3831 1861 3900 episcopos
1906 3831 2093 3888 Gallia:

502 3914 792 3985 scribens,
823 3926 877 3971 et
923 3917 1332 3987 Pelagianorum
1384 3921 1656 3974 doctrinas
1702 3925 2089 3991 condemnans,

508 4003 568 4063 in
602 4006 706 4059 line
735 4019 949 4061 suarum
995 4008 1291 4062 litterarum
1333 4009 1385 4064 in
1421 4012 1533 4066 limo
1562 4013 1721 4067 verba
1764 4016 2046 4070 concludat
2076 4033 2087 4069 :

519 4092 892 4161 Profundiores
921 4113 1035 4151 vero
1062 4100 1481 4173 difﬁcilioresque
1525 4114 1692 4173 partes
1722 4111 2093 4165 occurrentium

517 4184 875 4253 quaestionum,
902 4204 1027 4258 quas
1054 4189 1209 4246 latius
1229 4233 1244 4257 ,
1273 4202 1378 4249 etc.
1414 4213 1433 4247 ι
1454 4195 1657 4263 Quibus
1678 4195 1953 4255 leestini
1974 4216 2095 4255 ver-

516 4278 599 4332 bis
628 4280 899 4337 Arminius
919 4297 1099 4341 erecm
1126 4289 1289 4343 veluti
1321 4305 1511 4362 aggere
1532 4300 1718 4349 contra
1744 4293 2091 4363 Augustinum

519 4372 684 4426 stetit.
731 4372 867 4430 Hinc
897 4376 1115 4435 ridenda
1146 4388 1272 4437 sunt
1318 4382 1561 4439 Moraiuii
1590 4386 1752 4441 verba
1803 4387 1857 4440 in
1904 4386 2096 4455 pratia.

519 4463 664 4521 tione
695 4466 1091 4526 Anti-Jansenii
1137 4492 1147 4525 :
1182 4492 1200 4526 ι
1231 4475 1397 4543 Quam
1426 4477 1600 4544 multi,
1625 4479 1818 4550 inquit,
1840 4477 1957 4534 sine
1989 4480 2093 4534 ullo

2198 3289 2355 3343 mode
2385 3297 2443 3343 et
2464 3288 2644 3359 lepide
2665 3287 2901 3343 ostendit
2932 3290 3171 3342 Armatus
3194 3288 3286 3343 lib.
3321 3303 3436 3353 vm,
3466 3301 3586 3357 cap.
3622 3290 3677 3343 t.
3714 3294 3783 3341 At

2196 3380 2341 3434 dices
2371 3397 2385 3433 :
2416 3379 2474 3435 Si
2521 3393 2630 3433 non
2662 3388 2781 3433 sunt
2832 3379 3121 3448 approbata
3146 3394 3175 3432 a
3214 3378 3508 3434 Caelestino
3560 3393 3624 3433 ea
3658 3396 3783 3446 qua:

2196 3481 2413 3527 sanctus
2471 3472 2665 3527 doctor
2693 3470 2762 3526 de
2810 3472 3254 3541 Concupiscentia
3300 3472 3561 3527 latissime
3614 3473 3783 3526 tradit

2196 3571 2382 3618 contra
2413 3563 2708 3627 lulianum,
2732 3564 2903 3619 libero
2947 3563 3197 3618 substant
3241 3564 3495 3618 lectorum
3529 3566 3784 3618 assensui

2196 3656 2281 3711 vel
2312 3655 2601 3711 dissensui.
2636 3655 2715 3711 Ad
2758 3655 2859 3711 hoc
2887 3655 3102 3726 quidem
3133 3670 3228 3710 suo
3276 3655 3497 3711 inferius
3531 3656 3657 3711 loco
3697 3674 3785 3712 re-

2198 3748 2611 3818 spondebimus;
2670 3749 2884 3803 interim
2934 3748 3208 3803 sciendum
3260 3758 3342 3803 est
3396 3750 3780 3819 Augustinum,

2198 3842 2294 3897 lib.
2322 3858 2355 3895 v
2386 3852 2573 3895 contra
2601 3841 2731 3910 Jul.,
2767 3856 2887 3910 cap.
2920 3841 3008 3908 l3,
3036 3843 3268 3912 quinque
3296 3842 3364 3897 de
3392 3844 3786 3913 concupisce-ou

2198 3936 2268 3989 tia
2298 3936 2625 4005 quaestiones
2657 3935 2997 4004 proposuisse
3043 3937 3058 4001 (
3071 3936 3120 3987 in
3151 3949 3373 4003 quarum
3404 3936 3563 3989 tertia
3592 3951 3785 3989 recen-

2198 4028 2360 4083 tiores
2398 4036 2543 4081 stant
2571 4034 2753 4081 contra
2787 4026 3136 4096 Augustinum
3165 4064 3184 4093 ,
3215 4024 3402 4081 iisdem
3450 4026 3783 4094 argumentis

2196 4121 2390 4189 quibus
2415 4118 2661 4174 Julianus
2706 4132 2834 4172 usus
2861 4129 2941 4173 est
2965 4117 3321 4186 decertantes)
3350 4128 3510 4187 atque
3534 4118 3650 4173 tunc
3677 4119 3778 4172 ibi-

2196 4209 2320 4265 dem
2344 4209 2546 4265 dixisse
2580 4226 2593 4262 :
2626 4226 2646 4260 ‹
2678 4209 2732 4263 ln
2758 4208 3235 4277 bisquanstienibus
3260 4207 3523 4262 catholica
3550 4208 3781 4263 veritate

2197 4298 2493 4368 antiquitus
2523 4297 2712 4353 tradita
2741 4307 2917 4352 vestra
2949 4297 3108 4367 impia
3154 4298 3362 4352 nutritas
3405 4296 3723 4353 «iocatur.
3752 4318 3770 4349 ι

2200 4388 2466 4458 Repetere
2494 4398 2669 4443 autem
2702 4387 2789 4442 hic
2821 4402 3106 4457 possumus
3133 4404 3251 4457 quin
3289 4388 3342 4442 in
3374 4389 3477 4445 alia
3507 4404 3671 4444 causa
3697 4391 3775 4444 dio

2196 4480 2359 4535 cebat
2384 4478 2739 4534 Bellarminus
2762 4478 3070 4543 cardinalis,
3099 4480 3193 4534 lib.
3228 4496 3265 4533 ιι
3296 4480 3363 4535 de
3389 4478 3569 4533 Gratia
3604 4492 3660 4535 et
3683 4482 3776 4536 lib.

520 4554 829 4615 discrimine
852 4560 1134 4632 Augustini
1165 4566 1536 4623 auctoritatem
1567 4567 1957 4637 admittebant,
2001 4571 2091 4640 qui
2124 4577 2174 4637 Β
2199 4573 2344 4638 arb.,
2372 4586 2493 4641 cap.
2530 4572 2588 4625 11
2625 4588 2640 4625 :
2675 4588 2694 4622 ι
2718 4569 2849 4625 Nam
2903 4572 2948 4625 si
3003 4572 3284 4643 Augustini
3328 4572 3395 4627 de
3426 4574 3777 4639 praadestina-

525 4667 667 4707 nunc
740 4654 916 4709 audita
974 4656 1295 4713 limitatione
1354 4675 1512 4730 quam
1564 4661 1681 4731 ejus
1727 4663 2097 4730 approbationi

519 4741 840 4800 C(elestinus
886 4747 1167 4816 apposuit,
1202 4748 1328 4804 dum
1378 4749 1603 4805 audiunt
1647 4750 1844 4817 aliquid
1888 4766 1954 4805 ex
1986 4754 2095 4808 An-

519 4834 731 4903 gUSlinO
760 4841 983 4906 proponi
1010 4879 1026 4906 ,
1075 4838 1360 4913 quaeritant
1385 4858 1397 4893 :
1432 4840 1597 4895 Estne
1624 4840 1723 4895 boc
1748 4840 1815 4896 de
1846 4841 1951 4896 illis
1974 4856 2097 4911 pro-

522 4922 853 4983 fundioribus
877 4932 1264 4999 quzestionibus
1292 4948 1424 5003 quas
1454 4948 1560 4986 non
1594 4946 1811 4989 necesse
1837 4931 2099 5002 judicavit

524 5027 797 5086 astruere,
843 5038 975 5092 quas
1016 5024 1070 5079 in
1122 5028 1339 5096 ancipiti
1379 5027 1635 5098 opinandi
1686 5026 1926 5083 libertate
1965 5027 2093 5083 reli-

521 5110 672 5178 ‘lUil?
708 5130 727 5163 ι
782 5114 940 5178 Quasi
987 5118 1086 5187 ipsi
1133 5122 1461 5177 recentiores
1510 5122 1561 5177 in
1613 5135 1811 5191 nupera
1860 5120 2095 5181 Jansenii

524 5216 681 5257 causa
710 5204 795 5259 illa
824 5205 1096 5264 (laetemini
1126 5213 1284 5267 verba
1302 5213 1629 5280 adnotarint,
1662 5226 1783 5267 cum
1806 5226 1912 5265 non
1938 5210 2096 5267 modo

527 5297 818 5365 Arminius,
857 5312 1039 5353 verum
1083 5301 1243 5357 etiam
1275 5312 1398 5358 ante
1424 5305 1495 5359 80
1525 5318 1693 5358 annos
1741 5303 1928 5358 eadem
1955 5303 2095 5359 reci'

524 5401 629 5447 tata
657 5393 852 5449 fuerint
874 5394 939 5449 ab
970 5394 1206 5450 Ecclesia
1238 5394 1599 5467 Lugtlunensi,
1647 5413 1765 5466 cap.
1801 5397 1892 5465 12,
1922 5397 1991 5453 de
2021 5405 2099 5452 te.

522 5491 696 5545 nenda
722 5505 887 5547 sacra:
917 5490 1208 5561 Scriptura)
1237 5493 1481 5548 veritate.
1536 5491 1806 5547 Arminius
1837 5534 1850 5559 ,
1900 5491 2099 5551 veteris

508 5585 1067 5655 .Sctni-Pelagianismi
1108 5596 1384 5650 recoctor,
1416 5600 1532 5639 eam
1566 5584 1837 5639 leestini
1886 5584 2101 5638 clausu-

512 5675 627 5731 lam
661 5679 891 5745 versavit
914 5718 930 5746 ,
979 5680 1380 5749 reversavitque
1420 5678 1802 5748 discipulorum
1851 5676 2050 5732 chorus
2081 5715 2097 5742 ,

520 5782 643 5853 cum
667 5770 857 5839 auibus
884 5773 1217 5839 recentiores
1260 5772 1550 5829 concinnat
1576 5813 1591 5838 ,
1620 5787 1845 5841 quorum
1878 5785 2015 5835 unus
2047 5777 2101 5826 et

2206 4664 2349 4718 tione
2382 4660 2553 4733 (dicas
2599 4662 3063 4733 concupiscentia)
3103 4664 3371 4719 sententia
3420 4663 3544 4717 falsa
3596 4675 3780 4730 esset,

2203 4770 2309 4811 non
2340 4766 2525 4823 posset
2555 4754 2695 4809 idem
2742 4756 3069 4825 Augustinus
3115 4757 3184 4812 ab
3223 4756 3419 4826 ingenti
3470 4755 3780 4811 temeritate

2200 4844 2442 4909 defendi,
2470 4845 2665 4914 quippe
2686 4845 2776 4914 qui
2807 4859 2913 4901 non
2943 4848 3119 4903 solum
3153 4855 3258 4901 tam
3290 4848 3479 4903 acriter
3502 4859 3603 4914 pro
3626 4844 3781 4900 ialsi-

2201 4945 2311 4995 tate
2340 4944 2629 5003 certasset,
2656 4936 2751 4992 sed
2780 4937 2940 4993 etiam
2968 4952 3087 4992 eam
3110 4952 3205 5006 pro
3236 4936 3342 4997 title
3375 4936 3636 4995 catliolica
3661 4952 3779 4993 ven-

2202 5028 2371 5085 ditare
2399 5044 2561 5084 ansus
2591 5036 2752 5087 esset.
2790 5046 2813 5083 ι
2859 5027 3137 5098 Nunquam
3167 5039 3387 5089 sanctus
3430 5028 3623 5085 doctor
3660 5043 3776 5096 pro-

2199 5124 2320 5192 prio
2346 5138 2377 5177 e
2406 5121 2630 5178 cerebro
2658 5129 2813 5177 natas
2838 5121 3113 5189 opiniones
3139 5136 3238 5190 pro
3254 5119 3539 5180 catholicis
3569 5129 3777 5177 senten-

2202 5217 2292 5271 tiis
2349 5216 2691 5285 publicasset.
2748 5213 2822 5269 De
2876 5229 2980 5284 qua
3036 5230 3096 5272 re
3144 5222 3327 5285 repete
3376 5212 3521 5276 dicta
3560 5228 3683 5281 cap.
3726 5213 3778 5278 5,

2204 5308 2312 5379 gs.

2278 5400 2474 5456 Scribit
2519 5407 2709 5457 auctor
2754 5399 2808 5454 in
2860 5400 2969 5455 line
3015 5413 3135 5469 cap.
3182 5398 3217 5453 5
3250 5416 3263 5453 :
3300 5416 3320 5451 ι
3359 5398 3777 5455 Constitutiones

2198 5502 2515 5551 sanctorum
2545 5491 2765 5553 Patrum
2790 5491 3178 5561 compendiose
3208 5489 3619 5549 manifestamus
3654 5486 3781 5542 iudi-

2209 5586 2329 5642 cnlo
2357 5627 2371 5651 ,
2425 5601 2531 5656 quo
2574 5586 2619 5639 si
2666 5586 2784 5654 quis
2830 5601 2937 5641 non
2989 5584 3215 5649 nimium
3270 5594 3353 5640 est
3388 5583 3779 5641 contentiosus.

2208 5686 2462 5746 sanescat
2490 5675 2729 5740 omnium
2744 5676 3165 5744 Mammium
3180 5675 3571 5735 connexionem
3598 5688 3663 5727 ex
3686 5672 3781 5725 hac

2207 5768 2541 5826 subditarum
2589 5766 2965 5825 auctoritatum
3007 5768 3267 5823 brevitate
3319 5767 3573 5838 pendere.
3616 5785 3636 5819 ι
3692 5763 3779 5819 llic
