3930 6344
154 290 250 385 sas

1368 327 1686 387 vmotcm
1729 306 2295 388 AUGUSTINIANE.

3303 323 3423 389 250‘

150 461 348 516 magnai
378 446 720 507 diiticultates
750 453 1067 515 emergunt:
1103 418 1367 501 undenam
1393 447 1530 501 scire
1560 455 1713 516 potc-
1744 449 1798 505 Α
1824 446 1994 500 sancti
2044 443 2325 514 Augustini
2364 442 2433 499 de
2479 426 2947 511 praedestinatione
3000 432 3148 500 mere
3196 444 3406 502 liberali

151 540 313 594 rimus
329 539 467 594 banc
490 541 794 607 dogmatum
839 540 1266 594 connexionen.?
1295 539 1640 594 Recentiores
1666 552 1725 592 se

151 631 307 699 hujus
356 630 595 701 mysterii
640 631 925 700 magistros
1002 631 1337 700 proﬁtentur,
1400 622 1724 700 irridentque

145 723 495 793 Augustinum
527 737 589 777 ea
622 721 688 777 de
717 722 1056 779 connexione
1097 723 1440 777 scribentem.
1473 722 1723 791 Legimus

143 802 262 883 cap.
322 813 389 868 l9.
438 814 683 869 homines
714 829 818 868 non
872 816 1020 884 prius
1072 815 1394 884 baptismum
1449 814 1721 883 suscipere

150 924 171 956 ε
206 920 356 975 quam
407 904 720 958 exorcismis
785 913 836 958 et
884 904 1347 959 exsufﬂationibus
1400 902 1720 958 clericorum

140 996 357 1063 Spiritus
380 996 446 1048 ab
480 996 557 1050 eis
586 995 889 1050 immundus
934 996 1201 1066 abigatur,
1237 1008 1293 1049 ut
1320 1004 1447 1049 tunc
1480 1010 1608 1049 vere
1630 1011 1724 1063 ap-

140 1094 324 1156 pareat
372 1085 640 1155 quomodo
670 1086 916 1155 princeps
944 1086 1126 1140 mundi
1172 1085 1329 1155 hujus
1374 1085 1617 1140 mittatur
1646 1085 1725 1139 ioc

138 1190 251 1241 ras,
278 1184 382 1232 etc.
421 1196 439 1229 ι
497 1176 780 1232 inferimus
826 1194 837 1230 ε
872 1177 1012 1247 Ergo
1048 1178 1256 1241 daemon
1288 1176 1531 1231 sensibili
1564 1192 1720 1245 pmna

137 1281 336 1322 nocere
358 1268 745 1337 poteritpueris
768 1267 1235 1340 iniectisoriginali
1264 1275 1507 1337 peccato,
1538 1277 1719 1337 utpote

136 1360 251 1414 suis
268 1359 571 1428 mancipiis,
594 1374 820 1430 quorum
844 1360 956 1428 ipse
979 1370 1062 1414 est
1090 1360 1357 1429 princeps.
1383 1358 1591 1413 Clamat
1617 1362 1723 1413 An-

136 1449 327 1517 hatus,
360 1466 484 1520 pag.
518 1450 621 1505 858
652 1468 664 1502 :
726 1470 744 1503 t
779 1442 1049 1520 Negamus
1090 1449 1359 1505 crudelem
1390 1464 1721 1518 consequen-

131 1540 294 1594 tiam.
328 1558 349 1591 ι
375 1540 444 1594 At
473 1541 860 1596 connexionem
900 1541 1044 1595 illam
1075 1542 1397 1596 asseveravit
1428 1541 1557 1594 satis
1589 1554 1718 1594 cono

128 1639 340 1697 stanter
353 1641 570 1688 sanctus
582 1632 927 1702 Augustinus,
944 1632 1036 1688 lib.
1054 1648 1103 1687 tv
1124 1632 1312 1701 Operis
1335 1632 1403 1686 im
1412 1632 1566 1701 peril,
1593 1647 1712 1700 cap.

126 1722 243 1776 200
277 1740 290 1776 :
330 1742 348 1775 ί
386 1725 443 1782 Si
476 1735 651 1780 autem
686 1739 789 1779 non
838 1726 1060 1789 eruitur,
1104 1725 1295 1793 inquit,
1337 1725 1404 1779 de
1446 1734 1713 1794 potestate

1829 537 2181 593 examinanda
2239 556 2253 591 :
2306 536 2558 606 inquiunt
2603 536 2744 589 enim
2794 535 3015 589 honoris
3073 537 3241 604 gratia
3285 551 3407 593 cum

1829 630 2065 695 Molitta,
2116 643 2237 684 esse
2285 628 2468 681 durant
2516 635 2565 681 et
2612 626 2879 696 indignam
2933 626 3105 679 diuina
3150 627 3422 695 bonitate,

1828 722 2036 790 ejusque
2064 722 2331 774 occasione
2360 720 2697 788 pturimorunt
2723 719 2939 772 salutem
2975 718 3130 789 fuisse
3151 718 3413 787 periclita-

1826 822 1959 881 tam;
2004 831 2127 871 cum
2157 815 2391 870 Mariana
2414 858 2428 881 ,
2462 828 2583 870 esse
2622 832 2824 881 novam,
2874 822 2929 869 et
2959 815 3309 884 Augustinum
3349 814 3404 869 in

1826 909 1915 963 illa
1958 907 2098 962 haud
2143 917 2478 962 conetantem
2518 907 2761 961 inducere
2805 905 3244 974 desperationem;
3283 918 3406 959 cum

1827 998 2043 1065 Lessio,
2084 998 2337 1067 brevique
2380 1015 2414 1051 α
2463 998 2721 1051 contraria
2771 998 3012 1068 opinione
3058 995 3406 1049 obducendant

1827 1106 1948 1146 cum
2000 1091 2237 1146 Petavio.
2274 1090 2460 1144 Nonne
2504 1090 2605 1144 hoc
2644 1089 2815 1157 ipsum
2848 1099 2929 1143 est
2960 1088 3237 1159 Augustini
3281 1100 3419 1142 sett-‘

1826 1184 2047 1238 tentiam
2080 1183 2439 1235 contemnere?
2468 1187 2524 1234 et
2547 1190 2722 1235 tamen
2747 1180 2813 1234 de
2842 1180 2929 1233 illa
2959 1179 3155 1233 dictum
3182 1179 3344 1233 fuisse
3372 1194 3413 1235 tt

1825 1274 2121 1330 Caelestino
2151 1273 2408 1337 asseritis,
2443 1287 2502 1327 se
2526 1273 2669 1327 illam
2702 1288 2808 1325 non
2849 1272 3038 1325 audere
3062 1279 3401 1325 contemnere.

1827 1368 2110 1424 Peccatum
2153 1365 2411 1437 originale
2461 1378 2581 1421 esse
2626 1364 2953 1434 potissimam
3004 1378 3065 1418 ac
3107 1363 3402 1432 proximam

1823 1472 2038 1513 causam
2063 1456 2453 1526 reprobationis
2484 1464 2565 1510 est
2600 1455 2769 1509 sancti
2798 1452 3075 1523 Augustini
3114 1461 3401 1516 sententia,

1824 1547 1983 1616 idque
2009 1545 2254 1600 concedit
2285 1546 2540 1610 Adamus,
2591 1559 2709 1613 pag.
2765 1543 2870 1596 614
2915 1545 2995 1599 sui
3027 1541 3233 1598 Calvini
3274 1542 3403 1598 des-

1827 1638 2018 1699 tructi,
2050 1637 2117 1691 de
2148 1651 2249 1706 qua
2296 1649 2413 1704 pag.
2441 1634 2563 1700 667,
2592 1649 2711 1703 cap.
2754 1634 2843 1701 10,
2872 1640 3010 1702 part.
3046 1650 3129 1699 ut,
3170 1634 3353 1688 scribit
3384 1642 3405 1686 :'

1837 1745 1854 1778 ι
1893 1726 2069 1780 Credo
2096 1725 2224 1779 mihi
2252 1725 2415 1780 licere
2454 1725 2561 1794 jam
2607 1725 3024 1790 exhorrescere,
3076 1724 3199 1793 quia
3236 1732 3406 1776 mater

133 1814 505 1881 tenebrarum,
538 1824 592 1869 et
622 1815 729 1869 illic
763 1824 1007 1871 remanet
1035 1816 1321 1887 parvulus,
1348 1814 1475 1888 quid
1509 1818 1725 1871 miraris
1760 1812 1805 1869 Β
1831 1827 1915 1872 est.
1949 1815 2243 1871 Calviniani
2288 1816 2573 1884 dogmatis.
2623 1820 2641 1867 δ
2678 1815 2929 1869 Potuitne
2960 1814 3241 1884 Augustini
3283 1828 3404 1868 sen-

130 1903 194 1958 in
244 1904 365 1975 igne
418 1914 623 1959 aeterno
660 1919 783 1961 cum
830 1905 1047 1961 diabolo
1107 1907 1381 1975 futurum,
1414 1906 1578 1975 quiin
1627 1907 1719 1961 Dei

130 2008 361 2064 regnum
409 1995 611 2052 intrare
636 2012 741 2052 non
770 1997 999 2053 sinitur?
1056 2016 1075 2049 ι
1121 1996 1430 2066 Respondet
1460 1996 1724 2053 Moraincs

132 2088 280 2155 disp.
312 2087 380 2143 40
410 2089 825 2155 Anti-Jansenii,
858 2104 1013 2144 num.
1037 2088 1135 2154 60,
1167 2089 1219 2143 id
1252 2088 1451 2144 dixisse
1478 2089 1725 2159 Angusti—

128 2194 266 2234 num
297 2191 425 2235 testu
456 2181 818 2251 disputationis
856 2182 1145 2250 abreptum.
1193 2180 1274 2235 En
1306 2180 1721 2251 Semi-Pelagia-

118 2287 334 2327 norum
375 2287 531 2327 voces
555 2311 571 2338 ,
613 2272 965 2341 Augustinum
996 2272 1337 2326 necessarium
1377 2271 1585 2326 modum
1634 2288 1723 2327 ea:-

128 2362 365 2428 cessisse,
386 2377 417 2417 a
445 2362 736 2418 Caelestino
749 2362 1050 2427 damnatas,
1077 2362 1227 2431 cujus
1250 2363 1464 2431 quidem
1490 2363 1719 2429 litteras,

114 2463 299 2525 'prout
325 2456 454 2510 utile
476 2465 557 2510 est
596 2455 833 2522 ipsorum
865 2468 1064 2521 cauam,
1099 2455 1392 2523 recipiunt,
1421 2454 1515 2509 sed
1560 2464 1722 2523 prout

129 2546 193 2600 in
226 2561 342 2600 rem
373 2545 657 2613 Augustini
691 2545 925 2609 faciunt,
972 2546 1192 2599 minime
1213 2543 1509 2598 imitantur.
1544 2543 1723 2613 Itaque

129 2636 343 2691 erravit
397 2636 725 2704 Augustinus
767 2635 947 2690 furore
974 2637 1227 2703 abreptus
1268 2649 1385 2688 eam
1432 2634 1723 2688 connexio-

110 2738 265 2783 ‘nem
298 2728 620 2791 astruendo,
668 2742 828 2797 quam
868 2726 1067 2781 nullam
1097 2739 1217 2781 esse
1245 2725 1577 2780 recentiores
1598 2738 1725 2779 con-

128 2821 387 2877 tendunt.
437 2820 769 2889 Oppouimus
822 2834 942 2889 cap.
1003 2819 1061 2873 Η
1101 2858 1117 2885 ,
1171 2836 1190 2869 t
1267 2819 1725 2886 perseverantiam

132 2928 309 2984 usque
357 2912 413 2966 in
458 2912 619 2965 linem
651 2912 716 2965 ad
747 2910 947 2967 Christi
988 2911 1211 2981 gratiam
1252 2909 1463 2971 referri,
1501 2928 1519 2963 ι
1569 2910 1727 2964 datur

134 3008 282 3061 enim
316 3004 479 3075 gratis
502 3048 516 3071 ,
552 3011 609 3057 ut
638 3018 704 3058 ex
735 3002 985 3072 precibus
1013 3001 1130 3057 {use
1153 3002 1342 3071 probat
1365 3001 1722 3071 Augustinus,

138 3110 199 3156 et
228 3099 509 3155 deﬁnitum
555 3105 637 3151 est
668 3097 719 3150 in
754 3095 1081 3152 Arausicana
1130 3095 1368 3165 synodo,
1407 3110 1612 3150 canone
1634 3094 1723 3150 10.

1824 1910 1993 1963 tentia
2023 1907 2178 1962 vilius
2208 1907 2417 1976 excipi?
2450 1908 2606 1962 Ridet
2636 1908 2879 1962 Armatus
2909 1907 3003 1961 lib.
3036 1923 3162 1971 vin,
3196 1921 3311 1976 cap.
3349 1907 3401 1973 Ι,

1824 1999 2084 2071 quosdam
2116 1999 2228 2069 qui,
2257 1999 2571 2067 esplicaturi
2605 1998 2763 2054 verba
2799 1999 2890 2052 illa
2913 1997 3187 2054 leestini
3222 2015 3235 2051 :
3266 1996 3403 2054 Pro-‘

1826 2093 2089 2163 fundieres
2132 2106 2249 2145 vero
2286 2090 2702 2159 difﬁcilioresque
2739 2100 2910 2162 partes
2958 2092 3403 2145 intercurrentium

1823 2186 2199 2255 quwstionum,
2232 2200 2359 2253 quas
2404 2184 2557 2237 latius
2607 2192 2982 2251 pertractarunt
3027 2184 3116 2253 qui
3156 2183 3405 2239 hwrets'cis

1826 2277 2149 2342 restiterunt,
2179 2274 2527 2344 quarumdam
2558 2275 2912 2344 quaeetionum
2936 2274 3163 2328 indicem
3192 2282 3403 2339 texunt,

1822 2379 1955 2435 quas
1986 2366 2051 2419 ad
2090 2366 2423 2435 propositum
2455 2380 2560 2419 non
2594 2366 2771 2419 facere
2801 2380 2904 2419 non
2952 2378 3113 2433 prave
3135 2365 3275 2419 idem
3304 2378 3397 2417 os—

1831 2456 2032 2519 tendit;
2086 2467 2140 2509 at
2169 2457 2401 2526 petimus
2432 2456 2641 2511 ubinam
2668 2464 2852 2511 contra
2905 2456 3218 2525 Pelagianos
3245 2455 3402 2510 latius

1832 2548 2049 2616 agitarit
2077 2548 2410 2617 Augustinus
2446 2548 2795 2618 quatstionem
2838 2548 2984 2601 illam
3023 2547 3091 2603 de
3132 2547 3403 2616 praedesti-

1826 2641 2076 2704 natione;
2119 2650 2263 2695 certe
2304 2642 2358 2694 in
2397 2642 2640 2708 epistolis
2680 2641 2744 2693 ad
2784 2640 3063 2693 Paulinum
3102 2648 3158 2694 et
3193 2639 3402 2694 Sixtum

1826 2732 1894 2786 de
1924 2731 2015 2785 illa
2047 2746 2152 2785 non
2175 2732 2337 2785 multa
2370 2733 2627 2800 loquitur,
2653 2739 2713 2785 ut
2745 2732 2831 2785 vix
2864 2731 3119 2787 dicendus
3146 2731 3214 2786 sit
3235 2733 3403 2787 fusius

1828 2821 1958 2877 inibi
1988 2836 2105 2877 eam
2136 2831 2489 2891 pertractasse
2533 2839 2546 2875 :
2579 2837 2762 2877 verum
2795 2823 2846 2876 in
2880 2822 3034 2879 libris
3085 2823 3150 2879 ad
3174 2824 3405 2893 Prospe-

1830 2927 1947 2967 rum
2005 2921 2058 2967 et
2106 2912 2362 2967 Hilarium
2412 2914 2569 2968 latius
2598 2914 2664 2969 de
2693 2915 2780 2969 illa
2817 2914 3101 2982 disseruit;
3150 2924 3204 2970 at
3249 2917 3300 2970 in
3342 2931 3405 2972 ee

1830 3018 1992 3074 opere
2022 3012 2240 3059 sanctus
2262 3004 2449 3058 doctor
2474 3005 2739 3060 haereticis
2767 3020 2870 3060 non
2895 3006 3176 3060 resistebat
3208 3025 3219 3059 :
3252 3013 3406 3061 erant

1828 3096 1968 3149 enim
2013 3094 2462 3163 Serui-Pelagiani
2508 3096 2793 3169 catholici,
2845 3104 3067 3164 eratque
3114 3099 3164 3150 id
3214 3104 3406 3152 nomett

141 3193 272 3248 Inde
316 3189 599 3247 inferimus
650 3188 1168 3258 praedestinationem
1222 3186 1289 3242 ad
1336 3187 1559 3257 gloriam
1602 3202 1724 3243 esse
1748 3172 1795 3233 ϐ
1828 3184 2111 3250 factionis,
2165 3200 2272 3239 non
2305 3186 2542 3241 haeresis.
2575 3185 2897 3241 Coelestinus
2929 3200 3057 3241 vero
3084 3188 3202 3243 illas
3229 3202 3405 3257 quaes-

143 3287 347 3356 pariter
376 3299 523 3338 mere
578 3281 902 3353 gratuitam;
959 3294 1080 3335 nam
1136 3279 1564 3351 praedest'natio,
1609 3293 1726 3348 quae

144 3386 393 3447 segregat
438 3374 725 3446 reprobum
778 3389 808 3427 a
859 3372 1277 3443 prtedestinato,
1334 3368 1586 3426 fundatur
1632 3386 1725 3424 seu

140 3473 483 3529 connectitur
545 3485 665 3525 cum
714 3469 859 3524 dono
899 3465 1315 3537 perseverantia
1362 3464 1536 3518 ﬁnaiis
1582 3477 1729 3517 mere

142 3565 449 3619 liberaliter
479 3562 688 3617 meritis
714 3558 1088 3630 superaddito;
1131 3571 1258 3632 ergo
1284 3572 1314 3608 a
1355 3568 1501 3608 mera
1533 3553 1729 3607 libera~

141 3660 303 3712 litate
330 3656 427 3710 Dei
460 3655 853 3724 prmdestinatio
899 3651 1187 3722 dependet.
1245 3649 1394 3702 Hanc
1432 3648 1730 3702 connexio-

144 3765 276 3805 nem
337 3749 467 3804 vidit
524 3764 585 3804 ac
639 3745 995 3817 propugnavit
1059 3741 1415 3814 Augustinus;
1484 3738 1731 3794 eamdem

144 3840 327 3897 sancti
375 3840 565 3895 Patres
620 3836 1030 3908 Augustiniani,
1081 3834 1334 3903 Prosper,
1388 3830 1731 3901 Fulgentius,

104 3948 109 3953 '
148 3934 501 3999 Prudentius,
538 3930 851 4001 Rliemigins
878 3928 1075 3997 aliique
1121 3937 1428 3987 asseruere;
1466 3930 1520 3975 at
1548 3936 1735 3975 recen-

146 4028 320 4081 tiores
373 4040 494 4080 eam
565 4021 952 4078 connexionem
1007 4024 1242 4086 negant,
1298 4013 1386 4083 qui
1454 4012 1735 4080 Augustini

146 4120 451 4174 doctrinam
478 4117 629 4186 juxta
664 4110 1053 4167 connexionem
1080 4122 1202 4164 cum
1230 4104 1505 4161 leestini
1533 4101 1733 4157 litteris

146 4212 453 4280 recipiunt,
501 4222 658 4279 quam
687 4213 862 4260 tamen
885 4201 1279 4258 connexionem
1305 4199 1457 4267 juxta
1498 4195 1738 4265 proprias

147 4302 437 4371 opiniones
478 4298 718 4366 recipere
740 4296 825 4350 vel
847 4306 1103 4361 respuere
1126 4304 1227 4345 nec
1262 4290 1405 4359 piget
1426 4302 1523 4343 nec
1554 4287 1735 4355 pudet.

149 4395 274 4450 Uno
304 4392 506 4458 verbo,
549 4389 833 4459 Augustini
878 4386 1001 4441 libri
1055 4384 1122 4439 ad
1163 4396 1405 4437 normam
1440 4380 1737 4433 litterarum

92 4496 99 4502 ‘
150 4485 433 4542 Coelestini
490 4481 834 4540 examinandi
882 4486 1040 4545 sunt,
1080 4474 1357 4532 C(elostini
1390 4488 1519 4528 vero
1549 4472 1739 4526 litterae

1837 3277 2009 3331 tiones
2055 3276 2319 3344 appellat,
2366 3292 2500 3345 quas
2532 3277 2605 3330 illi
2636 3277 2726 3345 qui
2774 3277 3046 3333 hareticis
3092 3281 3404 3337 restiterunt

1833 3375 2251 3438 pertractarunt,
2279 3367 2402 3424 Seio
2423 3367 2548 3436 quid
2569 3369 2876 3436 responsuri
2903 3369 3041 3435 sitis,
3069 3368 3405 3439 intelligenda

1831 3476 1950 3517 esse
1971 3458 2247 3516 leestini
2282 3458 2369 3511 illa
2397 3459 2589 3522 verba,
2642 3459 2729 3525 qui
2784 3459 3050 3513 haereticis
3098 3460 3410 3521 resisterunt

1830 3550 2169 3620 speciﬁcative
2228 3562 2333 3600 non
2387 3545 2773 3615 reduplicative.
2832 3544 3043 3600 Scholm
3097 3546 3411 3615 interpreta-

1836 3650 2073 3696 mentum
2095 3647 2214 3702 est;
2240 3652 2307 3690 ne
2326 3636 2427 3689 sim
2456 3635 2756 3703 iitigiosior,
2780 3634 2911 3689 cedo
2938 3634 3181 3698 herbam,
3206 3649 3304 3689 nec
3324 3650 3410 3690 me

1836 3732 1940 3785 hoc
1977 3738 2308 3797 postremum
2342 3726 2566 3785 multum
2597 3732 2797 3790 movet,
2823 3723 2890 3779 ad
2921 3724 3022 3778 alia
3056 3733 3408 3780 transeamus.

1910 3820 2019 3876 Sed
2065 3819 2349 3875 mitissime
2386 3828 2546 3887 atque
2570 3816 2953 3872 humanissime
2981 3814 3252 3872 vobiscum
3286 3832 3412 3888 aga—

1837 3928 1990 3978 mus;
2023 3913 2214 3966 scitote
2244 3909 2381 3966 adeo
2408 3910 2459 3963 in
2492 3918 2611 3964 tuto
2640 3922 2762 3964 esse
2780 3908 2948 3965 sancti
2977 3907 3255 3978 Augustini
3285 3923 3413 3963 auc-

1841 4008 2147 4071 toritatem,
2194 4012 2251 4058 ut
2280 4017 2494 4059 causam
2526 4003 2594 4059 de
2622 4016 2722 4070 qua
2772 4001 3049 4073 hucusque
3092 4000 3413 4072 litigavimus

1838 4114 1907 4155 ex
1955 4099 2162 4165 integro
2189 4096 2341 4151 vobis
2383 4094 2523 4151 ultro
2546 4093 2737 4151 cedere
2774 4093 3060 4163 possimus,
3092 4094 3220 4165 quin
3266 4092 3414 4163 quid-

1844 4207 2002 4261 quam
2052 4187 2360 4247 detrimenti
2414 4189 2817 4259 Augustinianas
2879 4188 3132 4244 doctrinae
3184 4188 3415 4259 dignitas

1841 4287 2053 4343 subeat.
2105 4284 2400 4339 Habuerint
2457 4283 2639 4337 decem
2690 4282 2781 4336 illa
2829 4282 3001 4351 capita
3062 4281 3411 4337 Caelestinum

1843 4385 2143 4440 auctorem,
2174 4374 2373 4430 nullum
2426 4372 2708 4443 Augustini
2738 4372 2930 4442 dogma
2968 4385 3087 4425 cum
3134 4369 3240 4423 illis
3291 4384 3416 4423 con-

1844 4467 2126 4524 nexionem
2155 4465 2381 4534 habeat,
2427 4464 2616 4519 damus
2655 4463 2853 4529 omnia,
2888 4474 2944 4516 ut
2971 4462 3117 4527 libet,
3151 4467 3209 4513 ut
3245 4460 3413 4515 lubet.

143 4580 303 4649 juxta
334 4594 487 4633 suam
528 4578 765 4647 ipsorum
821 4570 1254 4641 imaginationem
1302 4564 1735 4637 interpretandae.
1768 4549 1819 4607 Ῑ)
1846 4559 1982 4617 Hinc
2028 4566 2206 4614 tamen
2268 4570 2373 4611 non
2425 4555 2501 4649 ἰὶιΔ
2532 4563 2588 4608 ut
2629 4554 2875 4625 capitalia
2920 4551 3089 4607 sancti
3140 4548 3417 4649 Augustini

145 4672 234 4727 Illi
267 4671 481 4740 quidem
510 4710 526 4735 ,
578 4678 635 4723 ut
665 4666 896 4738 probent
939 4663 1055 4719 haec
1082 4662 1255 4731 capita
1277 4699 1291 4725 ,
1342 4674 1462 4729 quae
1499 4655 1739 4727 epistola:

145 4764 559 4820 leestiniana
590 4775 832 4818 connexa
863 4766 985 4815 sunt
1005 4797 1020 4823 ,
1052 4770 1172 4810 esse
1198 4767 1391 4823 reapse
1421 4754 1489 4808 ab
1528 4758 1742 4821 aposto-

150 4858 267 4913 lica
324 4856 451 4912 sede
478 4856 700 4920 emissa,
734 4850 1037 4922 producunt
1082 4848 1301 4903 Petrum
1359 4845 1649 4900 Diaconum
1688 4851 1743 4896 et

151 4946 458 5003 Ecclesiam
510 4944 962 5016 Lugdunensem,
1009 4953 1041 4993 a
1094 4937 1287 5006 quibus
1328 4935 1431 4989 illae
1462 4934 1741 4989 sententiae

152 5036 383 5094 iaudato
425 5036 659 5103 pontiﬁci
693 5034 1054 5089 ascribuntur.
1114 5031 1183 5083 At
1213 5027 1599 5096 respondemus
1646 5040 1743 5082 eos

148 5131 350 5187 Patres
371 5130 516 5185 illam
552 5128 797 5197 epistolae
826 5124 1179 5197 appendicem
1211 5121 1433 5191 legisse,
1465 5128 1520 5175 et
1565 5128 1739 5174 tamen

151 5229 236 5282 uti
306 5228 499 5298 dogma
560 5226 887 5281 catholicum
948 5217 1475 5291 prmdestinationem
1541 5215 1742 5283 absque
1806 5262 1807 5265 η

154 5321 486 5377 meritorum
518 5319 940 5390 praecognitione
970 5313 1254 5377 statuisse;
1292 5309 1387 5367 sed
1418 5309 1601 5363 dicent
1646 5307 1744 5361 mi—

154 5413 288 5469 tiori
337 5427 398 5469 se
426 5413 640 5468 illorum
674 5411 740 5465 de
781 5407 1062 5478 Augustini
1111 5404 1355 5460 doctrina
1392 5401 1594 5470 judicio
1640 5413 1745 5451 non

80 5526 87 5529 ·
156 5516 343 5568 stare;
390 5508 550 5573 bene,
603 5519 705 5562 nec
728 5503 941 5558 illorum
970 5514 1069 5555 nos
1100 5496 1470 5553 convincimur
1507 5491 1747 5550 testimo-
1802 5538 1823 5543 .,
1852 5491 2132 5573 Ιιωτοιιςοε
2164 5491 2588 5573 aliosvestatuta
2616 5491 2756 5528 sinu
2803 5491 3165 5573 murmauuut

1803 5633 1809 5639 ,
1852 5574 1942 5645 qui
1987 5572 2164 5629 sciunt
2204 5568 2387 5638 viginti
2420 5567 2653 5639 quinque
2704 5576 2938 5619 canones
2978 5561 3338 5615 Arausieanos
3394 5568 3423 5611 a

160 5602 279 5665 uio,
311 5610 366 5655 ut
386 5599 684 5656 Caelestino
708 5597 825 5652 illas
854 5594 1031 5649 theses
1052 5592 1390 5661 deputemus.

236 5692 394 5750 Subit
435 5693 520 5746 hic
567 5699 833 5757 mentem,
878 5685 1131 5755 quoniam
1171 5681 1239 5737 de
1269 5676 1743 5749 praedestinatione

82 5810 85 5811 '
158 5799 353 5848 sermo
396 5781 624 5853 incidit,
650 5777 1026 5839 -reeentiorum
1066 5771 1329 5831 modestia
1378 5770 1431 5826 in
1478 5763 1744 5825 sententia

1841 4650 2092 4720 dogmata
2146 4650 2288 4703 inter
2330 4644 2617 4717 adiapbora
2661 4651 3034 4707 numerentur,
3079 4654 3196 4710 quae
3250 4639 3417 4701 libero

1802 4776 1805 4781 ς
1843 4744 2230 4813 disputantium
2257 4741 2481 4799 arbitrio
2514 4739 2775 4810 permissa
2804 4744 2948 4791 sunt.
2996 4734 3051 4789 in
3082 4733 3189 4788 illis
3234 4731 3418 4800 capiti-

1842 4838 1944 4893 bus
1961 4837 2167 4893 lnitium
2194 4835 2340 4900 fidei,
2370 4834 2514 4903 pium
2532 4829 2836 4895 consilium,
2865 4824 3140 4897 probabile
3162 4823 3413 4890 studium,

1845 4937 2088 4985 sanctam
2131 4927 2533 4995 cogitationem,
2571 4917 3024 4991 perseverantiam
3066 4915 3275 4972 ﬁnalem
3302 4930 3420 4972 esse

1846 5022 1941 5077 Dei
1992 5022 2131 5079 dona
2170 5020 2440 5081 decretum
2467 5023 2571 5082 est,
2595 5011 2888 5083 AuguStino
2936 5010 2988 5066 id
3017 5011 3200 5082 gloriae
3229 5010 3415 5076 detur,

1803 5160 1809 5165 .
1847 5127 1972 5169 suas
2010 5110 2180 5181 ipsius
2209 5107 2388 5162 theses
2417 5106 2672 5161 adversus
2698 5103 3060 5161 Massilienses
3088 5103 3339 5159 del‘ensas
3365 5102 3416 5158 in

1851 5203 1974 5260 ﬁdei
2015 5202 2263 5270 dogmata
2295 5216 2321 5250 ιι
2351 5196 2638 5254 leestino
2669 5195 2864 5253 relatas
2902 5193 3086 5253 fuisse.
3119 5194 3417 5261 interroga-

1852 5303 1934 5351 tos
1951 5291 2109 5347 velim
2133 5289 2294 5344 modo
2315 5286 2666 5353 recentiores,
2690 5302 2755 5340 an
2780 5295 2900 5356 post
2918 5283 3195 5343 leestini
3219 5281 3418 5337 obitum

1849 5387 1956 5444 ulla
1985 5385 2089 5440 alia
2115 5381 2395 5453 Augustini
2423 5388 2628 5434 asserta
2656 5378 2723 5434 ab
2755 5377 3045 5447 apostolica
3073 5373 3200 5430 sede
3239 5378 3422 5427 contra

1852 5483 2132 5539 ltmreticos
2164 5478 2364 5533 aliosve
2393 5483 2588 5531 statuta
2616 5472 2757 5528 sint?
2803 5470 3162 5527 Aitirmabunt
3182 5464 3419 5536 profecto

1848 5663 2024 5719 Felice
2048 5663 2113 5718 IV
2138 5678 2203 5718 ex
2231 5663 2402 5717 sancti
2423 5656 2703 5731 Augustini
2725 5656 2874 5713 libris
2894 5654 3204 5719 desutnptos
3232 5647 3420 5702 fuisse.

1849 5754 2170 5817 Calestinus
2200 5768 2263 5811 ex
2315 5754 2483 5811 sancti
2556 5746 2833 5827 Augustini
2881 5739 3125 5804 doctrina
3169 5736 3421 5821 quidquid
