3930 6304
529 269 627 323 851

1422 261 1979 323 SUPPLEMENTUM
2016 260 2109 318 AD
2147 222 2373 318 orent
2412 258 2472 315 s.
2513 258 2901 317 AUGUSTINI.

3700 260 3820 318 85?.

527 375 888 434 Massilienses
918 375 974 432 in
1000 374 1223 433 dubium
1244 375 1534 445 vocabant,
1567 377 1832 445 deﬁnivit,
1865 392 1931 433 ex
1961 377 2107 447 ejus-
2135 379 2191 439 Α
2214 385 2460 431 auctores
2491 375 2705 457 silentio
2729 374 3022 443 praeterire.
3060 373 3270 430 Etenim
3300 388 3423 431 cum
3464 374 3817 446 Augustinus

530 473 653 529 dem
704 472 864 527 etiam
916 470 1198 527 sententiis
1249 479 1436 526 contra
1482 484 1649 526 novos
1700 471 2111 542 Pelagianorum

530 572 754 621 conatus
786 578 815 616 a
845 562 1243 618 successoribus
1273 562 1414 618 idem
1456 564 1754 631 praestitum
1786 562 1904 641 fuit.
1943 561 2114 617 Sanc-

532 667 616 713 tus
644 657 893 712 Celasius
924 672 1058 726 papa
1094 656 1158 710 D.
1194 657 1475 726 Augustini
1500 657 1816 713 sententiam
1847 655 1913 710 de
1936 662 2113 710 trans-

528 747 738 803 tusione
791 748 996 817 peccati
1024 747 1303 816 originalis
1336 748 1390 802 in
1422 748 1623 817 prolem
1662 748 1872 803 ratione
1912 761 2115 802 concu-

531 834 828 905 piscentiae,
860 836 927 891 de
947 836 1261 892 exclusione
1288 852 1318 891 a
1346 852 1512 906 regno
1543 836 1828 903 ccelorum,
1860 837 1927 891 de
1950 838 2111 892 miseo

530 928 624 982 riis
646 942 711 984 ex
756 937 979 999 peccato
1007 929 1258 998 originali
1294 929 1668 995 venientibus,
1724 928 1791 983 de
1834 928 2113 982 infantium

528 1017 875 1075 damnatione
901 1062 915 1086 ,
964 1020 1029 1074 de
1059 1019 1305 1075 libertate
1353 1020 1420 1073 ad
1451 1020 1647 1075 bonum
1697 1033 1793 1088 per
1836 1028 2114 1089 peccatum

531 1109 729 1166 amissa
758 1154 771 1178 ,
826 1110 997 1165 aliave
1044 1111 1209 1164 multa
1253 1110 1306 1164 in
1335 1110 1559 1179 epistola
1592 1109 1657 1163 ad
1702 1110 1981 1179 episcopos
2025 1125 2117 1178 per

533 1203 786 1259 Picenum
820 1206 1155 1273 approbavit.
1180 1205 1289 1260 Leo
1316 1206 1534 1276 Magnus
1559 1205 1765 1276 integra
1806 1212 1912 1261 duo
1942 1208 2117 1276 capita

530 1294 931 1365 Augustinianze
958 1296 1224 1351 doctrina:
1256 1297 1366 1351 suis
1392 1296 1587 1352 litteris
1615 1296 1869 1360 inseruit,
1921 1299 1973 1351 in
2003 1297 2118 1366 qui-

528 1384 627 1438 bus
653 1387 844 1440 asserit
866 1388 1219 1455 Augustinus,
1253 1402 1359 1441 non
1393 1386 1818 1455 improbabiliter
1845 1387 1981 1454 dici,
2026 1402 2121 1456 pa-

530 1484 742 1530 rentum
765 1491 976 1545 quoque
999 1478 1233 1546 peccatis
1254 1478 1509 1546 parvulos
1531 1476 1777 1547 obligari,
1814 1492 1920 1531 non
1944 1478 2117 1533 solum

533 1568 826 1636 primorum
864 1570 1179 1634 hominum,
1236 1570 1341 1651 sed.
1380 1571 1541 1625 etiam
1593 1584 1836 1637 suorum,
1882 1585 2001 1639 cap.
2049 1568 2120 1624 46

531 1658 810 1713 Encltirid.
842 1660 1039 1727 Quare,
1066 1662 1109 1716 si
1133 1661 1476 1715 sanctissimo
1496 1660 1777 1730 eidemque
1804 1661 2120 1716 doctissimo

2217 467 2533 537 Pelagianos
2581 467 2828 536 primitus
2882 466 3271 536 impugnandos
3314 468 3686 536 suscepisset,
3737 470 3813 523 ita

2216 559 2525 613 earumdem
2552 574 2764 614 errores
2782 559 3053 613 insecutus
3074 567 3176 621 est.
3204 560 3543 615 utAuetores
3575 561 3811 615 minime

2217 648 2538 719 publicaret.
2587 648 2752 718 Cujus
2783 648 2909 702 facti
2952 646 3091 702 hanc
3126 646 3242 716 ipse
3270 648 3530 703 rationem
3562 648 3813 720 assignat

2216 743 2309 799 lib.
2335 758 2371 797 ιι
2410 743 2647 798 Retract.
2666 756 2787 811 cap.
2813 741 2910 797 35.
2927 739 2993 795 In
3019 741 3098 795 his
3119 749 3314 807 autem,
3343 742 3533 811 inquit,
3563 742 3718 796 libris
3740 753 3817 798 ta-

2217 838 2376 891 cenda
2400 837 2570 890 adhuc
2589 837 2867 890 arbitratus
2893 853 3007 891 sum
3028 836 3241 890 nomina
3260 852 3455 901 eorum,
3472 836 3546 889 sic
3562 852 3657 890 eos
3681 839 3817 906 faci-

2218 930 2318 984 lius
2337 945 2482 1000 posse
2504 930 2693 1001 corrigi
2714 946 2945 1000 sperans.
2968 930 3038 985 Et
3060 930 3274 1001 quidem
3294 931 3469 1000 magni
3494 930 3676 987 Patris
3692 945 3818 987 ves-

2220 1022 2361 1091 tigiis
2375 1020 2695 1077 inhaerentes
2711 1022 2882 1077 nostri
2909 1023 3134 1077 inStituti
3159 1022 3404 1078 homines
3421 1022 3650 1078 Basilius
3668 1024 3818 1078 Pone

2218 1112 2332 1167 cius
2348 1112 2631 1180 Hispanus,
2647 1128 2708 1167 ac
2727 1113 2951 1169 Carolus
2964 1112 3179 1191 Moreau
3191 1114 3378 1169 Gallus
3395 1115 3465 1169 ita
3483 1116 3813 1185 importatas

2220 1203 2515 1272 Augustino
2541 1204 2763 1273 injurias
2782 1205 3147 1273 confutarunt,
3173 1216 3229 1261 ut
3248 1208 3682 1265 adversariorum
3709 1224 3813 1266 no-

2221 1294 2451 1348 minibus
2478 1297 2833 1363 pepercerint.
2860 1297 3145 1353 Familiare
3169 1298 3331 1369 igitur
3358 1299 3656 1370 majoribus
3679 1317 3804 1358 nos-

2222 1385 2316 1440 tris
2328 1386 2631 1456 exemplum
2646 1397 2880 1454 secutus,
2893 1387 3190 1444 Censorum
3206 1390 3518 1446 nominibus
3545 1405 3809 1462 suppres-

2221 1474 2316 1540 sis,
2333 1475 2508 1530 minus
2530 1476 2823 1532 honorifica
2846 1479 3155 1533 eorumdem
3172 1479 3240 1535 de
3261 1482 3556 1551 Augustino
3574 1481 3719 1537 dicta
3742 1499 3806 1539 ex

2221 1568 2517 1636 Augustino
2540 1568 2656 1639 ipso
2678 1569 2941 1644 refellam.
2958 1571 3174 1640 Optime
3198 1572 3339 1627 enim
3361 1573 3429 1627 de
3456 1575 3697 1631 humano
3723 1591 3812 1646 ge-

2222 1674 2351 1713 nere
2397 1669 2673 1715 merentur
2705 1702 2719 1727 ,
2770 1662 2861 1730 qui
2903 1663 3143 1717 antidota
3197 1674 3539 1734 suggerunt,
3599 1669 3809 1724 etiamsi

529 1752 765 1820 pontifici
787 1752 954 1809 Leoni
977 1754 1066 1808 illa
1096 1754 1376 1824 Augustini
1407 1754 1673 1809 sententia
1704 1755 1916 1823 placuit,
1950 1770 2110 1825 quam
2142 1747 2188 1807 B
2216 1762 2549 1803 Venellorum
2577 1750 2811 1805 arliﬁces
2854 1752 3075 1807 ιηίηίῐῐιθ
3116 1754 3364 1821 βτοάεωῑ·
3395 1755 3655 1813 Dabimus
3685 1774 3807 1827 PfO'

534 1841 840 1911 ltictantum
865 1861 968 1899 non
986 1845 1701 1914 improbabilemjudicabat,
1726 1856 1986 1916 quantum
2005 1848 2123 1903 illas

536 1938 845 2004 apostolicae
877 1939 990 1993 sedi
1015 1938 1279 2009 placuisse
1296 1939 1557 2005 dicemus,
1582 1954 1713 2010 quas
1736 1950 1983 2010 tanquam
2003 1956 2123 1996 cer-

530 2034 635 2094 tas,
663 2036 911 2098 tanquam
934 2032 1100 2085 sacris
1124 2031 1317 2087 litteris
1339 2032 1663 2097 conformes,
1694 2042 1946 2102 tanquam
1972 2033 2122 2090 deni-

531 2131 634 2188 que
659 2121 818 2191 plane
847 2106 1195 2178 orthodoxas
1226 2126 1351 2178 totis
1383 2124 1596 2179 lacertis
1624 2135 1810 2179 contra
1839 2126 2121 2181 haereticos

530 2211 921 2281 propngnavit?
949 2212 1206 2268 Statuerit
1231 2214 1406 2283 itaque
1436 2212 1758 2270 leestinus
1786 2215 1914 2284 quid
1936 2225 2119 2271 contra

533 2299 893 2358 Massilienses
941 2304 1007 2358 ab
1051 2303 1300 2358 omnibus
1332 2303 1618 2358 tenendum
1673 2305 1777 2372 sit,
1838 2321 1945 2361 non
1994 2308 2120 2362 inde

530 2391 667 2447 intra
680 2394 947 2449 cancellos
962 2394 1705 2465 brevissimosAugustiniana
1728 2397 1974 2452 doctrina
2004 2413 2119 2454 res-

532 2484 804 2555 tringitur,
854 2486 1011 2541 latius
1050 2487 1380 2556 expatiatur,
1414 2503 1477 2544 ac
1507 2504 1690 2544 secum
1722 2489 1961 2544 unanimi
1989 2506 2119 2546 con-

530 2590 693 2631 sensu
725 2576 953 2632 Romani
1003 2578 1264 2647 praesules
1307 2580 1633 2649 procedunt,
1676 2581 2030 2650 Augustinum
2063 2582 2116 2638 in

528 2669 829 2725 statuendis
855 2669 921 2724 de
946 2671 1160 2726 auxiliis
1190 2672 1385 2727 divinae
1415 2674 1601 2742 gratia:
1630 2674 1866 2729 decretis
1906 2691 2117 2731 summa

530 2773 753 2830 semper
769 2761 1027 2831 religione
1055 2768 1247 2818 secuti.
1280 2764 1536 2821 Subsidat
1568 2781 1697 2836 ergo
1738 2766 1847 2835 jam
1896 2767 2110 2824 tandem

535 2857 719 2905 tantus
747 2867 813 2907 ex
838 2916 839 2921 η
862 2853 978 2919 his,
1020 2862 1077 2907 ut
1106 2863 1311 2924 putant,
1342 2857 1619 2913 leestini
1653 2858 2117 2928 capitulispulvis

528 2953 559 2994 a
608 2943 996 2998 recentioribus
1026 2953 1213 3000 contra
1269 2946 1687 3003 micantissimos
1740 2950 2116 3019 Augustiniani

527 3032 661 3089 solis
709 3034 888 3090 radios
932 3036 1197 3091 excitatus
1222 3079 1237 3104 ,
1269 3052 1333 3091 ac
1361 3040 1533 3095 sancti
1582 3041 1832 3110 praesulis
1871 3042 2111 3099 doctrina

2224 1835 2366 1891 lecto
2407 1841 2611 1907 grande
2640 1838 2912 1908 patientiae
2944 1883 2965 1908 ,
3009 1843 3268 1911 grandius
3313 1844 3594 1901 modestiae
3641 1848 3805 1905 docu-

2224 1941 2489 1998 mentum,
2514 1940 2575 1987 ut
2604 1934 2685 1986 vel
2716 1934 2839 1988 hinc
2874 1934 3098 2005 mitiora
3120 1937 3232 2005 jam
3280 1938 3495 1994 tandem
3521 1955 3646 2011 erga
3678 1942 3809 1998 insi-

2223 2041 2381 2095 gnem
2428 2024 2684 2081 Ecclesia:
2712 2026 2990 2083 doctorem
3021 2030 3244 2085 consilia
3283 2032 3502 2088 eosdem
3545 2034 3595 2088 in
3623 2046 3810 2103 poste-

2224 2131 2342 2170 rum
2374 2116 2603 2171 inituros
2655 2132 2761 2171 non
2798 2118 3139 2195 dubitemus.
3188 2121 3385 2177 Verum
3432 2139 3500 2180 ne
3539 2125 3805 2184 Censores

2224 2208 2299 2275 ita
2344 2222 2468 2262 cum
2500 2206 2800 2278 Augustino
2840 2212 3211 2281 committam,
3249 2223 3306 2270 ut
3357 2216 3456 2271 sub
3502 2216 3597 2274 lite
3649 2223 3803 2277 etiam

2222 2299 2532 2377 dimittam,
2578 2301 2793 2358 indices
2831 2306 3177 2365 advocandos
3216 2310 3476 2380 decrevi,
3522 2329 3554 2367 a
3610 2316 3802 2385 quibus

2222 2394 2536 2463 gravissima
2594 2395 2708 2451 hac
2730 2437 2744 2463 ,
2786 2397 2834 2452 si
2864 2414 2984 2468 qua:
3016 2416 3247 2471 unquam
3280 2404 3447 2471 alias,
3495 2419 3655 2461 causa
3685 2422 3807 2477 cog-

2222 2496 2496 2539 noscatur.
2532 2486 2661 2552 Vos,
2713 2503 2843 2557 vos,
2900 2506 3111 2561 precor,
3153 2495 3338 2550 adeste
3370 2499 3673 2553 vetustioris
3706 2500 3806 2554 Ec-

2222 2574 2402 2630 clesia:
2434 2574 2646 2645 Patres,
2688 2578 2829 2634 bello
2859 2582 3053 2637 invicta
3104 2599 3323 2653 manus,
3358 2602 3422 2642 ac
3446 2597 3524 2644 tot
3562 2589 3627 2644 de
3647 2590 3804 2645 ﬂete-

2221 2668 2448 2724 rodoxis
2475 2673 2762 2740 reportatis
2786 2674 3071 2744 triumphis
3093 2679 3451 2746 percelebres.
3488 2681 3595 2737 Vos
3616 2684 3803 2740 coales-

2222 2760 2293 2814 tis
2322 2761 2552 2817 Senatus
2599 2764 2830 2833 lumina,
2875 2782 2939 2822 ac
2965 2766 3287 2827 Christianae
3326 2772 3635 2843 reipublicae
3660 2778 3802 2832 colu-

2221 2851 2387 2919 mina,
2404 2868 2631 2922 quorum
2645 2858 3016 2914 auctoritatem
3040 2860 3348 2917 Catholicus
3361 2865 3519 2922 Orbis
3539 2869 3801 2939 sequitur,

2221 2943 2545 3011 sapientiam
2563 2945 2800 3003 universi
2822 2949 3065 3018 adorant,
3083 2953 3223 3008 dicta
3245 2962 3496 3026 tanquam
3516 2960 3804 3016 secretiora

2222 3032 2469 3091 Numinis
2505 3038 2723 3093 oracula
2763 3040 2960 3111 singuli
2986 3053 3330 3101 venerantur.
3378 3045 3574 3103 Sedete
3601 3050 3804 3120 Augus-

528 3137 845 3194 quacunque
886 3126 1136 3180 falsarum
1181 3129 1681 3197 interpretationum
1721 3133 1941 3202 depulsa
1976 3134 2109 3191 cali-
2138 3124 2187 3189 C
2219 3123 2434 3182 ιίηίθηω
2478 3143 2654 3183 causa?
2676 3130 2891 3207 «Iudices
2920 3133 3195 3192 δοηοτθτῖί
3219 3179 3235 3206 ν
3280 3137 3405 3194 hinc
3448 3143 3801 3211 quorumdam

528 3212 653 3282 gine
679 3214 975 3270 Ecclesiam
1002 3216 1306 3272 universam
1344 3219 1573 3276 illustret
1650 3246 1651 3251 π

945 3328 1175 3387 CAPUT
1212 3330 1285 3387 IX
1324 3348 1393 3388 ετ
1433 3349 1698 3390 nummi.

532 3441 747 3498 Centum
774 3461 834 3500 ac
871 3446 1079 3516 triginta
1100 3446 1322 3516 quinque
1344 3448 1681 3503 recentiorum
1710 3459 1887 3504 contra
1913 3448 1983 3506 υ.
2009 3452 2118 3506 Au-

526 3526 527 3529 ‘
597 3517 858 3587 gustinum
909 3519 1172 3584 convicia,
1206 3520 1421 3573 dicteria
1469 3536 1530 3573 ac
1578 3535 1808 3575 censura:
1846 3521 1908 3575 ab
1939 3524 2117 3578 eodem

604 3596 780 3642 sancto
802 3588 1008 3643 doctore
1033 3599 1080 3643 et
1110 3591 1299 3645 sanctis
1320 3587 1567 3646 Palribus
1589 3592 1828 3661 repulsis.

601 3698 782 3756 Mirari
822 3702 953 3757 satis
993 3717 1204 3772 nequeo
1250 3703 1607 3772 Augustinum
1653 3712 1759 3758 tam
1810 3718 2003 3774 magno
2055 3721 2118 3762 ac

528 3788 669 3846 {elici
703 3790 918 3862 ingenio
965 3794 1285 3850 excelluisse
1306 3834 1320 3857 ,
1348 3802 1406 3848 ut
1429 3808 1537 3847 non
1563 3796 1724 3849 modo
1764 3810 1859 3851 eos
1896 3798 2112 3867 hostes,

512 3881 843 3950 quibuscum
874 3883 1061 3937 vivens
1086 3884 1351 3939 acerrime
1379 3884 1679 3952 dimicavit,
1715 3888 1861 3944 mille
1891 3890 2118 3946 volumi-

529 3972 687 4026 nibus
713 3972 1043 4033 conculcarit
1060 3974 1499 4043 protriveritqne,
1521 3989 1704 4031 verum
1729 3979 1893 4034 etiam
1911 3990 2117 4039 asserta

529 4062 625 4115 abs
647 4075 705 4116 se
726 4061 974 4131 dogmata
999 4063 1064 4118 iis
1084 4074 1525 4134 argumentorum
1545 4067 1709 4124 armis
1730 4070 2039 4141 muniverit,
2060 4082 2120 4128 ut

529 4159 582 4205 et
609 4150 1016 4209 subsecutornm
1041 4155 1279 4211 omnium
1302 4158 1675 4215 haereticorum
1701 4170 1926 4218 conatus
1956 4163 2117 4221 intre-

526 4246 685 4317 gerit,
725 4260 786 4300 ac
810 4262 1253 4321 quorumcunque
1289 4251 1569 4308 hominum
1591 4267 1845 4310 censuras
1866 4255 2112 4314 eluserit:

524 4352 645 4394 cum
682 4340 856 4396 nullas
884 4343 998 4399 sive
1025 4343 1250 4401 haeresis
1278 4348 1395 4403 sive
1425 4346 1623 4403 invidia
1648 4363 1810 4405 voces
1838 4350 1966 4407 dare
1994 4366 2118 4422 pos-

529 4431 602 4486 sit
652 4432 845 4501 quibus
874 4436 986 4491 suis
1015 4434 1066 4491 in
1098 4437 1251 4493 libris
1290 4440 1618 4509 Augustinus
1652 4441 1962 4511 plenissime
2008 4459 2115 4501 non

2221 3218 2602 3276 Recentiorum
2624 3220 3000 3283 accusationes
3020 3269 3037 3296 ,
3080 3230 3275 3287 isthinc
3301 3234 3585 3304 Augustini
3617 3234 3797 3291 defen-

2218 3311 2431 3369 sionem
2462 3316 2716 3372 audituri.
2746 3318 2991 3376 Vestram
3021 3321 3182 3377 ﬁdem
3212 3325 3517 3396 quicunque
3544 3328 3601 3382 in
3632 3330 3797 3400 suspi«

2218 3404 2433 3460 cionem
2466 3411 2759 3476 vocaverit,
2794 3411 2840 3466 is
2895 3413 2963 3467 ab
3010 3414 3321 3471 Ortbodoxa
3368 3418 3559 3476 ﬁdese
3601 3422 3802 3491 penitus

2219 3497 2454 3553 alienum
2486 3501 2800 3556 ostenderit.
2856 3503 2936 3558 Tu
2978 3519 3139 3573 vero,
3170 3508 3355 3578 Magne
3380 3509 3558 3577 Pater,
3595 3515 3797 3583 quando

2220 3589 2441 3661 dignam
2471 3592 2877 3651 advocationem
2903 3597 3082 3653 nullus
3112 3600 3205 3654 tibi
3237 3602 3542 3658 mortalium
3571 3620 3799 3661 commo-

2220 3684 2352 3740 dare
2394 3695 2611 3755 potest,
2645 3694 2750 3741 tute
2799 3688 2966 3758 ipsius
3012 3704 3188 3747 causa:
3217 3692 3539 3764 suffragator
3588 3699 3793 3753 accede.

2224 3775 2290 3830 Et
2311 3777 2356 3830 si
2390 3778 2523 3831 olim
2555 3780 2868 3848 apostolicae
2897 3782 3043 3837 sedis
3086 3783 3301 3840 decreto
3327 3785 3381 3841 in
3413 3789 3797 3845 controversiis

2191 3919 2195 3923 ,
2221 3869 2288 3923 de
2317 3867 2514 3924 divina:
2542 3872 2729 3940 gratia:
2767 3874 2987 3931 auxiliis
3016 3878 3337 3933 sententiam
3373 3880 3619 3937 dicturus
3644 3883 3798 3953 judex

2219 3959 2517 4017 destinatus
2569 3962 2744 4031 fuisti,
2802 3974 2985 4035 patere
3017 3983 3318 4041 parumper,
3355 3970 3408 4027 id
3437 3976 3790 4042 quorumdam

2223 4057 2308 4127 (ut
2354 4059 2636 4117 mitissime
2679 4063 2894 4135 loquar)
2945 4065 3354 4136 importunitate
3400 4071 3683 4142 exigente,
3740 4073 3801 4129 ad

2223 4151 2444 4208 Patrum
2479 4153 2713 4212 tribunal
2743 4156 2861 4213 sisti
2898 4174 2965 4213 ex
3004 4160 3189 4229 judice
3245 4176 3415 4219 reum.
3447 4164 3636 4236 Neque
3670 4168 3803 4224 enim

2220 4245 2456 4302 arbitror
2510 4258 2562 4303 te
2596 4248 2649 4304 id
2673 4265 2815 4320 :egre
2860 4265 2982 4309 esse
3031 4254 3263 4311 laturum
3284 4298 3299 4324 ,
3331 4257 3427 4326 qui
3467 4258 3598 4315 olim
3626 4260 3804 4317 novitii

2221 4339 2487 4410 dogmatis
2513 4356 2543 4397 a
2565 4341 2778 4399 Juliano
2806 4355 3120 4414 accusatus,
3163 4347 3380 4404 Patrum
3411 4350 3673 4420 judicium
3704 4368 3803 4409 non

2222 4432 2385 4489 modo
2411 4449 2518 4490 non
2537 4435 2838 4505 declinasti,
2861 4439 2990 4508 quin
3018 4440 3130 4497 imo
3151 4441 3219 4497 ad
3240 4442 3371 4498 illud
3394 4446 3481 4501 vel
3506 4462 3804 4519 repugnan-

528 4524 877 4584 satisfecerit.
923 4527 1186 4599 Exemplo
1214 4530 1324 4586 sint
1365 4534 1601 4589 recentia
1633 4535 1881 4590 convicia
1919 4537 2114 4606 quibus
2143 4511 2198 4573 Ῑ)
2224 4534 2329 4581 lem
2356 4526 2726 4585 adversarium
2749 4531 2963 4589 Oblorw
2988 4535 3132 4590 οοηο
3168 4536 3399 4593 ίτθιῖδιί·
3421 4537 3537 4594 Et“
3561 4555 3695 4596 sane
3718 4542 3803 4612 ,ΙΨ

526 4618 773 4674 nonnulli
806 4621 995 4676 novitii
1027 4624 1318 4693 scriptores
1350 4625 1707 4680 venerandam
1741 4629 1920 4697 magni
1942 4628 2116 4686 Patris

496 4708 775 4765 canitiem
830 4712 1117 4767 temerario
1172 4726 1304 4767 ausu
1350 4712 1659 4785 discerpere
1708 4718 1888 4771 conati
1929 4727 2055 4774 sunt
2096 4738 2111 4775 :

524 4802 958 4874 quandoquidem
990 4806 1201 4862 etiamsi
1234 4807 1413 4863 nullus
1451 4821 1552 4878 pro
1583 4810 1884 4879 Augustino
1919 4810 2111 4868 defen-

525 4892 696 4947 sando
726 4896 921 4965 stylum
944 4900 1192 4971 stringat,
1223 4914 1290 4956 ex
1320 4901 1475 4956 unius
1503 4900 1646 4956 illius
1666 4900 1825 4958 dictis
1871 4904 2110 4959 omnium

522 4981 968 5043 calumniantium
984 5005 1078 5045 ora
1100 4991 1309 5060 penitus
1322 4982 1694 5049 obstruuntur.
1712 4993 1823 5051 Hoc
1836 4997 1997 5052 modo
2013 4996 2108 5055 de-

524 5087 825 5134 monstrare
839 5084 1140 5152 aggredior,
1157 5086 1432 5156 productis
1450 5089 1573 5145 hinc
1595 5105 1852 5146 novorum
1876 5092 2107 5163 scripto-

496 5170 502 5174 ’
520 5180 640 5221 rum
658 5169 921 5236 censuris,
943 5171 1089 5229 illinc
1109 5189 1237 5230 vero
1253 5176 1392 5234 datis
1411 5192 1479 5234 ex
1492 5180 1792 5252 Augustino
1813 5183 2104 5254 responsis.

522 5255 654 5325 Quae
685 5274 816 5316 sane
860 5261 1167 5333 quicunque
1198 5269 1382 5336 procul
1422 5272 1622 5328 amoris
1671 5282 1725 5329 et
1750 5274 1860 5329 odii
1915 5290 2107 5332 causas

520 5346 746 5418 habens,
784 5360 989 5409 attente
1020 5355 1290 5426 perleget,
1321 5359 1369 5415 is
1417 5361 1662 5430 profecto
1715 5364 1969 5421 fatebitur
1995 5370 2107 5423 Au-

517 5443 790 5513 gustinum
824 5446 895 5501 ita
928 5462 1050 5504 esse
1076 5448 1345 5520 locutum,
1376 5467 1439 5508 ac
1472 5454 1518 5509 si
1558 5470 1677 5511 cum
1724 5458 2107 5517 recentissimis

519 5533 671 5594 hisce
701 5536 1037 5611 hominibus,
1068 5543 1157 5613 qui
1178 5554 1300 5614 post
1326 5545 1608 5605 duodecim
1636 5551 1831 5607 saecula
1853 5567 2103 5624 erupere,

490 5640 491 5643 η
517 5639 703 5698 reapse
731 5631 1011 5702 litigasset.
1043 5637 1141 5693 Hic
1172 5647 1349 5696 tamen
1374 5640 1505 5697 mihi
1535 5642 1812 5702 decretum
1846 5657 1966 5717 est,
1991 5650 2106 5705 illa-

486 5723 603 5814 'tas
630 5721 930 5791 Augustino
976 5730 1334 5791 contumelias
1374 5734 1672 5805 repellere,
1722 5736 1937 5796 illarum
1975 5755 2104 5800 vero

2180 4648 2183 4649 ν
2221 4618 2453 4674 cundum
2485 4621 2824 4694 intelligere,
2871 4625 2981 4680 imo
3008 4627 3092 4682 vel
3123 4628 3294 4685 oculis
3323 4630 3451 4701 ipsis
3481 4633 3684 4686 intueri
3728 4635 3809 4689 in-

2219 4727 2473 4769 numeros
2504 4714 2765 4773 Ecclesiae
2817 4718 3067 4779 doctores
3104 4723 3260 4780 albos
3310 4724 3534 4780 calculos
3591 4726 3807 4800 (neque

2217 4803 2360 4857 enim
2386 4812 2471 4860 est
2522 4806 2727 4863 incerta
2755 4810 3002 4884 victoria)
3033 4814 3336 4886 Augustino
3360 4815 3615 4887 adjicere,
3660 4819 3812 4891 ejus-

2216 4899 2337 4955 dem
2378 4903 2673 4960 sententias
2713 4908 3134 4977 commendare,
3195 4912 3573 4969 auctoritatem
3626 4914 3810 4972 deten-

2217 4992 2368 5062 dere,
2418 4995 2961 5070 adversariorumque
3009 5004 3363 5061 temeritatem
3410 5006 3562 5075 gravi
3605 5008 3809 5077 judicio

2217 5087 2535 5156 percellere.
2585 5092 2656 5145 At
2684 5091 2794 5149 cito
2820 5092 2985 5150 citius
3014 5094 3166 5151 adest
3193 5111 3349 5155 sacer
3372 5098 3621 5157 divorum
3651 5117 3810 5157 sena-

2214 5187 2300 5236 tus
2328 5221 2344 5247 ,
2394 5191 2448 5239 et
2499 5184 2713 5252 quidem
2772 5185 3241 5258 frequentissimus
3271 5234 3286 5259 ,
3343 5193 3800 5263 Augustinianam

2214 5286 2431 5328 causam
2481 5277 2809 5346 cogniturus.
2866 5279 3280 5339 Tumultuantur
3320 5283 3557 5339 rotundo
3587 5285 3805 5355 agmine

2214 5365 2512 5424 adversarii
2555 5370 2914 5440 Augustinum
2963 5377 3282 5435 accusaturi.
3328 5378 3551 5433 Interim
3580 5389 3804 5434 sanctus

2216 5457 2470 5530 Prosper,
2517 5463 2606 5532 qui
2637 5464 2778 5521 inter
2807 5468 2965 5537 primi
2984 5471 3229 5527 subsellii
3258 5472 3471 5543 judices
3502 5474 3682 5540 sedet,
3716 5486 3805 5529 ac-

2212 5554 2547 5609 cusatoribus
2604 5556 2861 5627 loquendi
2906 5561 3213 5618 facultatem
3256 5564 3483 5621 faciens.
3540 5583 3561 5617 ι
3616 5565 3802 5631 Ecce,

2212 5644 2404 5715 inquit,
2450 5647 2595 5703 salva
2626 5652 2904 5708 catholicae
2930 5668 3061 5722 pace
3089 5655 3360 5722 victoriae,
3385 5655 3535 5711 salva
3561 5654 3801 5711 indissoo

2212 5736 2463 5803 lubilium
2490 5744 2794 5804 reverentia
2820 5745 3162 5809 decretorum
3190 5748 3571 5825 paratisumtts
3594 5760 3799 5807 sane.
