3930 6312
123 357 223 414 853

111 562 184 615 ab
215 561 358 614 omni
382 570 564 614 errore
585 554 751 609 lineas
773 549 1140 607 subtilissimae
1165 544 1504 603 discretionis
1532 555 1695 611 agno-

107 665 289 708 scere.
314 650 677 706 Constituatnr
705 647 758 701 in
806 644 983 701 medio
1003 643 1143 715 quod
1182 658 1246 697 ne
1284 652 1437 695 NOVIS
1469 648 1695 692 ausas”

107 756 340 796 INGENIIS
367 738 536 810 (Cont.
580 736 769 792 Collat.
798 737 990 807 initio).
1025 755 1044 788 ›
1081 753 1099 786 ‹
1139 734 1206 790 Ut
1234 731 1391 786 facile
1411 730 1494 784 vel
1519 727 1695 784 tenuis

105 834 405 906 diligentiae
450 832 694 887 advertat
721 831 1023 900 inspector,
1076 841 1233 898 quam
1262 824 1476 893 injustis
1503 834 1696 892 oppro-

100 926 243 982 briis
286 940 564 980 caruoucr
606 936 997 978 Ριιίευιελτοιιιε
1040 919 1300 975 memoria
1331 923 1613 985 carpatur,
1646 921 1700 967 et

96 1018 164 1073 in
213 1019 357 1089 quod
404 1026 684 1086 peccatum
737 1015 932 1070 cadant
977 1014 1068 1083 qui
1129 1012 1306 1067 aliena
1359 1007 1701 1079 instigatione

93 1116 360 1169 commoti
387 1127 719 1169 SCRIPTOBEM
756 1123 1109 1166 censeantur
1147 1122 1362 1163 nonmts
1403 1103 1701 1175 promptius

93 1208 343 1264 habeant
394 1208 647 1277 culpare,
701 1219 859 1276 quam
915 1217 1078 1260 nosse
1120 1201 1210 1274 (In
1246 1199 1400 1271 prazf.
1424 1199 1583 1271 Resp.
1635 1195 1702 1250 ad

97 1316 231 1371 cap.
261 1298 578 1370 Gallorum.)
615 1317 634 1352 ι

883 1460 927 1515 I.

351 1569 635 1611 CENSORBS.
1065 1565 1113 1606 ε.
1143 1560 1193 1604 Ρ.
1227 1562 1567 1606 AUGUSTINUS.

167 1648 310 1703 Haec
336 1659 508 1702 nostra
535 1649 668 1702 ratio
695 1647 867 1700 conci—
1012 1645 1141 1700 Mira
1169 1655 1291 1698 sunt
1321 1661 1440 1714 qua:
1479 1643 1656 1698 dicitis
1686 1682 1702 1709 ,

79 1720 278 1774 liandi
340 1718 621 1772 libertatem
673 1717 876 1771 arbitrii
947 1730 1082 1769 nova
1136 1726 1258 1769 sunt
1307 1731 1427 1785 quae
1483 1716 1702 1780 dicitis,

81 1808 214 1845 cum
241 1788 872 1857 divinaprwdestinatione
943 1786 1076 1841 falsa
1124 1795 1250 1840 sunt
1330 1802 1450 1855 qua:
1506 1786 1702 1841 dicitis.

81 1879 118 1914 a
166 1862 376 1915 nemine
407 1902 422 1927 ,
468 1875 616 1927 quem
658 1858 867 1911 viderim
941 1857 1070 1911 Mira
1104 1866 1379 1924 stupemus
1403 1897 1420 1925 ,
1444 1871 1578 1911 nova
1609 1871 1702 1909 ca-

84 1933 368 2000 hucusque
396 1931 606 1995 tradita,
640 1929 755 1982 ideo
784 1945 867 1980 sa-
942 1943 1162 2000 vemus_,
1196 1998 1202 2000 _
1238 1928 1368 1980 falsa
1426 1927 1701 2000 convinci—

83 2004 197 2055 tius
223 1996 333 2055 hac
361 2001 485 2055 duxi
515 2000 671 2072 paulo
701 2000 870 2070 fusius
948 2013 1085 2072 mus.
1119 1998 1234 2050 Lib.
1273 2012 1343 2072 ιιι
1393 2009 1571 2052 contra
1613 1996 1703 2050 Ju-

84 2073 379 2142 explicare.
515 2069 523 2072 ’
702 2069 709 2070 “
937 2071 1089 2134 liam,
1122 2085 1238 2136 cap.
1272 2069 1322 2122 5.

629 2164 689 2221 S.
725 2163 1163 2220 BERNABDUS.

170 2256 344 2312 Miror
385 2256 672 2312 admodum
723 2257 768 2311 si
817 2271 986 2312 novus
1033 2257 1134 2311 iste
1164 2269 1422 2311 novarum
1456 2255 1702 2311 inventor

85 2350 460 2406 assertionum
493 2358 548 2406 et
577 2359 814 2406 assertor
845 2352 1210 2407 inventionum
1241 2349 1483 2405 invenire
1511 2348 1565 2404 in
1599 2348 1701 2404 hoc

89 2444 370 2499 rationem
398 2443 650 2515 potuerit,
674 2459 793 2514 quae
814 2453 1029 2499 sanctos
1059 2444 1245 2499 Patres
1273 2445 1486 2498 latuerit
1512 2485 1527 2511 ,
1573 2445 1700 2498 Am-

89 2534 348 2591 brosium
375 2545 429 2592 et
460 2535 843 2606 Augustinum.
876 2534 1044 2606 Epist.
1079 2535 1145 2589 77
1188 2534 1255 2587 ad
1299 2534 1588 2603 Hugonem.

884 2626 945 2679 ll.

347 2735 632 2776 CENSORES.
1116 2735 1162 2774 S.
1195 2734 1542 2776 AUGUSTINUS.

175 2811 361 2879 Neque
393 2829 509 2867 vero
538 2813 715 2867 dubito
745 2803 866 2883 quin
1009 2810 1053 2883 Ο
1077 2811 1205 2881 quid
1231 2811 1479 2879 perdidit,

94 2884 166 2937 ab
219 2884 510 2954 Augustino
572 2893 618 2937 et
674 2881 866 2937 cwteris
939 2882 1126 2936 audire
1156 2896 1260 2954 non
1295 2881 1492 2954 p_ntuit!

1554 2810 1602 2863 ni
1650 2818 1701 2864 te

1567 2882 1631 2934 ib.
1650 2896 1702 2932 ιν

99 2951 605 3008 l’atribusunatn’mi
621 2971 870 3008 consensu
944 2962 1119 3006 contra
1139 2951 1276 3021 Jul.,
1301 2951 1456 3022 Oper.
1490 2952 1696 3022 imperf.

99 3024 438 3094 comprobata
509 3024 688 3093 fuisset
761 3025 870 3078 hwc
944 3039 1059 3093 cap.
1095 3024 1214 3078 “9.

101 3108 282 3150 nostra
312 3098 381 3148 de
420 3096 865 3164 pra’destinatione

103 3168 360 3220 sententia
388 3206 401 3229 ,
432 3169 662 3234 ratioque
688 3165 998 3220 conciliandi
1029 3166 1308 3218 libertatem
1353 3163 1554 3218 arbitrii
1580 3179 1698 3217 cum

106 3238 287 3290 divina
316 3238 480 3307 gratia
507 3278 520 3301 ,
552 3237 871 3305 prtescientia
902 3247 947 3290 et
985 3236 1434 3305 prwdestinatione
1459 3276 1474 3303 ,
1534 3235 1580 3288 si
1629 3236 1700 3289 eis

107 3310 375 3379 proposita
396 3309 594 3378 fuisset.

398 3400 632 3465 JONAS,
666 3413 946 3455 EPISCOPUS
974 3413 1412 3454 susurransnsrs.

189 3494 372 3565 igitur,
419 3493 543 3563 quia
591 3507 695 3547 non
726 3493 897 3548 solum
931 3493 993 3546 B.
1026 3493 1350 3562 Augustino,
1396 3491 1492 3546 sed
1540 3489 1701 3545 etiam

112 3588 240 3643 aliis
286 3588 500 3643 eximiis
528 3587 838 3642 doctoribus
879 3595 932 3641 te
981 3586 1328 3656 superciliose
1373 3584 1652 3654 praetulisti
1686 3625 1702 3651 ,

114 3680 321 3736 merito
373 3679 608 3735 solitaria
647 3680 1030 3736 destructionis
1062 3690 1164 3733 tua:
1211 3678 1458 3751 gloriatio
1501 3677 1554 3730 in
1608 3677 1705 3729 im-

117 3788 371 3830 mensum
403 3787 523 3829 sese
552 3773 875 3842 extendens,
906 3773 960 3827 in
1010 3773 1221 3827 irritum
1261 3771 1566 3826 deducitur.
1617 3769 1707 3823 Va:

117 3883 355 3938 namque
402 3867 576 3924 eidem
627 3867 930 3938 gloriationi
980 3876 1102 3933 tuae,
1152 3866 1305 3935 juxta
1353 3864 1484 3921 illud
1516 3863 1707 3919 Eccle-

120 3960 302 4016 siastis
331 3960 612 4025 imminet,
655 3960 780 4029 quia
808 3974 912 4012 non
939 3958 1144 4013 habens
1175 3957 1344 4011 totum
1375 3972 1442 4012 ex
1487 3970 1712 4011 consor-

126 4053 201 4107 tio
223 4052 476 4117 aliorum,
502 4051 700 4121 frigore
729 4051 974 4105 solitario
1001 4058 1176 4119 torpet
1203 4091 1218 4116 ,
1251 4058 1305 4104 et
1331 4065 1444 4103 cum
1474 4049 1713 4102 ceciderit

122 4159 227 4197 non
257 4143 458 4197 ltabebit
502 4142 846 4197 sublevantem
890 4139 1092 4212 (Eccle.
1149 4156 1224 4208 tv,
1283 4140 1394 4208 10).
1447 4139 1565 4194 Lib.
1599 4155 1615 4192 1
1645 4139 1713 4195 de

120 4233 280 4288 Cultu
310 4235 494 4305 imag.,
529 4243 659 4289 tom.
688 4251 740 4289 ιιι
765 4276 780 4301 ,
816 4243 954 4304 part.
1005 4249 1065 4299 ι,
1120 4230 1374 4287 Biblioth.
1424 4231 1529 4286 PP.
1581 4230 1710 4287 edit.

121 4327 457 4385 Coloniensis
486 4329 641 4384 1618.
981 4363 985 4368 -

365 4531 652 4573 CENSORES.
1112 4527 1160 4567 S.
1191 4525 1534 4566 AUGUSTINUS.

200 4609 370 4675 Quare
410 4609 748 4662 dubitandum
778 4621 880 4659 non

124 4691 222 4742 est,
253 4683 296 4733 si
324 4697 382 4734 ea
408 4681 469 4733 de
508 4697 562 4734 re
604 4680 679 4732 vel
703 4679 880 4748 Augu-

125 4755 288 4805 stinus
319 4752 395 4804 vel
426 4750 491 4804 D.
515 4749 738 4803 Thomas
770 4765 889 4801 con-

126 4824 458 4884 sulerentur,
559 4835 890 4889 responsuros

128 4895 292 4961 fuisse
324 4892 656 4946 nihilominus
686 4892 883 4962 prcede-

128 4965 453 5017 stinationem
491 4974 536 5017 et
571 4963 886 5032 reprobatio-

131 5051 247 5088 nem
275 5050 375 5087 non
403 5037 510 5088 sine
541 5027 734 5101 prtevia
761 5032 854 5085 illa
885 5031 1096 5084 scientia
1115 5071 1130 5096 ,
1179 5027 1454 5097 habituque
1487 5028 1717 5083 conside-

131 5106 330 5160 ratione
360 5121 481 5159 usus
509 5105 654 5159 liberi
681 5105 877 5157 arbitrii
911 5103 1092 5173 futuri,
1135 5109 1242 5155 etc.

531 5197 588 5253 S.
620 5195 1076 5252 COELESTINUS
1115 5194 1313 5249 PAPA.

208 5292 462 5363 Legimus
495 5308 652 5360 supra
698 5291 1002 5361 magistrum
1059 5303 1161 5342 non
1208 5302 1316 5340 esse
1369 5284 1679 5353 discipulum
1709 5323 1725 5352 ,

138 5387 243 5443 hoc
266 5397 371 5454 est,
414 5402 519 5441 non
547 5385 649 5440 sibi
685 5385 884 5440 debere
910 5395 1231 5453 quemquam
1263 5381 1327 5435 ad
1356 5380 1606 5450 injuriam
1635 5379 1732 5433 do-

139 5493 352 5536 ctorum
398 5480 672 5534 vindicare
718 5479 1012 5532 doctrinam
1058 5493 1070 5530 :
1108 5490 1229 5530 nam
1261 5483 1316 5530 et
1364 5475 1462 5529 hos
1511 5474 1658 5543 ipsos
1701 5487 1731 5526 a

146 5577 260 5630 Deo
287 5583 474 5629 nostro
493 5573 699 5642 positos
722 5571 969 5626 novimus
1002 5568 1069 5624 ad
1106 5568 1430 5635 docendum,
1465 5582 1586 5622 cum
1619 5565 1686 5620 sit
1718 5606 1732 5630 ,

141 5668 357 5723 dicente
387 5665 669 5735 Apostolo,
721 5663 798 5718 eis
842 5662 1034 5718 tertius
1082 5661 1229 5715 locus
1272 5658 1407 5712 intra
1439 5657 1732 5714 Ecclesiam

141 5758 516 5830 deputandus.
560 5756 626 5812 In
673 5756 892 5828 epistola
932 5755 1001 5807 ad
1044 5754 1311 5824 episcopos
1344 5750 1531 5806 Gallice
1561 5758 1736 5806 contra

143 5856 310 5912 sancti
340 5854 619 5927 Augustini
649 5851 1045 5908 calumniatores
1074 5849 1291 5917 scripta,
1321 5863 1435 5917 cap.
1469 5848 1520 5900 1.

960 4677 1156 4730 habere
1187 4674 1508 4728 doctorem?
1539 4714 1549 4726 .
1582 4710 1598 4728 .
1625 4713 1639 4727 .
1673 4675 1716 4728 Ο

962 4745 1275 4801 admiranda
1323 4757 1480 4815 atque
1507 4756 1718 4800 sectan-

964 4818 1031 4871 da
1077 4817 1350 4871 doetrina!
1408 4815 1521 4869 Lib.
1579 4831 1616 4870 ιι
1655 4816 1720 4870 de

962 4888 1110 4959 Orig.
1141 4888 1348 4952 animae,
1374 4901 1490 4954 cap.
1524 4888 1578 4941 9.

1286 333 1610 393 ἾΙΝΒΙΟΙΕ
1649 327 2205 389 ΑυςιιδτιΝιΑΝιΕ.

116 483 216 524 nos
263 477 537 524 DOC'I'RINE
575 471 975 518 .snenmrroms
1006 455 1189 513 audire
1211 496 1226 522 ,
1258 463 1312 510 et
1347 450 1690 508 circumcisas
1720 448 1774 510 Α

1026 4604 1155 4672 Quis
1191 4603 1508 4672 dedignetur
1553 4601 1715 4658 talem
1745 4582 1798 4655 D

3270 334 3372 394 8'54

2559 441 2648 496 IV.

2033 548 2317 591 CENSORES.
2801 550 2847 589 ε.
2878 549 3224 590 AUGUSTINUS.

1873 630 2004 697 Qua:
2027 632 2070 683 si
2109 631 2230 682 data
2269 628 2563 696 explanata-
2705 629 2836 696 Qua:
2866 638 2919 683 tu
2955 646 3000 684 sn
3033 645 3138 684 non
3173 629 3392 685 didicis-

1799 716 1897 769 que
1922 716 2117 768 semper
2147 701 2396 769 fuissent,
2433 700 2566 766 forte
2641 712 2728 754 ses
2754 741 2768 764 ,
2811 700 3082 769 Pelagiani
3134 701 3394 769 dogmatis

1800 786 1961 839 neque
2028 769 2318 840 Pelagiana
2358 769 2567 824 hwresis
2641 770 2886 825 machina
2947 773 3062 827 sine
3101 773 3396 826 architecto

1802 841 1977 911 fuisset
2007 849 2205 896 exorta.
2637 842 2944 911 necessario
3023 844 3394 897 remansisset.

2640 910 2757 966 Lib.
2771 929 2822 966 vx
2839 922 3015 967 contra
3027 912 3165 981 Jul.,
3181 915 3391 983 cap.H.

2302 1002 2361 1059 S.
2405 1002 2877 1062 IIIERONYMUS.

1874 1093 2104 1162 Scripsit
2132 1091 2334 1148 dudum
2367 1092 2449 1148 vir
2479 1102 2699 1150 sanctus
2725 1103 2783 1152 et
2812 1097 3074 1167 eloquens
3111 1097 3398 1170 episcopus

1804 1187 2137 1257 Augustinus
2163 1185 2231 1240 ad
2263 1185 2656 1256 Marcellinum,
2687 1189 2779 1258 qui
2820 1199 3009 1258 postea
3050 1190 3150 1246 sub
3198 1191 3396 1246 invidia

1804 1277 2107 1349 tyrannidis
2155 1276 2489 1332 Heraclianae
2519 1279 2585 1333 ab
2618 1279 2892 1336 hzereticis
2917 1282 3176 1336 innocens
3227 1297 3399 1340 caesus

1808 1380 1892 1426 est
1921 1411 1935 1434 ,
1990 1368 2128 1424 duos
2182 1369 2349 1424 libros
2403 1369 2474 1425 de
2518 1369 2815 1427 infantibus
2845 1372 3182 1442 baptizandis
3211 1383 3402 1430 contra

1807 1461 2058 1517 haeresim
2087 1469 2347 1527 vestram,
2375 1470 2484 1516 etc.
2520 1463 2668 1517 Alios
2707 1476 2919 1534 quoque
2963 1464 3269 1534 specialiter
3310 1474 3403 1522 tuo

1806 1551 2014 1606 nomini
2041 1551 2237 1606 cudere
2265 1551 2484 1621 dicitur,
2515 1553 2608 1623 qui
2635 1555 2862 1610 necdum
2888 1556 2941 1610 in
2972 1566 3182 1612 nostras
3205 1572 3404 1616 venere

1813 1656 2032 1708 manus,
2060 1643 2201 1698 unde
2233 1643 2694 1712 supersedendum
2719 1645 2846 1700 huic
2874 1647 3043 1702 labori
3072 1662 3268 1704 censeo
3291 1692 3304 1713 ,
3335 1665 3404 1705 ne

1809 1731 2020 1786 dicatur
2048 1731 2176 1786 mihi
2206 1732 2333 1787 illud
2366 1734 2587 1801 Horatii,
2620 1735 2688 1788 In
2716 1736 2909 1805 sylvam
2939 1754 3003 1791 ne
3044 1738 3184 1808 ligna
3233 1741 3406 1810 feras;

1740 1825 1785 1884 B
1813 1834 1907 1878 aut
1938 1825 2303 1880 enim‘eadem
2331 1826 2635 1884 diceremus
2663 1844 2728 1883 ex
2755 1829 3046 1898 superﬂuo,
3073 1837 3167 1885 aut
3193 1830 3239 1885 si
3265 1846 3405 1887 nova

1809 1915 2138 1970 voluerimus
2188 1917 2366 1973 dicere
2400 1960 2414 1983 ,
2470 1934 2501 1973 a
2556 1919 2856 1975 clarissimo
2903 1920 3118 1991 ingenio
3148 1931 3405 1992 occupata

1809 2017 1939 2062 sunt
1968 2008 2217 2065 meliora.
2251 2009 2319 2064 In
2352 2012 2447 2081 fine
2475 2009 2592 2066 Lib.
2653 2027 2710 2068 ιιι
2760 2010 2971 2083 Dialog.
3020 2022 3197 2069 contra
3248 2015 3404 2070 Pela-

1805 2117 2005 2170 gtanos.

2595 2173 2662 2228 γ.

2047 2279 2330 2322 ϐΕΝΞΟΗΕδ.
2642 2321 2645 2324 ,
2813 2282 2863 2325 ε.
2895 2284 3237 2327 AUGUSTINUS.

1875 2357 2058 2426 Neque
2137 2375 2200 2413 ex
2282 2357 2561 2428 Augustini
2713 2360 2757 2415 Ο
2779 2361 3074 2417 doctrinam
3110 2365 3193 2419 cui
3225 2366 3403 2422 omnis

1804 2429 2045 2506 Opinione
2092 2439 2163 2506 tot
2203 2429 2379 2506 ﬁdeles
2408 2430 2568 2506 .fu‘is-
2641 2439 2958 2506 tetasaures
2991 2435 3240 2504 surrigat,
3282 2453 3403 2506 quas

1803 2510 1913 2552 sent
1941 2501 2154 2562 turbati,
2206 2500 2274 2552 ad
2323 2499 2567 2569 Pelagia-

1805 2584 1996 2635 nosque
2026 2572 2350 2638 defecissent,
2382 2571 2564 2638 facile-

1803 2654 1900 2704 que
1929 2639 2162 2707 reliquiae
2192 2639 2299 2691 illa:
2326 2639 2568 2707 Pelagia-

1804 2723 1984 2760 norum
2021 2711 2075 2762 in
2103 2707 2281 2762 Gallia
2304 2748 2318 2771 ,
2351 2724 2568 2771 quarum

1803 2777 1857 2846 in
1905 2779 2134 2845 epistolis
2195 2777 2439 2846 Prosperi
2522 2788 2569 2831 et

1807 2845 2002 2901 Hilarii
2029 2850 2088 2918 ﬁt
2111 2851 2315 2911 mentio,
2333 2845 2569 2916 fuissent

1804 2920 2089 2987 exstinctae,
2173 2921 2570 2974 concertationes

1805 2988 2025 3059 denique
2093 2991 2226 3043 inter
2293 2990 2570 3043 catholicos

1805 3059 1959 3128 facile
1990 3062 2224 3131 fuissent
2253 3063 2566 3130 compositas.

2641 2501 2889 2576 homines
2931 2501 3165 2559 annosus
3199 2548 3213 2568 ,
3281 2501 3399 2576 quae

2642 2573 2876 2641 denique
2910 2577 3254 2645 presbyteros
3285 2573 3398 2632 me-

2640 2651 2825 2713 reatur
2850 2645 3046 2713 habere
3068 2646 3364 2713 discipulos
3383 2650 3396 2702 i

2641 2710 2830 2780 Legat,
2862 2712 2998 2780 legat
3045 2714 3095 2766 in
3144 2710 3405 2774 concione

2642 2781 2784 2855 quod
2804 2782 3046 2855 scripsit;
3069 2795 3224 2838 notos
3245 2796 3406 2855 atque

2645 2852 2877 2924 ignotos,
2910 2853 3096 2924 doctos
3126 2865 3287 2924 atque
3316 2852 3403 2912 in-

2644 2921 2835 2976 doctos
2857 2923 3178 2980 recitaturus
3193 2921 3401 2993 invitet;

2644 2993 2888 3048 seniores
2926 3010 3045 3048 cum
3095 2995 3403 3065 junioribus

2643 3067 2950 3134 convenite,
2995 3069 3134 3134 quod
3188 3071 3402 3124 nescie-

2643 3133 2782 3205 batis
2823 3133 3033 3198 discite,
3066 3137 3205 3205 quod
3259 3156 3400 3196 nun-

1729 3207 1776 3270 c
1811 3215 1981 3281 quam
2017 3201 2310 3257 audieratis
2349 3201 2548 3258 audite.
2607 3202 2722 3256 Lib.
2782 3219 2821 3259 ιι
2870 3205 2934 3260 de
2987 3201 3138 3278 Orig.
3168 3211 3357 3266 anima:
3382 3253 3399 3281 ,

1809 3288 1924 3342 cap.
1950 3273 2005 3326 5.

2397 3354 2456 3409 S.
2495 3352 2830 3410 PROSPER.
3368 3401 3369 3404 η

1879 3445 2020 3500 Ecce
2041 3443 2190 3499 salva
2221 3444 2507 3500 catholicae
2534 3459 2666 3513 pace
2696 3447 2955 3511 victoriae,
2989 3449 3132 3502 salva
3159 3450 3392 3510 indisso-

1809 3535 2056 3590 lubilium
2088 3536 2388 3591 reverentia
2415 3535 2754 3589 decretorum
2800 3539 2969 3603 parati
2997 3553 3182 3593 sumus
3211 3552 3393 3610 patro-

1815 3641 1913 3682 nos
1937 3627 2200 3680 doctrinae
2232 3623 2619 3680 emendatioris
2648 3625 2853 3695 audire,
2883 3635 2936 3680 et
2963 3628 3303 3686 circumcisas
3331 3635 3398 3689 ab

1815 3717 1960 3772 omni
1983 3731 2170 3772 errore
2193 3715 2365 3770 lineas
2392 3715 2756 3771 subtilissima:
2785 3717 3120 3775 discretiOnis
3146 3737 3405 3791 agnosce-

1814 3827 1896 3868 re.
1931 3810 2298 3865 Constituatnr
2341 3809 2395 3864 in
2445 3809 2646 3874 medio,
2698 3810 2840 3881 quod
2889 3811 2955 3866 de
3005 3815 3158 3868 novis
3187 3803 3409 3874 emersit

1785 3957 1787 3960 ι
1818 3904 2077 3975 ingeniis.
2109 3901 2272 3956 Initio
2325 3903 2443 3956 libri
2489 3909 2669 3956 contra
2699 3901 3010 3959 Collatorent
3038 3908 3203 3961 sancti
3233 3907 3410 3980 Augu-

1822 3999 1942 4054 stini
1969 3998 2408 4067 reprehensorem.

2059 4198 2340 4238 CENSORI-35.

1895 4277 1996 4342 Qui
2036 4292 2282 4328 novarum
2364 4273 2582 4327 solutio-

1820 4364 1941 4402 nunt
2015 4349 2352 4399 inventionem
2401 4352 2584 4414 putant

1819 4419 2126 4490 injuriosam
2148 4432 2254 4470 esse
2277 4417 2582 4490 Augustino,

1820 4487 1956 4542 idem
1973 4487 2101 4540 mihi
2123 4491 2292 4556 facere
2323 4488 2579 4552 videntur,

1823 4560 1956 4627 quod
1985 4559 2066 4611 illi
2100 4561 2188 4624 qui
2231 4559 2340 4612 sine
2386 4557 2587 4619 Scipio;

1824 4647 1945 4683 num
1992 4641 2039 4682 et
2086 4631 2347 4683 Caesarum
2397 4629 2590 4699 injuria

1828 4703 1927 4754 dici
1970 4718 2117 4770 posse
2167 4709 2429 4773 negarent,
2482 4717 2588 4755 esse

1817 4774 1932 4844 jam
2027 4773 2183 4825 aliam
2269 4773 2587 4826 instruenda:

1824 4837 1953 4897 aciei
1998 4846 2276 4910 rationem,
2307 4859 2459 4913 quam
2484 4845 2582 4912 fuit
2610 4851 2833 4909 tempore
2862 4837 3144 4907 fundarum
3185 4847 3231 4891 et
3279 4842 3429 4902 bulis.

1825 4925 2009 4969 tarum.

2820 4193 2869 4235 S.
2900 4194 3244 4237 AUGUSTINUS.

2733 4271 2923 4326 Melius
2992 4285 3262 4342 exponant
3314 4277 3417 4334 ista

2663 4343 2932 4411 meliores,
2951 4360 3054 4398 non
3078 4346 3165 4398 isti
3194 4361 3420 4413 quorum

2663 4416 2785 4469 novi
2812 4415 2921 4483 jam
2954 4415 3281 4470 sententiam
3333 4432 3423 4471 re-

2661 4486 3014 4552 probandam,
3044 4486 3138 4539 sed
3188 4487 3276 4556 alii
3330 4489 3420 4556 qui

2659 4557 2920 4611 veraciter
2971 4563 3218 4624 possunt.
3250 4555 3421 4625 Epist.

2662 4627 2730 4681 8!)
2783 4628 2849 4679 ad
2918 4627 3177 4679 Hilarium
3246 4639 3424 4682 contra

2661 4697 2992 4767 Pelagianos.

2358 5003 2417 5058 S.
2449 5000 2907 5059 FULGENTIUS.

1901 5095 2132 5153 Proinde
2183 5101 2512 5148 memoratus
2553 5092 2648 5148 Dei
2683 5090 2919 5161 pontifex
2952 5091 3286 5166 Augustinus
3319 5108 3431 5155 tur-

1834 5191 1935 5246 rim
1986 5187 2312 5244 fortitudinis
2351 5186 2522 5257 ipsam
2573 5186 2797 5256 gratiam
2858 5197 3093 5256 tenens,
3141 5201 3196 5246 et
3237 5193 3432 5246 exinde

1837 5289 2030 5338 cuncta
2075 5279 2347 5335 hostilium
2417 5278 2845 5333 machinamenta
2923 5283 3150 5337 telorum
3201 5281 3434 5336 caelestis

1838 5373 2130 5447 juvaminis
2176 5372 2373 5427 virtute
2419 5370 2801 5441 conlringens,
2847 5391 2949 5428 non
2996 5374 3168 5428 solum
3217 5372 3331 5439 ipse
3370 5372 3438 5428 de

1845 5470 1999 5524 hoste
2047 5464 2322 5521 victoriam
2372 5464 2619 5520 referens
2681 5465 3069 5536 triumphavit,
3103 5463 3230 5534 quin
3275 5462 3438 5517 etiam

1845 5559 2073 5631 posteris
2119 5556 2358 5612 certandi
2390 5566 2444 5613 et
2484 5555 2730 5612 vincendi
2792 5557 3032 5611 ordinem
3063 5596 3079 5619 ,
3129 5553 3174 5608 si
3225 5553 3439 5623 quando

1845 5653 1984 5708 victa
2012 5652 2245 5722 pravitas
2271 5651 2511 5706 recidivo
2545 5665 2678 5704 ausu
2724 5647 3003 5705 infandum
3038 5657 3198 5717 caput
3229 5646 3439 5716 erigere

1848 5747 2124 5810 niteretur,
2175 5744 2428 5800 ostendit.
2475 5743 2587 5797 Lib.
2640 5757 2682 5798 ιι
2734 5745 2795 5800 de
2851 5742 3077 5798 Veritate
3124 5740 3359 5813 prwdest.
3395 5756 3437 5792 ei

1850 5847 2007 5910 ςγδι,
2037 5855 2151 5908 cap.
2186 5835 2272 5892 I8.
