3930 6344
148 379 238 442 857

1348 390 1666 454 νΙΝΒΙΟΙᾹῐ
1706 387 2270 457 AUGUSTINIANIE.

3306 370 3413 456 858

139 519 204 581 an
259 506 506 581 replicata
578 508 776 581 penitus
805 579 813 581 Α
840 517 888 564 et
959 524 1026 564 na
1088 510 1316 568 delectat
1355 551 1371 577 ,
1467 511 1708 581 proferte
1737 512 1791 573 Α
1814 507 2193 563 auctoritatem
2222 503 2459 562 ﬁdeliter
2483 503 2786 561 obediatur.
2821 492 2936 558 Lib.
2965 503 3026 558 de
3056 485 3198 560 Trib.
3234 502 3406 576 Epist.

1809 615 1924 669 cap.
1952 597 2061 662 36;
2092 597 2230 650 idem
2254 596 2408 650 habet
2435 612 2554 666 cap.
2584 595 2678 650 24.
2715 597 3098 666 Expositiones
3125 596 3408 666 Augustini

1808 689 2048 745 doctoris
2083 689 2284 759 egregii
2310 703 2476 758 super
2497 687 2628 743 illud
2651 688 2672 742 1
2695 688 2763 743 ad
2788 689 2926 744 Tim.
2955 703 3010 757 ll,
3037 688 3071 741 4
3095 705 3112 743 :
3137 689 3278 743 Deus
3300 691 3408 744 vult

1807 797 1983 835 omnes
2029 780 2257 833 homines
2298 781 2467 835 salsos
2509 779 2648 848 ﬁeri,
2680 780 2842 836 bonae
2866 787 3014 838 sunt.
3049 779 3110 837 S.
3139 779 3408 837 Bonaven-

1803 878 1941 940 tura,
1975 871 2000 924 1
2029 870 2444 940 Sententiarum,
2480 871 2605 927 dist.
2631 870 2723 940 46,
2754 883 2936 944 quast.
2973 873 3025 940 l,
3053 880 3151 930 art.
3183 873 3234 928 1.

2550 963 2670 1020 XV.

135 576 325 631 abunde
351 576 880 650 redditar'rationein-
955 581 1123 649 ipsam
1176 576 1413 650 regulam
1467 576 1700 636 rationis

131 654 269 712 tegra
279 648 880 703 conciliandilibertatem
953 648 1166 707 vestra).
1193 648 1363 708 δέν-νη.
1380 653 1444 710 ’14
1461 655 1524 707 de
1546 653 1697 708 Verb.

128 718 597 792 arbitriicum‘illis
641 721 818 782 tribus.
847 731 895 775 et
967 723 1218 792 Apostoii.

123 789 368 861 luereticis
394 789 587 854 aditus,
621 807 720 860 quo
751 793 871 861 faci-

121 856 222 935 lius
247 857 310 909 ad
332 873 505 926 pacem
535 856 876 935 unitatemque
908 863 1148 919 Ecclesia:
1177 866 1418 934 redirent,
1443 867 1509 920 sit
1559 875 1704 935 pate—

119 931 282 1003 factus
307 967 320 990 ,
379 939 426 1003 et
460 934 879 1003 concertationes
917 951 1030 1003 qum
1055 945 1173 990 ante
1211 938 1352 991 mille
1387 931 1701 992 annos'in‘ter

115 997 250 1050 viros
298 999 576 1080 catholicos
623 1003 812 1056 oborta
859 997 1000 1072 sunt,
1024 1016 1272 1077 quantum
1314 1023 1409 1077 par
1447 1018 1544 1078 est,
1595 1009 1698 1062 sint

112 1079 426 1138 compositae.

541 1161 600 1219 S.
643 1163 1096 1222 INNOCENTIUS
1119 1182 1276 1238 papa.

181 1250 396 1308 Sancta:
416 1254 771 1312 fraternitatis
818 1267 1011 1315 vestrae
1058 1260 1268 1318 litteras
1304 1263 1490 1332 plenas
1533 1263 1699 1331 ﬁdei,

109 1353 334 1416 totoque
362 1345 650 1403 catholica:
679 1349 958 1420 religionis
1002 1352 1185 1423 vigore
1215 1355 1454 1411 firmatas
1497 1371 1527 1411 a
1551 1357 1702 1412 vobis

99 1438 326 1504 missas,
355 1449 412 1494 et
439 1439 683 1495 conciliis
713 1443 912 1499 vestris
937 1459 1030 1514 per
1063 1446 1280 1502 fratrem
1329 1456 1383 1504 et
1429 1451 1701 1520 coepisco-

97 1541 240 1596 pum
297 1537 542 1584 nostrum
581 1529 781 1588 iulium
825 1545 1075 1606 pergrata
1115 1541 1449 1609 suscepimus
1493 1543 1695 1609 animo,

93 1617 230 1686 quia
260 1631 447 1673 earum
478 1628 630 1676 tenor
657 1623 938 1695 omnisque
984 1631 1264 1686 contentio
1310 1631 1361 1686 in
1391 1634 1700 1690 considera-

95 1705 254 1762 tione
280 1706 610 1776 quotidianac
633 1714 820 1780 gratiae
844 1713 973 1780 Dei,
1001 1727 1054 1771 et
1075 1718 1129 1772 in
1151 1733 1338 1775 eorum
1363 1725 1698 1780 correctione

2034 1069 2322 1114 CENSORI-IS.

1879 1148 2028 1205 Unde
2110 1161 2285 1223 cessat
2349 1150 2568 1223 objectio

1805 1235 1959 1288 quam
2026 1226 2210 1292 stepius
2252 1221 2572 1292 Augustinus

1803 1293 2007 1360 repetit,
2066 1307 2276 1362 quisque
2317 1294 2371 1345 in
2413 1306 2569 1347 causa

1805 1363 1924 1430 fuit,
1957 1372 2013 1415 ut
2033 1363 2382 1426 testimonium
2403 1362 2565 1417 Pauli

1793 1449 1906 1502 non
1937 1435 1999 1487 de
2025 1436 2256 1488 omnibus
2291 1435 2563 1489 universim

1803 1501 2093 1557 hominibus
2134 1515 2426 1571 exp-oneret,
2471 1505 2562 1558 sed

1799 1575 1875 1626 ea
1906 1581 2007 1628 tres
2052 1575 2172 1629 illas
2221 1575 2566 1642 expositiones

1800 1645 2122 1715 confugeret.
2149 1645 2300 1713 Swpe
2323 1647 2459 1700 enim
2479 1645 2567 1699 ob-

1792 1716 1915 1785 jicit
1951 1731 2154 1785 pueros,
2182 1718 2237 1770 in
2275 1717 2429 1770 uteris
2459 1731 2568 1770 ma—

2802 1073 2850 1115 8.
2874 1071 3227 1117 AUGUSTINUS.

2712 1151 2867 1219 Quid
2889 1153 2957 1208 de
3000 1154 3106 1210 illis
3136 1152 3274 1209 dicis
3310 1153 3399 1224 qui

2640 1221 2696 1277 in
2717 1229 2870 1278 utero
2889 1226 3225 1279 moriuntur?
3245 1226 3288 1280 Ο
3312 1221 3400 1281 an-

2639 1295 2847 1362 gustia!
2894 1293 3065 1349 Serm.
3091 1296 3119 1346 7
3148 1298 3212 1348 de
3248 1294 3398 1351 Verb.

2638 1367 2822 1436 ᾼροει.
2855 1363 3005 1418 Idem
3030 1367 3175 1436 epist.
3211 1365 3402 1436 105ml

2639 1433 2888 1490 Sixtum:
2916 1437 2983 1488 Et
3000 1433 3094 1489 cur
3117 1435 3402 1502 providen-

2640 1506 2710 1558 tia
2740 1505 2855 1571 Dei,
2894 1509 2979 1559 cui
3009 1507 3178 1560 nostri
3217 1503 3399 1575 capilli

2643 1577 2903 1630 numerati
2935 1584 3080 1643 sunt,
3105 1579 3222 1631 sine
3243 1579 3397 1646 cujus

2640 1647 2918 1702 voluntate
2959 1663 3064 1702 non
3105 1647 3251 1702 cadit
3279 1662 3402 1718 pas-

2641 1730 2731 1786 ser
2779 1719 2830 1770 in
2873 1728 3092 1782 terram,
3136 1733 3271 1786 qua;
3299 1733 3400 1773 uec

92 1799 198 1879 qui
228 1808 418 1855 contra
464 1805 726 1867 sentiunt,
754 1806 962 1875 integra
1003 1809 1213 1867 ratione
1242 1815 1510 1882 consistit,
1561 1825 1618 1870 ut
1644 1830 1698 1871 et

91 1875 214 1946 illis
247 1906 460 1947 omnem
495 1894 685 1950 tollere
718 1899 886 1966 possit
929 1913 1170 1956 errorem
1193 1942 1209 1968 ,
1237 1912 1292 1958 et
1336 1875 1534 1960 idoneo
1570 1907 1699 1964 dato
1729 1891 1776 1958 Β

95 1981 302 2051 quovis
341 1991 538 2039 nostrae
578 1985 708 2056 legis
754 1989 1033 2058 exemplo,
1065 2007 1221 2060 quem
1253 1995 1409 2064 sequi
1441 1996 1696 2068 debeant,

99 2072 337 2141 dignum
369 2075 576 2144 possint
605 2078 850 2146 praebere
874 2081 1174 2138 doctorem.
1201 2083 1269 2138 In
1290 2087 1505 2155 epistola
1534 2089 1602 2141 ad
1632 2089 1694 2146 S.

81 2163 470 2236 Augustinum,
501 2182 618 2238 quas
642 2179 718 2224 est
743 2170 812 2226 96
843 2172 976 2227 inter
1004 2175 1427 2248 Augustiuianas.

405 2265 408 2268 ’
827 2264 944 2322 ΧΠ.

337 2363 621 2410 εεκεοιιεε.

165 2441 542 2520 Expositiones
555 2449 674 2502 alia:
695 2450 863 2520 Augu-

73 2514 211 2592 stini
236 2514 306 2569 ad
327 2515 500 2592 locum
519 2518 675 2572 Pauli
699 2514 861 2592 (nem-

73 2602 152 2652 pe
174 2584 318 2641 Deus
342 2589 458 2642 vult
483 2603 671 2644 omnes
695 2584 863 2644 homi-

73 2669 182 2726 nes
215 2657 401 2712 salvos
431 2657 570 2726 ﬁeri,
597 2657 857 2715 lTimoth.

72 2740 113 2779 tt
153 2725 172 2794 )
208 2737 396 2792 praeter
439 2725 744 2784 Damasceni
814 2741 860 2784 et

71 2811 412 2875 comnmnem
455 2796 676 2882 Patrum
704 2816 862 2882 expo-

73 2867 346 2934 sitionem,
372 2882 550 2920 omnes
581 2871 660 2922 v‘el
695 2867 861 2940 primo

76 2943 300 3003 aspectu
330 2940 615 3007 peregrince
644 2950 691 2993 et
711 2955 862 2995 exor-

79 3014 158 3058 ta
183 3016 454 3076 apparent.

400 3145 536 3203 XIII.

325 3303 606 3348 CBNSOBEB.

162 3426 404 3506 Frustra,
418 3429 585 3506 noluit
611 3431 855 3506 Augusti-

77 3517 188 3554 nus
218 3503 490 3556 concedere
515 3502 648 3557 haac
675 3502 856 3558 r'olun-

77 3582 247 3625 tatem
299 3571 397 3626 Dei
439 3573 575 3629 circa
625 3577 854 3630 outnium

74 3643 332 3710 salutem,
384 3654 429 3697 et
485 3643 650 3699 locum
706 3647 853 3701 illum

71 3710 254 3764 Pauli
275 3712 416 3766 nullo
435 3715 668 3772 extribus
691 3717 855 3773 modis

72 3792 230 3836 recte
253 3788 508 3854 exposuit.

400 3924 540 3983 XIV.

321 4080 610 4125 CENSORBS.

154 4203 300 4287 Tres,
331 4221 610 4279 quatuorve
637 4229 701 4269 ea:
742 4215 849 4269 Au-

68 4287 287 4345 gustino
316 4288 695 4338 commemorati
730 4295 849 4340 sunt

67 4361 108 4400 α
162 4349 321 4424 nobis
368 4354 508 4424 modi
561 4359 848 4424 exponendi

69 4425 234 4493 verba
259 4422 352 4493 illa
380 4423 550 4493 (Deus
583 4422 700 4482 vult
728 4441 846 4484 om-

69 4503 175 4542 nes
207 4492 454 4571 homines
485 4497 661 4571 salvos
707 4500 846 4571 fieri)

71 4573 194 4612 cum
231 4561 373 4616 illius
423 4568 715 4636 opinionem
761 4561 847 4623 ex;

68 4645 404 4706 poneremus,
448 4636 540 4705 qui
565 4637 690 4693 mihi
734 4642 847 4706 gui-

69 4700 193 4754 dem
223 4702 296 4755 ad
325 4700 844 4783 eludendumma'gis,

67 4787 232 4844 quam
260 4777 405 4844 recti,
429 4786 480 4830 et
499 4781 653 4835 solidi
681 4777 846 4837 videri

65 4841 262 4899 solent.

1094 2373 1142 2416 s.
1184 2367 1525 2419 AUGUSTINUS.

1006 2451 1348 2527 Manifestum
1376 2465 1460 2512 est
1484 2471 1578 2512 eos
1605 2457 1696 2527 qui

935 2519 1060 2576 huic
1083 2523 1338 2596 resistunt
1361 2535 1468 2582 tam
1494 2519 1698 2596 perspi-

935 2607 1050 2647 cum
1083 2594 1297 2649 veritati
1336 2612 1443 2651 non
1494 2594 1695 2652 intelli-

933 2665 1293 2734 gereomnino
1308 2680 1410 2734 qua
1425 2667 1698 2723 locutione

934 2732 1006 2804 sit
1058 2733 1257 2804 dictum
1304 2732 1446 2804 quod
1511 2736 1698 2793 Omnes

937 2802 1168 2857 homines
1194 2805 1301 2858 vult
1322 2802 1484 2861 'Deus
1530 2811 1699 2862 salvos

933 2872 1080 2941 ﬁeri,
1112 2887 1232 2928 cum
1261 2885 1364 2931 tam
1384 2880 1536 2933 multi
1565 2879 1697 2934 salvi

935 2957 1044 3019 non
1075 2943 1232 3019 ﬁa_nt,_
1259 2959 1366 3002 non
1397 2950 1519 3017 quia
1556 2950 1695 3019 ipsi,

934 3013 1032 3068 sed
1062 3015 1186 3086 quia
1217 3017 1354 3071 Deus
1405 3013 1513 3074 non
1544 3013 1694 3086 vult,

932 3085 1103 3160 quod_
1131 3086 1248 3140 sine
1297 3087 1398 3160 ulla
1467 3085 1696 3160 caligine

932 3151 1312 3228 manifestatur
1329 3159 1381 3212 in
1413 3151 1650 3228 parvulis
1677 3179 1691 3214 :

931 3223 1314 3281 sedsicutillud
1329 3223 1469 3294 quod
1493 3232 1694 3286 dictum

2639 1785 2749 1842 fato
2778 1788 3056 1856 premitur,
3089 1784 3188 1841 nec
3216 1784 3395 1841 fortui-

2641 1860 2709 1912 tis
2730 1858 2941 1912 casibus
2964 1857 3272 1927 impeditur,
3299 1872 3398 1914 nec

2640 1927 2746 1982 ulla
2780 1928 3072 1997 iniquitate
3097 1929 3395 1996 corrumpi-

2640 2008 2755 2066 tur,
2815 2008 2875 2053 ut
2926 1999 3280 2054 renascantur
3328 1999 3396 2054 ad

1803 1787 1957 1840 ternis
1978 1786 2238 1840 interdum
2257 1787 2422 1856 perire
2445 1797 2565 1842 ante

1805 1857 2130 1927 baptismum,
2184 1871 2344 1926 neque
2396 1865 2564 1910 tamen

1793 1942 1894 1996 per
1919 1943 2125 1996 pueros,
2153 1944 2315 1997 neque
2344 1943 2435 1994 per
2465 1943 2564 1994 pa-

1797 2005 1994 2066 rentes,
2015 2015 2176 2067 neque
2194 2014 2284 2066 per
2306 1999 2563 2052 ministros
2640 2008 2755 2070 tur,
2804 2015 2824 2070 7t

1802 2075 1960 2140 stare,
2001 2071 2090 2137 qui
2119 2077 2453 2140 percuperent
2487 2070 2563 2122 eis
2640 2068 3006 2125 hmred’itatem
3075 2070 3350 2125 caélestem
3379 2110 3394 2135 ,

1799 2138 2126 2207 subvenire,
2171 2149 2220 2193 et
2280 2139 2564 2193 remedium
2636 2152 2744 2194 non
2838 2140 3069 2196 consulit
3145 2140 3396 2195 omnibus

1804 2210 2038 2280 baptismi
2082 2211 2151 2262 ad
2199 2209 2416 2264 salutem
2462 2211 2559 2264 ad-
2635 2211 2872 2280 parvulis
2896 2211 3129 2265 filiorum
3146 2225 3393 2276 suorum,

1805 2279 1999 2345 lubere,
2068 2296 2160 2336 nec
2216 2289 2386 2334 tamen
2441 2297 2558 2351 pos-
2632 2279 3395 2336 etnonnullisconsulitetiam

2627 2352 2868 2422 parvulis
2897 2352 3222 2421 impiorum?

2317 2465 2377 2522 S.
2417 2464 2877 2523 FULGENTIUS.
2931 2487 2936 2490 ·

1797 2595 1799 2602 λ
1871 2555 1976 2611 Ubi
2015 2556 2162 2610 enim
2200 2558 2432 2612 deorum
2468 2555 2820 2626 parvulorum
2849 2572 2948 2614 nec
2977 2558 3032 2615 in
3059 2558 3268 2615 actibus
3292 2559 3395 2614 ali-

1801 2661 1905 2716 qua
1937 2651 2065 2700 sunt
2097 2648 2310 2713 merita,
2363 2663 2462 2702 nec
2512 2651 2564 2703 in
2613 2651 2824 2719 origine
2871 2650 3154 2705 dissimilis
3202 2663 3394 2720 causa,

1800 2733 2155 2794 manifestum
2199 2739 2422 2808 quidem
2473 2740 2628 2795 nobis
2676 2751 2761 2796 est
2806 2742 2948 2810 quod
2999 2745 3160 2799 ambo
3198 2743 3397 2798 iuerint

1799 2830 2080 2900 originalis
2104 2833 2308 2900 peccati
2333 2831 2564 2887 vinculis
2595 2833 2834 2903 obligati,
2863 2834 3138 2889 occultum
3155 2849 3284 2890 vero
3301 2849 3397 2890 cur

1801 2939 1906 2980 non
1932 2926 2090 2980 amho
2121 2925 2318 2980 fuerint
2340 2927 2591 2980 absoluti.
2618 2926 2862 2983 Sciamus
2887 2927 3050 2996 igitur
3070 2931 3396 2996 imperscru—

1803 3007 1966 3070 labile
2005 3014 2162 3069 nobis
2199 3029 2322 3071 esse
2350 3029 2446 3071 cur
2473 3031 2582 3071 uno
2611 3017 2874 3073 derelicto
2899 3019 3127 3074 alterum
3160 3019 3303 3076 Deus
3329 3021 3396 3076 ab

1792 3106 1889 3160 illa
1941 3106 2262 3175 perditionis
2305 3119 2483 3162 massa
2514 3108 2684 3178 gratis
2723 3110 2942 3178 eripiat,
2971 3117 3080 3167 etc.
3110 3110 3263 3166 Dicet
3291 3111 3394 3166 ali-

1801 3197 1921 3267 quis
1953 3213 1967 3250 :
1997 3197 2112 3252 Cur
2142 3211 2249 3251 non
2281 3199 2546 3253 ambobus
2580 3199 2803 3268 largitus
2843 3209 2924 3254 est
2973 3200 3231 3256 Dominus
3271 3215 3394 3273 gra-

1798 2361 1938 2406 sunt.
1994 2406 1996 2408 ,

928 3273 1700 3358 ᾇξζὸιῆἶιξζὶῖι’ξιῖτξεῖδνῷἶέὲξ
1728 3273 1995 3358 Ctuitam
2048 3291 2503 3360 misericordiam,
2550 3308 2672 3348 cum
2703 3308 2840 3349 unus
2868 3295 3055 3350 ambos
3088 3305 3271 3352 reatus
3297 3296 3394 3350 oi)-

930 3363 1224 3431 ﬁcabuntur
1253 3369 1294 3437 (Ι
1319 3367 1441 3442 Cor.
1466 3389 1556 3439 xv,
1578 3372 1695 3442 Ἡ),

929 3449 1052 3489 cum
1115 3445 1224 3491 tam
1287 3440 1441 3495 multi
1492 3440 1694 3500 πῖθι-εἰει

929 3515 1102 3560 morte
1127 3510 1434 3578 puniantur,
1464 3512 1590 3568 ideo
1611 3516 1696 3570 di-

929 3589 1075 3630 ctum
1099 3587 1203 3642 est,
1227 3581 1353 3648 quia
1367 3596 1556 3638 omnes
1578 3587 1695 3652 qui-

925 3659 1138 3714 cunque
1213 3653 1372 3704 vitam
1438 3663 1692 3709 mternam

931 3718 1276 3793 percipiunt,
1354 3738 1462 3778 non
1520 3727 1695 3793 perci-

929 3788 1082 3860 piunt
1107 3791 1206 3844 nisi
1239 3791 1292 3844 in
1320 3788 1575 3860 Christo;
1619 3799 1693 3851 ita

967 3858 1071 3932 uoti
1106 3860 1302 3917 dictum
1342 3875 1446 3932 est,
1501 3858 1690 3922 Omnes

962 3930 1151 3984 omines
1197 3934 1302 3988 rult
1343 3930 1482 3991 Deus
1523 3939 1690 3993 salvos

925 3999 1059 4068 ﬁeri,
1086 4002 1429 4080 ideo_dictumi
1441 4018 1544 4074 est,
1563 4013 1687 4080 quia

925 4085 1115 4152 omnes
1136 4075 1225 4152 qui
1247 4077 1381 4132 salvi
1405 4079 1562 4146 ﬁunt,
1580 4075 1685 4140 nisi

924 4145 1044 4222 ipso
1071 4145 1282 4222 volente
1305 4165 1411 4204 non
1446 4153 1600 4216 fiunt,
1634 4163 1689 4208 et

924 4215 973 4267 si
997 4228 1103 4281 quo
1115 4215 1221 4271 alio
1240 4222 1399 4275 modo
1416 4222 1504 4276 illa
1524 4215 1685 4280 verba

923 4285 1212 4363 apostolica
1280 4291 1500 4363 intelligi
1561 4308 1686 4362 pos-

923 4361 1068 4433 sunt,
1096 4365 1153 4410 nt
1186 4366 1362 4433 tamen
1395 4361 1517 4416 huic
1539 4361 1684 4433 aper-

922 4425 1146 4505 tissima:
1192 4431 1434 4500 veritati,
1481 4436 1532 4489 in
1575 4425 1682 4505 qua

919 4497 1163 4558 videmus
1205 4512 1311 4556 tam
1345 4497 1542 4561 multos
1591 4497 1682 4562 vo-

922 4567 1175 4644 l_entibus
1208 4572 1534 4644 hominibus,
1579 4579 1674 4633 sed

924 4636 1038 4716 Deo
1091 4642 1306 4698 uolente
1351 4636 1532 4702 salvos
1575 4659 1681 4706 non
1712 4656 1767 4716 D

923 4709 1036 4762 ﬁeri
1065 4750 1082 4778 ,
1111 4717 1380 4772 contraria
1421 4733 1542 4776 esse
1577 4733 1685 4777 non

921 4783 1149 4856 possint.
1179 4784 1350 4856 Epist.
1384 4789 1482 4846 107
1508 4793 1574 4856 ad
1605 4793 1688 4848 Vi-

923 4850 1109 4926 talem;
1139 4850 1256 4909 item
1283 4875 1400 4926 cap.
1446 4850 1549 4915 105
1578 4863 1689 4921 En-

919 4922 1129 5002 chirid.,
1208 4935 1254 4980 et
1314 4922 1428 5002 cap.
1483 4929 1548 4986 14
1627 4933 1688 4992 de

1803 3383 2124 3439 strinxerit?
2167 3384 2290 3451 Cui,
2333 3386 2478 3440 salva
2510 3385 2959 3454 imperscrutabili
2987 3387 3274 3443 altitudine
3298 3387 3387 3456 jn-

1801 3476 2070 3530 diciorum
2113 3476 2229 3544 Dei,
2281 3477 2691 3546 respondemus,
2725 3477 2846 3531 ideo
2876 3492 2981 3534 nun
3011 3489 3298 3548 utrumque
3327 3480 3390 3534 li-

1801 3568 2048 3622 beratum
2096 3569 2182 3623 vel
2227 3576 2513 3636 utrumque
2561 3568 2896 3632 damnatum,
2943 3571 3062 3635 quia
3108 3571 3389 3639 Dominus,

1787 3659 1892 3726 qui
1915 3660 2111 3712 malum
2140 3674 2240 3714 nec
2271 3660 2410 3712 velle
2445 3665 2624 3727 potest
2650 3659 2939 3728 aliquando
2965 3674 3069 3714 nec
3097 3659 3293 3726 facere,
3322 3661 3390 3717 ab

1800 3767 1906 3804 ttno
1949 3752 2093 3821 justa
2143 3751 2430 3820 severitate
2471 3750 2710 3806 debitum
2751 3753 3008 3823 praecepit
3035 3753 3200 3824 exigi,
3231 3755 3387 3809 alteri

1797 3859 1926 3898 vero
1954 3844 2114 3915 jussit
2139 3846 2367 3916 gratuita
2420 3847 2660 3900 bonitate
2700 3845 2917 3900 dimitti.
2958 3844 3068 3900 Lib.
3103 3846 3208 3901 lde
3240 3845 3387 3901 Veri-

1786 3948 1899 3993 tate
1929 3939 2168 4008 prmdest.
2202 3949 2249 3993 et
2269 3945 2426 4008 grat.,
2457 3935 2682 4009 cap.15.
2703 3937 2850 3994 Idem
2893 3939 3039 3993 docet
3065 3935 3128 3994 S.
3163 3937 3386 4012 Prosper

1783 4037 1970 4085 contra
1993 4028 2254 4103 Ingratos,
2286 4049 2399 4104 cap.
2435 4029 2525 4088 5i.

1786 4119 1790 4124 ’
2519 4124 2659 4182 XVI.

2775 4232 2830 4272 'S.
2865 4235 3218 4282 AUGUSTINUS.

2697 4309 2950 4384 Quisquis
2970 4327 3098 4386 ergo
3115 4332 3219 4371 non
3237 4331 3382 4387 eam,

2623 4398 2788 4454 quam
2823 4399 2923 4454 pro
2949 4397 3134 4442 nostro
3163 4389 3383 4443 modulo

2624 4457 2705 4510 vel
2756 4457 3009 4528 indagare
3050 4457 3161 4528 vel,
3192 4466 3383 4525 putare

2623 4527 2916 4596 potuimus,
2965 4527 3060 4584 sed
3097 4527 3258 4581 aliam
3295 4542 3382 4584 re-

2621 4599 2786 4668 quirit
2831 4599 2886 4653 in
2928 4598 3138 4654 illorum
3171 4597 3381 4654 dierum

2626 4671 3034 4724 enumeratione
3160 4677 3381 4723 senten-

2625 4741 2774 4800 tiam,
2828 4751 2948 4808 «plus:
2994 4752 3100 4792 non
3151 4740 3217 4808 in
3259 4753 3382 4808 pro-

2625 4812 2806 4879 phetia
2825 4807 3069 4877 ﬁgurate,
3089 4808 3186 4862 sed
3206 4807 3381 4867 inhac

2623 4889 2993 4934 creaturarum
3073 4879 3381 4936 conditione

2627 4947 2842 5019 Irruprie
2886 4949 3181 5019 meliusque
3212 4951 3380 5018 possit

2023 4237 2310 4277 CENSORES.

1859 4313 2137 4383 Appellare
2234 4314 2548 4386 cognitiones

1784 4385 1907 4438 illas
1934 4402 2105 4439 rerum
2143 4388 2197 4439 in
2237 4385 2384 4440 uerbo
2413 4393 2461 4439 et
2496 4386 2551 4438 in

1785 4458 1999 4526 praprio
2026 4473 2209 4526 genere
2239 4458 2397 4522 diem,
2425 4458 2551 4510 mul-

1787 4527 1903 4590 tipli
1912 4545 2124 4598 rareque
2206 4545 2264 4582 ea
2346 4529 2549 4582 ratione

1790 4598 1897 4652 dies
1929 4601 2308 4670 comparatione
2331 4600 2550 4653 diverso-

1791 4684 1910 4722 rum
1963 4673 2298 4742 objectorum,
2362 4680 2434 4725 est
2477 4671 2554 4724 uti

1796 4742 2052 4797 vocabulis
2103 4742 2169 4796 ad
2231 4743 2453 4809 libitum,
2506 4753 2552 4796 et

1794 4819 1980 4879 prietes
2010 4814 2236 4868 omnium
2275 4829 2479 4868 sensum
2505 4825 2552 4867 et

1794 4883 2115 4962 opinionem;
2159 4901 2249 4937 nec
2280 4886 2446 4962 ullam
2477 4899 2552 4936 ve-

1791 4955 2223 5007 risimilitudine»:
2360 4955 2508 5006 habet
2531 4995 2546 5019 ,

865 5035 868 5040 .
915 4992 1150 5064 (ἕσπερα.
1185 5007 1232 5055 et
1261 4992 1400 5069 grat'.

436 5107 770 5166 ECCLESIA
809 5109 1308 5174 LUGDUNENSIS.

130 5196 342 5253 Sensus
365 5197 583 5255 illorum
615 5205 906 5260 verborum
931 5211 1197 5278 Apostoli,
1217 5211 1411 5284 quibus
1438 5217 1510 5271 ait
1533 5237 1544 5271 :
1567 5219 1674 5286 Qui

60 5290 178 5342 vult
223 5305 398 5346 omnes
449 5294 680 5350 homines
726 5298 894 5352 salvos
927 5301 1061 5369 ﬁeri,
1105 5305 1264 5360 etiam
1290 5323 1391 5364 nos
1421 5313 1670 5380 superius

59 5390 641 5455 commemoravimus,
675 5402 729 5446 et
761 5393 994 5451 ﬁdeliter
1027 5410 1183 5467 posse
1210 5403 1380 5473 accipi
1409 5405 1663 5477 diximus,

58 5477 105 5528 si
149 5485 334 5534 tamen
360 5489 414 5535 et
444 5482 534 5538 ille
565 5499 755 5540 sensus
779 5487 838 5541 Β.
866 5491 1172 5559 Augustini,
1200 5509 1358 5564 quem
1394 5497 1482 5554 ille
1505 5498 1662 5567 juxta

58 5570 301 5629 alterius
321 5572 519 5632 divina:
545 5575 840 5649 Scriptura;
867 5583 1241 5641 auctoritatem
1272 5589 1556 5661 diligenter
1580 5593 1665 5648 in-

56 5666 261 5733 quirit,
287 5677 342 5723 et
372 5669 558 5725 multis
587 5686 650 5726 ac
674 5673 957 5729 veracibus
984 5676 1158 5732 modis
1190 5683 1431 5751 exponit,
1466 5686 1667 5752 pariter

57 5759 386 5830 recipiatur.
421 5760 530 5817 Nec
558 5774 778 5834 propter
809 5766 966 5823 istum
996 5768 1088 5824 ille
1114 5769 1418 5840 damnetur,
1453 5779 1546 5831 sed
1573 5794 1665 5848 po-

53 5851 169 5906 tius
203 5855 423 5924 utrique
450 5856 632 5913 sensui
661 5867 884 5940 prapter
911 5873 1159 5921 veracetn
1191 5871 1246 5922 et
1275 5866 1418 5938 piam
1441 5867 1660 5930 Patrum

1795 5021 2028 5092 Moysem
2057 5042 2170 5077 cum
2209 5022 2401 5092 populo
2431 5023 2552 5076 rudi

1791 5093 1846 5146 in
1876 5111 1933 5146 ea
1973 5094 2347 5163 signiﬁcatione
2389 5094 2548 5163 fuisse

1783 5162 2035 5228 locutum,
2085 5162 2238 5235 quam
2281 5162 2544 5219 virullus

1779 5236 1942 5305 potuit
1997 5236 2304 5303 excogitare,
2349 5237 2547 5305 excogi-

1779 5313 2038 5376 tatamque
2080 5308 2176 5360 sibi
2213 5309 2538 5376 persuadere.

1782 5376 1952 5438 Quare
1966 5393 2222 5440 exponere
2237 5379 2290 5430 in
2309 5394 2368 5431 eo
2387 5393 2540 5432 sensu

1777 5446 2076 5518 Scripturas
2109 5458 2315 5503 estsane
2362 5457 2536 5503 earum

1777 5521 2133 5573 auctoritatem
2175 5535 2432 5582 enervare,
2491 5531 2536 5574 et

1774 5588 1842 5664 (si
1871 5592 1922 5664 in
1945 5592 2311 5664 impugnanda,
2327 5593 2534 5664 sanctis-

1772 5661 1890 5714 simi
1928 5661 2413 5731 eminentissimique
2441 5663 2534 5715 do-

1773 5734 1928 5786 ctoris
1951 5735 2012 5787 de
2035 5733 2268 5788 Ecclesia
2319 5743 2362 5786 et
2385 5749 2532 5786 sacra

2624 5018 2888 5090 intelligi,
2939 5018 3148 5090 quaerat
3196 5029 3250 5076 et
3295 5021 3378 5078 di-

2622 5089 2822 5145 vinitus
2864 5089 3079 5160 adjutus
3117 5092 3370 5148 inveniat.

2622 5160 2762 5216 Fieri
2779 5165 2926 5233 cnim
2955 5174 3126 5233 potest
3141 5172 3196 5218 ut
3215 5168 3377 5220 etiam

2620 5248 2718 5300 ego
2741 5232 2898 5288 aliam
2927 5235 3006 5290 his
3037 5235 3370 5289 divitincri-

2613 5306 2980 5376 plurmverbis
2993 5305 3373 5376 congruentiu-

2614 5391 2728 5430 rem
2784 5375 3024 5432 fortass-is
3082 5375 3370 5431 inveniam.

2613 5447 2797 5516 Neque
2868 5448 3010 5502 enim
3086 5448 3159 5500 ita
3234 5445 3372 5501 hanc

2613 5520 2897 5582 continuo,
2948 5526 3007 5572 ut
3041 5517 3223 5578 aliam,
3257 5531 3374 5584 qua

2613 5589 2975 5656 praeponenda
3013 5589 3104 5652 sit,
3142 5587 3373 5643 inveniri

2612 5672 2718 5713 non
2800 5672 2956 5724 posse
3023 5661 3367 5715 contendam.

2612 5728 2726 5783 Lib.
2771 5744 2820 5782 tv
2866 5729 2930 5782 de
2974 5728 3104 5784 Gen.
3137 5733 3205 5784 ad
3240 5731 3367 5798 litt.,

1773 5805 2034 5876 theologia
2050 5805 2533 5876 quammeritissimi
2607 5818 2720 5876 cap.
2757 5800 2844 5853 :28.
2881 5800 3023 5876 Cum
3064 5804 3145 5856 his
3190 5813 3367 5857 autem

1771 5872 2149 5949 senteniia,'fas
2176 5886 2248 5932 est
2271 5876 2342 5930 ita
2365 5874 2532 5946 loqui)
2605 5872 2696 5933 qui
2738 5883 2927 5930 cuncta
2972 5873 3062 5930 illa
3090 5889 3208 5955 quae
3240 5889 3367 5928 vera
