3930 6304
132 388 207 441 su
1299 362 1619 440 vmoicw
1662 382 2221 443 AUGUSTINIANAE.

3259 390 3364 444 842

128 506 288 579 quibus
329 507 729 579 praedestinatio
774 506 1158 579 commendata
1195 513 1297 579 est,
1328 505 1596 579 copiosius
1624 512 1677 579 et
1706 508 2060 573 Apraemium
2110 505 2426 562 vocationis.
2464 503 2527 559 In
2579 504 2872 574 fragmento
2916 504 3064 573 epist.
3110 504 3177 557 ad
3231 505 3367 564 Hi..-

127 574 422 633 erittcleatius
472 578 577 632 isto
626 589 810 632 nostro
843 577 1024 632 labore
1068 575 1326 638 defendi,
1380 577 1478 629 nisi
1535 574 1678 641 quod

125 647 575 719 Pelagianidicunt
615 650 839 719 gratiam
893 647 986 702 Dei
1028 647 1315 719 secundum
1361 647 1547 700 merita
1585 661 1680 697 no.

124 729 219 774 stra
243 718 384 772 dari?
410 717 524 772 Lib.
558 716 637 771 de'
653 717 797 771 Dono
828 734 1046 786 persev.,
1070 732 1185 785 cap.
1214 716 1307 771 ‘20.

814 809 980 864 XXII.

328 919 615 959 CENSORES.
1090 915 1136 954 8.
1171 915 1507 957 AUGUSTINUS.

186 977 479 1045 Augustinus
631 975 850 1043 primus,
951 1044 958 1045 ί
996 974 1073 1045 Ac
1096 974 1311 1045 perhoc
1332 971 1681 1045 praedestina-

116 1046 240 1113 quod
257 1040 426 1099 sciam.
450 1046 582 1098 inter
610 1040 852 1112 antiquos
925 1043 1086 1095 tionis
1123 1040 1282 1110 hujus
1336 1040 1518 1104 ﬁdem,
1563 1055 1683 1107 qua:

116 1117 164 1167 in
199 1116 330 1169 ueteri
358 1116 526 1183 spatio
565 1131 747 1168 novam
775 1130 853 1167 se—
923 1121 1113 1165 contra
1179 1126 1345 1183 novus
1381 1113 1684 1183 glucreticos

117 1188 277 1237 mitam
318 1180 526 1247 inuenit,
591 1201 719 1239 nova
756 1184 850 1237 im-
923 1197 1059 1237 nova
1126 1180 1491 1235 sollicitudine
1544 1196 1685 1235 nmc

113 1256 278 1323 pressit
298 1257 527 1326 vestigia.
921 1251 1247 1326 defenditur,
1282 1266 1557 1326 nunquam
1588 1252 1682 1326 Ec-

924 1325 1089 1379 clesia
1114 1321 1313 1376 Christi
1339 1337 1442 1375 non
1477 1323 1682 1373 habuit.

598 1394 712 1448 Lib.
743 1393 804 1447 de
840 1393 984 1447 Dono
1008 1407 1224 1463 persev.,
1250 1392 1304 1444 in
1329 1391 1431 1461 ﬁne
1448 1407 1563 1459 cap.
1592 1390 1686 1449 25.

609 1506 664 1562 S.
704 1505 881 1562 FULG
891 1505 1154 1561 ENTIUS.

174 1620 275 1676 Nos
317 1620 517 1688 itaque,
539 1618 882 1684 charissima,
916 1617 1031 1672 haec
1061 1618 1275 1674 interim
1307 1632 1476 1687 pauca
1510 1617 1579 1671 de
1616 1616 1684 1672 Ii-

107 1712 217 1765 bris
263 1710 431 1765 sancti
476 1708 796 1779 Augustini,
850 1717 905 1763 et
948 1707 1017 1763 de
1065 1709 1508 1777 responsionibus
1557 1708 1688 1763 Pro-

101 1802 243 1873 Speri
280 1802 344 1857 ad
396 1802 501 1857 hoc
554 1800 840 1856 maluimus
896 1800 1026 1856 huic
1066 1802 1251 1859 libello
1298 1802 1574 1869 inserere,
1628 1812 1686 1855 ut

1783 613 2032 650 cmarum.

2504 683 2666 739 XXV.

2019 791 2304 831 CENSORI-IS.
2785 791 2830 829 S.
2857 791 3201 831 AUGUSTINUS.

1861 846 1933 899 De
1963 848 2264 899 auctoritate
2288 862 2401 898 cum
2429 847 2538 913 agi-
2686 845 3022 915 Tantumque
3046 849 3171 900 mihi
3204 849 3371 902 tribu-

1784 928 1883 975 tur,
1920 916 2259 988 Augustinum
2299 917 2539 988 sicame‘
2616 926 2725 969 tum
2781 927 2895 979 est,
2960 928 3017 970 ut
3074 919 3371 987 ubicunque

1784 1002 1919 1047 mus,
1951 986 2113 1039 nt‘eos
2136 1003 2237 1040 non
2267 986 2544 1039 audiamus
2619 1001 2706 1041 me
2746 999 3009 1055 praesente
3049 988 3193 1057 loqui
3237 986 3373 1057 opus

1785 1059 1871 1126 qui
1894 1057 2043 1109 illum
2071 1073 2230 1125 supra
2269 1072 2422 1124 quam
2452 1072 2545 1125 par
2619 1066 2762 1111 esset
2788 1058 2851 1111 ad
2898 1058 3169 1126 populum,
3212 1061 3375 1112 raris-

1787 1137 1862 1181 est
1897 1127 2137 1180 extollere
2174 1128 2398 1181 student.
2616 1129 2752 1181 sime
2801 1136 2979 1181 tacere.
3030 1138 3188 1194 atque
3239 1129 3375 1183 alios

2618 1199 2807 1251 amlire
2874 1201 3234 1266 pcrmitterer.
3308 1198 3373 1252 In

2614 1267 2858 1336 prooemio
2912 1268 2999 1319 lib.
3046 1268 3250 1321 Retract

2158 1357 2483 1413 IIILAIIIUS
2521 1356 3014 1413 ARELATENSIS.

1859 1449 2127 1515 Quidquid
2176 1465 2273 1517 pro
2319 1464 2386 1501 eo
2435 1449 2604 1516 gratia
2642 1463 2801 1515 quam
2842 1449 2892 1501 in
2936 1460 2986 1501 te
3032 1448 3203 1514 pusilli
3254 1464 3375 1502 cum

1789 1545 1996 1612 magnis
2047 1542 2423 1604 defendimus,
2470 1541 2702 1595 volueris
2748 1549 2840 1594 aut
2888 1542 3143 1601 volueris,
3188 1544 3380 1609 gratis-

1788 1634 1924 1688 sime
1954 1633 2283 1701 accipiemus
2315 1642 2566 1698 tanquam
2600 1646 2627 1682 a
2662 1626 2815 1685 nobis
2847 1630 3157 1685 charis~ima
3201 1644 3255 1686 et
3295 1649 3381 1687 re-

1788 1724 2174 1777 verendissima
2201 1721 2519 1775 auctoritate
2558 1721 2860 1775 decretum.
2896 1720 2957 1774 In
2997 1724 3147 1787 epist.
3177 1725 3244 1775 ad
3276 1726 3381 1777 Au—

1791 1822 1927 1883 gust.
1960 1813 2187 1867 Moleste
2220 1812 2399 1866 ferunt
2429 1812 2569 1880 quod
2601 1812 2669 1866 de
2702 1811 2784 1864 IIIS
2813 1827 2933 1881 quae
2979 1813 3260 1868 adversum
3288 1831 3380 1868 ex-

100 1894 281 1948 cuncti
331 1892 580 1948 noverint
624 1891 753 1962 quid
806 1891 1038 1947 debeant
1099 1892 1168 1947 de
1217 1893 1689 1962 praedestinatione

1803 1906 2193 1960 celientissimaa
2234 1905 2570 1959 auctoritatis
2601 1905 2769 1959 virum
2816 1906 2958 1961 inter
2992 1909 3183 1961 multas
3214 1909 3380 1962 colla-

81 1990 407 2039 ‘sanctorum
439 1984 838 2053 impiorumque
882 1984 1117 2049 sentire,
1143 1984 1413 2053 simulque
1442 1992 1500 2038 ut
1525 1998 1689 2051 appa-

100 2087 217 2132 reat
243 2077 478 2145 ejusdem
520 2076 579 2130 Β.
613 2075 895 2146 Augustini
922 2076 1083 2131 dictis
1127 2084 1365 2131 tenorem
1406 2073 1689 2130 sententiae

1795 1998 1969 2053 tiones
1999 2013 2305 2061 asseruere,
2340 1997 2664 2052 resistimus.
2696 1996 2923 2069 Prosper
2968 2000 3019 2052 in
3060 2002 3273 2071 epistola
3313 2003 3381 2054 ad

1793 2089 1971 2159 Rufin.

100 2178 299 2227 nostra:
327 2169 644 2227 convenire.
677 2167 793 2223 Lib.
826 2183 843 2223 ι
872 2168 941 2223 ad
972 2167 1280 2233 lonimum,
1321 2183 1438 2239 cap.
1470 2167 1561 2223 50.

808 2258 998 2316 XXIII.

332 2365 621 2409 CENSORES.

169 2421 369 2492 Nempe
396 2425 726 2477 asserendum
754 2434 852 2485 est,

91 2494 323 2613 Zinamvis
363 2492 423 2547 Β.
456 2494 748 2564 Augustini,
789 2492 854 2548 Β.

152 2562 363 2613 ulaentii
442 2576 488 2613 et
563 2565 854 2613 seauacium

152 2562 363 2633 ulgentii
442 2576 488 2617 et
544 2562 858 2632 sequacium

86 2634 345 2686 sententia
413 2634 477 2686 de
526 2635 859 2686 obduratione

89 2701 391 2755 Pharaonis
444 2703 678 2755 uideatur
701 2704 854 2767 dura,

84 2774 367 2837 minusque
408 2772 683 2839 conformis
723 2773 858 2825 divi-

83 2858 177 2913 σιω
200 2841 543 2913 benignitati,
584 2851 631 2896 et
668 2843 859 2896 idcirco

84 2912 238 2965 nobis
274 2912 375 2965 non
432 2912 652 2980 placeat,
691 2925 860 2966 tamen

85 2996 199 3033 non
254 2996 366 3035 esse
409 2983 667 3049 asperiore
734 2998 855 3035 cm-

84 3067 217 3104 sura
243 3051 640 3121 percellendam.

1094 2367 1140 2406 S.
1172 2366 1513 2407 AUGUSTINUS.

1000 2421 1140 2492 Dicit
1203 2422 1346 2477 enim
1412 2424 1686 2492 Scrip'ura

929 2491 995 2546 ad
1039 2490 1372 2546 Pharaonem
1403 2509 1416 2544 :
1445 2490 1584 2558 Quid
1619 2493 1687 2545 ad

930 2561 1027 2614 hoc
1057 2571 1103 2613 te
1141 2562 1380 2625 excitavi,
1423 2572 1478 2614 ut
1522 2572 1689 2615 osten-

929 2634 1051 2685 dant
1063 2634 1112 2683 in
1129 2640 1176 2684 te
1191 2631 1468 2701 potentiam
1490 2632 1691 2701 meam?

931 2710 1037 2756 etc.
1066 2700 1207 2769 Ergo
1228 2704 1377 2771 cujus
1406 2702 1514 2771 vult
1541 2700 1692 2771 inise-

931 2781 1093 2833 retur,
1122 2768 1170 2823 et
1197 2768 1346 2840 quem
1382 2768 1490 2823 uult
1528 2770 1691 2823 obdu-

931 2852 1037 2895 rat.
1068 2840 1181 2896 Hoc
1207 2840 1333 2894 facit
1366 2841 1504 2908 apud
1531 2856 1690 2909 quem

932 2927 1038 2966 non
1085 2921 1170 2966 est
1217 2910 1691 2979 iniquitas.'Mise-

930 2990 1081 3036 retur
1108 2982 1288 3048 itaque
1317 2983 1553 3050 gratuito
1589 2981 1690 3036 do—

928 3067 1020 3115 no,
1044 3050 1271 3105 obdurat
1294 3060 1473 3104 autem
1505 3050 1689 3117 justis-

928 3120 1065 3176 simo
1114 3122 1330 3175 merito.
1376 3120 1545 3189 Epist.
1591 3120 1693 3174 105

923 3193 991 3244 ad
1022 3190 1248 3247 Sixtum.

2484 2182 2669 2236 XXVI.

2027 2289 2313 2330 CENSORI-IS.

1866 2346 2005 2411 Quid
2042 2348 2178 2400 enim
2207 2345 2551 2400 uehementius

1792 2416 2056 2487 urgebant,
2085 2418 2172 2485 qui
2203 2414 2387 2470 Fausti
2408 2416 2550 2471 libris

1792 2489 1963 2555 infesti
2001 2496 2168 2549 erant,
2219 2502 2372 2555 quam
2415 2488 2551 2556 quod

1793 2556 1980 2609 Petrus
2007 2556 2269 2609 Diaconus
2286 2558 2552 2622 cwterique

1793 2641 1908 2677 cum
1929 2641 1987 2678 eo
2005 2626 2060 2678 in
2090 2627 2304 2695 epistola
2333 2641 2426 2678 sua
2453 2628 2552 2679 cri-

1792 2697 2085 2759 minantur,
2118 2704 2298 2747 contra
2328 2697 2551 2763 pra'des-

1793 2766 2061 2818 tinationis
2099 2763 2221 2819 illos
2249 2766 2553 2817 sententiam

1792 2836 2013 2905 scriptos
2059 2835 2203 2889 esse?
2260 2834 2397 2900 Quid
2458 2838 2553 2888 hoc

1792 2915 1962 2959 autem
2027 2906 2097 2958 ad
2156 2905 2554 2973 Augustinum?

1796 2975 1936 3027 Nam
1987 2984 2165 3028 cantra
2218 2976 2553 3041 praedestina—

1794 3045 1947 3098 tionis
1987 3046 2288 3097 sententiam
2339 3046 2551 3113 scriptos

1793 3132 1823 3166 a
1840 3131 1892 3167 se
1914 3113 2139 3167 Faustus
2162 3131 2259 3166 non
2278 3117 2547 3180 abnuebat,

1793 3186 1883 3237 sed
1917 3194 2094 3237 contra
2126 3185 2270 3237 illam
2300 3187 2553 3237 duntaxat

2787 2291 2831 2330 S.
2876 2291 3214 2333 AUGUSTINUS.

2698 2345 2823 2417 Haec
2862 2357 2945 2401 est
2984 2348 3382 2417 prtcdestinatio

2625 2416 2905 2471 manifesta
2929 2416 2989 2471 et
3007 2427 3149 2472 certa
3172 2428 3382 2474 sancto-

2627 2503 2763 2551 rum,
2813 2502 2971 2556 qusvm
3022 2500 3204 2553 postea
3256 2492 3379 2544 dili-

2624 2561 2837 2624 gentius
2858 2566 2913 2610 et
2934 2560 3234 2626 operosius,
3259 2575 3379 2614 cum

2622 2627 2730 2698 jam
2805 2637 2993 2679 contra
3068 2628 3384 2698 Pelagianos

2627 2696 3020 2762 disputaremus
3046 2739 3060 2761 ,
3092 2696 3384 2753 defendere

2629 2763 2920 2835 necessitas
2960 2769 3242 2835 compulit,
3277 2777 3383 2823 etc.

2630 2832 2747 2888 Lib.
2782 2835 2885 2906 ide
2947 2832 3099 2891 Dono
3164 2855 3383 2906 persev.,

2627 2912 2741 2974 cap.
2774 2905 2865 2961 20.

2706 2990 2938 3029 FAUSTUS
2978 2993 3303 3035 RHEGIENSIS.

2652 3086 2657 3089 τ
2696 3046 2755 3100 Si
2786 3061 2915 3115 ergo
2939 3062 3075 3101 unus
3102 3052 3167 3103 ad
3198 3052 3379 3115 vitam,

2628 3117 2765 3170 alter
2806 3118 2870 3170 ad
2911 3119 3283 3185 perditionem,
3329 3132 3385 3175 ut

2627 3198 2875 3240 asserunt
2894 3190 2909 3256 (
2929 3190 3201 3260 tasquae),
3225 3192 3383 3260 depu-

1718 3246 1764 3308 C
1795 3269 1909 3323 qua:
1936 3255 2011 3307 vel
2038 3258 2202 3323 fatum
2233 3264 2449 3320 asserat,
2475 3254 2553 3310 vel

1794 3324 2003 3377 liberum
2054 3325 2323 3377 arbitrium
2374 3336 2550 3397 neget,

1792 3411 2007 3459 quorum
2051 3410 2325 3460 utrumque
2353 3396 2417 3448 ab
2451 3402 2553 3450 Att-

1791 3465 1983 3533 gustini
1997 3480 2148 3518 sensu
2162 3482 2265 3517 non
2283 3465 2556 3520 abhorrere

1794 3549 1899 3586 non
1930 3535 2135 3601 inﬁcias
2168 3535 2321 3586 ierint
2345 3536 2464 3602 ipsi.

2630 3265 2767 3310 latus
2816 3267 2935 3316 est.
2978 3259 3116 3329 sicut
3167 3259 3382 3329 quidam

2628 3336 2937 3414 sanctorum
2963 3328 3094 3411 dixit
3124 3349 3134 3381 :
3161 3328 3278 3386 Non
3298 3332 3385 3414 ju—

2628 3398 2838 3469 dicandi
2870 3401 3157 3469 nascimur,
3185 3406 3276 3457 sed
3299 3398 3385 3469 iu-

2628 3467 2789 3536 dicati
2819 3466 3085 3536 (August.,
3120 3471 3205 3522 lib.
3257 3489 3272 3525 I
3301 3466 3386 3524 vde

2628 3534 2778 3608 (Erat.
2808 3526 2855 3587 et
2882 3526 2970 3608 lib.
2998 3526 3135 3603 arb.,
3165 3556 3275 3606 cap.
3304 3541 3381 3608 4).

2626 3604 2778 3657 Part.
2804 3620 2841 3667 l,
2869 3606 2993 3657 dist.
3027 3609 3115 3675 δεῖ,
3146 3625 3199 3660 n.
3228 3604 3283 3662 Β.

2095 3693 2153 3747 Β.
2197 3692 2450 3756 LUPUS.
2491 3694 2657 3747 abbas
2696 3694 3079 3751 Ferraricnsis.

1868 3784 2373 3841 Reverendissimus
2414 3799 2550 3855 papa
2594 3786 2839 3841 Gelasius
2880 3801 2998 3841 cum
3047 3790 3383 3860 septuaginta

1795 3881 2063 3951 episcopis
2104 3880 2231 3934 viris
2259 3878 2637 3934 eruditissimis
2684 3888 2923 3934 statuens
2965 3882 3052 3949 qui
3090 3882 3384 3952 scriptorcs

1794 3977 1978 4027 essent
1999 3971 2084 4024 vel
2114 3984 2219 4024 non
2243 3980 2424 4024 essent
2452 3969 2772 4039 recipiendi,
2798 3980 2919 4037 post
2940 3972 3383 4040 approbationem

1796 4062 2077 4133 Augustini
2115 4071 2169 4118 et
2212 4062 2570 4133 amplissimas
2602 4062 2785 4117 laudes
2826 4062 3136 4135 Hieronymi
3177 4080 3384 4121 memo-

1796 4163 1970 4209 ratum
2019 4153 2275 4208 Faustum
2306 4154 2373 4206 ab
2403 4154 2723 4207 auctoritate
2773 4153 2855 4207 his
2894 4156 3072 4211 verbis
3114 4159 3383 4213 removit:

1800 4246 2065 4313 Opuscula
2084 4244 2266 4298 Fausti
2288 4243 2569 4314 Rhegensis
2594 4243 2736 4297 Galli
2755 4249 3072 4316 apocrypha.
3098 4246 3201 4301 N05
3224 4249 3385 4318 igitur

1798 4338 2167 4406 incorruptum
2200 4346 2503 4391 Sanctarum
2540 4338 2934 4406 Scripturarum
2968 4348 3253 4408 sequentes
3298 4342 3382 4393 in-

453 3304 780 3362 ECCLESIA
827 3304 1323 3361 LUGDUNENSIS.

164 3415 362 3472 Beatus
408 3432 621 3488 quoque
677 3418 934 3480 antis'es,
988 3428 1042 3470 et
1092 3417 1358 3488 gloriosus
1407 3415 1691 3472 confessor

87 3507 420 3577 Fulgentius
442 3509 511 3565 de
542 3509 643 3564 hac
678 3508 865 3578 judicii
899 3507 951 3563 in
981 3518 1262 3579 utramque
1296 3516 1499 3578 partem
1549 3523 1690 3577 prae-

82 3597 323 3653 scientia
354 3607 411 3653 et
431 3599 903 3667 prmdestinatione
923 3600 1200 3668 egregium
1227 3599 1425 3653 librum
1453 3597 1689 3666 scripsit,

78 3687 180 3756 qui
212 3686 359 3741 sicut
380 3698 435 3744 et
455 3698 645 3745 caetera
672 3690 789 3760 ejus
814 3690 1128 3746 admiranda
1154 3700 1211 3746 et
1234 3689 1538 3745 veneranda
1565 3689 1689 3745 seri.

76 3788 183 3846 pta
225 3790 449 3847 semper
489 3780 556 3835 ab
588 3780 827 3836 Ecclesia
876 3780 1107 3836 tideliter
1153 3791 1420 3851 receptus,
1450 3791 1507 3835 et
1552 3785 1694 3835 inter

76 3874 393 3941 scriptores
451 3873 847 3929 ecclesiasticos
904 3872 1250 3929 laudabiliter
1305 3880 1694 3927 annumeratus

76 3970 194 4027 est,
224 3972 287 4018 et
318 3978 464 4019 nunc
493 3965 763 4020 nescimus
790 3980 893 4035 qua
927 3966 1159 4030 ratione,
1201 3965 1310 4020 imo
1357 3965 1691 4030 infidelitate,

78 4060 139 4106 et
168 4053 529 4110 contentione
557 4055 721 4109 simul
752 4068 872 4115 cum
903 4054 964 4108 Β.
1008 4055 1311 4126 Augustino
1337 4055 1610 4124 abjicitur,
1640 4065 1696 4110 et

75 4142 153 4196 ab
190 4144 259 4198 iis
292 4143 386 4215 qui
436 4145 689 4201 catholici
716 4145 885 4202 videri
914 4145 1101 4201 volunt
1142 4146 1302 4215 tales,
1334 4161 1398 4201 ac
1429 4147 1562 4200 tanti
1591 4146 1694 4199 viri

79 4233 188 4289 Dei
221 4233 564 4305 iniquissime
603 4234 865 4304 injuriati,
895 4244 951 4290 et
988 4236 1157 4305 spreti
1184 4236 1334 4290 velut
1365 4234 1690 4305 quisquiliar,

74 4338 131 4382 et
187 4338 552 4397 purgamenta
584 4329 835 4382 vilissima
881 4329 1287 4393 conc‘ulcantur,
1320 4337 1374 4383 et
1422 4336 1507 4382 est
1538 4326 1696 4380 nimis

80 4418 379 4495 mirabile,
424 4419 531 4471 imo
569 4418 850 4483 horribile,
893 4418 1163 4484 quomodo
1206 4427 1265 4471 nt
1293 4416 1691 4492 suis_adinven—

1803 4428 2094 4493 tellectum,
2128 4435 2182 4481 et
2214 4428 2522 4495 apostolicae
2555 4429 2698 4483 sedis
2730 4432 3047 4499 gravitatem
3089 4430 3385 4496 suspicien-

73 4507 342 4561 tionibus
369 4515 424 4561 et
461 4507 679 4576 ineptiis
708 4508 959 4562 credatur
996 4508 1240 4576 exigant,
1274 4522 1393 4559 cum
1427 4506 1525 4574 ipsi
1569 4507 1691 4560 bea-

1803 4526 1898 4579 tes,
1931 4518 2059 4586 quid
2104 4516 2247 4570 aliud
2277 4516 2555 4572 dicamus?
2587 4518 2686 4573 nisi
2726 4528 2900 4574 taceat
2930 4520 3176 4583 Faustus,
3220 4529 3272 4574 et
3304 4523 3380 4574 si-

74 4598 346 4652 tissimos
400 4597 585 4652 Patres
620 4608 675 4653 et
725 4596 1118 4653 illustrissimus
1158 4596 1406 4651 doctores
1442 4596 1691 4651 Ecclesia:

1803 4607 2001 4661 militer
2042 4606 2361 4670 sentientes,
2403 4607 2686 4676 lnquantur
2729 4623 2848 4662 cum
2890 4608 2999 4661 suis
3044 4609 3384 4663 consortibus

64 4690 419 4760 δι’ἱοοθτῖηι-
450 4689 560 4743 ιίὺι
598 4690 661 4745 de
697 4689 837 4745 Τνίθ-
869 4688 1065 4758 Epist.
1099 4706 1213 4760 εαρι
1245 4690 1299 4744 8·
1799 4699 2155 4769 Hieronymus
2196 4707 2249 4754 et
2290 4701 2639 4768 Augustinus,
2684 4701 2886 4755 scilicet
2932 4699 3074 4752 illius
3116 4701 3378 4766 proverbii

805 4800 994 4856 XXIV.
1105 4784 1111 4790 ’
1310 4826 1311 4831 η
1380 4830 1381 4833 η
1797 4789 2142 4845 recordantes
2170 4790 2582 4846 :Conticescant
2602 4807 2743 4843 ranm
2766 4788 3104 4843 dumcaalum
3128 4800 3295 4844 tonat.
3316 4790 3382 4845 In

1794 4881 1992 4935 collect.
2026 4883 2089 4935 de
2120 4882 2239 4934 trib.
2273 4881 2657 4949 quastionibus,
2686 4889 2863 4949 quiest.
2900 4880 2952 4932 5.

2484 4979 2693 5033 XXVII.

343 4908 629 4948 CENSOBES.
1101 4908 1149 4947 S.
1180 4909 1516 4949 AUGUSTINUS.

150 4962 296 5015 Non
355 4980 527 5017 omnes
588 4964 860 5034 Augustini
1004 4962 1683 5033 Nimimigiturcontentio-
1770 4971 1778 4979 '

53 5033 399 5086 senfentt'am
430 5036 493 5087 de
527 5033 861 5101 pt‘wdestina-
937 5035 1021 5088 nis
1084 5043 1167 5088 est
1233 5035 1683 5103 przcdestinationi

54 5107 228 5155 tione
314 5105 568 5171 probant,
648 5107 861 5157 horrida
934 5106 1325 5170 contradicere,
1356 5106 1438 5158 vel
1462 5106 1529 5160 de
1555 5120 1690 5169 prte-

53 5173 273 5226 multis
326 5173 525 5228 videtur
572 5184 616 5228 et
653 5192 857 5245 aspera.
936 5175 1294 5245 destinatione
1418 5175 1685 5230 dubitare.

930 5244 1044 5297 Lib.
1092 5247 1154 5297 de
1197 5244 1344 5316 Dono
1383 5250 1603 5316 persev.',
1635 5250 1689 5299 in

925 5317 1028 5383 ﬁne
1052 5331 1166 5379 cap.
1197 5315 1260 5368 Ἡ
1275 5356 1287 5369 .

2031 5083 2315 5125 (ΖΕΝΞΟΒΕΒ.

1870 5141 2189 5208 Iampridem
2215 5140 2471 5209 disputari
2502 5142 2555 5193 in

1800 5223 2063 5280 utramque
2097 5218 2292 5269 partem
2326 5212 2472 5279 cmpit
2504 5213 2555 5264 in

1798 5283 1985 5336 scholis
2029 5281 2240 5349 quastio
2269 5284 2331 5333 de
2363 5282 2558 5348 prtede-

1798 5353 2092 5413 stinatione.
2128 5367 2288 5419 neque
2320 5368 2411 5416 pro
2453 5354 2555 5405 ali-

2786 5083 2831 5123 8.
2877 5085 3222 5129 AUGUSTINUS.
3316 5102 3321 5137 f

2701 5142 2814 5209 Ipsa
2838 5151 2921 5197 est
2940 5143 3097 5212 igitur
3117 5145 3385 5213 praedoni-

2632 5214 2773 5264 natio
2810 5224 3135 5281 sanctorum,
3176 5230 3299 5281 qua:
3329 5218 3380 5268 in

2629 5291 2813 5335 sancto
2828 5285 3383 5338 sanctoru‘trrtnaxime

2628 5355 2842 5417 claruit,
2868 5368 3025 5419 quam
3050 5369 3244 5423 negare
3265 5357 3383 5420 quis

266 5429 327 5484 S.
359 5430 615 5493 AMOLO,
653 5430 1090 5499 archiepiscopus
1130 5429 1521 5501 Lugdunensis.

141 5543 272 5599 Sed
312 5543 428 5613 jam
476 5543 756 5599 audiamus
805 5543 863 5597 Β.
895 5543 1273 5611 Augustinum,
1320 5543 1588 5612 quomodo
1637 5554 1690 5599 et

47 5638 66 5694 ;'
80 5650 201 5705 pse
289 5644 411 5703 post
460 5636 774 5703 Apostolum
844 5636 1143 5704 praecipuus
1206 5636 1690 5704 praedestinationis

47 5738 118 5781 et
159 5727 374 5794 gratia:
405 5726 725 5796 prmdicator
768 5727 1012 5781 hortetur
1040 5728 1225 5783 ﬁdeles
1254 5728 1319 5780 ad
1363 5729 1534 5782 studia
1580 5732 1687 5797 pie-

48 5819 212 5874 tatis
263 5824 323 5873 et
356 5818 667 5872 instantiam
707 5819 991 5883 orationis,
1027 5827 1082 5873 ut
1116 5827 1418 5874 mereantur
1446 5820 1689 5888 accipere
1724 5804 1729 5809 ’

389 5932 665 5990 PATROL.
714 5932 958 5991 XLVII.

1802 5440 1901 5487 quo
1939 5423 2242 5493 prajudicio
2285 5423 2451 5475 ralere
2489 5426 2556 5475 ad

1801 5496 1935 5548 hanc
1955 5494 2345 5546 controversiam
2364 5494 2555 5546 credita

1796 5575 1867 5619 est
1904 5566 2183 5617 auctoritas
2223 5564 2515 5634 Augustini.

2632 5432 2960 5490 potestrecte
2975 5423 3403 5485 ἰιιιθιιιμριιιιιηιιι

2629 5494 2835 5556 eloquia
2870 5491 3139 5546 veritatis?
3176 5492 3284 5548 Lib.
3319 5496 3380 5545 de

2618 5561 2882 5617 'Prwdest.
2920 5571 3111 5631 sanct.,
3144 5579 3258 5633 cap.
3291 5563 3379 5618 15.

2459 5655 2697 5709 XXVIII.

1996 5768 1999 5769 ⁷
2027 5763 2305 5802 οςκςοιιες.

1867 5821 2183 5873 Sententiam
2222 5821 2284 5873 de
2327 5819 2549 5889 gratuita

2786 5763 2831 5802 S.
2874 5760 3211 5802 AUGUSTINUS.

2696 5819 2810 5873 Hoc
2833 5836 2943 5874 seio
2964 5821 3229 5874 neminem
3253 5834 3370 5875 con-

2947 5930 3022 5988 27
