3930 6308
484 371 587 425 845

483 483 722 537 electione
762 478 824 526 ad
863 475 1076 546 gloriam
1122 488 1227 546 aut-

483 553 661 619 plexus
690 543 1020 619 Augustinus,
1045 543 1230 619 sit/fra-

482 614 681 692 yatorrs
729 614 900 668 habuit
947 614 1232 680 complures

481 702 729 756 posteros,
765 702 919 753 neque
949 692 1229 756 (00881!“th

479 751 619 812 illius
665 751 960 814 auctoritas,
990 761 1077 803 aut
1113 751 1228 802 illo-

480 844 592 880 rum
619 841 898 879 consensus
921 840 952 875 a
975 821 1231 874 contraria

478 897 731 964 sequenda
757 893 1042 964 tuendaque
1069 901 1230 964 retar-

480 961 616 1020 da't'it
646 967 861 1034 insignes
891 962 1089 1034 aliquos
1128 961 1231 1026 pie-

480 1048 580 1091 tate
611 1047 655 1090 et
686 1029 918 1088 tio-ctrina
948 1029 1226 1097 theologos,

477 1122 695 1176 quorum
730 1113 924 1176 tantum
960 1100 1114 1152 valuit
1141 1115 1231 1151 cx-

480 1173 723 1240 emplum,
776 1182 828 1225 ut
879 1173 973 1223 Itoc
1012 1183 1235 1234 tempore

479 1245 812 1297 communiter
855 1251 899 1293 et
948 1241 1233 1297 promiscue

478 1312 778 1368 adhibeatur
796 1312 848 1362 in
876 1310 1082 1370 scholis,
1107 1319 1153 1359 et
1176 1318 1229 1358 ut

478 1385 624 1436 initia
638 1382 846 1442 habent,
871 1378 1119 1443 paulatim
1143 1377 1229 1429 ob-

1365 357 1917 416 SUPFLEMENTUM
1956 357 2050 412 AD
2089 352 2320 410 OPERA
2362 352 2418 408 S.
2459 349 2847 408 AUGUSTINI.

1310 481 1386 524 ira
1433 471 1585 524 istam
1634 470 2053 538 prauiestinatio-
2085 472 2132 526 Α
2158 475 2296 528 sunt,
2321 480 2475 532 neque
2494 463 2665 538 Itaberi
2688 462 2885 538 synodu

1309 557 1468 604 nem,
1543 558 1697 610 quam
1763 541 2053 610 secundum

1307 611 1608 678 Scripturas
1637 619 1849 664 sanctas
1873 609 2056 662 defeno

1304 679 1497 742 dimus,
1541 681 1641 732 nisi
1686 679 1914 733 errando
1949 679 2055 730 dis-

1305 760 1491 818 [tutare
1533 751 1788 818 potuisse.
1833 747 1945 800 Lib.
1995 748 2056 818 de

1304 817 1453 872 Dono
1469 817 1682 885 persev.,
1699 835 1815 886 cap.
1833 819 1918 870 1“).
1943 817 2058 868 Nul—

1306 893 1408 942 lum
1451 902 1561 949 εει.
1614 889 1851 956 inquam,
1907 887 2055 939 illus-

1307 959 1436 1012 trius
1461 957 1937 1022 prmdestittationis
1967 972 2058 1008 ex.

1303 1030 1559 1095 emplum,
1587 1046 1765 1095 ﬂuant
1800 1028 1911 1093 ipse
1957 1042 2045 1078 nio

1306 1094 1498 1150 diutor.
1570 1094 1819 1165 Quisquis
1887 1094 2057 1148 (idolis

1306 1168 1417 1219 vuit
1439 1182 1554 1219 eam
1580 1167 1714 1220 bene
1740 1166 2054 1232 intvlligere,

1307 1236 1548 1288 attundat
1579 1238 1773 1303 ipsum,
1817 1243 1974 1298 atque
2005 1235 2056 1286 iu

1304 1308 1396 1359 illo
1427 1307 1666 1359 inveniat
1697 1315 1750 1358 et
1775 1320 1834 1358 se
1862 1305 2053 1372 ipsum.

1305 1376 1524 1439 Ibidem,
1552 1391 1663 1446 cap.
1689 1375 1782 1431 ει.

479 1455 630 1504 ducta
655 1453 778 1515 alia,
810 1465 980 1504 rerum
1009 1449 1230 1518 potitura

477 1525 726 1576 videatur.

826 1612 884 1664 S.
928 1607 1370 1664 PBUDENTIUS
1408 1606 1714 1676 episcopus.

548 1703 680 1756 Cum
706 1701 871 1770 aliqui
894 1700 1193 1766 Gallorum,
1222 1699 1361 1753 sicut
1389 1697 1603 1766 quidam
1627 1695 1695 1750 de
1717 1696 1795 1750 eis
1817 1695 1886 1747 ait
1915 1694 2057 1763 quod
2101 1698 2104 1699 ⁷

485 1808 672 1848 eorum
719 1806 934 1861 semper
981 1792 1089 1845 sint
1130 1790 1404 1858 repentina
1436 1787 1680 1852 consilia,
1724 1801 2056 1855 nequaquam

479 1886 1001 1952 pnedvstinationem
1055 1882 1382 1951 perditorum
1437 1880 1915 1948 reprehenderent,
1963 1877 2054 1930 sed

477 1987 780 2032 sanctorum
815 1975 1342 2046 prmdestinationetn
1371 1987 1510 2026 novo
1536 1969 1772 2024 colludio
1801 1970 2058 2038 derogare

484 2068 792 2135 maluerint,
841 2083 1065 2135 quorum
1102 2069 1302 2120 insana:
1349 2063 1751 2134 praesumptioni
1791 2077 2056 2116 memora-

477 2160 598 2215 bilis
649 2160 788 2213 idem
841 2158 1168 2224 Augustinus
1229 2158 1420 2212 doctor
1469 2156 1698 2210 eximius
1757 2156 2058 2224 petentibus

477 2252 740 2317 Prosprro
784 2261 838 2304 et
892 2249 1113 2311 Ililario,
1167 2245 1465 2300 orthodoxe
1515 2245 1872 2312 respondens,
1924 2245 2059 2298 duos

475 2341 660 2403 libros,
694 2339 921 2392 alterum
961 2339 1027 2392 de
1078 2335 1560 2390 Prmdestinatione
1605 2344 1934 2396 sanctorum,
1975 2335 2056 2386 al-

477 2440 646 2483 terum
679 2430 745 2483 de
796 2429 949 2482 Dono
994 2428 1410 2498 perseverantiae
1459 2426 1771 2495 plenissime
1810 2425 2059 2480 fidelissi-

477 2534 668 2588 mequc
697 2519 947 2586 confecit,
975 2517 1027 2571 in
1059 2517 1251 2586 quibus
1279 2530 1547 2584 perpauca
1576 2515 1642 2571 de
1671 2515 2058 2584 prtedestinatis

474 2611 540 2664 ad
573 2610 868 2674 interitum,
904 2624 1064 2677 quem
1097 2623 1222 2660 vero
1257 2607 1404 2674 plura
1454 2607 1522 2660 de
1573 2605 1961 2674 prmdestinatis
1992 2607 2058 2658 ull

475 2702 699 2772 gloriam
732 2701 1012 2754 verissime
1039 2698 1313 2754 disseruit.
1349 2695 1413 2751 In
1443 2699 1594 2769 epist.
1620 2697 1686 2749 ad
1715 2696 2059 2751 Hincmarum

475 2802 520 2845 et
551 2789 864 2845 Par-dolum.

1176 2857 1368 2914 XXIX.

703 2967 989 3008 CENSOBES.
1461 2967 1510 3004 ε.
1553 2963 1893 3004 AUGUSTINUS.

551 3021 846 3093 Postremo,
900 3039 964 3076 ne
1021 3023 1231 3093 longum
1378 3020 1537 3093 Multa
1568 3020 1820 3093 diximus,
1857 3016 2057 3093 et_for-

475 3093 706 3162 faciam,
763 3092 896 3146 illud
953 3088 1232 3162 suscepisse
1306 3088 2059 3162 tassejanidudumpotuimus

481 3159 835 3215 Tridentinum
865 3162 1138 3214 concilium
1166 3161 1233 3212 oi-
1307 3159 1628 3226 persuadere
1651 3173 1769 3226 qua:
1792 3159 2054 3218 volumus,

476 3233 624 3283 detur
650 3272 664 3293 ,
711 3239 764 3282 ut
811 3247 926 3283 cum
988 3245 1229 3281 novorum
1303 3240 1356 3282 et
1386 3230 1559 3281 adhuc
1591 3237 1696 3280 tam
1730 3229 1880 3280 bonis
1914 3230 2059 3294 iuge-

477 3299 1233 3367 Itwrcticorum,quiAugustiui
1305 3299 1408 3351 niis
1450 3297 1528 3351 sic
1573 3298 1862 3364 loquimur,
1908 3297 2060 3367 quasi

477 3370 713 3422 doctrina
741 3369 809 3420 ad
829 3369 1015 3422 erroris
1034 3366 1113 3422 sui
1142 3385 1231 3435 pa-
1305 3367 1531 3428 obtusis,
1582 3367 1773 3435 quibus
1820 3377 1874 3421 et
1919 3366 2062 3434 quod

478 3439 748 3494 trarinium
771 3439 1126 3504 abutebantur,
1157 3438 1234 3490 in—
1306 3438 1526 3490 nimium
1556 3446 1639 3492 est
1666 3452 1771 3490 non
1797 3445 1879 3490 est
1905 3437 2059 3490 satis.

478 3508 1234 3572 saniicoccurreret'ellet,non~
1303 3506 1417 3561 Lib.
1479 3509 1542 3561 de
1611 3505 1863 3561 Prwdest.
1922 3506 2056 3574 88.,

479 3580 635 3633 nullis
711 3579 994 3632 necessario
1040 3578 1231 3631 addrtis
1302 3595 1418 3644 cap.
1446 3575 1538 3642 2f),
1563 3577 1616 3629 in
1643 3575 1765 3645 ﬁne.

479 3651 620 3703 illam
653 3651 837 3718 fureret
868 3648 1192 3702 catholicam.

547 3752 604 3806 S.
648 3749 1024 3806 BIIEMIGIUS
1051 3763 1174 3804 cum
1212 3763 1308 3802 sua
1351 3747 1588 3801 Ecclesia
1623 3746 1988 3816 Lugdunensi.
2049 3747 2054 3753 ’

553 3842 774 3911 Miriﬁce
804 3845 946 3908 prius
994 3842 1207 3894 laudato
1237 3849 1410 3894 sancto
1440 3840 1728 3910 Augustino
1777 3840 1850 3892 ait
1876 3855 1890 3896 :
1924 3839 2063 3896 San-

483 3944 694 3989 ctorum
723 3942 882 4001 atque
911 3929 1334 3986 orthodoxorum
1371 3929 1584 3983 Patrum
1622 3928 1692 3984 de
1721 3929 1892 3985 libero
1922 3929 2066 3997 arbi-

483 4023 588 4079 trio
617 4019 944 4092 plenissimis
973 4029 1025 4074 et
1060 4017 1376 4073 clarissimis
1406 4018 1808 4074 deﬁnitionibus
1839 4034 1938 4074 nec
1966 4018 2065 4074 ad-

484 4115 718 4170 dendum
749 4111 950 4181 aliquid
995 4111 1168 4166 fuerat
1217 4125 1318 4166 nec
1353 4109 1798 4179 subtrahendum,
1843 4111 1969 4180 quia
2013 4119 2066 4166 et

485 4204 626 4273 quod
659 4203 782 4259 fidei
807 4201 1082 4257 catholica:
1110 4202 1474 4256 necessarium
1500 4211 1582 4256 est
1612 4201 1915 4270 plenissime
1939 4215 2065 4256 con-

488 4300 680 4363 tinent,
705 4304 762 4352 et
789 4294 834 4349 si
853 4292 980 4363 quid
1003 4293 1126 4347 inde
1148 4291 1511 4357 subtrahatur,
1536 4290 1771 4346 veritatis
1788 4291 2065 4361 integritas

485 4389 731 4446 violatur.
762 4387 882 4454 Lib.
911 4388 975 4440 de
1003 4385 1218 4441 tenenda
1247 4385 1391 4438 verit.
1429 4383 1490 4439 S.
1530 4384 1829 4455 Scriptura,
1863 4399 1980 4450 cap.
2009 4381 2062 4452 4,

483 4495 603 4536 tom.
638 4496 688 4536 ix
721 4477 862 4534 Bibl.
889 4476 1004 4532 PP.

2086 3191 2132 3254 C
2164 3198 2323 3261 ciunt,
2367 3195 2482 3264 pari
2528 3211 2650 3248 cum
2684 3194 2763 3248 Itis
2807 3191 2923 3263 qua:

3629 344 3744 402 ειι

2987 455 3206 510 laudari.
3248 453 3431 508 Nullus
3475 454 3621 506 enim
3659 472 3747 508 re-

2988 525 3280 593 prehensor
3371 523 3749 577 formidandus

2985 605 3066 650 est
3091 593 3318 648 amatori
3343 594 3581 648 veritatis
3617 613 3631 647 :
3663 602 3746 647 εις

2159 673 2300 725 enim
2346 681 2435 726 aut
2461 670 2733 725 inimicus
2755 665 3185 734 reprehensurus
3215 674 3320 728 est,
3351 673 3445 716 aut
3482 662 3696 734 amicus
3728 681 3746 716 :

2159 745 2200 796 si
2233 757 2360 810 ergo
2406 742 2652 794 inimicus
2684 733 2924 810 insultat,
2961 734 3214 810 ferendus
3244 744 3325 789 est
3344 733 3609 810 :“am‘icns
3651 747 3752 784 au-

2161 802 2320 875 tom,‘
2337 812 2382 863 si
2429 818 2595 874 errat,
2627 802 2939 874 docendus»;
2971 807 3015 859 si
3061 806 3237 870 docet,
3274 802 3594 870 audiendus,
3634 811 3746 857 etc.

2159 880 2274 934 Lib.
2305 895 2342 934 tt
2366 879 2429 933 de
2464 879 2675 943 Trinit.,
2701 880 2752 931 in
2775 877 3039 947 prommio.

2513 973 2571 1026 S.
2613 965 3048 1026 PRUDEN'I‘IUS
3076 965 3383 1035 episcopus.

2231 1062 2285 1117 Si
2305 1062 2445 1116 enim
2467 1061 2658 1133 (sancti
2675 1059 2954 1130 Augustini
2979 1054 3304 1126 doctrinam)
3322 1057 3601 1111 adversam
3619 1055 3746 1110 ﬁdei

2162 1153 2474 1207 orthodoxa:
2498 1153 2548 1206 in
2575 1166 2842 1221 quoquam
2873 1149 3229 1217 conspiceret,
3263 1161 3597 1216 nequaquam
3621 1161 3746 1200 eam

2160 1244 2414 1297 Romanae
2461 1243 2718 1298 Ecclesia:
2758 1241 2982 1294 antistes
3031 1237 3354 1293 venerabilis
3401 1237 3748 1292 Innocentius

2159 1348 2281 1386 cum
2315 1332 2478 1386 totius
2524 1331 2669 1386 orbis
2701 1328 2968 1398 episcopis
2996 1327 3348 1396 suscepisset,
3395 1340 3575 1396 neque
3609 1340 3749 1395 prai-

2161 1425 2361 1480 dictum
2411 1423 2811 1479 memorabilem
2857 1436 3073 1476 suarum
3119 1419 3473 1488 epistolarum
3504 1433 3752 1472 commu-

2163 1519 2303 1571 niter
2332 1517 2685 1586 privatimque
2714 1513 2904 1567 officiis
2936 1511 3228 1576 affecisset,
3258 1525 3434 1579 neque
3463 1523 3751 1564 successor

2162 1610 2280 1675 ejus
2308 1610 2554 1664 lusimus
2583 1607 2773 1662 eodem
2813 1605 3026 1660 tramite
3057 1602 3405 1668 cucurrisset,
3442 1617 3620 1671 neque
3646 1601 3754 1655 Bo-

2165 1702 2389 1757 nifacius
2433 1699 2675 1770 ejusdem
2719 1697 3033 1767 apostolica:
3079 1697 3222 1751 sedis
3251 1697 3445 1765 praesul
3493 1696 3752 1763 epistolas

2163 1792 2574 1863 Pelagianorum
2619 1790 2722 1846 sibi
2748 1791 2952 1845 delatas
2979 1789 3029 1843 ei
3071 1788 3138 1842 ad
3180 1787 3613 1857 respondendum
3643 1787 3749 1841 mi-

2163 1889 2342 1951 sisset,
2371 1895 2464 1938 aut
2505 1887 2911 1952 responsionem
2940 1882 3059 1949 ejus
3099 1889 3330 1948 quatuor
3370 1877 3518 1933 libris
3543 1878 3748 1934 editam

2164 1980 2512 2048 probabiliter
2555 1987 2715 2046 atque
2764 1972 3155 2030 honorabiliter
3196 1972 3530 2040 suscepisset.
3563 1970 3751 2026 Caele-

2160 2072 2336 2125 stintts
2386 2085 2598 2139 quoque
2626 2111 2639 2134 ,
2689 2074 3000 2122 memoratae
3053 2065 3200 2120 urbis
3249 2063 3564 2132 episcopus,
3610 2062 3748 2129 quid

2160 2171 2345 2215 contra
2377 2160 2657 2216 Gallorum
2686 2157 2948 2212 insaniam
2975 2169 3136 2224 super
3167 2154 3484 2224 eoejusque
3503 2154 3750 2209 doctrina

2161 2255 2422 2319 senserit,
2467 2268 2534 2307 ex
2579 2250 2895 2305 auctoritate
2922 2246 3214 2318 apostolica
3247 2246 3587 2313 decretorum
3627 2261 3748 2299 suo-

2163 2360 2277 2397 rum
2309 2344 2438 2398 scita
2469 2343 2766 2403 declarant,
2803 2353 2924 2406 quae
2955 2339 3023 2391 ita
3053 2351 3112 2392 se
3153 2338 3368 2401 habent,
3402 2347 3535 2402 etc.,
3563 2338 3644 2390 ubi
3668 2354 3751 2390 re-

2161 2445 2280 2486 cuat
2311 2433 2532 2502 elogium
2561 2438 2738 2484 sancto
2762 2427 3050 2498 Augustino
3072 2427 3317 2480 delatum.
3352 2425 3420 2481 In
3442 2426 3656 2496 epistola
3683 2427 3751 2480 ad

2165 2524 2212 2577 11
2222 2526 2504 2577 incntarum
2534 2533 2581 2576 et
2614 2521 2924 2574 Pardulum.

2848 2608 3069 2665 XXXII.

3075 2696 3078 2699 ’
3156 2715 3200 2755 s.
3243 2713 3586 2755 tucusrtsus.

2160 537 2265 586 ulla
2286 531 2592 587 secumenica
2622 531 2801 584 voluit.

2399 2719 2681 2760 CENSORES.

2237 2775 2486 2840 Quaenam
2514 2775 2729 2829 concilia
2749 2788 2920 2844 quteve

2162 2847 2462 2914 pontiﬁcum
2566 2845 2920 2899 Romanorum

2163 2917 2327 2969 edicta
2369 2915 2644 2987 Augustini
2687 2917 2748 2968 de
2785 2928 2918 2987 prte-

2163 2984 2505 3040 destination'e
2559 3000 2620 3037 ac
2673 2984 2922 3052 reproba-

2163 3059 2301 3110 tione
2327 3056 2644 3116 sentcntiam,
2669 3063 2920 3123 quatenus

2164 3140 2403 3180 atternam
2465 3125 2701 3195 salutent
2729 3194 2733 3195 ν
2759 3125 2922 3195 respi-

3065 2773 3141 2826 Ac
3161 2787 3251 2841 per
3273 2773 3376 2825 hoc
3401 2769 3750 2838 praadestina-

2996 2843 3155 2896 tionis
3194 2841 3352 2909 hujus
3397 2841 3582 2902 Iidem,
3631 2854 3752 2908 quas

2995 2923 3180 2965 contra
3242 2926 3414 2964 novos
3471 2911 3753 2964 Ita-rcticns

2998 2998 3130 3036 nova
3187 2980 3554 3035 sollicitudine
3611 2994 3752 3032 nunc

2996 3051 3318 3116 defenditur,
3348 3065 3619 3118 nunquam
3654 3048 3754 3102 Ec-

2997 3122 3157 3176 clesia
3183 3119 3380 3176 Christi
3412 3135 3520 3174 non
3546 3118 3749 3172 habuit.

2997 3191 3112 3244 Lib.
3176 3193 3239 3245 de
3304 3189 3451 3245 Dono
3533 3205 3751 3259 person”

2167 3272 2228 3318 de
2276 3262 2443 3332 gratia
2498 3265 2702 3326 docuit,
2755 3262 2921 3333 gradu
2996 3280 3108 3330 cap.
3142 3262 3260 3316 25.,

2166 3335 2480 3388 auctoritatis
2535 3334 2816 3398 asciscant,
2867 3345 2921 3386 ut

2165 3407 2218 3458 in
2256 3406 2377 3472 ﬁdei
2417 3405 2659 3473 dogmata
2698 3403 3036 3458 transierint?

2736 3495 2794 3549 S.
2841 3491 3175 3551 PROSPER.

2239 3589 2550 3658 Agnoscant
2598 3587 3018 3644 calumniatores
3046 3586 3318 3657 superﬂuo
3353 3598 3474 3640 sese
3497 3586 3752 3655 objicere,

2168 3679 2309 3748 quod
2343 3679 2424 3733 his
2447 3678 2600 3734 libris
2623 3677 2843 3749 (nempe
2863 3680 3150 3747 postremis
3175 3677 3350 3733 sancti
3389 3677 3752 3747 Augustiniad

2169 3769 2490 3838 Prosperum
2515 3777 2571 3824 et
2599 3769 2882 3834 Hilarium,
2912 3771 3000 3826 ubi
3029 3773 3142 3826 fuse
3166 3770 3274 3840 agit
3306 3768 3376 3824 de
3408 3770 3756 3838 praedestina-

2169 3859 2337 3930 tione)
2379 3875 2485 3916 non
2509 3861 2748 3930 speciale
2781 3877 2958 3932 neque
2977 3863 3269 3916 discretum
3303 3859 3668 3914 testimonium
3691 3859 3758 3912 sit

2170 3953 2520 4024 perhibitum,
2545 3968 2774 4024 quorum
2822 3955 2877 4008 in
2929 3955 3141 4011 cunctis
3183 3951 3545 4007 voluminibus
3571 3965 3758 4006 norma

2168 4043 2436 4099 laudatur.
2461 4043 2774 4112 Apostolica
2798 4044 2944 4099 enim
2977 4043 3156 4110 sedes,
3187 4042 3332 4111 quod
3361 4057 3390 4097 a
3415 4042 3758 4114 praecognitis

2169 4136 2269 4190 sibi
2295 4150 2402 4190 non
2425 4135 2724 4206 discrepat,
2750 4151 2876 4191 cum
2923 4135 3269 4206 praecognitis
3298 4139 3511 4204 probat,
3542 4145 3602 4191 et
3621 4135 3757 4206 quod

2164 4229 2370 4299 judicio
2396 4227 2592 4298 jungit,
2628 4227 2792 4292 laude,
2813 4241 2921 4284 non
2951 4237 3184 4296 separat.
3217 4227 3408 4282 Contra
3450 4227 3758 4282 Cottatomn

2168 4337 2282 4390 cap.
2313 4319 2404 4372 42.

2847 4407 3084 4463 XXXIII.

2406 4515 2690 4556 εεβεθῐιις.

3168 4515 3216 4553 8.
3249 4514 3591 4556 AUGUSTINUS.

1200 4565 1365 4621 xxx.
2098 4554 2151 4612 D
2199 4635 2202 4637 Α
2251 4554 2446 4638 Quibus
2469 4554 2828 4624 uerbisadditis
2846 4571 2916 4622 ri—
3084 4569 3201 4624 Non
3223 4571 3302 4625 sic
3322 4554 3404 4624 est
3427 4554 3756 4636 adiutorium

719 4679 1001 4719 ςεχεοιιεε.

559 4738 678 4792 Non
715 4737 848 4788 enim
878 4749 1042 4804 pauca
1081 4747 1240 4796 neque

483 4807 850 4860 contemnenda
879 4813 995 4857 sunt
1037 4804 1237 4871 Augus-

485 4880 576 4930 tini
599 4881 860 4944 dogmata,
891 4889 1004 4940 qua:
1030 4873 1103 4944 vel
1136 4871 1238 4924 Ec-

483 4948 650 4999 clesia:
667 4943 917 4999 universa:
939 4944 1014 4997 rel
1041 4943 1238 4996 theolo—

484 5031 665 5082 gorum
720 5027 809 5066 aut
858 5017 1086 5066 omnium
1155 5023 1240 5063 aut

486 5086 782 5147 multarunt,
814 5099 903 5136 nec
933 5083 1094 5151 inﬁmi
1124 5083 1240 5134 sub-

483 5173 508 5210 s
527 5155 616 5208 'tlii
648 5155 1006 5222 reprobamur.

769 5219 962 5276 XXXI.

719 5307 997 5347 CENSORI-IS.

555 5365 829 5434 Augustini
903 5372 950 5415 et
1015 5360 1237 5415 aliorum

432 5467 439 5474 ο
483 5435 723 5502 Patrum,
755 5450 883 5504 quos
915 5449 1027 5486 cum
1057 5449 1119 5504 eo
1150 5449 1242 5483 no-

483 5507 709 5570 minavit,
769 5501 777 5504 “
841 5501 1239 5571 approbavitque

484 5587 659 5629 sancta
687 5575 939 5644 synodus,
975 5587 1075 5624 non
1107 5588 1238 5644 pau-

485 5661 566 5710 ca,
594 5642 751 5710 neque
776 5645 904 5698 levia
936 5650 1105 5696 errata
1135 5642 1238 5693 cir-

486 5716 837 5781 cumferuntur
863 5755 878 5779 ,
945 5727 1088 5782 quae?
1117 5727 1237 5782 pro-

487 5782 661 5849 fecto,
743 5797 900 5851 neque
958 5781 1236 5834 catholica

1471 4674 1516 4714 S.
1559 4674 1903 4716 AUGUSTINUS.

1385 4727 1493 4783 Nec
1548 4731 1784 4797 trepidus
1842 4745 1936 4782 ero
2001 4731 2066 4784 ad

1315 4797 1691 4867 proferendam
1747 4799 2065 4853 sortientium

1316 4883 1531 4932 meam,
1590 4867 1643 4920 in
1721 4883 1826 4934 qua
1901 4871 2068 4935 magis

1315 4939 1504 4992 amabo
1558 4939 1747 5006 inspici
1795 4954 1823 4992 a
1884 4940 2064 5007 tectis,

1313 5024 1470 5076 quam
1519 5009 1718 5062 timebo
1766 5010 1994 5063 morderi
2037 5027 2065 5064 a

1317 5079 1599 5146 perversis.
1621 5079 1904 5132 Gratanter
1921 5081 2062 5133 enim

1315 5150 1539 5217 suscipit
1598 5151 1812 5202 oculum
1865 5149 2066 5203 colum—

1319 5221 1498 5272 binum
1579 5218 1937 5284 pulcherrima
2013 5228 2068 5274 et

1317 5288 1712 5343 modestissima
1808 5288 2062 5354 charitas,

1314 5359 1528 5413 dentem
1589 5369 1767 5413 autem
1816 5359 2062 5413 caninum

1316 5431 1395 5484 vel
1426 5430 1590 5481 evitat
1618 5428 1924 5482 cautissima
1964 5433 2063 5482 hu-

1313 5499 1530 5563 militas,
1558 5499 1641 5552 vel
1671 5500 1909 5552 retundit
1936 5499 2063 5552 soli-

1311 5568 1529 5622 dissima
1551 5567 1766 5624 veritas.
1792 5569 2064 5638 Magisque

1310 5639 1507 5708 optabo
1546 5653 1574 5690 a
1608 5639 1846 5705 quolibet
1872 5653 2061 5707 repre-

1311 5709 1492 5777 hendi,
1535 5724 1692 5778 quam
1723 5710 1837 5764 sive
1882 5709 1950 5766 ab
1977 5725 2063 5762 er-

1291 5790 1462 5856 rante
1519 5781 1632 5836 sive
1698 5780 1764 5837 ab
1812 5779 2061 5836 adulantc

2125 4965 2130 4971 .
2173 4921 2376 4973 dentini
2424 4919 2632 4982 Patres,
2664 4919 2920 4972 decretum

3011 4640 3128 4704 Dui,
3161 4654 3266 4693 non
3305 4640 3379 4693 sic
3429 4650 3509 4694 est
3539 4641 3760 4706 adjuto—

2175 4643 2351 4710 gidum
2389 4640 2540 4704 illud,
2572 4639 2810 4710 aciiiimis
2835 4656 2916 4693 sc-

3012 4713 3148 4763 riutn
3179 4709 3392 4771 Christi,
3425 4722 3528 4761 non
3560 4709 3643 4762 sic
3665 4722 3756 4763 est

2172 4709 2347 4762 rerum
2375 4709 2647 4779 Augustini
2689 4725 2917 4779 sensum,

2175 4791 2228 4832 ut
2252 4778 2739 4840 quidem’nonnullis
2761 4780 2923 4832 visunt

3011 4780 3336 4849 adjutorium
3374 4776 3606 4849 Spiritus
3625 4793 3762 4832 sau-

2174 4867 2281 4903 esse
2298 4859 2564 4912 nouerant,
2580 4850 2784 4902 scilicet
2800 4847 2918 4902 Tri-

3011 4846 3101 4904 cu'.
3152 4847 3285 4907 Item
3329 4865 3343 4902 :
3399 4847 3456 4903 Si
3501 4846 3757 4914 defuerit,

3013 4917 3141 4972 nihil
3180 4919 3304 4972 boni
3331 4933 3486 4988 agere
3533 4920 3759 4984 puteris,

2179 4993 2380 5043 nullum
2411 5004 2530 5044 esse
2555 4989 2916 5058 OpusAbonuut
3012 4988 3127 5058 agis
3156 4989 3371 5056 quidem
3409 4989 3500 5042 illo
3529 5003 3638 5042 non
3661 4991 3754 5043 ad-

2179 5063 2278 5113 nisi
2337 5075 2405 5114 ex
2465 5054 2635 5128 gratia
2690 5054 2917 5128 Christi,
3010 5054 3754 5128 jtivanteliberavoluntale,

2176 5133 2412 5198 prta/cuti
2433 5127 2923 5181 cautionemodcrati
3013 5129 3106 5182 sed
3137 5129 3296 5181 male.
3325 5127 3405 5180 At]
3431 5127 3534 5182 hoc
3565 5129 3759 5182 idonea

2175 5211 2316 5254 sunt.
3013 5210 3094 5250 ρει
3112 5200 3358 5251 voluntas
3407 5208 3496 5251 tua
3521 5213 3642 5266 qute
3675 5215 3766 5250 vo-

3012 5281 3161 5322 catur
3223 5269 3436 5331 libera,
3509 5279 3566 5321 et
3623 5271 3763 5321 ntali:

2176 5340 2382 5463 a‘gtindo
2405 5338 2461 5392 ﬁt
2484 5338 2801 5394 damnabilis
2823 5339 3036 5393 ancilla.
3065 5338 3235 5392 Serm.
3266 5339 3330 5392 15
3355 5339 3416 5390 de
3459 5337 3605 5392 Vero.
3624 5339 3767 5409 Apo-

2176 5429 2197 5462 s
2224 5428 2250 5462 o
2276 5426 2310 5462 ι.

2175 5420 2310 5462 stult.

2277 5516 2466 5554 BANCTI
2507 5516 2707 5555 PA'I'BES
2748 5517 2992 5556 AFRICANI
3031 5516 3080 5555 IN
3119 5515 3363 5556 εχιωιαιλ
3402 5515 3659 5556 Βιευιεε.
3799 5560 3806 5568 Ι

2242 5592 2382 5645 Ante
2407 5587 2708 5660 largitatem
2733 5593 2930 5662 quippe
2959 5591 3147 5662 gratia:
3191 5599 3276 5646 est
3305 5591 3358 5660 in
3407 5590 3628 5645 homine
3652 5572 3814 5679 qui-;

2171 5684 2294 5739 dem
2325 5683 2559 5739 liberum
2605 5684 2911 5750 arbitrium,
2968 5684 3062 5739 sed
3105 5700 3210 5739 non
3263 5683 3462 5738 bonum
3505 5684 3632 5753 quia
3665 5699 3773 5738 non

2172 5776 2559 5832 illuminatum.
2586 5775 2820 5832 Proinde
2848 5778 2946 5831 nisi
2970 5775 3140 5846 gratia
3166 5775 3341 5842 detur,
3368 5773 3569 5830 bonum
3591 5775 3771 5845 ipsum
