3930 6310
149 422 230 478 845

148 533 382 588 arbitrium
428 547 530 588 non
561 532 807 587 habetur.
839 531 924 588 Sic
958 546 1187 602 namque
1219 543 1300 587 est
1331 535 1556 589 liberum
1589 537 1687 588 ho-
1720 543 1766 597 Α

151 625 282 679 minis
306 624 578 679 arbitrium
611 625 815 692 absque
844 623 987 677 dono
1018 623 1223 692 gratim,
1253 625 1493 678 sicutest
1509 624 1694 677 oculus

149 715 247 771 sine
271 716 395 779 luce,
422 730 545 770 nam
575 725 628 769 et
645 717 836 770 oculus
864 714 930 768 ad
966 715 1251 769 videndum
1283 715 1454 770 Iactus
1475 724 1580 781 est,
1599 716 1694 771 sed

148 806 232 860 nisi
252 807 412 860 lumen
437 808 709 874 acceperit
757 821 862 860 non
895 806 1116 862 videbit.
1152 806 1218 859 In
1248 808 1397 875 epist.
1426 807 1693 877 synodica,

147 894 311 972 capt5,
356 907 491 952 tomo
527 897 592 951 VI
623 895 762 950 Bibl.
806 894 951 960 PR,
983 904 1118 966 part.
1163 912 1202 952 I.
1252 899 1418 952 Nemo
1443 898 1605 953 habet
1627 899 1694 954 de

147 997 229 1038 suo
251 985 336 1040 nisi
368 985 706 1040 mendacium
755 993 810 1040 et
859 994 1134 1054 peccatum
1163 986 1438 1056 (Synodus
1481 988 1700 1042 Arausi—

147 1090 274 1142 cana,
301 1091 500 1132 canone
521 1076 639 1147 '22).
667 1078 796 1142 Qua:
816 1087 891 1132 est
913 1078 1160 1132 sententia
1184 1080 1440 1149 exscripta
1469 1088 1697 1134 extract.

151 1169 180 1223 5
206 1170 256 1226 S.
282 1169 449 1226 Patris
476 1173 528 1225 in
555 1170 829 1226 Joannem.

787 1259 1025 1318 XXXIV.

1109 1370 1154 1408 S.
1187 1371 1530 1411 AUGUSTINUS.

1018 1424 1087 1478 At
1125 1439 1226 1494 ego
1260 1425 1557 1493 ubicunque
1602 1426 1700 1490 sis,

140 1493 258 1548 stini
282 1496 571 1565 adoratores
604 1497 786 1562 ubique
808 1494 880 1546 di-
949 1493 1254 1563 ubicunque
1278 1497 1454 1565 legere
1488 1498 1582 1550 ista
1608 1511 1703 1562 po-

139 1571 250 1614 cunt
297 1562 438 1616 illum
485 1582 592 1618 esse
639 1565 880 1633 ﬁdelissi—
954 1569 1102 1627 teris,
1128 1576 1179 1619 te
1203 1562 1350 1618 ante'
1373 1569 1502 1620 istos
1531 1567 1582 1619 in
1611 1575 1703 1619 tuo

140 1649 266 1684 suum
307 1636 619 1702 antiquitatis
673 1646 877 1700 testem,
952 1635 1114 1689 corde
1143 1637 1417 1699 constitui,
1443 1651 1577 1702 quos
1596 1650 1701 1690 non

140 1713 189 1753 ut
219 1704 428 1770 loqnitur
455 1705 720 1769 Calvinus,
765 1708 873 1769 pri-
945 1711 1143 1758 amicos
1173 1721 1320 1760 meos
1363 1715 1418 1760 et
1457 1708 1707 1760 inimicos

142 1773 538 1846 ntunrltIa'Iesite
582 1783 869 1836 oraculum,
949 1788 1066 1828 tuos
1094 1775 1268 1840 aliqua
1302 1777 1352 1829 in
1387 1793 1558 1831 meam
1585 1792 1706 1846 par-

140 1845 396 1910 principem
435 1844 649 1896 Patrum
690 1855 735 1896 ct
777 1859 877 1896 om-
950 1856 1052 1898 tum
1083 1846 1252 1914 gratia
1291 1844 1703 1914 prOpendetitcs,

136 1915 266 1964 nium
303 1914 562 1967 doctorum
605 1915 878 1968 svbiilissi—
950 1916 1130 1983 aliquo
1158 1917 1254 1969 abs
1287 1929 1336 1969 te
1381 1918 1574 1970 merito
1603 1927 1705 1969 tua:

133 1999 279 2035 munt.
954 1985 1265 2039 oti"ensi0nis
1295 2001 1534 2052 aversos,
1559 1998 1614 2040 et
1642 1986 1710 2040 ob

960 2059 1059 2108 huc
1102 2056 1192 2110 tibi
1239 2055 1494 2110 adversos
1533 2061 1582 2109 in
1613 2056 1710 2110 hac

144 2131 316 2176 nostra
340 2123 703 2196 disputatio-ne
732 2127 990 2181 constitui
1020 2127 1346 2196 cognitores,
1377 2137 1481 2181 etc.
1531 2125 1646 2190 Lib.
1671 2141 1709 2181 II

132 2203 302 2246 contra
329 2194 556 2261 Julian.,
589 2211 708 2266 cap.
744 2199 832 2250 I0.

364 2281 422 2338 8.
456 2283 904 2343 IllEItUNYMUS
933 2296 1092 2358 atque
1142 2288 1229 2344 alii
1260 2287 1464 2342 Patres.

200 2372 561 2444 Hieronymus,
595 2377 811 2444 epistola
835 2376 904 2433 ‘15
927 2379 1060 2432 inter
1083 2379 1486 2449 Augustinianas
1508 2378 1580 2430 ita
1607 2377 1711 2430 Au-

127 2468 385 2537 gustinum
415 2469 689 2538 alloquitur
728 2486 746 2523 :
771 2471 940 2527 Macte
972 2473 1198 2527 virtute!
1231 2474 1282 2527 in
1317 2474 1449 2528 orbe
1473 2475 1712 2529 celebra-

123 2562 232 2624 ris,
281 2561 530 2615 catholici
571 2573 620 2615 te
663 2563 1000 2617 conditorem
1048 2566 1281 2633 antiqua:
1330 2580 1542 2620 rursum
1589 2565 1712 2618 Iidci

122 2660 454 2705 venerantur
475 2660 636 2719 atque
665 2651 980 2718 suspiciunt.
1004 2652 1191 2704 Audax
1209 2654 1475 2725 episcopus
1499 2654 1714 2719 epistola

124 2741 234 2796 159
267 2741 480 2808 inquit:
518 2740 855 2795 Thesaurum
909 2741 1184 2810 sapientiae
1243 2741 1562 2807 desideravi,
1622 2742 1715 2796 sed

125 2832 308 2885 minus
337 2835 517 2900 accepi
548 2847 708 2900 quam
742 2831 906 2899 volui,
935 2830 1057 2886 licet
1078 2833 1256 2886 minus
1283 2848 1387 2887 non
1408 2833 1566 2887 debet
1589 2832 1711 2895 dici,

119 2922 222 2978 sed
248 2936 445 2977 munus
472 2923 616 2992 quod
648 2924 920 2978 oraculum
955 2924 1089 2994 legis
1145 2925 1432 2979 contulerit
1464 2925 1718 2993 Angusti-

119 3031 247 3081 nus,
281 3024 526 3067 sacratur
547 3012 791 3082 justitizr,
843 3017 1168 3069 instaurator
1213 3017 1467 3084 spiritalis
1496 3019 1704 3086 gloriae,

125 3105 470 3172 dispensator
524 3105 710 3158 salutis
759 3113 999 3160 arternaa.
1055 3104 1362 3170 SixtuslV,
1395 3108 1445 3160 in
1479 3106 1717 3160 Bullario

125 3195 450 3265 Augustini:
475 3193 803 3262 Augustinus
825 3195 966 3248 inter
989 3195 1320 3250 intemerata:
1348 3197 1598 3251 Ecclesia:
1621 3197 1716 3251 do-

347 1368 631 1409 CENSORES.

208 1417 414 1475 Ridicult
474 1426 642 1478 sancti
693 1422 874 1490 Augu-

114 3295 309 3336 cturcs
342 3282 664 3350 praecipuus,
697 3293 752 3336 et
774 3283 1156 3339 subtilissimus
1206 3285 1478 3354 Evangelii
1530 3300 1591 3338 ac
1632 3300 1714 3339 sa-
1746 3281 1790 3342 C

113 3391 340 3429 crurum
366 3375 671 3430 litterarum
705 3386 1087 3444 perscrutator.

825 3467 1040 3521 XXXV.

366 3577 647 3619 CENSOBES.
1126 3577 1171 3616 S.
1205 3578 1546 3618 Al'Gl'S'I'INUS.

192 3633 262 3681 At
289 3635 422 3700 aequi
442 3637 775 3688 admiratores
797 3635 888 3688 do-
1033 3633 1334 3695 Vos,autem
1351 3642 1406 3686 et
1423 3645 1527 3687 tam
1551 3635 1717 3697 cauti,

107 3709 240 3752 cent
284 3713 513 3756 sumtum
554 3706 890 3775 Augustinum
963 3713 1017 3758 et
1045 3715 1150 3757 tam
1180 3705 1507 3775 turbulenti,
1535 3715 1588 3758 et
1613 3717 1717 3758 tam

105 3785 397 3843 nunquam
442 3777 567 3828 adeo
620 3773 800 3843 uagam
847 3784 892 3826 et
966 3775 1090 3827 novi
1137 3775 1334 3827 nemini
1387 3773 1603 3827 dubium
1639 3784 1720 3827 est

105 3842 636 3899 indeterminatamin
658 3842 891 3899 Ecclesia
966 3848 1089 3912 quin
1123 3845 1252 3898 nihil
1290 3845 1504 3912 dignum
1536 3856 1720 3897 aucto-

107 3914 488 3966 auctoritatem
518 3917 810 3982 obtinuisse,
840 3925 891 3968 ut
968 3915 1128 3970 ritate
1160 3913 1476 3982 prtel'eratis.
1509 3914 1624 3967 Lib.
1660 3916 1722 3966 de

109 3981 504 4060 catholicisese
530 3986 762 4060 omnibus
784 3981 892 4060 ejus
970 3981 1201 4039 Utilitate
1222 3985 1480 4050 credendi,
1496 4001 1610 4053 cap.
1630 3983 1715 4038 I4.

107 4053 463 4112 Opinionibus
496 4113 498 4117 _
527 4059 674 4111 cwcis
731 4053 892 4109 oculis

106 4120 428 4198 submittere
449 4137 736 4193 teneantur,
760 4138 807 4179 et
832 4127 936 4180 illa:
965 4127 1150 4196 af‘sque
1181 4126 1460 4181 temeritate
1483 4137 1528 4179 et
1554 4141 1721 4179 errore

107 4201 428 4262 impugnari
454 4214 554 4249 non
587 4201 796 4265 possint.
1662 4205 1666 4208 ⁴

640 4311 698 4366 8.
753 4309 1219 4365 ΙΙΙΕΙῐΟΝΥΜυὸ.

190 4405 338 4462 Mihi
368 4417 547 4459 autem
575 4405 853 4460 decretum
889 4417 970 4458 est
999 4415 1050 4459 te
1077 4419 1280 4471 aniare,
1325 4415 1376 4459 te
1425 4407 1722 4474 suspicere,

103 4499 340 4560 colere,
370 4497 575 4560 mirari,
610 4507 808 4566 tuaque
863 4497 1002 4550 dicta
1045 4497 1195 4565 quasi
1241 4512 1358 4550 mea
1411 4497 1721 4554 defendere.

101 4594 294 4648 Certe
327 4602 382 4648 et
413 4595 463 4646 in
512 4591 736 4660 Dialogo
783 4607 940 4660 quem
975 4605 1144 4658 nuper
1171 4589 1334 4650 edidi.
1371 4599 1473 4643 tua:
1508 4592 1724 4644 lnatitu-

102 4683 302 4748 dinis,
335 4693 394 4737 ut
423 4683 642 4752 dignum
673 4682 866 4747 fuerat,
920 4680 1232 4734 recordatus
1274 4695 1412 4733 sum.
1455 4677 1622 4748 Epist.
1655 4681 1724 4734 50

97 4776 180 4828 ad
209 4774 290 4829 S.
327 4773 674 4845 Augustinum
721 4774 850 4825 inter
897 4771 1322 4840 Augustinianas.
1374 4770 1508 4823 Nolo
1545 4781 1724 4824 autem

102 4869 405 4924 sanctitas
432 4879 521 4922 tua
555 4869 632 4922 sic
661 4882 749 4921 me
781 4867 1074 4920 arbitretur
1124 4865 1238 4918 Inec
1273 4865 1529 4927 scribere,
1577 4865 1727 4932 quasi

99 4967 178 5016 ile
219 4963 300 5015 iis
333 4977 452 5029 quze
501 4975 645 5013 nunc
692 4958 904 5014 edidisti
947 4972 1047 5026 ego
1087 4957 1345 5009 dubitem.
1403 4953 1646 5008 Hilarius
1681 4956 1730 5008 in

97 5054 362 5122 epistola
389 5055 457 5106 ad
489 5053 856 5123 Augustinum.

823 5138 1059 5193 XXXVI.

1138 5244 1181 5281 S.
1214 5242 1557 5282 AUGUSTINUS.

1047 5299 1101 5352 In
1129 5300 1228 5352 huc
1280 5311 1332 5352 te
1364 5299 1514 5365 plane
1543 5299 1720 5365 laudo,

974 5369 1114 5437 quod
1138 5370 1418 5422 veritatem
1465 5369 1566 5422 etsi
1593 5385 1729 5422 IIIIII-

975 5454 1131 5508 quam
1202 5440 1524 5507 percepisti,
1583 5452 1729 5494 certe

975 5524 1132 5578 quam
1158 5510 1366 5575 putasti,
1387 5509 1584 5561 homini
1607 5522 1732 5576 pne

978 5579 1167 5640 tulisti,
1185 5579 1303 5632 ideo
1325 5581 1538 5646 quidem
1562 5589 1730 5634 teme-

976 5664 1056 5717 re,
1081 5649 1202 5718 quia
1231 5648 1558 5702 existimasti
1588 5652 1728 5705 scire

975 5730 1027 5774 te
1057 5719 1194 5788 quod
1227 5720 1420 5786 nescis,
1462 5721 1556 5774 sed
1606 5722 1727 5775 ideo

81 5796 330 5860 libere,
372 5796 499 5864 quia
530 5808 813 5864 personam
845 5806 956 5864 non,
996 5792 1214 5864 veritus,
1263 5789 1470 5864 elegisti
1512 5806 1725 5860 aperire

72 5867 270 5938 quod
311 5861 506 5922 sentis.
533 5861 654 5919 ’Lib.
691 5878 742 5918 iv
771 5864 834 5916 de
868 5861 1010 5930 Orig.
1043 5861 1249 5925 aninue,
1279 5875 1396 5929 cap.
1432 5861 1482 5913 I.

372 5248 658 5287 CLNSOIiES-

191 5305 500 5371 (Sanctum
519 5300 897 5373 Augustinum)

91 5390 458 5437 veneramur,
506 5389 556 5425 ut
599 5375 759 5436 decet,
813 5374 901 5424 sed

89 5461 215 5495 non
251 5445 520 5510 pecudum
565 5459 702 5496 more
727 5452 772 5495 et
793 5443 902 5494 sine

85 5515 364 5577 ratione;
403 5529 518 5566 cum
556 5514 665 5582 ipso
694 5512 902 5579 proﬁte—

85 5601 230 5636 mur
322 5583 460 5650 quod
527 5584 692 5635 minus
756 5583 902 5634 illum

82 5671 373 5708 amamus
424 5669 581 5723 quam
618 5653 898 5706 veritatem.

1282 422 1603 477 VINDiCIxE
1645 422 2210 481 AUGUSTINIANE.

3279 420 3381 476 846

2136 535 2193 588 S.
2237 530 2505 585 ALIPIUS
2543 530 3035 588 TAGASTENSIS.

1872 627 2143 681 Ilabetnus
2173 625 2364 679 ducem
2399 622 2827 695 (Augustinum),
2872 624 2961 692 qui
3019 637 3118 677 nos
3165 638 3217 676 tn
3271 625 3384 691 ipsa

1799 721 2042 772 veritatis
2073 729 2274 771 arcana
2299 715 2407 769 Deo
2431 715 2542 781 jam
2579 723 2912 769 monstrante
2962 714 3236 782 perducat.
3267 712 3382 766 Lib.

1800 825 1856 862 III
1879 808 2154 877 Augustin.
2183 816 2349 860 contr.
2382 806 2652 870 Academ.,
2670 806 2722 860 in
2752 807 2873 874 ﬁne.
2893 807 3160 874 Rupertus
3183 807 3388 877 Abbas,

1799 901 1891 954 lib.
1923 916 1992 955 vlt
2018 901 2080 953 de
2117 901 2274 969 Oper.
2304 900 2538 969 Spiritus
2559 901 2744 965 sancti,
2773 916 2886 971 cap.
2922 900 2985 954 I9
3014 919 3026 953 :
3059 901 3162 955 Iste
3182 902 3390 956 estAn-

1801 990 2048 1060 gusﬁnus
2079 991 2328 1047 columna
2359 1001 2414 1046 et
2442 991 2837 1046 firmamentum
2871 991 3132 1048 veritatis.
3159 993 3390 1062 Prosper

1801 1083 1855 1136 in
1880 1084 2095 1152 epistola
2125 1082 2194 1135 ad
2229 1082 2478 1151 Ruﬁnum
2509 1097 2526 1134 :
2560 1081 2963 1151 (Augustinum)
2994 1082 3390 1139 abundantissi-

1803 1189 1892 1229 me
1916 1174 2147 1243 Spiritus
2179 1173 2424 1229 veritatis
2455 1172 2716 1240 implevit.

2468 1260 2736 1315 XXXVII.

2035 1359 2348 1415 csusonss.‘

1877 1429 2244 1482 Contendimus
2288 1428 2448 1496 ipsius
2477 1443 2562 1478 ar-

1807 1517 1886 1551 ma
1918 1502 2053 1552 omni
2080 1516 2141 1552 ea:
2171 1509 2315 1560 parte
2344 1499 2557 1560 inexpu-

2803 1373 2848 1410 ἓ.
2879 1373 3224 1413 Αυουετικυε.

2708 1426 2908 1489 Nerine
2957 1446 3078 1482 cum
3129 1445 3272 1483 arma
3307 1440 3394 1482 tua

2636 1514 2769 1550 vana
2831 1499 3043 1566 quidem
3099 1510 3153 1552 et
3205 1503 3395 1554 obtusa

1805 1571 2028 1636 gnabilia
2050 1585 2147 1622 non
2171 1585 2297 1636 esse,
2323 1568 2422 1620 sint
2446 1567 2561 1621 licet
2631 1568 2897 1637 jactanter
2949 1569 3194 1623 ventilas.
3227 1570 3338 1625 Lib.
3363 1585 3396 1624 ν

1804 1641 2049 1693 illustria.

2633 1636 2812 1692 Contra
2833 1636 2968 1703 Jul.,
2997 1655 3110 1706 cap.
3143 1639 3198 1693 9.

2377 1727 2438 1782 S.
2467 1727 2826 1783 PAULINUS.

1885 1822 2120 1890 Ideoque
2161 1835 2284 1878 cum
2317 1820 2417 1873 hoc
2450 1817 2818 1873 Pentateucho
2871 1827 2962 1872 tuo
3009 1828 3192 1873 contra
3228 1819 3400 1874 Mani-

1738 1901 1786 1958 Β
1813 1915 1993 1969 clusos
2028 1929 2115 1968 me
2140 1913 2272 1968 satis
2303 1910 2620 1982 armaveris,
2656 1911 2700 1964 si
2748 1924 2847 1979 qua
2901 1912 2952 1964 in
3011 1911 3147 1965 alios
3189 1926 3402 1982 quoque

1817 2011 1999 2063 hostes
2057 2007 2337 2062 catholica:
2386 2005 2514 2058 ﬁdei
2565 2002 2857 2057 munimina
2907 2003 3246 2070 ciimparasti,
3279 2005 3402 2073 quia

1817 2101 1994 2154 hostis
2021 2109 2225 2161 noster,
2252 2097 2338 2151 cui
2367 2095 2514 2150 mille
2544 2093 2772 2150 nocendi
2800 2103 2942 2148 artes
2973 2104 3078 2149 tam
3127 2095 3284 2150 variis
3309 2111 3404 2152 ex-

1816 2192 2134 2263 pugnandus
2161 2199 2247 2245 est
2275 2191 2417 2256 telis,
2451 2203 2610 2258 titiam
2661 2197 2935 2259 Oppugnat
2965 2189 3188 2255 insidiis,
3222 2203 3404 2259 quaiso

1816 2299 2064 2354 promere
2095 2282 2224 2335 mihi
2257 2283 2325 2335 de
2356 2278 2778 2334 armamentario
2804 2288 2892 2332 tuo
2923 2287 2977 2334 et
3021 2279 3268 2335 conferre
3298 2296 3405 2336 non

1813 2381 2018 2434 abnues
2045 2392 2192 2432 arma
2221 2375 2466 2445 justitite.
2494 2373 2662 2448 Epist.
2693 2374 2755 2428 51
2783 2373 2926 2441 apud
2956 2373 3018 2429 S.
3043 2375 3403 2446 Augustinum.

1820 2472 2017 2541 Ihpotc
2050 2473 2188 2525 inter
2211 2471 2376 2534 tntilta
2409 2469 2503 2522 Dei
2533 2467 2698 2536 dona,
2723 2469 2918 2538 quibus
2950 2469 3098 2523 illum
3130 2469 3406 2524 abundan-

1817 2567 2026 2619 tissime
2081 2564 2313 2632 Spiritus
2363 2561 2604 2616 veritatis
2659 2561 2928 2628 implevit,
2987 2561 3191 2616 habens
3237 2561 3401 2618 etiam

1819 2658 1956 2708 hanc
1987 2653 2228 2707 scientias
2250 2661 2304 2706 et
2324 2651 2604 2716 sapientiae
2631 2665 2699 2704 ex
2729 2650 2823 2703 Dei
2847 2650 3108 2705 charitate
3135 2653 3410 2718 virtutem,

1823 2761 1878 2803 nt
1911 2765 2016 2803 non
2049 2749 2222 2802 solum
2269 2747 2427 2800 istam
2471 2744 2645 2799 adhuc
2677 2744 2730 2797 in
2762 2745 2875 2798 suis
2912 2745 3411 2803 detruncationibus

1820 2841 2191 2910 palpitantem,
2225 2839 2321 2892 sed
2355 2839 2516 2890 etiam
2544 2835 2744 2889 multas
2773 2833 2921 2904 prius
2962 2837 3413 2895 basresesinvictu

1820 2933 1970 2987 verbi
2027 2932 2205 3002 gladio
2257 2928 2576 2982 debellaret.
2632 2926 2694 2981 S.
2753 2925 2981 2996 Prosper
3024 2931 3092 2981 ad
3148 2929 3412 2998 Ruﬁnum.

1817 3025 2052 3080 Joannes
2078 3023 2222 3078 XXII
2253 3025 2328 3076 ait
2362 3039 2374 3073 :
2416 3019 2770 3090 Augustinus,
2804 3030 2907 3074 etc.
2953 3021 3247 3076 Catholica:
3284 3022 3414 3080 ﬁdei

1825 3123 2113 3174 Veritatem
2148 3118 2199 3169 in
2259 3117 2430 3166 lucem
2485 3111 2759 3180 produxit,
2806 3113 2994 3166 eduxit
3037 3113 3090 3167 in
3121 3113 3416 3184 publicum,

1827 3211 1997 3265 tinnis
2028 3223 2090 3262 ac
2118 3207 2251 3260 invii
2271 3207 2338 3259 tis
2371 3201 2963 3257 rationibussolidavit.

2464 3290 2756 3347 XXXVIII.

2054 3405 2320 3447 CENSORI‘IS
2331 3430 2341 3439 .

1896 3462 2076 3531 Neque
2099 3478 2213 3515 eum
2238 3461 2289 3511 in
2317 3455 2586 3531 sententia-

1827 3547 1938 3585 rum
1959 3527 2167 3584 suarum
2196 3541 2242 3581 et
2275 3527 2582 3594 fundamen-

1825 3613 1992 3654 torum
2017 3603 2197 3671 quibus
2215 3596 2586 3671 easconﬁrmat

1823 3666 2038 3726 delectu'
2068 3672 2194 3722 adeo
2250 3666 2442 3736 felicem
2482 3677 2589 3736 esse

1824 3751 1904 3807 (ut
1956 3733 2312 3793 demonstrabo
2368 3737 2410 3790 si
2459 3733 2584 3807 mihi

1823 3802 1955 3866 illud
2038 3811 2324 3880 injunctum
2406 3802 2583 3880 fuerit)

1823 3884 1947 3949 quin
1979 3874 2230 3934 mentibus
2269 3878 2454 3930 nostris
2480 3874 2585 3949 ple-

1826 3948 2088 4006 nissimam
2132 3951 2296 4018 ipsius
2337 3948 2588 4000 doctrina:

1825 4041 1924 4079 non
1963 4018 2328 4081 consentiendi,
2353 4021 2454 4071 imo
2489 4032 2584 4086 0p—

1825 4096 2044 4162 positam
2093 4103 2288 4157 partem
2319 4088 2494 4140 tuendi
2525 4088 2588 4162 li-

1827 4169 2069 4218 bertatem
2118 4163 2372 4228 relinquat
2399 4199 2412 4217 ,

1825 4246 1870 4290 et
1918 4239 2126 4304 ipsemet
2166 4233 2230 4284 de
2267 4229 2587 4304 opinionum,

1824 4299 1954 4376 quas
1984 4306 2154 4371 docet,
2186 4300 2483 4357 certitudine
2509 4299 2592 4350 ad-

1827 4376 2036 4428 dubitet.

2824 3401 2870 3440 S.
2893 3403 3241 3444 AUGUSTINUS.

2730 3455 2843 3528 Hoc
2883 3457 3120 3528 quidem
3184 3460 3378 3513 dicitur
3398 3477 3415 3528 ;

2659 3527 2752 3577 sed
2785 3534 2838 3576 tu
2865 3524 3000 3578 dicis
3035 3541 3049 3577 :
3087 3526 3184 3592 Qui
3235 3524 3414 3584 autem

2661 3595 2809 3663 legit,
2831 3603 2895 3663 ct
2921 3595 3190 3663 intelligit,
3221 3598 3265 3649 si
3309 3615 3414 3650 non

2666 3662 2977 3730 Pelagianus
3013 3662 3114 3724 est,
3169 3667 3268 3719 hoc
3313 3682 3417 3722 non

2658 3732 2806 3786 dicit.
2862 3732 2977 3786 Lib.
3023 3749 3038 3786 I
3085 3733 3268 3801 Oper-is
3321 3739 3416 3791 im-

2661 3807 2815 3872 perf.,
2848 3819 2960 3875 cap.
2994 3801 3079 3864 15,
3119 3814 3176 3857 ut
3222 3808 3414 3875 refelle-

2659 3885 2732 3927 ret
2762 3875 2862 3926 ista
2883 3872 3124 3928 Juliani:
3157 3872 3295 3930 Nihil
3319 3876 3418 3930 ita-

2659 3960 2762 4012 que
2812 3945 2882 3998 ibi
2924 3949 2988 3998 de
3039 3948 3289 4001 omnibus
3313 3949 3418 4001 Au-

2659 4015 2857 4086 gustini
2885 4017 3216 4084 argumentis
3233 4027 3284 4071 et
3305 4033 3421 4086 pro-

2663 4086 3019 4156 positionibus
3077 4087 3417 4157 inexplosurn

2469 4157 2591 4224 quin
2665 4158 2942 4210 remansit.

2737 4226 2963 4292 I‘robct,
3022 4227 3066 4281 si
3112 4235 3320 4294 potest,
3370 4238 3421 4284 et

2667 4297 2876 4351 fatebor
2917 4312 3002 4350 me
3053 4297 3307 4352 didicisse
3353 4299 3422 4350 ah

2666 4366 2774 4422 illo.
2794 4365 2905 4420 Lib.
2934 4384 2944 4419 I
2973 4367 3035 4421 de
3053 4366 3198 4435 Orig.
3211 4367 3421 4431 animis,

2666 4454 2781 4506 cap.
2819 4435 2907 4490 14.

2409 4533 2467 4588 8.
2502 4530 2834 4588 PROSPER.

1905 4629 1978 4681 De
2009 4625 2338 4696 argumentis
2360 4626 2533 4679 sancti
2563 4621 2844 4694 Augustini
2877 4627 3064 4674 contra
3100 4617 3418 4687 Pelagianos

1835 4719 2061 4775 itacanit
2089 4718 2141 4771 in
2170 4716 2408 4772 carmine
2433 4723 2618 4771 contra
2651 4715 2888 4782 Ingratos
2911 4724 3033 4778 cap.
3066 4710 3100 4763 5
3124 4726 3135 4760 :

1933 4807 2074 4856 Istius
2091 4819 2210 4867 ergo
2236 4808 2365 4870 inter
2390 4813 2611 4870 cunctos,
2633 4803 2714 4870 qui
2737 4801 2803 4870 de
2825 4811 2984 4870 grege
3010 4806 3177 4845 sancto

1934 4870 2129 4917 Insanus
2151 4864 2392 4927 pepulere
2417 4868 2568 4922 teras,
2601 4864 2837 4928 industria
2858 4864 3031 4928 niajor,

1934 4931 2086 4987 Majus
2109 4920 2248 4987 opus,
2275 4934 2428 4989 totum
2454 4920 2762 4989 prwStantius
2787 4921 2961 4989 imbuit
2983 4920 3176 4989 orbem.

1935 4985 2254 5049 Quaqiieper
2279 4986 2510 5044 ambages
2533 4995 2715 5042 anceps
2740 4985 2834 5030 iter
2861 4985 2966 5049 egit
2988 4987 3206 5049 Opertas,

1937 5043 2093 5108 IIujn's
2117 5043 2177 5095 ab
2199 5059 2405 5094 occursu
2432 5043 2510 5092 est
2532 5051 2833 5108 praeventus,
2857 5043 2993 5108 mille
3014 5046 3197 5092 viarum

1931 5105 2122 5161 lnsidiis
2145 5107 2322 5156 aditum
2343 5119 2436 5156 non
2460 5105 2856 5166 repperientibus
2882 5105 3050 5155 ullum.

1931 5175 2146 5231 Cumque
2170 5169 2288 5218 foris
2313 5169 2474 5216 rabies
2500 5165 2973 5231 a’v’idorum_exclusa
2993 5165 3216 5229 luporum

1933 5228 2228 5286 Frenderet,
2252 5232 2402 5290 inque
2425 5240 2597 5277 omnes
2620 5228 2869 5276 mendacia
2896 5228 3120 5278 verteret
3142 5234 3292 5285 artes,

1929 5297 2003 5346 Ne
2023 5300 2218 5342 mentes
2241 5291 2444 5339 ullarum
2468 5293 2628 5338 ovium
2649 5302 2964 5351 corrumpere
2991 5300 3176 5350 posset,

1931 5359 2040 5407 Neu
2062 5358 2208 5403 dubia
2231 5353 2440 5414 obliquis
2461 5351 2846 5414 turbaretcorda
2871 5351 3110 5413 querelis,

1932 5421 2076 5469 Istius
2091 5430 2181 5466 ore
2205 5416 2299 5465 viri
2319 5416 2435 5463 fecit
2452 5413 2601 5469 Deus,
2628 5413 2765 5461 istius
2786 5425 2877 5464 ore

1931 5481 2151 5531 Flumina
2173 5477 2401 5525 librorum
2428 5474 2654 5524 mundum
2673 5473 2914 5523 efﬂuxere
2941 5485 3033 5534 per
3050 5484 3265 5531 omnem,

1933 5547 2051 5600 Quae
2071 5543 2216 5589 mites
2240 5539 2547 5600 humilesque
2572 5539 2762 5593 bibunt,
2786 5537 3071 5600 campisque
3093 5536 3361 5584 animorum

1927 5599 2126 5655 Certant
2148 5601 2303 5651 vitalis
2317 5599 2550 5664 doctrinae
2573 5600 2837 5647 tramittere
2857 5599 3004 5646 rivos.

2504 5688 2749 5744 XXXIX.

2067 5799 2352 5841 ριῖκεοιιεε.

1910 5861 1968 5916 Si
1991 5859 2306 5928 Augustinus
2357 5857 2461 5909 lucc
2510 5871 2588 5908 re-

2825 5797 2872 5836 S.
2907 5794 3252 5837 AUGUSTINUS.

2732 5853 2789 5908 Si
2823 5855 2962 5910 enim
3009 5860 3163 5922 turpe
3189 5860 3272 5907 est
3301 5865 3419 5908 sme
