3930 6314
462 380 559 436 847

462 506 536 548 cte
556 493 699 558 dicit,
725 490 948 542 dest-rere
977 502 1090 538 cum
1115 500 1221 551 pos-

460 583 606 628 sunt,
656 572 710 615 ut
754 559 987 614 omnibus
1044 558 1219 628 docto-

460 626 601 688 ribus
622 649 699 686 me
710 632 993 698 adiungam
1012 643 1029 698 ;
1046 626 1123 679 sin
1143 639 1220 698 ve-

461 723 520 759 ro
547 705 735 772 absque
781 695 976 753 ratione
1007 697 1114 772 (nec
1139 695 1219 746 di-

1343 366 1903 424 SUPI‘LEMENTUM
1946 364 2036 419 AD
2080 361 2309 418 ΟΡΕΠΛ
2354 364 2409 418 S.
2453 360 2838 418 AUGIISTINI.

1291 482 1503 536 ratione
1528 483 1774 551 cuiquam
1799 481 2039 542 credere,
2076 479 2123 536 Α
2150 477 2271 551 rnm‘
2292 479 2633 532 dissensiones
2692 475 2903 551 iuverit,

1293 552 1417 620 quid
1451 564 1720 620 expectas,
1748 552 1872 620 quid
1903 559 2041 602 sata-

1292 623 1393 692 gis,
1422 631 1478 674 ut
1508 623 1658 676 alicui
1693 623 1812 675 sine
1835 620 2047 692 ratione

1291 692 1505 747 credam
1555 708 1660 762 quo
1707 691 1934 762 facilius,
1960 698 2047 741 tua

2153 550 2382 602 doctores
2433 550 2563 601 inter
2596 563 2663 599 'se
2710 546 2901 604 drisil.

2154 620 2312 672 turbis
2387 628 2431 670 et
2509 615 2906 669 contentionibus

2154 690 2411 756 partimin
2470 690 2665 756 Africa,
2716 686 2903 755 partim

3627 353 3742 409 828

2978 479 3031 525 et
3059 470 3217 524 aliam
3237 469 3346 536 jam
3373 466 3453 520 eis
3475 466 3741 519 dederam

2981 552 3226 606 tanquam
3254 538 3411 592 citius
3452 536 3741 606 redituris.

2979 612 3044 664 Et
3077 604 3267 678 Scripsi
3318 607 3381 661 ad
3427 618 3531 678 vos
3576 604 3745 658 etiam

2977 676 3199 742 lihrnm,‘
3215 692 3373 747 quem
3388 678 3430 731 si
3446 676 3647 747 adiuva
3658 683 3753 727 nte

1294 765 1501 817 ratione
1544 761 1664 816 duci
1697 762 1895 830 possim
1919 761 1942 811 ἲ
1967 765 2044 830 An

1296 834 1505 887 ﬁrmum
1532 828 1728 900 aliquid
1760 828 2050 900 superadi-

1296 902 1476 955 licabit
1533 905 1669 956 ratio
1718 912 1805 954 tua
1860 900 2047 952 funda-

460 779 561 839 cit,
608 768 718 827 eam
781 772 931 823 etiam
993 768 1220 839 deserere

463 838 672 915 possum
716 842 810 895 hoc
839 842 949 915 ipso
978 838 1114 915 quod
1143 850 1221 915 rue

463 906 517 967 id
545 930 690 979 posse
733 906 932 971 asserit,
954 907 1074 976 quia
1110 906 1220 979 sine

462 970 657 1039 ratione
705 970 975 1047 loquitur,
1050 986 1096 1029 et
1144 976 1221 1047 ita
1294 970 2049 1047 mento“temeritatis‘tubib.

464 1056 639 1124 quovis
666 1041 821 1124 modo
860 1041 1095 1124 sumatur
1119 1046 1221 1124 Au_-
1294 1060 1350 1124 ut
1374 1044 1437 1095 de
1470 1041 1638 1096 Ulilit.
1687 1041 1931 1124 ere/tendi
1981 1041 2048 1091 ad

466 1112 704 1195 {Iustinus
729 1163 769 1195 ,_
803 1119 967 1189 ipsius
1030 1116 1225 1195 manri-
1299 1112 1583 1181 llonorat.,
1608 1129 1721 1181 cap.
1750 1112 1837 1164 Ii.

465 1188 607 1261 pium
660 1193 789 1260 ﬁeri,
828 1188 884 1241 et
913 1203 1085 1240 omnes
1115 1188 1223 1254 ejus

463 1264 737 1318 sententias
806 1261 1029 1311 adorare
1098 1270 1415 1324 nequaquam
1474 1268 1651 1323 coyor.

996 1350 1055 1404 S.
1091 1347 1265 1401 BERN
1279 1351 1311 1399 Α
1325 1344 1521 1400 RDUS.

538 1448 619 1502 Ah
664 1445 748 1498 his
795 1442 1003 1497 duabus
1051 1439 1339 1500 columnis,
1374 1434 1730 1504 Augustinum
1790 1432 1976 1500 loquor
2004 1439 2058 1483 et

470 1536 840 1598 Ambrosium,
884 1529 1088 1586 credite
1114 1527 1267 1595 mihi,
1314 1525 1542 1580 difﬁcile
1567 1524 1790 1590 avellar,
1843 1537 1962 1575 cum
1994 1521 2057 1574 iis

467 1643 558 1682 me
586 1640 770 1682 errare
791 1632 881 1679 aut
907 1635 1098 1692 sapere
1128 1621 1317 1675 lateor.
1359 1617 1418 1670 ln
1444 1616 1660 1685 epistola
1691 1616 1757 1669 77
1784 1615 1851 1667 ad
1884 1614 2061 1683 Πυθο-

468 1736 602 1773 nem.

1211 1798 1324 1854 XL.

705 1912 992 1952 CENSORI-IS.
1466 1904 1514 1943 5.
1550 1903 1891 1943 AUGUSTINUS.

550 1968 661 2022 Hoc
681 1968 873 2037 sufﬁcit
904 1964 989 2037 ad
1014 1962 1230 2037 confes:
1342 2031 1356 2037 _
1378 1959 1655 2037 Neminem
1677 1959 1831 2012 velim
1853 1958 1930 2011 sic
1954 1971 2065 2009 am-

471 2039 665 2093 sionem
694 2030 823 2089 hanc
862 2035 924 2088 ab
969 2032 1231 2099 effrenatis
1306 2030 1463 2099 plecti
1510 2030 1684 2083 omnia
1716 2044 1853 2093 mea,
1894 2036 1951 2099 ut
1984 2042 2066 2099 me

476 2097 1123 2180 Augustiniadoratoribus
1145 2118 1235 2154 ρας-
1304 2097 1581 2180 aequatur,
1638 2099 1737 2151 nisi
1790 2101 1839 2149 in
1898 2097 1962 2150 iis
2013 2097 2064 2148 in

474 2171 831 2245 torquendam,
882 2176 1077 2229 licitum
1125 2189 1235 2245 esse
1307 2171 1501 2233 quibus
1571 2183 1657 2245 tne
1716 2182 1833 2245 non
1885 2182 2068 2245 errare

473 2236 655 2318 absque
692 2236 877 2300 erroris
908 2256 953 2299 et
980 2244 1234 2318 temerita-
1310 2238 1669 2308 perspexerit.
1705 2237 1923 2318 Librude
1965 2236 2067 2288 Do-

480 2320 545 2372 tis
572 2306 695 2370 'nota
732 2316 1004 2385 Augustini
1033 2323 1236 2385 scuten-
1309 2306 1373 2362 no
1402 2322 1617 2378 persev.,
1649 2323 1763 2373 cap.
1792 2306 1881 2358 Ἡ.

473 2393 571 2441 tias
601 2402 704 2440 non
732 2383 929 2453 semper
957 2383 1125 2452 sequi.
1290 2424 1295 2429 .

974 2474 1034 2527 S.
1085 2464 1568 2525 ILDEPHONSUS.

545 2566 782 2622 Audiant
813 2563 875 2617 Β.
909 2560 1291 2633 Augustinum,
1322 2557 1406 2611 cui
1458 2552 1834 2609 contradicere
1859 2553 1934 2607 las
1966 2567 2068 2607 non

476 2668 573 2713 est.
602 2658 773 2713 Serm.
806 2654 841 2706 2
862 2655 926 2708 de
946 2652 1104 2707 Beata
1133 2650 1363 2720 Virgine.

1210 2738 1346 2793 XLI.

1485 2843 1533 2883 8.
1566 2840 1910 2884 AUGUSTINUS.

1387 2900 1431 2955 Ο
1481 2899 1527 2954 si
1575 2915 1668 2953 vos
1719 2914 1829 2951 non
1885 2897 2076 2950 esset‘s

1317 2972 1405 3040 qui
1466 2977 1664 3040 contra,
1707 2967 2072 3040 testimonium

1316 3037 1561 3095 ueritatis
1602 3039 1790 3091 falsum
1832 3037 2075 3089 testimo-

1320 3111 1463 3164 nium
1493 3118 1732 3162 vestrum
1778 3116 1832 3160 et
1877 3106 2078 3170 dicitis,

1318 3190 1372 3234 et
1395 3180 1613 3245 insuper
1653 3176 1927 3230 scribitis!
1964 3174 2076 3227 Lib.

486 3245 693 3327 fratres,
723 3271 780 3307 ac
803 3254 900 3323 ﬁlii
947 3245 1246 3325 stcpeillunt
1318 3264 1356 3327 It
1392 3248 1576 3327 Qperis
1633 3245 1860 3327 nuper!”
1892 3246 2077 3297 contra

487 3316 817 3396 reliquerunt.
1019 3316 1028 3322 ’
1168 3324 1171 3325 ⁷
1317 3316 1544 3380 Iuliam,
1575 3333 1690 3386 cap.
1718 3316 1806 3368 79.

555 3415 807 3485 Nunquid
836 3413 958 3469 ideo
987 3412 1099 3485 vim,
1138 3410 1379 3465 veritatis
1433 3405 1933 3485 elfugerepoterp,
1956 3406 2078 3485 quia

488 3488 645 3543 nobis
676 3476 1056 3539 calumniando
1086 3482 1347 3553 importas
1378 3476 1567 3535 socios
1588 3476 1873 3533 falsitatis?
1906 3476 2016 3529 Lib.
2053 3490 2076 3529 v

489 3567 664 3614 contra
694 3557 831 3623 .Iut.,
862 3570 982 3622 cap.
1009 3554 1063 3607 '7.
1680 3572 1683 3573 ν

813 3646 870 3700 S.
909 3640 1322 3699 VINUENTIUS
1361 3639 1774 3696 FERBERIUS.

562 3737 749 3793 Audeo
778 3734 961 3791 dicere
996 3753 1008 3788 :
1042 3734 1243 3789 Omnes
1272 3732 1524 3787 doctores
1545 3732 1638 3799 qui
1661 3740 1926 3784 venerunt
1958 3741 2077 3797 post

497 3828 853 3899 Augu~tinum
917 3831 1285 3878 sustentantur
1363 3834 1527 3888 super
1594 3817 1712 3887 ejus
1788 3819 2083 3874 doctrinam

493 3930 771 3984 Sanetam,
826 3929 1012 3983 puram
1046 3956 1061 3980 ,
1111 3910 1544 3972 immaculatum,
1592 3908 1709 3962 auri
1779 3909 2078 3980 purissimi,

495 4013 612 4065 sine
642 4021 828 4061 errore
853 4003 1107 4057 falsarum
1135 3999 1472 4070 opinionum.
1519 3998 1690 4053 Serm.
1725 3998 1790 4052 de
1819 3999 1879 4054 S.
1910 3999 2086 4069 Augu-

499 4105 650 4160 stino.

718 2848 1005 2892 CENSORES.

557 2908 796 2972 Plerique
814 2905 1112 2960 mortalium
1130 2903 1241 2972 pie-

482 2991 584 3034 tate
612 2995 670 3032 σε
699 2978 944 3032 doctrinis
992 2975 1240 3038 illustres,

483 3050 733 3117 episcopi,
787 3046 1099 3111 cardinales,
1154 3044 1242 3117 ip:

484 3111 690 3188 siusqu'e
716 3111 923 3186 (scilicet
949 3111 1243 3188 Augustini)

484 3183 657 3251 amici,
698 3183 827 3240 servi
884 3200 943 3236 ac
988 3183 1240 3251 fautores,

1207 4184 1368 4241 XLII.

737 4294 1021 4338 CENSOBES.

573 4355 879 4411 Inauditum
920 4353 974 4404 in
1023 4348 1260 4404 Ecclesia

1493 4291 1541 4331 8.
1575 4290 1918 4333 AUGUSTINUS.

1406 4347 1544 4402 Ecce
1567 4362 1671 4401 non
1691 4362 1790 4415 ego
1810 4361 1967 4413 unus,
1994 4347 2087 4401 sed

2977 752 3206 805 Domino
3236 746 3543 817 diligenter
3594 746 3748 812 lege-

2977 823 3091 876 ritis
3122 830 3175 874 et
3215 815 3473 874 vivaciter
3531 815 3750 869 intelle‘

2982 892 3169 946 xeritis
3202 929 3219 954 ,
3269 889 3443 941 nullas
3492 886 3751 939 existimo

2981 963 3118 1015 inter
3145 974 3238 1014 vos
3259 960 3323 1010 de
3338 957 3436 1010 hac
3458 971 3520 1011 re
3540 955 3753 1008 dissen-

2980 1034 3160 1086 siones
3206 1028 3431 1083 ulterius
3456 1028 3573 1095 jam
3606 1026 3749 1078 futu-

2880 1119 2987 1158 ras.
3014 1100 3183 1169 Epist.
3204 1099 3271 1151 47
3297 1098 3362 1151 ad
3396 1095 3749 1150 Valentinum.

2479 1220 2534 1277 S.
2563 1219 2836 1274 'l'llOM.\S
2872 1210 3419 1270 VlLI.ANOVANUS.

2230 1343 2274 1393 0
2306 1340 2453 1393 sidus
2482 1338 2792 1400 maximum,
2847 1334 3141 1402 Augustine
3166 1330 3339 1392 Pater,
3366 1338 3631 1397 quantum
3656 1327 3752 1381 Ec-

2162 1435 2377 1488 clesium
2405 1432 2499 1486 Dei
2526 1442 2614 1484 tua
2636 1428 2897 1498 sapientia
2920 1424 3185 1480 irradiaus
3210 1422 3490 1475 illustrasti
3526 1422 3540 1473 ἰ
3570 1423 3752 1484 Quan-

2164 1535 2273 1577 tum
2308 1532 2391 1577 tua
2418 1522 2701 1591 prmsentia
2732 1533 2976 1575 errorum
3005 1517 3252 1571 tenebras
3274 1514 3525 1586 ell‘ugasti
3555 1515 3567 1565 l
3602 1515 3752 1567 Nunc

2164 1617 2304 1668 enim
2338 1622 2388 1666 te
2410 1620 2650 1673 auctore,
2685 1622 2735 1664 te
2764 1609 3043 1678 magistro,
3074 1608 3143 1661 ita
3166 1606 3343 1660 omnia
3375 1614 3503 1659 sunt
3553 1605 3750 1668 lucida,

2167 1714 2221 1757 ut
2244 1718 2427 1758 errare
2452 1717 2557 1755 non
2584 1701 2776 1768 possit,
2804 1700 2901 1751 nisi
2945 1698 3035 1765 qui
3062 1712 3125 1751 ex
3160 1695 3419 1749 industria
3452 1695 3588 1750 velit
3609 1695 3750 1748 allu-

2169 1796 2355 1849 riuari.
2386 1794 2478 1847 Est
2527 1794 2695 1858 enim,
2729 1800 2791 1843 ut
2820 1791 2949 1842 mihi
3001 1787 3230 1847 videtur,
3263 1787 3317 1840 in
3369 1786 3606 1841 Ecclesia
3655 1786 3751 1841 Dei

2171 1887 2352 1941 schola
2400 1886 2699 1955 theologica
2729 1882 2877 1938 velut
2905 1881 3148 1949 qumdam
3181 1895 3329 1947 area,
3378 1890 3477 1935 etc.
3514 1878 3675 1933 Cone.
3724 1879 3745 1931 I

2169 1979 2231 2032 de
2261 1978 2322 2032 S.
2356 1976 2673 2047 Augustino.

2154 761 2203 809 in
2237 757 2407 812 Gallia
2427 768 2527 810 tam
2555 758 2666 823 ipso
2690 758 2899 820 vivente,

2152 844 2304 895 quam
2329 845 2354 881 e
2383 829 2500 881 vit-is
2527 828 2728 880 sublato
2756 841 2904 878 exor-

2156 901 2218 950 tis
2268 899 2578 951 occasionem
2610 895 2845 951 artebuit.

2874 2062 3057 2117 XLIV.

2402 2170 2691 2210 CENSORES.
3171 2166 3213 2202 ς.
3240 2164 3579 2205 Ανῦιῐετικυε.

2246 2228 2381 2293 Quin
2423 2228 2596 2278 eadem
2653 2222 2929 2294 Augustini
3006 2290 3016 2294 _
3072 2222 3317 2294 Arbitror
3364 2235 3491 2274 sane
3524 2222 3756 2273 nonnul-

2172 2290 2450 2349 obscuritas
2483 2312 2575 2360 pro
2619 2290 2796 2362 clypfio
2830 2293 2929 2361 fuit
3005 2290 3083 2343 lus
3116 2291 3375 2345 tardiores
3426 2291 3474 2343 id
3506 2291 3758 2362 opinatu-

2173 2366 2352 2420 Ineresi
2449 2359 2925 2432 prtrdestinatiano-
3002 2376 3088 2413 ros
3115 2377 3198 2413 tne
3218 2363 3451 2415 sensisse
3478 2359 3616 2429 quod
3648 2375 3754 2411 non

2171 2454 2307 2499 rum,
2332 2437 2420 2504 qui
2449 2430 2641 2505 ferocia
2684 2434 2924 2505 horrida-
2999 2432 3165 2505 sensi.
3211 2443 3309 2505 aut
3352 2446 3457 2485 non
3525 2430 3762 2484 sensisse

2172 2524 2267 2575 que
2291 2502 2386 2559 sua
2412 2502 2655 2574 dogmata
2690 2505 2742 2556 in
2770 2503 2927 2575 hujus
3000 2502 3138 2567 quod
3170 2502 3346 2575 sensi;
3372 2516 3617 2575 quorum
3668 2515 3757 2553 er-

2177 2570 2348 2630 Patris
2433 2570 2668 2630 doctrina
2744 2570 2932 2643 futnla-
3008 2586 3180 2643 rorem
3257 2570 3384 2624 mihi
3439 2571 3598 2623 tribui
3656 2586 3760 2622 non

2176 2648 2313 2701 bant.
2745 2641 2751 2643 “
3006 2641 3202 2695 debere
3250 2643 3368 2708 quis
3424 2650 3663 2703 nesciat,
3715 2643 3758 2691 si

3006 2712 3150 2765 velut
3196 2726 3281 2765 me
3316 2720 3627 2780 sequentes,
3662 2725 3759 2763 ne-

2177 2804 2281 2855 que
2312 2785 2780 2855 apprehendentes
2807 2783 3146 2855 devitaverint
3192 2783 3243 2835 in
3274 2782 3509 2851 aliquam
3559 2780 3761 2855 falsita-

2180 2850 2308 2921 tem,
2339 2850 2464 2910 dum
2511 2872 2676 2925 cogor
2699 2871 2793 2923 per
2836 2857 3078 2925 quaedam
3107 2853 3272 2925 densa
3314 2850 3581 2925 et'_op_aca
3623 2850 3761 2903 viam

2177 2942 2420 2995 carpere,
2470 2921 2900 2995 quandoquidem
2929 2941 3027 2980 nec
3056 2923 3198 2995 ipsis
3234 2922 3434 2995 sanctis
3464 2921 3762 2974 divinorum

2182 2993 2437 3053 librorum
2469 2993 2872 3052 auctoritatibus
2921 2999 3029 3051 ullo
3080 2993 3238 3048 modo
3285 2994 3566 3061 quisquam
3616 3000 3763 3045 recto

2181 3069 2543 3123 triliuerittam
2568 3069 2763 3122 multos
2799 3075 2853 3123 et
2874 3066 3052 3121 varios
3098 3060 3313 3117 errores
3364 3060 3761 3116 haereticorum.

2182 3155 2301 3193 cum
2324 3152 2514 3194 omnes
2545 3152 2609 3191 ex
2635 3138 2837 3192 eisdem
2868 3133 3156 3204 Scripturis
3188 3132 3525 3204 falsasatque
3553 3130 3768 3204 @llaces

2110 3222 2154 3282 ρ
2185 3209 2465 3282 opiniones
2496 3223 2620 3262 suas
2644 3216 2907 3261 conentur
2930 3200 3242 3261 de'lendere.
3276 3200 3388 3256 Lib.
3417 3218 3434 3255 ι
3464 3203 3524 3255 de
3550 3200 3765 3262 Trinit.,

2187 3296 2302 3348 cap.
2333 3278 2389 3332 2.

2405 3388 2787 3457 FACUNDUS,
2817 3388 3101 3458 episcopus
3134 3385 3555 3441 Hermianensis.

2259 3504 2392 3571 Quid
2419 3511 2594 3558 autem
2620 3502 2671 3555 in
2703 3500 2802 3555 hoc
2851 3500 3145 3555 miremur?
3166 3496 3350 3567 Neque
3377 3496 3574 3551 melius
3623 3493 3767 3563 loqui

2191 3598 2363 3665 potuit
2394 3595 2717 3666 Augustinus
2745 3606 2906 3663 quam
2934 3590 3233 3660 pr0phetre,
3276 3602 3438 3658 quam
3466 3585 3698 3656 apostoli
3719 3596 3769 3639 et

2190 3688 2555 3758 evangelista,
2585 3698 2809 3756 quorum
2842 3683 3112 3738 mentibus
3150 3681 3392 3736 similiter
3418 3680 3559 3735 male
3608 3679 3762 3733 intel-

2191 3780 2339 3833 lectis
2368 3786 2421 3832 et
2442 3779 2731 3846 incongrue
2777 3773 3054 3839 adhibitis,
3107 3783 3212 3827 tam
3242 3771 3394 3828 multi
3424 3784 3552 3825 suos
3592 3770 3774 3825 delen-

2191 3869 2322 3924 dere
2346 3877 2611 3922 conantur
2635 3879 2873 3920 errores.
2926 3862 3085 3917 Libro
3126 3872 3305 3916 contra
3351 3861 3667 3914 Mocianum.
3702 3861 3774 3914 De

2194 3960 2443 4015 Facundo
2469 3958 2838 4013 Hermianensi
2870 3955 2985 4025 lege
3013 3964 3257 4011 sanctum
3286 3952 3551 4008 Isidorum
3578 3954 3640 4006 de
3673 3949 3773 4005 Ec-

2192 4054 2312 4107 cles.
2348 4052 2546 4117 Script.
2573 4064 2689 4117 cap.
2724 4047 2809 4103 I9.

2904 4157 3063 4214 XLV.

3197 4264 3242 4305 S.
3268 4263 3617 4305 AUGUSTINUS.

3098 4321 3196 4390 Qui
3226 4335 3292 4374 ea
3317 4334 3439 4389 quae
3470 4336 3566 4388 pro
3596 4326 3778 4374 natura

2427 4268 2709 4311 CENSOBES.

2267 4326 2399 4380 Mihi
2463 4325 2767 4379 concludere
2838 4321 2955 4375 licet

500 4438 595 4497 est,
635 4424 770 4493 quod
809 4419 1261 4497 etipseUAugus‘ti-

502 4491 598 4552 nus
630 4491 927 4555 detestatur,
981 4492 1094 4543 licet
1149 4491 1260 4557 ejus

502 4566 877 4639 impertinentes
893 4559 1265 4639 adoratoresil-

504 4628 611 4692 tum
638 4651 791 4701 supra
821 4643 1121 4687 cteterorunt
1158 4628 1265 4701 Pa:

506 4722 639 4764 trum
675 4699 844 4773 capita
895 4712 1104 4771 ponant.
1150 4699 1262 4753 Soli

508 4787 725 4832 amentes
751 4779 823 4829 sic
842 4774 1211 4827 ratiocinantur
1243 4786 1259 4822 :

513 4850 654 4903 linus
683 4851 778 4899 hoc
822 4847 997 4898 doctor
1022 4840 1261 4905 asseruit,

500 4935 626 4989 ergo
652 4917 957 4969 credendum
976 4924 1068 4966 est.

1337 4428 1414 4472 tot
1437 4433 1498 4470 ac
1523 4421 1654 4471 tanti
1686 4419 1856 4472 sancti
1911 4417 2089 4470 erudi-

1336 4489 1481 4558 tique
1504 4489 1752 4543 doctores
1770 4488 1863 4542 tibi
1887 4502 1981 4556 pro
2005 4502 2090 4541 me

1338 4560 1420 4638 vel
1454 4570 1685 4625 mecum,
1727 4572 1929 4627 proque
1975 4573 2090 4638 oin—

1339 4629 1483 4680 nium
1524 4636 1764 4682 nostrum
1795 4638 1851 4681 et
1900 4636 1984 4681 tua
2014 4628 2093 4693 ip-

1337 4699 1474 4763 sius,
1496 4698 1549 4767 si
1579 4697 1742 4767 sapis,
1801 4698 1979 4752 salute
2006 4712 2095 4751 re-

1336 4766 1653 4833 spondent.’
1696 4768 1809 4822 Lib.
1851 4782 1867 4823 ι
1919 4776 2097 4822 contra

1334 4837 1477 4906 Jul.,
1508 4854 1622 4907 cap.
1650 4837 1707 4892 7.

1215 5001 1401 5057 IDEM.

580 5099 816 5170 Quilibet
843 5098 1031 5153 doctor
1079 5105 1165 5151 est
1190 5104 1480 5151 contentus
1520 5094 1587 5147 ad
1618 5093 1953 5163 probandum
2011 5091 2095 5147 di—

515 5207 658 5252 ctum
690 5207 873 5257 suum,
901 5190 947 5244 si
979 5196 1155 5257 potest
1183 5187 1384 5242 habere
1412 5200 1572 5240 unam
1594 5186 1965 5243 auctoritatem
1996 5185 2103 5239 Au-

511 5290 727 5363 gustini.
761 5287 785 5341 Ι
795 5286 898 5339 bid.

1215 5369 1395 5424 XLIII.

751 5478 1035 5522 CENSORI-18.

595 5543 717 5594 "me
757 5534 1027 5607 Augustini
1051 5532 1275 5607 obscuri-

1518 5474 1565 5513 S.
1602 5474 1941 5514 AUGUSTINUS.

1425 5530 1499 5585 De
1520 5544 1621 5599 qua
1640 5530 1955 5583 dillicillima
1973 5544 2109 5596 qum-

520 5624 595 5664 tas
623 5617 774 5665 etiam
808 5600 862 5662 in
908 5602 1278 5673 perlraclandis
1350 5601 1547 5664 stione,
1583 5602 1799 5673 hocest
1824 5600 1893 5653 de
1922 5604 2109 5652 volun-

520 5671 981 5751 prwdestinationis
1010 5682 1068 5751 _et
1096 5674 1281 5751 gratia:
1357 5684 1463 5751 late
1488 5684 1539 5751 et
1569 5671 1757 5751 gratia,
1778 5742 1790 5751 _
1814 5686 1919 5723 non
1960 5686 2111 5751 .Oplls

523 5745 773 5818 'ntysteriis
803 5746 1077 5818 apparuit;
1125 5745 1281 5818 siqui-

526 5812 636 5872 dein
679 5819 727 5869 in
778 5812 978 5867 scholas
1023 5813 1279 5878 theologo-

1357 5743 1517 5794 habui
1534 5742 1692 5795 etiam
1710 5743 1761 5793 in
1778 5742 1876 5793 hac
1889 5740 2110 5799 epistola

1356 5809 2112 5879 diutiustlisputarc,quoniatn

2194 4413 2310 4452 eum
2343 4398 2564 4451 noluisse
2604 4394 2712 4449 suis
2734 4395 2790 4447 in
2814 4392 2956 4446 libris

2197 4469 2353 4522 animi
2379 4468 2459 4521 sui
2478 4481 2637 4521 sensa
2654 4463 2791 4518 clare
2811 4480 2959 4529 expo-

2198 4556 2334 4603 nere,
2360 4547 2446 4590 aut
2470 4539 2523 4589 in
2555 4537 2616 4589 iis
2640 4533 2956 4600 exponendis

2197 4611 2322 4662 satis
2350 4612 2542 4661 clarum
2572 4622 2671 4660 non
2700 4607 2876 4669 fuisse,
2904 4612 2957 4657 ut

2200 4681 2401 4732 nullum
2440 4676 2714 4744 legentibus
2739 4678 2801 4730 de
2850 4678 2959 4746 ejus

3026 4390 3781 4463 qumstionum‘dilucideqdicta

3028 4461 3282 4519 existimo
3303 4461 3479 4515 adhuc
3507 4476 3616 4514 non
3639 4461 3785 4513 intel-

3030 4534 3216 4603 ligunt,
3259 4547 3367 4585 nou
3410 4531 3540 4584 mihi
3572 4533 3786 4603 calum.

3032 4602 3247 4657 nientur
3278 4617 3371 4667 pro
3420 4616 3531 4653 mea
3564 4602 3786 4652 faenilia-

3036 4674 3102 4727 tis
3147 4670 3444 4740 indigentia,
3464 4738 3472 4740 ν
3494 4671 3587 4740 sed
3617 4669 3789 4740 Deum

2200 4766 2318 4804 vera
2371 4737 2533 4801 mente
2590 4756 2639 4800 et
2691 4737 2965 4799 intentione
3039 4744 3212 4813 potius
3253 4737 3346 4809 pro
3372 4737 3676 4813 accipienda
3703 4741 3788 4791 in-

2203 4820 2474 4873 dubitandi
2512 4818 2679 4872 locum
2702 4819 2962 4886 relinque-
3041 4809 3331 4886 telligentia
3412 4809 3790 4886 deprccqntur.

2204 4901 2297 4945 ret.

3042 4877 3241 4937 Libfltt
3277 4881 3341 4934 de
3370 4887 3559 4949 peccat.
3618 4877 3789 4949 bimi.

3039 4968 3084 5009 et
3152 4954 3348 5006 remiss.
3404 4963 3582 5003 contra
3645 4948 3788 5002 Pela-

3037 5028 3197 5097 gium,
3223 5039 3338 5092 cap.
3364 5020 3421 5072 2.

2566 5144 2622 5200 S.
2656 5141 3088 5199 PRUDENTIUS
3112 5142 3421 5209 episcopus.

2278 5260 2321 5315 Ο
2364 5266 2663 5314 monstrum
2719 5258 3067 5321 horrendum,
3115 5271 3149 5310 ο
3208 5256 3441 5321 luguam
3494 5253 3788 5322 praeciden-

2210 5353 2331 5406 dam
2359 5353 2371 5403 l
2406 5366 2524 5420 qua:
2552 5350 2633 5402 vel
2660 5349 3013 5419 ignorantiam
3038 5346 3120 5401 vel
3144 5346 3399 5401 invidiam
3428 5347 3596 5399 lautis
3618 5346 3791 5398 docto-

2214 5444 2360 5516 ripus
2384 5443 2671 5511 importare
2703 5456 2805 5495 non
2831 5441 3043 5504 metuit,
3094 5447 3149 5492 ut
3178 5438 3267 5508 qui
3299 5437 3532 5492 obscura
3560 5438 3791 5491 revelare

2213 5533 2912 5600 Subierant,oliscurioribus
2923 5532 3082 5587 dietis
3094 5546 3153 5586 ea
3170 5530 3477 5599 implicrsse
3491 5530 3791 5591 credantur,

2216 5626 2426 5689 etc.,de
2443 5641 2541 5695 qua
2569 5641 2623 5678 re
2646 5632 2808 5679 testes
2838 5623 2991 5678 nobis
3013 5630 3136 5678 sunt
3161 5622 3283 5676 libri
3312 5621 3611 5676 beatissimi
3632 5619 3796 5673 Patris

2219 5719 2516 5788 Augustini.
2556 5717 2662 5771 Lib.
2693 5719 2754 5770 de
2792 5715 3042 5768 Pra’dest.
3086 5725 3261 5768 contra
3303 5712 3463 5766 Joan.
3501 5712 3796 5784 Erigenain,

2222 5830 2333 5881 cup.
2375 5809 2452 5863 Il.
