3930 6312
259 335 363 391 849

968 458 1149 511 XLVI.

488 559 773 601 εελευηιςς.

326 614 654 686 Augustinus,
670 634 783 670 cum
797 619 1018 686 pandere

253 671 473 759 alicujus
499 671 856 759 insuperabilis
887 671 1017 759 cli/ﬁ:-

251 753 455 825 eultatis
480 753 815 825 premebatur,
836 762 903 814 ad
924 753 1015 814 illa

250 822 700 900 rei-bdb'cripturw
752 822 1013 900 confugie-

251 889 331 943 bat
356 908 371 943 :
394 889 678 950 Oaltitudo
707 889 1007 956 divitiarum

245 962 521 1030 sapientia:
546 974 598 1020 et
619 968 854 1025 scientiae
881 973 968 1027 Dei
995 976 1006 1027 ε

1250 572 1294 607 S.
1329 568 1675 608 AUGUSTINUS.

1161 623 1350 677 Nimia:
1376 624 1624 676 Vanitatis
1651 631 1705 676 et
1733 638 1840 676 Cm-

1086 695 1260 748 citatis
1289 703 1433 755 sunt,
1482 694 1525 745 si
1557 694 1713 745 etiam
1760 694 1841 745 his

1088 764 1437 819 considet-alis
1480 764 1712 816 nondum
1763 763 1842 817 tli-

1087 844 1314 901 gnantur
1388 838 1687 885 exclamare
1745 850 1841 886 no-

1084 906 1285 959 biseum
1322 922 1333 955 :
1371 904 1413 955 0
1463 903 1677 955 altitudo
1713 904 1840 956 divi-

1083 976 1275 1027 tiarum
1309 974 1571 1038 sapientia:
1603 983 1647 1025 et
1670 976 1835 1025 scien-

1083 1045 1169 1097 tia:
1212 1044 1349 1097 Dei!
1398 1046 1564 1113 Epist.
1626 1045 1726 1097 I05
1771 1045 1835 1097 ad

1085 1116 1316 1170 Sixtum.

734 1203 1085 1263 ADRIANL‘S
1109 1221 1241 1275 papa
1266 1205 1330 1259 Vl

317 1282 371 1336 In
403 1288 655 1343 omnibus
684 1289 766 1345 bis
789 1293 1195 1349 exclamandum
1222 1303 1308 1350 est
1334 1310 1456 1349 cum
1483 1293 1778 1361 Augustino
1813 1309 1827 1343 :

245 1376 293 1425 Ο
320 1378 536 1434 altitudo
564 1382 861 1440 diuitiarum
894 1389 1159 1456 sapientiae
1204 1398 1248 1441 et
1277 1388 1499 1441 scientia:
1523 1385 1618 1439 Dei
1643 1387 1660 1439 .’
1692 1386 1744 1439 In
1798 1385 1831 1436 4

237 1468 679 1543 Sententiarum,
723 1487 915 1547 quaast.
949 1481 1000 1545 I,
1035 1484 1098 1533 de
1122 1480 1450 1547 pwnitentia,
1482 1479 1533 1533 in
1565 1478 1829 1534 solutione

238 1561 387 1614 tertii
414 1561 585 1621 dubii.

927 1661 1134 1717 XLVII.

474 1759 757 1806 CENSORES.

312 1808 608 1869 Doctrinam
672 1822 839 1873 sancti
890 1820 994 1875 Au-

229 1882 769 1963 gustinitlemysleriis
789 1895 990 1963 gratiae,
1067 1894 1133 1949 lis
1191 1895 1350 1958 nolis,
1384 1895 1477 1949 sed
1534 1882 1608 1948 tu"
1638 1882 1820 1947 eotitra

228 1950 499 2025 libertatis,
529 1950 990 2025 prwdestiiiationis
1063 1967 1161 2018 ista
1194 1950 1592 2019 niltilrdicturus
1614 1966 1692 2018 vis
1715 1980 1822 2018 non

226 2030 281 2071 et
307 2020 643 2104 Euclzuri'stia:
675 2031 989 2098 di/ferentem
1063 2035 1311 2104 intelligi,
1352 2034 1493 2101 quod
1524 2049 1623 2103 eg-i
1649 2035 1821 2088 veris-

226 2106 340 2145 esse
381 2094 753 2173 difﬁcillimam
783 2103 983 2158 intelle-
1059 2094 1428 2173 simuni'a'tque
1453 2094 1817 2158 firmissimum

224 2172 314 2214 ctu
342 2173 388 2217 et
415 2166 703 2225 obscuram.
884 2190 891 2196 '
1061 2174 1196 2229 dixi.
1218 2166 1395 2228 Lib.iv
1412 2174 1566 2243 Oper.
1588 2176 1815 2244 imperti.

1062 2262 1180 2316 cap.
1214 2244 1335 2316 140.
1374 2246 1569 2316 Relege
1595 2287 1608 2307 ,
1660 2247 1819 2316 etin-

1064 2314 1413 2386 teIIiges.Lib.
1442 2313 1661 2385 ttt,cap.
1692 2313 1813 2368 I91.

773 2403 1269 2465 CASSIODOIKUS.
1598 2466 1601 2467 ,

297 2486 412 2554 Ipse
439 2492 599 2546 etiam
630 2493 818 2549 doctor
837 2500 1065 2553 eximius
1088 2499 1431 2555 beatissimus
1458 2500 1809 2571 Augustinus,

217 2575 519 2633 debellator
549 2580 948 2651 haereticorum,
989 2588 1243 2645 defensor
1273 2590 1508 2645 ﬁdelium
1537 2600 1591 2644 et
1637 2589 1809 2644 famo-

214 2679 405 2720 sorum
435 2669 611 2737 palma
635 2676 1014 2745 certaminum,
1060 2686 1113 2733 tn
1167 2680 1492 2749 quibusdam
1538 2680 1689 2736 libris
1728 2682 1813 2736 ni-

213 2754 327 2807 mia
360 2755 679 2816 difﬁcultate
703 2767 1031 2833 reconditur,
1062 2769 1117 2822 in
1139 2769 1462 2839 quibusdam
1493 2770 1571 2826 sic
1596 2783 1678 2827 est
1710 2773 1815 2842 pla-

213 2844 497 2913 nissimus,
530 2858 588 2904 ut
618 2850 778 2908 etiam
812 2858 1043 2923 parvulis
1073 2859 1329 2927 probetur
1353 2872 1628 2930 acceptus,
1652 2863 1808 2932 cujus

214 2946 399 3003 aperta
425 2942 612 2995 suavia
643 2954 790 3010 sunt,
824 2948 1053 3003 obscura
1100 2966 1230 3004 vero
1253 2955 1465 3023 magnis
1488 2953 1807 3010 utilitatibus

216 3027 403 3083 farcita
434 3030 807 3101 pinguescunt.
833 3037 961 3107 Cap.
990 3038 1061 3093 22
1087 3042 1149 3094 de
1179 3042 1338 3096 divin.
1358 3043 1583 3100 Lectica.
1607 3046 1662 3098 In
1686 3045 1807 3116 qui-

216 3119 317 3171 bus
340 3131 557 3190 pr0pter
579 3125 958 3182 obscuritatem
980 3146 1160 3185 rerum
1183 3141 1237 3187 et
1253 3134 1601 3190 subtilitatem
1618 3136 1803 3204 dispu-

1232 1770 1278 1810 8.
1310 1769 1652 1810 AUGUSTINUS.

1140 1824 1361 1897 Prorsus
1410 1828 1697 1897 intelligar,
1732 1840 1823 1879 ve-
1857 1840 1899 1897 Β

1437 350 1754 407 VINBICIeE
1797 352 2360 409 AUGUSTINIANA'I.

1875 470 1923 524 Α
1951 480 2091 528 rum,
2119 477 2171 520 et
2204 475 2355 534 pater
2401 468 2617 523 luminis
2644 485 2805 539 super
2836 475 3013 528 omnia
3048 477 3323 533 luminaria
3350 484 3498 551 splen

3394 365 3530 425 .850

1949 556 2103 620 dens,
2132 556 2465 612 delectabilis
2499 561 2693 629 oculis,
2725 576 2787 615 ac
2839 578 2934 642 per
2964 568 3141 621 omnia
3197 573 3522 640 respiciens;

1948 646 2025 699 sic
2048 646 2377 714 Augustinus
2411 648 2703 705 Ecclesium
2728 651 3032 721 illustravit,
3086 673 3296 729 gemma
3343 662 3527 720 docto-

1948 751 2089 800 rum,
2123 746 2277 806 pater
2302 738 2697 809 theologorum,
2729 747 2914 801 suavis
2935 748 3167 817 eloquio,
3196 767 3383 809 omnes
3413 771 3526 810 ma-

1946 825 2104 879 terias
2134 829 2464 895 penetrando
2492 832 2811 889 dilucidans.
2855 835 3017 891 Parte
3046 844 3087 893 ll
3116 840 3316 897 Hister.
3347 846 3424 900 tit.
3468 849 3519 900 8.

1946 915 2009 969 Et
2032 917 2246 986 inferius
2269 936 2288 972 :
2321 919 2507 976 Merito
2532 924 2694 992 igitur
2723 925 2863 980 sicut
2891 930 2969 983 sol
3004 930 3292 1002 refulgens,
3323 939 3399 992 sic
3424 939 3523 993 iste

1942 1006 1994 1059 in
2023 1009 2220 1075 templo
2245 1009 2336 1063 Dei
2360 1011 2571 1067 refulsit
2598 1017 2884 1083 splendore
2912 1019 3171 1077 doctrina:
3186 1026 3520 1087 clarissimae.

1942 1096 2002 1151 S.
2032 1096 2256 1167 Prosper
2302 1100 2358 1153 in
2409 1103 2558 1171 epist.
2598 1105 2666 1156 ad
2698 1104 3037 1176 Augustinum
3069 1127 3088 1165 :
3112 1113 3398 1173 Recensito
3429 1136 3523 1173 au-

1940 1195 2045 1241 tem
2072 1186 2171 1242 hoc
2199 1190 2541 1246 beatitudinis
2570 1202 2672 1247 true
2706 1196 2864 1264 libro,
2896 1200 3031 1255 sicut
3057 1204 3146 1272 qui
3176 1217 3417 1264 sanctam
3439 1222 3519 1265 at-

1937 1296 2039 1348 que
2067 1282 2417 1348 apostolicam
2443 1283 2703 1341 doctrinae.
2726 1296 2829 1343 ture
2859 1294 3231 1349 auctoritatem
3254 1310 3407 1355 antea
3432 1318 3518 1357 se-

1937 1372 2255 1440 quebanlttr,
2318 1374 2764 1444 intelligentiores
2811 1381 2977 1436 multo
3038 1385 3513 1459 instruetioresque

1934 1462 2229 1531 suntfacti,
2259 1465 2330 1518 ita
2358 1464 2450 1535 qui
2512 1469 2879 1535 persuasionis
2931 1484 3043 1529 suae
3082 1476 3516 1547 impediebantur

1930 1554 2178 1622 obscuro,
2209 1557 2505 1613 aversiores
2531 1574 2689 1628 quam
2728 1560 2938 1618 fuerant
2970 1582 3330 1628 recesserunt.

2163 1757 2447 1799 CENSORI-IS.

2002 1810 2380 1866 Observandum
2404 1827 2474 1868 est
2494 1816 2689 1883 ipsum-

1932 1892 2032 1935 met
2074 1895 2304 1937 sanctum
2349 1887 2685 1953 Augustinum

1928 1954 2080 2024 fateri
2107 1970 2161 2006 se
2186 1956 2321 2009 circa
2354 1959 2539 2010 multas
2563 1972 2683 2024 pra:-

1927 2022 2277 2096 des‘tiuationis
2378 2022 2682 2096 question“

1926 2092 2139 2166 dubium
2188 2112 2323 2166 sa'pe
2358 2092 2572 2162 Merere,
2628 2115 2682 2151 se

1925 2161 2042 2215 illas
2086 2161 2513 2235 insuperabiltbus
2533 2161 2681 2235 diffi-

1921 2234 2212 2287 cultatibus
2230 2237 2403 2302 plenas
2434 2234 2677 2303 reperire,

1920 2304 2101 2369 quibus
2144 2308 2375 2377 (nullam
2456 2326 2678 2377 unquam

1919 2375 2333 2450 responsionem,
2368 2381 2447 2430 cui
2476 2375 2682 2450 acquie-

1915 2455 2094 2521 sceret,
2112 2446 2236 2521 dare
2256 2451 2472 2515 potuerit
2501 2446 2683 2521 praeter

1916 2512 2223 2577 ignorantia:
2257 2512 2368 2571 sua:
2404 2531 2451 2572 et
2501 2512 2680 2577 altitu-

1955 2584 2381 2653 inisjudiciorum
2416 2589 2510 2642 Dei
2547 2609 2671 2647 con-

1915 2654 2204 2717 fessionem.

2924 1764 2969 1801 ς.
3002 1767 3342 1812 AUGUSTINUS.

2828 1816 3033 1882 Quaeris
3090 1833 3143 1876 tu
3213 1832 3512 1886 rationem?

2758 1900 2857 1954 ego
2886 1903 3237 1958 expavescam
3270 1899 3510 1955 altitudi-

2755 1971 2877 2011 nem
2908 1976 2924 2013 :
2959 1960 3003 2014 0
3044 1964 3261 2020 altitudo
3302 1970 3511 2023 divitiu-

2753 2043 2869 2079 rum
2895 2047 2953 2082 sa
2991 2033 3159 2087 ientio:
3208 2046 3256 2090 et
3285 2043 3511 2097 scientia:

2755 2097 2897 2152 Dei!
2922 2049 2999 2154 Ἰξι
3028 2106 3363 2154 raliocinare.
3409 2127 3509 2154 ροηι

2755 2097 2853 2180 Dei
2875 2100 2897 2152 !
2922 2097 2999 2157 Tu
3028 2106 3367 2181 ratiocinare,
3409 2127 3509 2181 egi

2756 2172 2946 2251 mirer;
3019 2183 3084 2251 tu_
3118 2176 3363 2251 disputa,
3410 2172 3510 2251 ego

2751 2240 3000 2310 credam;
3039 2240 3375 2304 altitudinem
3425 2240 3505 2305 vi-

2751 2311 2873 2374 deo,
2931 2314 2998 2367 ad
3047 2315 3366 2381 profundum
3400 2337 3504 2375 non

2754 2383 3028 2448 pervenio.
3107 2387 3293 2442 Postea
3338 2408 3350 2442 :
3402 2392 3507 2448 Rc-

2753 2452 2975 2534 quievit,
3007 2458 3127 2522 quia
3158 2458 3365 2514 invenit.
3409 2464 3504 2517 ad-

2754 2534 3122 2590 ιιιιιθίιιιοηεηη
3154 2543 3311 2601 nemo
3352 2549 3470 2601 quae
3488 2565 3501 2573 -

2752 2602 2831 2644 rat
2864 2608 2893 2645 a
2919 2608 3003 2645 tne
3042 2599 3379 2652 occultorum
3420 2620 3502 2655 l3-

2748 2662 2965 2715 tiOnem.
2993 2662 3086 2717 Ille
3107 2667 3264 2723 dicit:
3297 2668 3507 2726 Inseru-

2746 2732 2924 2809 tubilia
2966 2745 3084 2809 sunt
3119 2738 3321 2809 judicia
3369 2744 3501 2809 ejus,

1912 2801 1966 2873 et
1992 2801 2042 2845 tu
2064 2798 2304 2873 .scmtari
2332 2799 2573 2877 venisti?
2616 2801 2708 2859 Ille
2748 2801 2918 2877 dicit,
2944 2798 3341 2877 Aliiuest'igabiles
3385 2798 3502 2865 iuni

1912 2864 2005 2912 vite
2026 2865 2158 2941 ejus,
2207 2874 2349 2941 ettu
2380 2872 2701 2941 investigare
2730 2864 2961 2929 venisti?
3018 2874 3074 2927 Si
3130 2864 3493 2935 iiiscrutaliilia

1911 2937 2139 3017 scrutari
2173 2939 2383 3017 venisti,
2410 2949 2465 3017 et
2505 2937 3247 3017 investigabilia_itivestigare
3274 2953 3489 3015 venisti.

1910 3004 2090 3070 crede,
2113 3005 2222 3075 jam
2251 3011 2475 3077 periisti.
2502 3013 2669 3067 Serm.
2699 3004 2771 3069 ΞΟ
2802 3012 2864 3066 de
2899 3013 3049 3068 Verb.
3087 3004 3267 3087 Apost.

2421 3122 2480 3176 S.
2510 3124 2689 3179 FULG
2702 3126 2969 3183 ENTIUS.

215 3212 475 3266 IalIUIIIIln
517 3215 695 3271 minus
741 3222 1102 3289 Augustinum
1148 3225 1447 3292 intelligere
1494 3240 1797 3294 possumus,
1830 3208 1876 3269 (ἶ
1980 3228 2183 3283 Revera
2214 3231 2356 3285 enim
2384 3232 2575 3288 frustra
2610 3236 2760 3293 labor
2807 3242 3098 3309 superﬂuae
3151 3248 3498 3303 scrutationis

216 3305 301 3356 \‘cI
329 3322 358 3358 a
390 3306 611 3362 Domino
648 3312 1050 3383 intelligentiam
1087 3317 1439 3385 postulemus,
1467 3318 1550 3372 vel
1598 3322 1666 3373 ab
1722 3321 1800 3375 eis

220 3411 358 3461 quos
389 3398 503 3465 ipse
526 3413 624 3456 suo
649 3402 794 3458 dono
847 3405 1155 3462 illuminare
1176 3408 1424 3478 dignatus
1454 3418 1557 3473 est,
1584 3409 1800 3465 humili-

213 3498 297 3542 ter
327 3504 426 3545 nos
453 3492 631 3549 doceri
679 3496 962 3565 patiamur,
1013 3514 1076 3553 ac
1131 3500 1507 3569 deprecemur.
1560 3500 1799 3556 Ecclesia

212 3587 572 3657 Lugdunensis
622 3592 710 3647 lib.
792 3595 855 3649 de
906 3598 1125 3649 tenenda
1171 3610 1333 3650 sacrm
1383 3595 1583 3663 Script.
1629 3600 1797 3665 uerit.,

210 3697 331 3748 ευρ.
374 3681 428 3735 9.

891 3777 1118 3833 XLVIII.

456 3879 734 3924 CENSORI-IS.

284 3931 433 4006 Nova
450 3949 749 4006 argumenta
767 3942 833 3993 ad
860 3957 968 4006 pro-

207 4004 435 4057 bandum
467 4004 758 4062 doctrinam
808 4004 970 4064 sancti

206 4076 483 4149 Augustini
559 4078 623 4132 de
716 4084 969 4149 mysteriis

204 4161 236 4211 g
269 4146 387 4198 alia:
412 4155 457 4199 et
505 4146 968 4215 prwdestiriationis

205 4215 598 4290 esseobscuram
626 4231 672 4273 et
706 4221 969 4290 difﬁcilem

205 4285 487 4340 intellectu.

1205 3884 1252 3925 S.
1285 3886 1388 3927 AUG
1400 3885 1637 3927 USTINUS.

1111 3941 1164 3997 Si
1199 3956 1302 3996 non
1350 3944 1429 3996 vis
1475 3943 1795 4012 intelligere,

1041 4023 1132 4064 aut
1163 4014 1206 4065 si
1240 4024 1289 4066 te
1321 4012 1474 4080 lingis
1505 4028 1611 4066 non
1636 4014 1795 4065 intel-

1041 4082 1248 4147 ligere.
1313 4085 1419 4136 nuli
1485 4082 1796 4149 obstrepere

1043 4152 1341 4207 volentibus
1397 4162 1449 4207 et
1503 4152 1798 4207 valentibus

1042 4224 1361 4291 intelligere.
1391 4222 1504 4275 Lib.
1541 4238 1590 4276 tv
1619 4236 1797 4275 contra

1038 4294 1176 4358 Jul.,
1204 4308 1319 4361 cap.
1349 4293 1440 4348 46.

787 4383 843 4439 S.
878 4384 1209 4441 I’ROSPER.

283 4471 340 4525 In
365 4471 556 4540 quibus
609 4474 916 4544 (Augustini
950 4478 1133 4547 dictis)
1177 4478 1320 4532 nulla
1343 4488 1424 4532 est
1472 4478 1793 4543 obscuritas,

203 4560 249 4611 si
274 4559 341 4612 de
377 4560 480 4614 Iide
507 4564 994 4630 praedestinatiunis
1025 4576 1079 4621 et
1102 4568 1308 4638 gratim,
1334 4583 1398 4621 ex
1431 4583 1535 4636 qua
1567 4578 1649 4622 est
1678 4584 1789 4621 om-
1822 4578 1874 4636 υ
1967 4575 2320 4655 Cumsanctus
2343 4576 2656 4655 Augustinus

216 4651 367 4706 nium
399 4653 657 4709 bonorum
685 4658 836 4727 origo
871 4700 887 4723 ,
922 4659 1427 4729 perseverantiaquc
1456 4661 1789 4725 meritorum,

205 4742 308 4798 hoc
333 4751 598 4813 teneatur,
655 4749 795 4817 quod
845 4751 1007 4805 habet
1037 4752 1253 4806 veritas.
1315 4749 1379 4802 In
1407 4752 1512 4818 ﬁne
1557 4767 1693 4818 resp.
1724 4751 1791 4804 ad

201 4832 467 4903 Excerpta
490 4839 831 4894 Genuensium
849 4858 912 4896 ex
931 4843 1075 4896 libris
1106 4844 1167 4897 S.
1232 4845 1502 4912 Augustini
1556 4845 1621 4897 de
1650 4844 1793 4899 Prte-

201 4926 335 4979 dest.
364 4939 655 4983 sauctorum
677 4943 722 4985 et
761 4933 824 4986 de
854 4932 1002 4987 Dono
1031 4939 1435 5004 perseverantiaz.

909 5025 1093 5083 XLIX.

446 5130 730 5171 CENSORI-IS.
1203 5131 1249 5171 S.
1281 5130 1623 5172 AUGUSTINUS.

280 5181 507 5253 Denique
534 5197 587 5240 ut
607 5187 701 5240 hoc
722 5199 874 5256 caput
903 5190 964 5244 de
1108 5188 1221 5242 Non
1274 5197 1448 5242 tamen
1480 5188 1690 5243 laboras
1734 5200 1791 5243 ut

198 5257 367 5329 sancti
392 5258 668 5329 ﬁugustiui
699 5260 962 5311 verborum
1037 5259 1426 5329 meinlelligas,
1468 5259 1607 5327 quod
1641 5259 1789 5313 facil-

197 5326 963 5398 obscuritateirrefragabilira-
1038 5329 1159 5382 lime
1206 5326 1377 5397 poles,
1428 5326 1521 5384 sed
1579 5329 1789 5383 laboras

197 5398 336 5447 tione
361 5397 686 5466 concludant,
715 5397 781 5452 et
836 5415 965 5453 verte
1038 5410 1092 5452 ut
1116 5414 1200 5453 me
1248 5399 1482 5462 refellas,
1510 5400 1652 5469 quod
1682 5414 1788 5455 non

196 5466 363 5541 ipsius
394 5472 628 5541 mentis
667 5470 958 5539 detegenda:
1033 5480 1204 5541 potes.
1239 5468 1351 5523 Lib.
1401 5486 1457 5541 t_tt
1487 5466 1665 5541 Uperis
1691 5471 1786 5523 im-

194 5536 556 5601 dlf/icultatem
596 5536 956 5607 demonstrem,
1029 5536 1183 5610 per[.,
1215 5555 1329 5610 cap.
1359 5539 1481 5594 141.

194 5616 303 5660 etc.

742 5702 799 5758 S.
826 5701 1230 5757 ANTONINUS.

266 5792 430 5860 Quasi
459 5794 539 5847 sol
571 5793 863 5862 refulgens,
910 5794 997 5864 qui
1022 5795 1271 5849 dominus
1318 5792 1513 5848 dicitur
1545 5792 1781 5862 p'ancta-

1908 3318 2256 3389 impenditur,
2292 3324 2379 3379 ubi
2406 3326 2549 3379 nulla
2579 3327 2906 3383 inventionis
2947 3334 3101 3400 copia
3149 3334 3493 3407 suil‘ragatur,

1906 3421 1961 3465 et
1993 3416 2147 3467 noxia
2182 3416 2464 3472 curiositas
2494 3418 2546 3472 in
2572 3430 2778 3475 reatum
2806 3424 3047 3489 protinus
3080 3425 3297 3494 labitur,
3325 3445 3493 3497 quan-

1905 3504 1974 3557 do
2028 3506 2243 3559 modum
2300 3522 2455 3561 suum
2498 3510 2732 3564 humana
2781 3511 3066 3567 infirmitas
3098 3532 3202 3569 non
3252 3522 3490 3576 metitur.

1904 3592 2041 3656 Quin
2070 3596 2245 3661 potius
2273 3596 2323 3647 in
2355 3598 2456 3650 hoc
2509 3599 2924 3663 profundissimo
2951 3601 3150 3656 divinas
3204 3607 3490 3661 voluntatis

1904 3698 2102 3737 arcano
2131 3684 2261 3737 nihil
2316 3686 2461 3739 aliud
2495 3696 2697 3742 nostra:
2742 3690 2905 3744 saluti
2949 3705 3248 3760 congruere
3278 3700 3491 3752 noveri-

1905 3790 2043 3839 mus,
2077 3776 2175 3829 nisi
2209 3791 2327 3830 cum
2360 3778 2529 3833 David
2560 3781 2925 3851 unusquisque
2950 3794 3188 3839 nostrum
3212 3785 3489 3845 humiliter

1903 3866 2046 3917 dicat
2076 3882 2088 3918 :
2126 3862 2385 3920 Mirabilis
2418 3870 2556 3939 facta
2580 3880 2649 3924 est
2677 3871 2889 3925 scientia
2936 3882 3024 3926 tua
3044 3889 3107 3928 ex
3135 3892 3248 3942 me;
3274 3880 3486 3949 confor-

1904 3963 2011 4007 tata
2040 3964 2132 4021 est,
2166 3972 2255 4009 nec
2282 3968 2458 4026 potero
2489 3960 2557 4011 ad
2578 3976 2710 4013 eam.
2745 3961 2879 4015 Cum
2926 3963 3082 4019 beato
3109 3982 3320 4037 quoque
3350 3970 3487 4025 I'au-

1904 4047 1953 4099 lu
1986 4048 2221 4115 religiosi
2262 4050 2515 4105 clarnoris
2539 4052 2827 4123 jungamns
2870 4054 3117 4111 allectum
3148 4062 3235 4128 qui
3290 4063 3401 4116 ait:
3440 4062 3485 4117 0

1901 4139 2123 4195 altitudo
2173 4142 2465 4196 divitiarum
2494 4145 2761 4210 sapientiae
2790 4158 2838 4199 et
2897 4146 3123 4205 scientias
3152 4151 3284 4206 Dei!
3325 4155 3439 4210 Lib.
3468 4174 3482 4210 ι

1901 4231 1968 4284 de
2002 4231 2167 4286 Verit.
2204 4233 2457 4300 praedest.
2521 4235 2665 4305 Lege
2698 4236 3020 4306 Prosperum
3052 4242 3116 4294 ad
3148 4242 3276 4298 dub.
3310 4244 3343 4298 4
3368 4258 3421 4301 et
3450 4248 3480 4300 7

1902 4319 2263 4375 Gcnuensium
2582 4332 2585 4335 ί

2658 4416 2743 4470 LI.

2135 4518 2421 4559 CBNSUBES.
2891 4526 2936 4565 S.
2970 4528 3318 4568 AUGUSTINUS.

2801 4579 3005 4655 Videtis
3035 4592 3179 4638 Certe
3202 4587 3326 4655 quid
3356 4596 3480 4645 tunc

2730 4652 2797 4706 de
2849 4653 2971 4725 (ide,
3020 4664 3179 4723 atque
3221 4652 3479 4725 opt-ribus

2729 4722 3059 4787 sentiebam,
3096 4722 3356 4792 quamvis
3412 4731 3479 4783 de

2728 4794 3150 4866 commendanda
3184 4796 3275 4850 Ilei
3310 4803 3479 4866 gratia

2730 4862 3045 4933 laborarem.
3072 4864 3123 4917 in
3146 4879 3250 4933 qua
3275 4862 3483 4925 senten-

2729 4932 2799 4985 tia
2844 4932 2976 4986 istos
3027 4932 3220 4989 fratres
3265 4950 3478 4994 nostro.-

2727 5003 2944 5070 (nempe
2964 5003 3478 5082 Semifi’elagianos)

2726 5087 2843 5146 esse
2871 5089 3010 5127 nunc
3036 5075 3211 5142 video,
3232 5075 3350 5146 quia
3371 5075 3475 5135 non

2724 5140 2859 5216 sicut
2883 5146 3065 5216 legere
3098 5140 3262 5201 libros
3288 5166 3436 5205 meos
3460 5196 3473 5216 ,

2724 5214 2791 5266 ita
2823 5214 2981 5268 etiam
3033 5216 3083 5268 in
3127 5218 3205 5271 eis
3252 5214 3474 5275 curare-9

2723 5292 2847 5337 runt
2916 5287 3175 5348 prolicere
3241 5305 3472 5345 ntecum.

2722 5353 2833 5407 Lib.
2876 5358 2940 5409 de
2986 5356 3231 5409 I’rtzdesl.
3274 5370 3476 5413 sancto-

2722 5441 2858 5486 rum,
2889 5442 3003 5494 cap.
3022 5425 3075 5481 4.

2470 5518 2527 5571 S.
2556 5515 2891 5571 PROSPER.

1964 5606 2098 5674 Quia
2124 5622 2251 5677 ergo
2293 5621 2393 5663 nec
2433 5608 2600 5677 justa,
2648 5622 2747 5662 nec
2794 5607 3124 5662 rationabilis
3162 5608 3462 5681 intelligittu

1893 5714 2079 5756 eorum
2110 5699 2275 5755 fuisse
2320 5701 2596 5769 persuasio
2617 5741 2631 5764 ,
2661 5701 2751 5771 qui
2783 5698 2939 5769 hujus
2982 5699 3083 5756 viri
3112 5701 3328 5775 (nempe
3358 5711 3468 5762 Au-

1891 5793 2111 5866 gustini)
2161 5794 2439 5854 scientiam
2496 5804 2575 5853 tot
2634 5797 3085 5854 incrementorum
3144 5802 3469 5870 protectibus

1900 4650 2199 4700 sententiam
2255 4664 2401 4700 suam
2447 4651 2499 4699 in
2563 4649 2657 4700 hac

1903 4719 2114 4771 materia
2145 4729 2218 4770 ter
2244 4720 2528 4783 mutaverit,
2562 4718 2657 4772 hoc

1900 4803 1991 4840 nos
2030 4791 2098 4842 ad
2145 4790 2456 4842 credendum
2503 4790 2656 4842 indu-

1898 4860 1993 4923 xit,
2025 4870 2255 4930 sanctum
2286 4861 2652 4930 Augustinum,

1900 4931 2124 4997 quamvis
2141 4929 2400 4983 eminentis
2427 4937 2554 4982 esset
2574 4931 2652 4981 in-

1900 5001 2056 5065 genii,
2089 5001 2194 5052 suis
2242 5000 2652 5052 meditationibus

1900 5072 1998 5121 nan
2059 5071 2381 5137 acquievisse,
2435 5079 2481 5122 et
2540 5081 2653 5137 post

1898 5148 1968 5191 tot
2013 5150 2224 5193 conatus
2276 5143 2341 5191 ad
2391 5151 2651 5209 penetrum

1896 5210 2019 5262 dum
2039 5211 2501 5281 prwdestintttioitis
2522 5227 2651 5280 mys-

1897 5281 2080 5333 terium
2131 5292 2453 5351 consumptos
2500 5298 2650 5334 coac-

1895 5360 2002 5403 tum
2078 5353 2237 5422 fuisse
2299 5353 2647 5420 inﬁrmitatem

1894 5438 2038 5474 suam
2050 5423 2222 5492 fateri.
