3930 6314
496 319 594 372 est

1389 319 1950 377 SUFPLEMENTUM
1995 320 2084 376 At)
2127 318 2348 374 OPERA
2391 319 2448 375 S.
2490 319 2881 376 AUGUSTINI.

3671 312 3789 368 85‘!

494 429 841 497 adiﬁcatam,
872 437 948 482 tot
992 443 1250 482 annorum
1283 430 1473 484 studiis
1502 432 1793 500 expolitam
1846 432 1909 485 ad
1953 433 2082 484 ado-
2117 434 2165 492 Α
2193 431 2242 484 in
2269 446 2367 499 qua
2401 441 2479 485 cst
2510 429 2990 498 prmdestinationis
3019 427 3262 494 euectus,
3295 435 3348 483 et
3379 428 3787 498 pra'scienziam

492 523 770 576 lescenlite
792 521 1460 594 ruditnentatevocabant,
1489 533 1543 574 ut
1575 526 1742 593 magis
1764 523 2082 594 sum-agure-

490 626 572 666 tnr
605 614 872 668 haereticis
891 613 1030 680 quod
1056 590 1192 666 initer
1217 614 1362 667 initia
1391 616 1883 668 conversionissuze
1910 616 2080 680 impe-

489 706 590 759 rite
615 715 878 767 senscrat,
907 718 1063 771 quam
1108 703 1386 773 prodesset
1418 705 1692 758 catholicis
1722 704 1860 772 quod
1909 704 2082 772 ponti-

495 797 669 851 ticalis
699 796 990 865 diligentia
1021 797 1218 850 veritas
1248 797 1528 863 revelarat,
1563 799 1756 852 merito
1804 797 1924 851 illos
1979 798 2078 851 hoc

492 887 802 957 pra-judicio
825 897 1057 952 utentes,
1091 895 1146 942 et
1193 889 1243 940 in
1292 887 1374 941 his
1417 904 1534 957 qua:
1583 887 1782 941 dudum
1835 888 2076 941 abdicata

493 980 703 1034 tuerant
728 980 1095 1045 immorantes,
1133 978 1202 1047 pii
1229 977 1465 1032 doctoris
1493 980 1728 1046 gravitas
1754 987 1901 1032 notat
1930 981 2071 1046 quod

491 1069 578 1137 qui
596 1077 918 1122 curaverunt
939 1083 1127 1123 omnes
1149 1083 1336 1124 sensus
1353 1069 1518 1135 ipsius
1542 1069 1791 1136 indagare
1809 1071 2076 1124 noluerint

487 1173 608 1214 cum
633 1160 749 1231 ejus
769 1159 1067 1214 eruditione
1085 1158 1360 1228 prOﬁccre.
1383 1158 1532 1229 Resp.
1551 1161 1618 1211 ad
1639 1159 1760 1215 dub.
1787 1158 1820 1210 3
1843 1170 2066 1228 excerpt.

485 1252 768 1323 Genuens.,
793 1258 842 1308 in
871 1258 991 1324 ﬁne.

1224 1345 1330 1400 LII.

709 1453 993 1494 CENSORI-IS.
1487 1452 1534 1490 8.
1563 1452 1879 1490 AUGUSTINUS

513 1509 517 1512 “
558 1506 667 1561 Nec
714 1512 1005 1561 mirantium
1047 1518 1138 1568 cst.
1191 1510 1234 1561 si
1384 1507 1523 1559 Dicis
1548 1523 1629 1558 tne
1657 1521 1867 1574 quoque
1893 1507 2063 1572 ipsum

483 1578 808 1648 (AugttStini)
853 1580 1058 1648 ingenio
1105 1580 1234 1630 inter
1309 1578 1592 1629 innovasse
1615 1588 2066 1648 sensusmens.et

481 1663 553 1698 tot
574 1647 849 1702 sententias
874 1647 989 1718 quia
1011 1650 1086 1702 illi
1116 1666 1233 1714 pro-
1310 1649 1457 1700 initio
1507 1647 1876 1699 conversionis
1934 1663 2064 1697 tuen:

477 1719 667 1773 habiles
719 1721 1057 1780 uidebantur,
1105 1722 1235 1788 ﬂuc-
1309 1719 1408 1770 ltoc
1473 1719 1706 1771 sensisse
1773 1718 1914 1786 quod
1984 1726 2062 1788 tu.

479 1786 1232 1860 taaute,asseraturipsunttcr
1305 1789 1408 1842 Sed
1465 1790 1632 1854 fallis,
1679 1799 1771 1860 aut
1821 1786 2060 1860 falleris,
2101 1799 2144 1859 Β

1305 1862 1417 1913 sive
1439 1857 1812 1911 calumniando
1844 1859 1905 1910 iis
1950 1873 2066 1924 qua.

1312 1946 1448 1982 nuut:
1467 1930 1616 1992 dico,
1642 1931 1754 1980 sive
1779 1941 1880 1980 non
1914 1927 2069 1980 intel—

479 1997 717 2068 ligendo,
741 2001 820 2069 vel
849 2001 1023 2066 potius
1049 2017 1154 2053 linit
1184 2001 1405 2068 legendo
1428 2014 1488 2052 ea
1507 2015 1626 2069 qua:
1644 2008 1770 2051 tunc
1792 1997 1923 2050 dixi.
1952 1995 2062 2050 Lib.

480 2085 528 2122 vt
560 2079 741 2122 contra
762 2068 900 2135 Jul.,
933 2085 1049 2138 cap.
1087 2073 1167 2123 12.

1186 2161 1369 2214 IDEM.

542 2251 753 2306 Maneat
786 2252 960 2319 plane,
995 2259 1212 2304 maneat
1242 2252 1342 2303 ista
1389 2248 1646 2314 conditio,
1693 2263 1746 2302 ut
1775 2249 1965 2304 borum
1999 2250 2060 2303 li-

475 2343 689 2397 brorum
719 2345 928 2398 novitas
950 2345 1226 2412 repudiata
1251 2343 1512 2407 videatur,
1538 2346 1581 2396 si
1612 2344 1663 2397 in
1693 2344 1879 2398 eadem
1899 2361 2060 2398 cansa

471 2433 712 2502 ejusdem
745 2436 844 2488 viri
873 2435 1102 2505 (scilicet
1133 2435 1444 2504 Augustini)
1474 2436 1725 2490 dissentit
1747 2437 2060 2504 antiquitas,

469 2535 525 2578 et
563 2533 620 2580 ut
654 2527 838 2582 inutile
864 2536 956 2580 aut
1002 2527 1350 2596 incongruum
1387 2528 1660 2596 judicetur
1687 2530 1830 2599 quod
1870 2531 1935 2584 ub
1977 2533 2060 2587 his

471 2631 590 2682 qua:
618 2627 806 2671 contra
837 2616 1154 2687 Pelagianos
1180 2616 1420 2672 condidit
1449 2619 1735 2673 dissonans
1767 2620 2054 2675 invenitur.

470 2704 537 2758 In
559 2707 661 2775 [ine
689 2707 779 2760 lib.
805 2719 944 2762 cont.
967 2707 1156 2762 Collat.

1197 2801 1329 2857 LIII.

477 1871 700 1914 mutasse
721 1862 1034 1914 senuntiam.

700 2905 986 2945 CENSORES.
1467 2907 1513 2945 S.
1549 2911 1887 2950 AUGUSTINUi.

537 2959 834 3028 Saepissime
858 2973 1096 3030 (sanctus
1117 2964 1224 3014 An-
1369 2964 1447 3017 AtI
1490 2967 1665 3017 omnia
1699 2983 1781 3018 mc
1814 2967 1904 3019 tibi
1938 2981 2052 3019 res-

466 3032 736 3097 gustinus)
769 3032 934 3101 [assus
964 3042 1035 3083 cst
1079 3033 1222 3100 dif/is
1265 3039 1571 3100 _|~.ondissc.
1600 3036 1832 3100 Julianc,
1858 3050 1904 3090 et
1941 3053 2054 3088 ont-

465 3101 676 3153 cultates
721 3113 811 3152 aut
865 3117 895 3152 a
951 3118 1220 3167 semetpso
1295 3120 1376 3154 uta
1430 3104 1710 3167 rel'ellisse,
1744 3121 1872 3168 ctc.,
1925 3117 2051 3169 puto

465 3180 566 3222 our
583 3171 644 3221 ab
674 3172 979 3222 adversariis
1022 3174 1076 3222 in
1123 3172 1220 3224 hac

465 3240 678 3292 materia
691 3242 980 3306 propositas
994 3256 1108 3292 suas
1125 3259 1221 3294 res-

463 3310 741 3374 ponsiones
777 3311 1037 3373 excedere,
1080 3327 1222 3362 men-

462 3389 660 3447 temque
678 3395 825 3433 suam
864 3384 1027 3450 magis
1054 3381 1222 3451 objec-

463 3451 686 3504 tionibus
712 3452 881 3503 vexari
907 3467 1058 3520 quam
1092 3452 1222 3506 solu~

466 3521 687 3575 tionibus
714 3523 1056 3592 acquiescere.

1293 3258 1390 3294 cax
1411 3258 1516 3296 non
1541 3259 1619 3296 e~.
1647 3243 1758 3296 Lib.
1790 3261 1838 3296 Vl
1872 3259 2050 3300 contra

1291 3311 1428 3377 .Iul.,
1457 3329 1573 3380 cap.
1617 3315 1706 3367 ‘26.
1761 3315 1910 3369 Unde
1957 3317 2047 3369 tibi

1292 3382 1501 3437 duobus
1516 3387 1781 3449 prioribus
1801 3385 1948 3438 libris
1970 3387 2050 3442 sic

1293 3469 1378 3506 me
1429 3455 1770 3521 respondisse
1794 3457 2045 3523 arbitror,

1296 3533 1351 3576 ut
1380 3539 1407 3576 a
1440 3527 1586 3595 nullo
1617 3526 1842 3594 amplius
1870 3530 2047 3595 requi-

1292 3604 1460 3650 ratur.
1512 3593 1668 3648 Initio
1710 3593 1800 3650 lib.
1851 3612 1882 3650 v
1910 3593 2044 3652 cont.

1289 3665 1542 3722 eumdem.

1169 3780 1352 3834 IDEM.

553 3889 659 3954 ιςθε
678 3891 778 3941 sola
797 3897 874 3939 est
893 3892 991 3938 ἱῐιὶε
1014 3891 1303 3954 synodorum
1331 3897 1501 3941 exerta
1527 3898 1759 3954 potestas,

554 3952 655 4016 ρει]
676 3966 801 4012 quos
823 3966 917 3998 ιιοη
943 3961 1138 4011 possent
1162 3953 1348 3998 ratione
1375 3952 1607 4002 evincere
1636 3952 1806 4016 tto-tri,

555 4012 613 4075 Ei
640 4022 946 4075 premerent,
966 4016 1193 4075 discussae
1211 4021 1364 4072 artes,
1387 4018 1616 4075 virusque
1639 4012 1880 4066 retectum
1909 4028 1984 4069 est

555 4071 789 4136 [heretici
812 4085 1006 4133 sensus,
1034 4074 1110 4120 nul
1137 4086 1314 4136 ututue
1336 4071 1796 4136 omniuo'reliclum,

554 4132 708 4180 Docta
733 4133 873 4194 tides,
897 4132 1024 4194 quod
1050 4147 1143 4183 non
1161 4134 1455 4186 dissolveret
1473 4132 1832 4199 argumentum.

467 4195 531 4249 Et
561 4205 744 4260 postea
781 4212 794 4246 :

556 4263 632 4327 Au
654 4262 799 4327 alium
820 4267 868 4314 in
894 4263 1034 4314 linem
1062 4272 1226 4327 posset
1250 4267 1521 4327 procedere
1544 4277 1764 4319 sanctum

555 4324 840 4392 Concilium,
869 4330 945 4376 cui
971 4324 1076 4374 dux'
1102 4324 1344 4386 Aurelius,
1366 4331 1712 4392 ingeniumque

557 4389 864 4447 Augustinus
888 4396 1014 4448 erat,
1039 4402 1185 4448 quem
1207 4392 1382 4438 Christi
1412 4389 1562 4450 grstia
1587 4389 1736 4442 cornu

562 4451 802 4511 liberiore
820 4453 984 4511 rigans
1006 4463 1171 4499 nostro
1191 4451 1357 4500 lumen
1380 4454 1512 4501 dedit
1534 4467 1639 4502 aevo
1656 4458 1679 4506 ’ἶ

471 4512 662 4566 Contra
691 4510 950 4582 Ingratos,
977 4528 1092 4581 cap.
1122 4512 1176 4565 2.

1187 4604 1320 4658 LIV.

695 4713 980 4754 CBNSORES.
1107 4739 1110 4742 ~
1465 4713 1511 4752 S.
1547 4714 1882 4753 AUGUSTINUS.

537 4766 755 4823 Fatetur
811 4767 1220 4839 (Augustinus)
1364 4770 1487 4823 Ha'c
1535 4779 1694 4835 atque
1745 4771 2048 4839 hujusmodi

463 4857 608 4911 suam
699 4841 986 4892 doctrinam
1081 4844 1099 4908 (
1152 4841 1220 4894 de
1293 4856 1411 4892 cum
1437 4842 1686 4894 dicuntur
1715 4841 1828 4894 sive
1868 4845 2048 4911 paucis

465 4908 982 4980 prwdestinatione)
1067 4913 1221 4965 talem
1294 4911 1633 4977 Christianis,
1669 4914 1786 4966 sive
1813 4908 2049 4966 multitu—

458 4999 486 5029 «ι
513 4995 567 5031 se
659 4991 712 5031 ut
835 4982 1040 5047 populis
1133 4993 1222 5036 aut
1293 4983 1400 5035 dini
1426 4982 1701 5048 Ecclesias,
1733 4998 1826 5035 cur
1853 4985 2044 5036 metui-

459 5048 748 5103 [ominibus
763 5050 1008 5104 tardioris
1025 5053 1215 5122 ingenii
1288 5069 1405 5107 mus
1435 5065 1740 5107 sanetorum
1775 5053 2044 5119 prazdesti-

466 5123 797 5173 praedicanda
827 5135 926 5173 non
950 5124 1037 5173 sit.
1293 5125 1556 5176 nationem
1606 5133 1659 5177 et
1715 5137 1892 5176 veram
1945 5123 2041 5177 Dei

1291 5195 1534 5260 gratiam,
1563 5193 1612 5245 id
1639 5202 1742 5256 est,
1776 5209 1896 5261 quae
1935 5210 2039 5246 non

459 5261 753 5315 .-cctmdunt
810 5273 999 5313 merita
1049 5274 1226 5314 nostra
1279 5271 1455 5325 datur,
1513 5263 1652 5316 sicut
1695 5278 1814 5316 eam
1857 5274 2040 5318 sancta

460 5333 738 5400 Scriptura
763 5331 1036 5400 praedicat,
1066 5334 1393 5399 praedicare?
1414 5333 1526 5386 Lib.
1559 5335 1622 5386 de
1647 5333 1794 5387 Dono
1819 5349 2034 5402 pet'sev.,

451 5421 569 5471 ειιρ.
598 5404 685 5455 22.

1169 5493 1352 5548 IDEM.

528 5580 901 5653 (Augustinus)
919 5584 1001 5653 pia
1019 5593 1193 5638 tamen
1219 5586 1593 5654 constantique
1615 5585 1854 5640 doctrina
1874 5589 2044 5640 abun-

457 5674 647 5724 danter
678 5676 922 5740 probavit
951 5677 1342 5742 praidicandam
1373 5692 1494 5732 esse
1523 5677 1777 5731 Ecclesia:
1808 5681 2044 5745 praedes-

458 5773 477 5816 t
503 5762 794 5832 nationem,
823 5767 875 5818 in
905 5780 1008 5834 qua
1038 5779 1117 5821 est
1144 5770 1330 5836 gratiae
1351 5769 1691 5854 praeparatio,
1717 5779 1769 5822 et
1791 5769 2038 5830 aratiam,

2187 522 2303 586 Dei,
2337 538 2437 591 qua
2469 531 2593 576 ante
2623 523 2816 576 saecula
2847 530 3043 575 arterna
3071 519 3262 589 quibus
3302 529 3444 573 esset
3476 518 3788 574 collaturus

2185 627 2278 666 sua
2310 613 2447 666 dona
2480 614 2773 682 prasscivit.
2807 611 2972 680 Cujus
2993 611 3386 679 praedicationis
3412 610 3666 678 quisquis
3695 620 3785 663 est

2185 707 2544 775 impugnator,
2577 704 2955 774 apertissimus
2976 711 3060 756 cst
3081 685 3384 770 Pelagianae
3406 701 3667 756 elationis
3685 703 3786 754 ad-

2179 797 2344 866 jntor.
2379 794 2441 848 In
2470 797 2572 862 ﬁne
2606 795 2761 863 Resp.
2791 794 2858 845 ad
2882 803 3118 860 excerpta
3149 790 3519 846 Genueusium.

2911 882 3021 936 LV.

3167 991 3214 1030 8.
3254 990 3608 1031 APGUSTINUS.

3079 1047 3193 1101 Non
3245 1055 3366 1098 sunt
3415 1062 3550 1115 ergo
3609 1049 3775 1100 verba

2403 993 2689 1032 CENSORI-IS.

2255 1049 2384 1101 Mihi
2423 1051 2536 1101 licet
2564 1049 2754 1101 addere
2798 1047 2935 1115 quod

2178 1121 2224 1172 si
2260 1121 2481 1172 diuersas
2519 1121 2683 1171 sancti
2728 1118 2932 1187 Attgtts-
3010 1133 3128 1172 mea
3169 1118 3310 1170 inter
3354 1131 3414 1171 se
3461 1124 3772 1176 contraria,

2177 1191 2270 1242 tini
2311 1191 2445 1241 circa
2489 1189 2622 1240 hanc
2670 1189 2934 1240 materiam
3007 1189 3250 1257 quamvis
3278 1195 3329 1239 te
3354 1187 3655 1257 patiantur,
3686 1192 3769 1241 virl

2177 1261 2544 1326 propositiones
2566 1259 2805 1324 colligere
2833 1258 2934 1309 t'el-
3008 1256 3111 1311 non
3137 1256 3510 1324 intelligendo,
3527 1257 3613 1313 vel
3639 1259 3771 1311 alios

2176 1330 2302 1391 lem.
2345 1347 2525 1399 corpus
2569 1330 2826 1396 quoddam
2868 1345 2928 1380 ex
3006 1328 3302 1399 intelligere
3347 1342 3468 1399 non
3498 1328 3765 1389 sinendo,

2183 1394 2525 1453 divertissi'mis
2549 1394 2778 1465 partibus
2805 1414 2926 1450 coa-
3001 1394 3349 1452 contrarium.
3384 1394 3501 1449 Lib.
3531 1413 3562 1448 v
3586 1409 3769 1450 contra

2183 1480 2367 1520 ntarem
2388 1487 2405 1520 :
2435 1469 2580 1520 isthic
2621 1470 2752 1520 anim
2792 1484 2925 1520 asse-
2998 1467 3138 1520 Jul..
3170 1482 3282 1520 can.
3309 1467 3363 1520 5.

3041 1469 3138 1532 ul.,
3170 1482 3282 1536 cap.
3309 1469 3363 1521 5.

2172 1480 2405 1537 ptarem;
2435 1469 2580 1522 isthic
2621 1470 2752 1520 anim
2792 1484 2925 1521 asse-

2172 1541 2236 1590 rit
2266 1541 2477 1591 salulem
2519 1550 2742 1592 nostram
2781 1543 2928 1593 abso-
3417 1601 3423 1606 ,

2171 1611 2277 1662 luto
2303 1612 2450 1662 dcere
2473 1626 2501 1662 o
2518 1611 2780 1675 tle/initam
2795 1626 2920 1669 esse,
2947 1611 3068 1662 alibi
3122 1623 3239 1660 vero
3279 1607 3404 1659 dicit
3428 1607 3766 1663 nihilominus

2170 1697 2199 1730 α
2231 1681 2384 1733 libero
2410 1687 2582 1732 nostra
2613 1680 2821 1732 arbitrio
2851 1682 3098 1748 pendere,
3129 1691 3235 1732 etc.

2860 1769 3049 1824 IDEM.

2244 1862 2510 1929 Legantnr
2554 1870 2664 1915 tres
2713 1861 2777 1914 ad
2833 1862 3198 1916 Marcellinum
3258 1860 3426 1930 ipsius
3476 1861 3628 1924 libri,
3689 1861 3759 1914 ad

2170 1963 2413 2006 sanctum
2461 1953 2735 2006 Paulinum
2767 1951 3028 2006 Nolanum
3061 1952 3288 2021 epistola
3320 1959 3649 2016 retractetur,
3681 1951 3757 2006 ad

2174 2046 2538 2100 beatissimum
2581 2060 2796 2115 quoque
2826 2045 3137 2114 apostolica:
3185 2043 3330 2100 sedis
3361 2053 3475 2099 tunc
3517 2045 3753 2114 presby-

2172 2146 2340 2190 tctutn
2372 2135 2602 2200 Xistum,
2628 2152 2767 2191 nunc
2794 2151 2924 2190 vero
2948 2137 3273 2205 pontiﬁcem,
3301 2137 3508 2192 emissa:
3539 2137 3760 2206 pagina:

2168 2243 2531 2287 recurrautur.
2563 2232 2642 2286 Ad
2667 2242 2909 2285 sanctum
2944 2232 3247 2294 Pinianum,
3277 2230 3344 2285 ad
3371 2231 3636 2285 Valeﬁum
3664 2245 3758 2282 eo-

2168 2328 2349 2378 mitcm
2369 2364 2383 2388 ,
2418 2324 2482 2377 ad
2514 2337 2701 2378 servos
2729 2324 2926 2378 Christi
2955 2325 3246 2378 Timasium
3277 2332 3332 2378 et
3354 2323 3610 2378 Iacobum
3646 2323 3758 2375 tlis-

2169 2415 2372 2468 tinctim
2397 2415 2539 2469 edita
2568 2414 2836 2468 volumina
2871 2415 3231 2471 revolvantur.
3257 2414 3366 2470 Sex
3393 2413 3516 2468 libri
3545 2415 3756 2482 priores

2164 2519 2349 2560 contra
2375 2507 2668 2573 Julianum,
2695 2523 2829 2562 unus
2853 2508 2916 2561 ad
2945 2516 3186 2562 sanctum
3217 2507 3493 2561 Aurelium
3524 2500 3757 2560 Cartha—

2164 2597 2440 2665 ginensem
2469 2597 2778 2666 episcopum
2832 2597 2898 2652 dc
2937 2596 3112 2651 Gestis
3144 2596 3459 2660 Palaestinis,
3507 2597 3648 2650 alius
3689 2596 3756 2650 ad

2167 2689 2384 2742 Paulum
2418 2698 2472 2742 et
2514 2689 2830 2758 Eutropium
2883 2690 3192 2744 sacerdotes
3232 2699 3418 2744 contra
3448 2687 3656 2759 Pelagii
3702 2699 3756 2744 et

2161 2779 2400 2835 Ctelestii
2433 2783 2778 2850 qumstinnes,
2829 2791 2882 2837 et
2930 2783 2993 2836 ad
3027 2783 3197 2836 beata:
3239 2782 3513 2837 memorias
3554 2797 3750 2852 papam

2163 2871 2490 2926 Bonifacium
2521 2872 2638 2925 libri
2671 2881 2900 2941 quatuor
2939 2874 3298 2942 explicentur.
3346 2877 3425 2928 Ac
3463 2873 3543 2929 sic
3574 2873 3628 2927 in
3665 2874 3752 2928 his

2159 2966 2410 3019 omnibus
2455 2965 2731 3034 operibus,
2782 2966 3069 3036 multisque
3097 2966 3212 3020 aliis
3259 2980 3380 3035 qure
3426 2981 3751 3020 enumerare

2156 3055 2370 3125 longum
2403 3065 2480 3109 est
2505 3095 2520 3118 ,
2552 3055 2690 3110 idem
2747 3055 3002 3109 doctrinm
3051 3057 3290 3124 spiritus,
3336 3056 3520 3110 eadem
3557 3056 3754 3126 praedi-

1293 3146 2050 3242 ἆςίξηι·ῖ,ε,ῖ;ι;ίᾶ;ςςςε·’ρέέςίςῖ
2083 3156 2128 3218 ε
2159 3147 2386 3200 cationis
2419 3147 2584 3200 forma
2616 3148 2905 3216 prrcccssit.
2936 3146 2997 3202 In
3027 3147 3128 3216 ﬁne
3169 3147 3259 3202 lib.
3312 3156 3490 3201 contra
3533 3147 3749 3215 Callet,

2155 3256 2267 3310 cap.
2301 3238 2392 3293 41.

2885 3330 3018 3388 LVI.

3147 3438 3194 3479 S.
3234 3436 3572 3478 AUGUSTINUS.

3009 3564 3019 3576 .
3056 3494 3188 3547 Ilinc
3234 3503 3317 3575 est
3346 3497 3484 3562 quod
3518 3501 3746 3550 senten—

2985 3573 3084 3618 tias
3113 3579 3259 3618 meas
3283 3573 3421 3618 inter
3444 3579 3502 3617 se
3523 3575 3744 3618 contra-

2386 3435 2667 3476 CENSORES.

2228 3490 2364 3544 Hinc
2409 3493 2658 3552 concludo
2687 3492 2822 3559 quod
2866 3493 2908 3546 si

2153 3561 2276 3613 mihi
2308 3581 2408 3616 non
2430 3563 2544 3616 licet
2571 3564 2736 3616 dicere
2762 3579 2910 3616 sanc-

2153 3642 2258 3704 tum
2294 3636 2634 3704 Augustinum
2676 3635 2728 3685 in
2758 3633 2910 3686 rariis

2153 3702 2398 3754 libroruin
2425 3719 2633 3755 suorum
2663 3704 2788 3757 locis
2818 3703 2912 3758 sibi

2153 3775 2520 3826 coutradixisse
2545 3814 2558 3837 ,
2602 3773 2784 3825 saltem
2830 3777 2913 3841 [as

2152 3851 2221 3893 cst
2246 3842 2367 3894 mihi
2387 3846 2590 3896 credere
2610 3844 2767 3911 ipsius
2784 3846 2911 3898 doc-

2151 3914 2334 3964 trinam
2407 3928 2517 3966 esse
2587 3915 2911 3967 intricatissi-

2153 3998 2306 4043 mam,
2359 3999 2472 4034 cum
2511 3985 2655 4037 nulla
2700 3986 2911 4045 reperiri

2151 4055 2309 4117 possit
2372 4054 2699 4117 intricatior,
2756 4072 2908 4122 quam

2149 4140 2265 4196 qtae
2289 4124 2383 4175 sibi
2406 4126 2502 4192 ipsi
2525 4141 2810 4196 repugnare
2835 4127 2906 4178 vi-

2149 4195 2352 4247 deatur.

2983 3636 3090 3689 rias
3111 3645 3259 3701 putas
3277 3636 3353 3688 vel
3375 3634 3551 3702 putari
3567 3638 3739 3702 cupis,

2987 3715 3233 3774 tanquam
3266 3706 3566 3766 improbem
3598 3709 3738 3774 quod

2984 3789 3110 3828 ante
3153 3775 3560 3844 approbaveritn
3589 3815 3604 3837 ,
3653 3788 3742 3829 aut

2983 3847 3276 3912 amplectar
3303 3848 3442 3914 quod
3473 3857 3599 3900 ante
3629 3862 3742 3900 res-

2984 3918 3212 3983 pui-rim.
3244 3917 3383 3969 Audi
3425 3931 3556 3986 ergo
3586 3930 3739 3983 aper-

2985 3997 3086 4038 tam
3120 3989 3436 4039 sententiam
3463 4002 3660 4042 meam.
3687 3995 3740 4040 et

2981 4055 3251 4124 intellige,
3284 4056 3366 4109 vel
3413 4055 3531 4109 sine
3584 4057 3738 4110 intel-

2981 4125 3147 4195 ligere
3164 4128 3318 4190 alios,
3336 4143 3439 4178 non
3457 4127 3736 4179 oﬂ'unden-

2978 4199 3046 4248 do
3067 4197 3318 4276 caligines
3338 4197 3612 4276 nebulosa:
3631 4197 3736 4276 dis-

2979 4267 3267 4333 putationis
3294 4267 3571 4320 serenitati
3626 4269 3739 4321 sitt-

2147 4335 2440 4391 cerissima:
2485 4335 2743 4390 veritatis.
2785 4333 2900 4390 Lib.
2937 4352 2970 4391 ν
2994 4347 3174 4389 contra
3201 4333 3338 4402 Jul.,
3369 4353 3491 4404 cap.
3519 4335 3579 4391 9.

2081 4531 2130 4588 D

2840 4445 3026 4502 IDEM.

2225 4548 2304 4600 'I‘u
2356 4557 2564 4610 autem,
2620 4546 2963 4602 dilectissime
3003 4553 3060 4600 et
3103 4544 3558 4600 venerandissime
3606 4546 3737 4600 mihi

2155 4639 2344 4704 ftater,
2377 4640 2421 4692 si
2447 4653 2574 4692 vere
2601 4638 2670 4694 de
2693 4639 2777 4692 Itis
2801 4637 3190 4709 quaestionibus
3219 4637 3404 4692 instrui
3429 4636 3736 4704 desideras,

2154 4733 2291 4786 sicut
2341 4731 2653 4786 desiderare
2685 4741 2737 4786 te
2763 4730 3033 4801 convenit,
3087 4731 3219 4800 ipsis
3265 4730 3400 4786 beati
3439 4731 3734 4799 Augustini

2153 4822 2608 4890 disputationibus
2638 4823 3027 4891 cognoscendis
3058 4823 3308 4891 impende
3333 4836 3546 4886 curam,
3575 4831 3637 4876 ut
3672 4823 3732 4878 in

2152 4914 2451 4970 conﬁtenda
2497 4916 2588 4970 Dei
2627 4915 2795 4984 gratia
2834 4913 3300 4970 defaecatissimam
3339 4929 3405 4971 ac
3433 4915 3733 4971 saluberri-

2150 5022 2292 5059 mam
2334 5005 2657 5075 evangelicae
2684 5005 3100 5076 apostolicteque
3143 5007 3404 5061 doctrina:
3435 5007 3738 5082 intelligen-

2149 5097 2275 5150 tiam
2307 5093 2670 5166 consequaris.
2702 5093 2770 5148 lu
2797 5096 2949 5159 epist.
2981 5097 3049 5149 ad
3081 5095 3353 5163 Ruﬁnum,
3379 5097 3430 5149 in
3465 5098 3598 5165 ﬁne,

2861 5183 3013 5240 LVII.

2379 5289 2662 5329 CENSORES.
3141 5291 3185 5331 Β.
3222 5293 3573 5336 AUGUSTINUS.

2209 5345 2489 5410 Nunquam
2507 5357 2676 5399 tamen
2694 5346 2899 5415 longius

2151 5419 2246 5467 zeli
2317 5419 2500 5469 ardore
2583 5419 2900 5485 Augustinus

2150 5487 2387 5554 abreptus
2440 5497 2546 5552 est,
2603 5504 2757 5554 quam
2814 5490 2900 5542 ubi

2153 5557 2459 5626 Pelagianos
2539 5559 2896 5626 impugnavit;

2153 5628 2271 5678 dum
2321 5630 2453 5680 enim
2499 5629 2563 5680 ab
2608 5645 2784 5682 eorum
2822 5629 2900 5681 lo-

2153 5698 2336 5758 quendi
2361 5699 2556 5751 ratione
2579 5709 2624 5750 et
2647 5717 2742 5751 crr.
2761 5699 2900 5751 ribus

2155 5769 2441 5839 longissime.
2477 5772 2705 5824 recedere
2734 5772 2895 5822 inten-

3045 5346 3148 5401 Ista
3199 5352 3406 5405 nelaria
3439 5365 3493 5405 et
3523 5355 3736 5406 damna-

2973 5417 3098 5471 bilia
3138 5417 3394 5487 dOgmata
3427 5424 3480 5475 in
3515 5423 3614 5476 hac
3654 5429 3734 5475 tri-

2975 5489 3168 5557 partita
3204 5492 3472 5547 divisione
3493 5493 3734 5562 quisqus

2975 5570 3155 5615 mente
3168 5563 3432 5617 catholica
3453 5566 3731 5626 exhorret,

2976 5628 3120 5702 illius
3145 5633 3381 5702 quinque
3427 5632 3636 5701 partite
3670 5637 3730 5684 ta-

2977 5701 3159 5756 Lehras
3213 5701 3549 5771 insidiasque
3600 5705 3732 5755 devi-

2975 5781 3068 5840 tet,
3093 5782 3250 5841 atque
3277 5775 3344 5826 ita
3368 5775 3509 5828 inter
3533 5784 3731 5827 utrum-
