3930 6310
169 309 272 368 8ῖ,5

171 427 266 488 dit,
313 423 369 477 in
406 421 718 492 periculosos
754 438 925 477 exces-

168 511 256 548 sus
294 493 495 558 incidit,
531 502 590 547 ut
617 494 736 548 hinc
765 493 924 560 aliqui
1000 493 1164 562 ('linet
1192 493 1564 562 muniebatur“,
1598 505 1665 544 ne
1693 505 1727 562 st

170 564 392 635 theologi
414 564 647 635 doctrina
666 573 712 617 et
739 559 928 633 pietate
1001 561 1218 616 inclinet
1246 560 1298 635 in
1321 559 1617 635 Pelagium,
1646 559 1754 612 rur-

171 631 664 705 insign'eshdiaterint
690 631 804 687 eum
845 649 927 687 ue-
1000 645 1200 705 susque
1246 631 1314 705 ita
1343 644 1404 684 se
1444 631 1687 705 sejungat
1724 646 1751 681 a

170 700 344 757 ritait's
395 703 582 758 limites
635 713 924 771 transgres-
1000 702 1316 769 Pelagianis,
1367 715 1434 771 ne
1460 715 1520 754 se
1540 700 1756 765 coniun-

169 789 428 844 suntesse,
448 774 604 826 nimio
623 770 926 844 disputatio-
996 781 1094 842 gat
1125 770 1452 844 Manichaeis,
1498 779 1591 824 aut
1620 771 1662 821 si
1702 771 1752 821 itt

169 844 250 896 nis
272 839 725 915 caloreaccensun't
745 846 922 915 fuisse,
1001 839 1277 915 alterutris
1331 841 1444 909 jam
1502 849 1753 915 tenetur,

167 921 260 964 aut
330 914 495 966 uisum
556 913 710 981 fuisse
745 910 930 981 'fuvere
1001 927 1100 967 nec
1137 912 1216 966 sic
1253 925 1312 964 se
1354 926 1382 963 a
1430 910 1758 979 quibuslibet

169 983 439 1036 tuereticis.
493 981 655 1037 Verba
695 982 806 1036 Iuro
849 984 932 1036 in-
1002 983 1186 1037 alteris
1211 990 1425 1045 servet,
1471 990 1528 1033 ut
1558 981 1609 1033 in
1635 981 1759 1032 alte-

167 1052 388 1122 salentia
430 1063 476 1106 et
499 1053 821 1120 impudentia
851 1069 934 1106 es-
1005 1068 1092 1108 ros
1120 1054 1306 1106 irruat.
1330 1050 1446 1122 Lib.
1481 1065 1553 1111 tv,
1579 1062 1756 1122 contra

167 1119 303 1188 sent,
333 1123 434 1176 nisi
463 1119 584 1176 vera
602 1131 788 1176 essent.
1006 1123 1134 1176 duas
1161 1123 1310 1189 epist.
1346 1120 1529 1190 Pelag.
1562 1136 1676 1190 cap.
1703 1119 1756 1173 5.

697 1213 752 1269 S.
791 1211 1240 1269 FULGENTIUS.

251 1301 312 1356 Β.
351 1303 686 1372 Augustinus
727 1303 949 1359 indutus
989 1305 1192 1360 virtute
1225 1317 1290 1358 ex
1328 1302 1438 1356 alto
1481 1300 1759 1356 abundan-

169 1392 280 1447 tius
331 1391 442 1447 illis
478 1394 726 1450 omnibus
775 1394 1052 1458 laboravit,
1098 1409 1203 1448 non
1253 1399 1430 1446 autem
1483 1391 1619 1460 ipse,
1663 1391 1758 1444 sed

171 1483 347 1549 gratia
400 1483 498 1538 Dei
537 1498 660 1539 cum
706 1485 820 1552 illo,
868 1494 1010 1549 etc.;
1053 1497 1272 1539 sensum
1315 1481 1513 1550 quippe
1556 1481 1755 1536 Christi

167 1569 402 1637 habens,
462 1583 570 1627 tam
622 1575 809 1644 gratia:
850 1575 942 1630 Dei
991 1588 1150 1644 quam
1195 1573 1412 1628 humani
1456 1572 1659 1626 arbitrii
1708 1581 1761 1626 et

166 1662 350 1718 ofﬁcia
383 1665 642 1722 discrevit
681 1676 736 1722 et
768 1667 990 1732 merita;
1033 1681 1249 1735 semper
1288 1664 1484 1720 divinis
1529 1665 1760 1720 humana

1000 489 1164 547 clinet
1192 489 1564 553 Manichacum,
1598 505 1665 544 ne
1693 505 1752 544 se

167 1753 495 1822 stthjiciens,
541 1764 596 1811 et
628 1755 891 1811 veraciter
930 1754 1132 1810 docens
1172 1753 1432 1808 divinitus
1474 1755 1672 1807 homini
1705 1761 1760 1808 ct
1789 1795 1838 1854 Β

167 1845 407 1915 gratuito
451 1845 856 1915 jttstilicationis
909 1844 1140 1907 donum,
1195 1851 1250 1898 et
1303 1845 1456 1898 bona:
1503 1843 1759 1897 voluntati

171 1935 489 2000 exordium,
534 1945 586 1990 et
620 1937 836 2005 plenum
870 1936 1030 1990 tribui
1057 1935 1462 2002 gloriﬁcationis
1489 1935 1762 1990 effectum.

170 2023 288 2080 Lib.
317 2040 353 2080 ιι
375 2026 436 2080 de
473 2025 633 2082 Verit.
664 2029 908 2098 prwdest.
939 2035 985 2079 et
1008 2034 1168 2095 grat.,
1197 2041 1316 2095 cap.
1356 2026 1437 2078 IS.

885 2115 1064 2171 LVIII.

1357 300 1674 358 VINDICIAS
1712 295 2272 355 AUGUSTINIANAS.

1000 435 1103 491 qne
1130 419 1207 491 sit
1224 430 1440 491 cautus,
1471 429 1528 475 ut
1565 419 1645 474 sic
1674 418 1757 472 de-
1787 422 1834 472 Α

1857 664 1994 710 rum,
2039 665 2166 716 quos
2204 650 2462 715 (sanctus
2503 649 2615 700 Att-

1860 717 2125 785 gustittus)
2182 717 2198 768 i

1859 803 1998 840 rores
2031 788 2282 848 incidant,
2333 788 2457 841 nti/ti
2505 791 2615 841 licet

1858 858 2126 911 verborum
2173 858 2353 923 quibus
2410 858 2478 911 ad
2532 875 2617 912 eos

1860 929 2234 997 expugnandos
2301 930 2463 981 utitur
2525 935 2617 982 int—

1863 1006 2032 1068 petum
2055 1014 2156 1052 non
2179 999 2339 1065 sequi.

3339 296 3444 350 854

2596 414 2707 470 LK.

2093 520 2377 562 CENSORES.

1931 575 2090 631 Modo
2130 593 2192 630 ne
2217 578 2269 630 in
2300 576 2584 643 Pelagiana
2598 607 2616 618 -

2846 523 2892 561 S.
2925 524 3268 566 AUGUSTINUS.

2761 577 2833 631 Ita
2894 587 2950 632 et
3004 580 3332 635 Manichacus
3393 595 3442 638 ct
3513 621 3516 626 -

2692 648 3004 730 Pelagianos
3029 665 3346 718 superamus
3370 666 3443 707 at—

2691 734 2795 786 que
2823 731 3073 784 Vttamtts,
3105 736 3332 789 quorum
3367 731 3445 777 sic

2692 804 2908 844 errores
2961 799 3313 860 utrorumque
3365 794 3445 845 di-

2693 861 2829 912 versi
2875 869 3018 923 sunt,
3073 869 3130 913 ut
3167 865 3256 931 qui
3295 864 3448 917 vide-

2693 939 2778 983 tur
2803 931 2978 984 minor
2998 971 3013 994 ,
3046 935 3158 996 ipse
3192 933 3330 985 illius
3351 934 3440 999 qui

2693 1002 2901 1054 videtur
2924 1004 3095 1067 major
3115 1001 3448 1056 demonstre-

2697 1081 2783 1123 tttr
2809 1071 3044 1137 adjtttor.
3090 1071 3202 1125 Lib.
3237 1088 3291 1126 ιιι
3319 1087 3446 1127 con-

2694 1151 2769 1192 tra
2785 1139 2896 1213 Jul.
2911 1183 2923 1200 ,
2954 1143 3107 1210 Oper.
3127 1145 3195 1194 im
3202 1146 3411 1213 perfect.
3429 1183 3447 1209 ,

2558 1276 2565 1278 η
2693 1227 2806 1278 ευρ.
2845 1211 2963 1262 178.

2433 1302 2490 1358 S.
2550 1301 2880 1356 PROSPER.

1937 1393 2016 1444 An
2049 1405 2175 1444 vero
2207 1390 2277 1443 IIII
2301 1404 2359 1444 se
2388 1406 2646 1445 ηονοιυιιι
2679 1406 2964 1445 censorum
2999 1407 3182 1451 norma
3209 1395 3451 1449 θκιιειὶοιδ

1867 1482 2207 1549 temperavit,
2237 1491 2291 1534 ut
2319 1481 2460 1534 nulla
2494 1496 2678 1536 eor-um
2709 1496 2827 1550 qua:
2867 1482 3194 1550 excisasunt
3223 1497 3448 1551 asserat,

1865 1583 1917 1626 et
1960 1571 2200 1640 quaedam
2234 1586 2296 1625 ex
2340 1571 2422 1624 his
2451 1586 2573 1642 quae
2601 1571 2820 1626 defensa
2865 1582 2992 1626 sunt
3032 1577 3288 1644 respuat?
3317 1575 3453 1630 Con—

1867 1677 1944 1717 ira
1965 1663 2272 1718 Collatorem
2303 1664 2365 1718 S.
2399 1665 2672 1732 Augustini
2698 1665 3136 1732 reprehensorem,
3167 1684 3283 1736 cap.
3324 1671 3379 1724 I.

2598 1756 2731 1811 LXI.

2182 719 2485 785 insequitur,
2537 735 2618 771 er-

2105 1864 2390 1904 (ζεκεοιιεε.

1943 1919 2081 1973 Hinc
2103 1924 2161 1988 ﬁt
2197 1929 2247 1972 ut
2273 1921 2468 1972 medius
2497 1929 2643 1973 slent.

1874 1993 2002 2044 inter
2043 1989 2310 2058 Pelagium
2359 1998 2406 2042 et
2454 1988 2626 2043 Calvi-

2863 1863 2908 1902 S.
2937 1867 3280 1907 AUGUSTINUS.

2771 1919 2920 1974 Nulla
2949 1933 3030 1975 est
3071 1923 3250 1990 itaque
3296 1921 3449 1977 fovea

2698 2007 2854 2059 quam
2903 2001 3146 2046 metuens
3173 1993 3322 2062 quasi
3367 2009 3453 2048 rc-

1874 2077 2018 2123 sum;
2059 2062 2102 2113 si
2131 2061 2285 2113 enim
2329 2062 2478 2113 verba
2519 2063 2624 2113 Λιι-

2699 2071 2877 2114 vertar
2911 2062 2963 2115 in
3012 2062 3182 2125 viam,
3235 2079 3340 2132 quo
3378 2065 3452 2115 vi-

407 2222 691 2264 CBNSORES.

244 2276 464 2347 Ipsemet
513 2279 830 2350 Augustinus
874 2279 928 2332 in

171 2347 404 2412 pluribus
457 2347 669 2418 operum
718 2366 926 2402 suorum

169 2419 298 2472 locis
321 2420 456 2472 hunc
483 2421 643 2472 animi
669 2420 748 2472 sui
776 2422 930 2488 impe-

170 2499 276 2541 tum
304 2505 442 2560 agno
471 2490 673 2557 cit,quo
699 2491 929 2559 (scilicet

170 2561 223 2610 in
287 2559 740 2627 disputationibus
804 2575 926 2612 cum

174 2627 478 2697 Pelagianis
508 2637 561 2682 et
591 2629 928 2698 Manicltteis)

166 2699 244 2749 ita
287 2700 524 2768 abreptus
550 2706 643 2762 est,
692 2710 744 2750 ut
770 2702 822 2752 in
852 2715 932 2752 er-

165 2782 338 2820 rorem
361 2768 652 2837 appositum
679 2768 758 2822 illi
783 2786 932 2838 quem

167 2839 432 2891 destruere
474 2838 791 2907 intendebat,
837 2839 930 2892 de-

169 2907 406 2960 rlinaret.

1161 2223 1204 2260 S.
1251 2222 1594 2262 AUGUSTINUS.

1074 2278 1301 2333 Possunt
1318 2279 1423 2332 duo
1444 2292 1660 2333 errores
1688 2279 1763 2329 iu-

1003 2359 1084 2404 ter
1113 2367 1170 2402 se
1201 2363 1322 2403 esse
1351 2350 1632 2410 contrarii,
1665 2350 1760 2401 sed

1001 2419 1160 2474 ambo
1233 2429 1356 2472 sunt
1425 2419 1758 2484 detestandi,

1003 2492 1125 2559 quia
1158 2489 1319 2559 ambo
1349 2499 1473 2542 sunt
1502 2493 1758 2543 contrarii

1000 2558 1212 2615 veritati
1245 2573 1405 2611 :nam
1432 2559 1475 2612 si
1509 2567 1759 2626 propter-

1002 2645 1070 2684 ea
1114 2627 1370 2697 diligendi
1425 2640 1549 2680 sunt
1602 2627 1752 2680 Pela-

1003 2700 1142 2768 giani
1174 2699 1296 2767 quia
1334 2699 1569 2768 roderunt
1597 2697 1761 2750 Mani-

1004 2767 1230 2830 cmuos,
1311 2767 1564 2835 diligendi
1638 2778 1762 2822 sunt

1003 2842 1162 2894 etiam
1187 2837 1466 2892 Manichwi
1496 2837 1618 2905 quia
1641 2839 1760 2892 ode-

1005 2917 1130 2964 runt
1158 2909 1492 2976 Pelagianos.
1533 2909 1637 2962 Sed
1669 2909 1760 2961 ab-

1004 2983 1074 3036 sit
1143 2989 1198 3032 ut
1268 2979 1528 3032 catholica
1588 2989 1760 3031 mater

172 3055 390 3112 promer
437 3047 732 3103 alterorum
764 3050 944 3104 od'uut
972 3051 1170 3104 alteros
1198 3049 1357 3118 eltgat
1387 3063 1590 3111 amare,
1637 3064 1754 3100 (lltll

2697 2132 2840 2184 deris
2884 2146 2968 2186 me
3005 2132 3143 2186 velle
3174 2147 3448 2188 revocare.

2702 2199 2795 2254 Dic
2840 2211 3014 2256 tamen
3067 2218 3312 2270 quaenam
3361 2204 3450 2257 illa

2698 2271 2782 2324 via
2813 2271 2909 2336 sit,
2957 2284 3009 2327 et
3038 2275 3242 2342 explica
3285 2273 3450 2327 ratio-

2695 2342 3016 2395 cinationem
3046 2350 3212 2397 tuam.
3244 2342 3357 2397 Lib.
3387 2359 3445 2398 ιιι

2695 2423 2873 2466 contra
2899 2411 3037 2478 Jul.,
3067 2428 3185 2484 cap.
3215 2414 3272 2469 8.

1875 2132 2062 2204 gustini
2107 2131 2389 2204 mitigando
2433 2147 2509 2204 tne
2553 2134 2626 2204 ni.

1872 2200 2032 2255 inium
2079 2203 2413 2264 demitterent,
2472 2200 2623 2253 I'ela-

1866 2273 2048 2342 ginnas
2072 2288 2232 2326 essem
2258 2289 2277 2335 ί
2319 2273 2363 2323 si
2393 2286 2509 2323 vero
2538 2287 2623 2323 eo-

1865 2359 1980 2395 rum
2047 2343 2374 2395 attitudinem
2455 2350 2624 2394 tencre

1866 2413 2063 2475 vellem,
2101 2411 2389 2466 Caluinista
2423 2426 2618 2473 essent;

1866 2485 2088 2536 medium
2129 2499 2249 2551 ergo
2280 2497 2396 2535 cunt
2441 2479 2618 2534 Eccle-

1866 2555 1942 2604 t-ia
1968 2563 2129 2605 leuca.

2571 2640 2758 2695 IDEM.

1939 2733 2046 2787 Sed
2089 2747 2190 2786 nec
2235 2745 2355 2787 cum
2394 2730 2664 2786 haereticis
2702 2732 2817 2800 tibi,
2863 2746 2963 2788 nec
3000 2747 3124 2787 cum
3166 2734 3446 2791 catholicis

1869 2828 2020 2896 p‘cna
2073 2825 2358 2880 concordia
2416 2832 2519 2879 est.
2577 2822 2810 2876 Postea:
2863 2823 2940 2878 Tu
2993 2823 3220 2880 informe
3271 2826 3454 2881 nescio

1866 2919 1990 2986 quid
2023 2916 2237 2972 tertium
2270 2927 2326 2971 et
2361 2915 2574 2984 utrique
2607 2915 2741 2983 parti
2770 2913 3150 2970 inco:.veniens
3177 2916 3445 2986 reperisti,

1868 3025 1973 3078 quo
2004 3024 2103 3061 nrc
2147 3006 2483 3061 inimicorum
2515 3019 2837 3059 consensum
2885 3009 3214 3076 acquireres,
3257 3023 3358 3064 nec
3397 3010 3452 3064 itt

175 3097 426 3172 monente
462 3128 621 3184 atque
655 3120 942 3188 :tdjuVante
983 3123 1091 3174 Deo
1125 3097 1321 3215 debebat
1349 3097 1632 3215 utrutlnqtie
1673 3121 1751 3215 vi-

175 3193 196 3215 ι
230 3200 286 3215 ..Α
341 3197 389 3215 ιιι
421 3191 596 3215 ,ιη-ἀι..
645 3202 922 3215 ...-....-,-..,.
974 3206 1160 3215 -....-._..
1274 3190 1290 3215 ἔ
1373 3202 1410 3215 -ι
1441 3205 1468 3215 ,-
1586 3189 1669 3215 -..ε
1702 3206 1726 3215 ,.

1888 3111 2171 3156 tostrorunt
2201 3098 2553 3167 intelligentia
2585 3112 2954 3165 permatteres.
2985 3097 3150 3164 Μία..
3175 3117 3292 3169 cap.
3325 3105 3378 3154 ε).

175 3193 308 3262 tae,
341 3197 395 3240 et
419 3191 599 3262 cupiat
645 3202 925 3260 utrumque
972 3191 1191 3246 sanare!
1227 3188 1342 3242 Lib.
1372 3202 1410 3241 Il
1438 3188 1506 3240 ad
1536 3188 1753 3256 Bonifa-
1784 3188 1835 3215 υ·
2577 3205 2735 3262 LX”,

175 3256 332 3322 cium,
363 3274 477 3326 cap.
511 3260 566 3312 2.

483 3350 540 3406 S.
578 3351 921 3416 PIIOSPER,
955 3369 1044 3406 seu
1075 3350 1438 3407 PUMERIUS.

245 3438 474 3498 Sanctus
517 3445 842 3514 Augustinus
869 3447 1152 3514 episcopus
1197 3459 1323 3498 acer
1364 3445 1601 3512 ingenio,
1636 3461 1760 3500 sua-

175 3533 254 3586 vis
278 3533 518 3602 eloquio,
540 3536 815 3590 saecularis
861 3536 1184 3591 litteratura:
1227 3535 1450 3603 peritus,
1500 3534 1551 3586 in
1580 3537 1758 3590 cccle-

172 3620 413 3676 siasticis
455 3623 722 3680 laboribus
754 3639 1040 3695 Operosus,
1076 3627 1127 3678 in
1164 3623 1489 3693 quotidianis
1518 3622 1760 3692 disputa-

174 3709 421 3766 tionibus
441 3713 634 3783 clarus,
673 3714 726 3770 in
770 3715 916 3771 omni
946 3730 1041 3771 sua
1075 3715 1287 3770 actione
1317 3712 1665 3783 compositus,
1708 3714 1761 3768 in

173 3800 516 3870 expositione
557 3819 650 3858 sua
676 3805 802 3861 lidei
832 3817 1029 3862 nostrae
1068 3805 1386 3870 catholicus,
1422 3805 1474 3860 itt
1508 3808 1762 3876 quatstio—

175 3894 339 3948 nibus
367 3894 712 3952 absolvendis
756 3906 980 3960 acutus,
1025 3897 1076 3951 in
1109 3896 1448 3952 revinccudis
1495 3896 1764 3951 haereticis

175 4002 622 4055 cmcuusrncrus,
673 3998 728 4044 et
769 3991 820 4044 in
850 3989 1182 4060 explicandis
1221 3988 1518 4057 Scripturis
1546 3989 1768 4042 canoni-

175 4079 253 4132 cis
282 4093 506 4135 csurus.
538 4079 654 4134 Lib.
684 4096 740 4134 ιιι
763 4083 825 4133 de
850 4080 967 4134 Vita
989 4081 1340 4150 contemp'at.,
1365 4094 1482 4144 cap.
1509 4080 1598 4132 5i.

916 4172 1049 4225 LIX.

409 4279 691 4320 CENSORI-IS.
1171 4279 1220 4316 8.
1255 4277 1598 4318 AUGUSTINUS.

249 4331 494 4403 Profecto
506 4339 811 4405 quandoque
823 4352 935 4389 con-
1081 4335 1402 4405 Mcntietttes
1463 4335 1769 4388 conclusio-

173 4414 280 4457 stat
307 4403 935 4477 (Augusttttuttt)utqnte-
1009 4422 1126 4477 nes.
1151 4413 1259 4457 -:tut
1296 4403 1598 4477 irrcpctttws
1640 4422 1766 4472 pau-

171 4476 428 4548 stionibus
456 4477 521 4529 de
546 4473 712 4543 gratia
740 4487 787 4530 et
809 4473 933 4548 prae.
1007 4475 1180 4548 latim,
1203 4473 1306 4548 vel
1347 4474 1636 4548 minuendo
1680 4479 1758 4530 vel

173 4545 518 4600 destinatione
558 4564 673 4600 cum
723 4543 939 4601 excessu.
1005 4546 1251 4599 addendo
1291 4543 1344 4597 in
1390 4547 1756 4600 assensionem

2101 3315 2385 3357 CENhORES.

1944 3373 2094 3427 Ratio
2121 3373 2211 3442 (ob
2229 3386 2385 3439 quant
2411 3371 2622 3442 scilicet

1865 3460 1970 3496 nou
1992 3440 2238 3497 tenemur
2254 3441 2405 3508 sequi
2435 3440 2496 3494 Β.
2523 3443 2623 3492 Au-

1870 3581 2339 3649 praedestinatittnc
2390 3589 2618 3649 Asattrto-

2865 3316 2909 3354 S.
2946 3316 3283 3357 AUGUSTINUS.

2769 3373 2891 3425 "iI‘C
2926 3382 3008 3424 est
3047 3373 3450 3440 pra~dc31inatio

2695 3444 2978 3493 manifesta
3001 3447 3058 3493 et
3078 3452 3226 3494 certa
3245 3457 3449 3496 sancto-

1810 3532 1826 3544 δ
1864 3515 2130 3582 gttstiuum
2154 3513 2206 3563 in
2229 3510 2524 3577 quaestione
2546 3510 2614 3560 de
2697 3525 2849 3582 rum,
2890 3523 3049 3575 quam
3097 3524 3280 3582 postea
3329 3513 3450 3565 dili-

2692 3580 2900 3641 gentius
2921 3587 2974 3630 et
2990 3580 3296 3644 operosius,
3321 3595 3444 3635 Cum

1869 3647 1986 3704 rum
2005 3651 2069 3701 ad
2098 3649 2346 3717 gloriarm.
2369 3647 2437 3700 de
2461 3647 2619 3699 modo
2689 3648 2798 3717 jam
2867 3655 3052 3699 contra
3127 3648 3443 3717 Pelagianos

1867 3720 2120 3789 Operandi
2172 3716 2367 3771 divinae
2399 3718 2619 3789 gratiae,

1868 3785 2000 3858 etc.)
2047 3790 2154 3844 lttec
2183 3799 2278 3850 est,
2317 3788 2438 3856 quia
2478 3785 2624 3838 Pela-

1869 3863 2011 3934 giani
2043 3861 2107 3915 de
2129 3860 2233 3934 illis
2260 3858 2633 3925 quazstionibus-

1871 3931 2133 4000 nunquam
2154 3931 2507 3997 disputarunt,
2534 3945 2625 3980 nec

1869 4004 2033 4055 sancti
2072 4002 2346 4069 Augustini
2395 4001 2624 4052 doctrina

1869 4085 1939 4127 est
1965 4072 2359 4142 irrefragabitis,
2385 4070 2482 4123 nisi
2509 4086 2623 4122 curn

1870 4160 2046 4196 eorum
2099 4159 2293 4198 errores
2333 4142 2618 4209 impugnat,

1870 4227 1914 4266 et
1963 4215 2078 4267 licet
2133 4224 2313 4266 contra
2370 4211 2625 4280 ejusmodi

1870 4285 2062 4338 relatas
2121 4284 2386 4350 opiniones
2441 4281 2628 4350 pra'di-

1871 4365 2086 4421 rassent,
2125 4351 2354 4406 Ecclesia
2386 4369 2470 4406 eos
2501 4369 2626 4404 nun-

1871 4442 2021 4494 quam
2055 4428 2150 4478 hac
2182 4424 2244 4476 de
2269 4439 2424 4475 causa
2451 4424 2504 4474 in
2541 4439 2626 4474 nu-

1872 4511 2063 4547 merum
2093 4496 2445 4548 hwreticorum
2472 4494 2626 4546 ascri-

2696 3719 3090 3785 disputaremus
3106 3757 3122 3781 ,
3155 3719 3448 3774 defendere

2698 3786 2989 3840 necessitas
3029 3789 3308 3857 compulit.
3359 3790 3449 3843 Di-

2699 3858 2927 3911 dicimus
2990 3857 3130 3911 cnim
3209 3859 3450 3929 singulas

2699 3941 2934 3996 quasque
3006 3931 3240 3982 ltzereses
3302 3937 3447 3985 intu-

2701 4003 2830 4053 lisse
2875 3999 3148 4076 .ECCICSIiB
3211 4003 3453 4071 praprias

2699 4080 3046 4138 qna-stiones,
3091 4079 3276 4141 contra
3317 4089 3452 4141 quas

2699 4141 3007 4209 (IIIIgt'lIlIUS
3072 4140 3451 4197 defenderetur

2699 4212 2972 4282 Scriptura
3025 4209 3239 4282 divina,
3291 4229 3450 4282 quam

2698 4284 2741 4334 si
2794 4280 2936 4334 nulla
2986 4280 3110 4334 talis
3158 4280 3451 4336 necesSSitzas

2699 4361 2934 4419 cogeret.
3005 4349 3117 4403 Lib.
3184 4353 3247 4407 de
3307 4353 3452 4406 Dono

2700 4439 2923 4492 persev.,
2949 4437 3066 4492 cap.
3089 4421 3181 4476 2t).

173 4619 408 4669 locutum
433 4633 562 4681 esse,
591 4619 838 4685 verbaque
855 4621 933 4686 ip-

171 4687 283 4759 sius
310 4703 420 4740 esse
440 4689 755 4759 mitiganda;
785 4705 848 4743 ne
871 4689 932 4742 ab

171 4755 388 4809 illorum
418 4755 608 4812 duritie
645 4769 692 4812 et
720 4760 938 4812 acrimo-

173 4828 266 4879 nia
293 4829 345 4879 in
375 4844 600 4883 errorem
621 4831 945 4882 contrarium

172 4899 427 4966 incidam,
452 4901 650 4952 licitum
680 4901 804 4951 mihi
835 4917 940 4953 esse

173 4967 324 5040 debet
362 4979 815 5040 temperamentum
842 4972 938 5022 ali-

172 5037 318 5104 quod
375 5037 686 5094 catholicum
745 5042 942 5096 adden-

174 5113 304 5161 dum
336 5110 613 5178 inquirere.

1010 4617 1278 4680 falsitatis,
1325 4614 1444 4684 quis
1488 4632 1594 4670 non
1651 4634 1763 4670 nte-

1012 4699 1144 4748 tuat.
1202 4688 1320 4755 quis
1383 4700 1486 4738 non
1546 4687 1763 4742 oderit?

1012 4756 1122 4810 Lib.
1155 4773 1188 4810 ιι
1220 4759 1283 4810 de
1301 4755 1518 4825 Ordine,
1567 4775 1682 4825 cap.
1706 4757 1762 4810 4.

1085 4829 1180 4882 D:c
1211 4827 1351 4896 quod
1398 4824 1643 4881 (lietttrtts
1681 4846 1761 4891 es,

1011 4901 1222 4966 egregie
1236 4903 1530 4966 corrector.
1554 4899 1668 4951 Lib.
1707 4915 1765 4954 ιιι

1016 4963 1196 5039 Operis
1221 4969 1288 5020 im
1295 4963 1413 5036 perf
1415 5005 1424 5016 .
1436 5009 1448 5033 ,
1479 4984 1593 5037 cap.
1620 4968 1708 5022 57.

711 5202 965 5258 SIXTUS
991 5203 1050 5258 III
1087 5219 1240 5273 papa.

253 5293 388 5360 Quae
416 5304 546 5349 sunt
575 5294 793 5350 tandem
823 5295 910 5349 illa
937 5296 1206 5350 credenda
1234 5303 1289 5350 et
1317 5292 1537 5348 dicenda
1563 5293 1585 5346 ?
1632 5292 1772 5347 Nihil

178 5384 324 5439 ultra
366 5385 528 5442 liceat
557 5389 802 5453 novitati,
835 5388 957 5456 quia
990 5386 1121 5441 nihil
1161 5386 1286 5440 addi
1332 5386 1582 5441 convenit
1615 5394 1769 5439 vetu-

177 5480 332 5534 stati.
381 5479 668 5552 Perspicua
699 5464 964 5551 ntajorum
1010 5481 1166 5542 ﬁdes,
1211 5486 1269 5532 et
1306 5478 1596 5533 credulitas
1625 5478 1770 5532 nulla

178 5576 324 5629 omni
353 5577 713 5644 permixtione
744 5578 1012 5632 turbetur.
1049 5574 1217 5645 Epist.
1242 5575 1308 5626 ad
1338 5573 1499 5628 Joan.
1531 5575 1770 5628 Antioch.

182 5669 200 5736 (
238 5668 335 5722 llic
365 5679 445 5722 est
474 5668 678 5736 Sixtus,
721 5669 786 5724 ad
827 5682 986 5738 quem
1017 5677 1236 5721 sanctus
1284 5665 1613 5735 Augustinus
1643 5666 1775 5721 seri--

188 5776 249 5830 ps
277 5767 296 5812 t
321 5760 593 5831 egregiam
623 5761 902 5830 epistolam
943 5760 1040 5817 103
1071 5765 1257 5815 contra
1287 5756 1618 5827 Pelagianos.
1648 5758 1664 5809 ὶ

1871 4577 1988 4633 νειι,
2032 4567 2110 4620 vel
2137 4565 2390 4619 ascribere
2431 4564 2620 4633 potuit.

2569 4676 2753 4731 IDEM.

1940 4773 2251 4841 Agnoscant
2301 4769 2722 4824 calumniatores
2777 4766 3048 4835 superﬂuo
3104 4782 3164 4822 se
3218 4768 3453 4837 objicero

1871 4862 2012 4932 quod
2043 4862 2126 4916 Itis
2147 4861 2302 4916 libris
2323 4859 2661 4931 (Augustini)
2677 4873 2780 4912 non
2804 4858 3035 4926 speciale
3057 4873 3228 4930 neque
3249 4860 3453 4916 disere-

1875 4963 1984 5008 tum
2019 4951 2384 5006 testimonium
2414 4951 2485 5004 sit
2515 4949 2860 5019 perhibitutn,
2901 4963 3130 5018 quorum
3163 4950 3215 5005 in
3245 4955 3456 5009 cunctis

1876 5042 2236 5098 voluminibus
2264 5054 2451 5094 norma
2480 5039 2751 5095 laudatur.
2787 5041 3094 5110 Apostolica
3123 5043 3264 5097 enim
3295 5049 3456 5099 sedes

1877 5135 2014 5204 quod
2038 5149 2067 5189 a
2095 5131 2435 5203 przecogttitis
2464 5132 2564 5187 sibi
2610 5148 2714 5187 non
2746 5132 3048 5201 discrepat,
3093 5149 3212 5189 cum
3245 5153 3454 5205 praeco-

1877 5225 2037 5293 ειιιιὶε
2069 5223 2279 5292 probat,
2324 5233 2378 5278 et
2403 5223 2542 5292 quod
2575 5223 2784 5292 judicio
2810 5223 3008 5294 jungit,
3052 5225 3208 5281 laude
3234 5242 3341 5281 non
3374 5243 3433 5280 se

1883 5328 2049 5389 parat.
2087 5317 2226 5372 Ibid.
2255 5333 2369 5389 cap.
2398 5318 2492 5373 25.

2578 5428 2760 5485 LXIII.

2113 5537 2399 5579 CENSOBES.
2867 5541 2913 5580 8.
2953 5537 3153 5579 AUGUST
3176 5539 3293 5582 NUS.

1966 5612 2145 5666 Verum
2183 5615 2229 5668 si
2262 5615 2635 5684 (Augustinus)
2783 5615 2917 5684 Quid
2963 5614 3104 5668 enim
3136 5614 3386 5681 diligebat
3418 5618 3470 5670 in

1883 5685 2088 5737 adderet
2110 5695 2366 5755 peccatum
2394 5686 2642 5755 originale
2714 5686 2877 5740 .Iacnlt
2899 5693 3182 5752 antequam
3218 5695 3372 5741 natus
3403 5691 3470 5740 lc-

1884 5755 2176 5810 csscs‘olam
2221 5771 2427 5811 causam
2472 5772 2638 5827 repro-
2713 5759 2872 5813 cisset
2922 5756 3117 5827 aliquid
3167 5757 3313 5823 boni,
3366 5759 3468 5813 nisi
