3930 6312
521 321 624 372 855

521 437 756 492 bationis.
791 448 835 488 et
873 453 977 488 csse
1005 438 1056 487 id
1083 452 1180 504 quo
1206 451 1271 486 aa

516 509 828 573 separandos
886 507 1273 574 pra'destiuatos

514 597 544 630 u
593 579 818 643 reprobis
865 585 1089 628 movetur
1137 576 1272 628 Deus

519 651 697 714 (quam
765 662 884 701 esse
951 647 1269 699 sententiain

513 721 684 771 Sutlcll
731 722 766 768 A
779 717 1010 786 ugnstiui
1041 717 1269 784 scribtt),

514 805 618 838 non
648 789 814 840 solum
846 805 936 854 pro
967 788 1119 855 lujus
1149 789 1270 856 ’0ρὲ-

511 859 678 910 uionis
710 859 1024 926 defensione,
1059 867 1267 910 mortem

511 940 747 996 oppetere
793 927 932 992 nolo,
977 927 1065 980 sed
1115 932 1267 981 credo

1375 322 1928 378 SliPl'LEMENTUM
1972 321 2059 374 AD
2098 317 2324 373 OPERA
2367 316 2424 370 S.
2466 313 2850 372 AUGUSTINI.

1345 441 1633 504 gratuitum
1720 435 2176 493 inisericordiieA

1345 523 1456 562 sum
1482 509 1719 563 donum?
1743 509 1811 563 Et
1831 509 1952 575 quid
1977 510 2103 562 ode—

1348 590 1426 631 rat
1455 579 1504 631 in
1531 580 1697 646 Esau,
1717 589 2000 646 antequam
2027 578 2102 630 fe-

1345 647 1505 702 είμεει
1557 650 1753 718 aliquid
1807 651 1951 708 mali,
2000 647 2096 718 nisi

1344 719 1600 787 Origiuale
1650 717 1971 788 peccatum?
2021 717 2096 769 E-

1345 791 1462 853 pist.
1496 791 1596 844 105
1625 791 1693 841 ad
1727 792 1956 852 Sixtum,
1985 804 2098 858 qua:

1342 859 1412 911 ibi
1431 859 1672 926 cli/fusius
1700 871 1882 918 versat.

512 999 635 1048 mihi
677 999 830 1051 licere
857 1015 969 1050 eam
996 997 1289 1064 abhorrere,
1324 1002 1443 1068 quia
1480 1013 1638 1055 mater
1668 1012 1740 1055 est
1769 1001 1912 1054 illius
1939 1017 2092 1068 quam

510 1069 750 1145 pulvinus
776 1078 921 1120 tanta
955 1069 1214 1137 impietate
1253 1087 1314 1123 ac
1355 1072 1495 1125 rabie
1525 1085 1664 1142 urget
1695 1082 1871 1124 contra
1916 1070 2093 1126 Eccle-

508 1153 657 1191 διαυι.

1105 1229 1159 1283 S.
1193 1231 1492 1288 TllOilAS.

573 1320 776 1375 Electio
809 1320 922 1384 Dei,
946 1335 1046 1390 qua
1071 1337 1233 1376 unum
1261 1323 1480 1394 eligite:
1509 1329 1669 1380 alium
1701 1328 1972 1396 reprobat,
2001 1344 2087 1382 ra-

511 1413 724 1468 tionalis
755 1423 858 1476 est,
893 1427 990 1468 nec
1023 1423 1197 1468 tamen
1229 1427 1440 1484 oportet
1468 1419 1609 1487 quod
1643 1419 1780 1473 ratio
1811 1420 2086 1474 electionis

503 1507 575 1558 sit
605 1507 885 1572 meritum,
918 1506 1012 1560 sed
1053 1507 1106 1561 in
1153 1507 1263 1576 ipsa
1300 1509 1564 1565 electione
1603 1511 1736 1566 ratio
1780 1522 1862 1567 est
1903 1513 2084 1567 divina

507 1599 740 1665 bonitas,
775 1599 911 1652 ratio
942 1607 1121 1654 autem
1163 1600 1554 1670 reprobationls
1586 1613 1668 1659 est
1697 1605 1748 1659 in
1784 1605 2084 1660 hominibus

502 1700 776 1757 peccatum
803 1690 1087 1759 originale,
1113 1696 1169 1744 ut
1194 1691 1527 1764 AuguStinus
1552 1695 1703 1751 dicit.
1733 1695 1929 1762 Quiest.
1962 1696 1995 1751 6
2023 1698 2085 1752 de

507 1779 688 1846 Verit.,
717 1789 815 1833 art.
846 1780 900 1844 “2,
929 1783 998 1832 ad
1022 1780 1073 1833 9.

1198 1872 1383 1927 LXIV.

1488 1987 1532 2026 S.
1576 1988 1918 2029 AUGUSTINUS.

1399 2065 1532 2132 Quia
1593 2068 1837 2122 tenebras
1880 2079 2084 2123 vestras

1329 2140 1670 2199 redarguunt,
1717 2136 1868 2191 vobis
1911 2139 2082 2193 lucida

1331 2223 1434 2258 non
1459 2205 1727 2269 videntur,
1757 2219 1807 2259 et
1833 2224 2084 2274 quaecun—

1327 2292 1430 2341 que
1484 2275 1638 2327 vobis
1695 2291 1788 2328 sua
1843 2279 2082 2332 radiante

1328 2349 1442 2398 lure
1473 2347 1694 2399 molesta
1722 2356 1865 2410 sunt,
1895 2357 2078 2400 contra

1325 2416 1409 2468 illa
1440 2429 1532 2467 cor
1558 2414 1824 2476 clztutlitis,
1859 2430 1927 2469 ne
1958 2418 2080 2472 inde

1326 2503 1426 2538 nux
1470 2486 1680 2553 fugetur
1711 2487 1928 2540 erroris.
1961 2485 2074 2540 Lib.

491 2561 569 2613 ιη,
601 2560 776 2604 contra
804 2551 947 2619 Jul.,
970 2552 1450 2625 Oper.intper]'ect.,
1484 2551 1598 2625 cup.
1631 2555 1717 2609 61.

758 2661 1136 2719 RllEMlGlUS
1175 2664 1807 2722 ANTISIODORENSlS.

561 2751 756 2806 Beatus
806 2755 1132 2824 Augustinus
1185 2771 1360 2811 rerum
1403 2758 1750 2812 obscurarum
1791 2757 2075 2814 subtilissi-

490 2856 611 2895 mus
659 2843 960 2913 indagator,
995 2845 1137 2898 inter
1181 2849 1345 2901 ardua
1391 2852 1507 2904 sine
1551 2848 1845 2903 olleusione
1885 2852 2076 2904 decur-

491 2946 616 2986 rens
639 2971 653 2985 .
691 2932 756 2986 Et
789 2944 938 2988 antea
965 2951 983 2988 :
1017 2935 1121 2991 Alii
1163 2938 1413 2994 doctores
1459 2950 1836 3010 comparantur
1879 2942 2068 3007 stellis,

488 3023 817 3091 Augustinus
847 3026 977 3091 soli;
1007 3041 1128 3080 nam
1159 3029 1298 3086 sicut
1326 3031 1496 3085 stellae
1527 3030 1706 3086 lumcn
1734 3048 1764 3086 a
1791 3033 1904 3088 sole
1936 3036 2072 3089 reci-

489 3113 661 3178 piunt,
700 3114 779 3167 sic
821 3130 1011 3170 omnes
1049 3117 1300 3175 doctores
1339 3120 1517 3175 lumen
1559 3123 1825 3190 recipiunt
1853 3123 1922 3177 ab
1964 3127 2069 3178 Au-

725 1986 1006 2026 CENSOR‘ZS.

579 2057 762 2112 Verum
801 2062 882 2116 Ita:
911 2081 1082 2120 causte
1113 2079 1248 2129 sunt.

495 2129 555 2180 ob
575 2146 701 2197 quas
724 2134 886 2185 sancti
909 2135 1049 2188 illius
1070 2149 1115 2189 ct
1137 2154 1254 2190 eru-

493 2200 582 2249 diti
616 2200 839 2254 doctoris
882 2206 1142 2259 volumina
1185 2218 1255 2259 te-

492 2271 658 2322 nebris
689 2283 736 2323 et
767 2273 986 2342 caligine
1025 2293 1253 2340 respersa

491 2348 625 2401 sunt,
673 2342 802 2392 sicut
843 2359 875 2394 a
915 2346 1251 2398 celeberrimis

492 2407 737 2478 theologis
759 2423 831 2463 est
855 2415 1190 2468 observatum.

487 3204 724 3272 gustiuo.
755 3204 821 3258 In
849 3207 1000 3274 epist.
1030 3223 1068 3262 tt
1093 3210 1163 3262 ad
1191 3207 1505 3266 Corinthios.

1191 3321 1354 3376 LXV.

714 3424 995 3466 CENSOBES.

557 3499 779 3564 Quando
835 3501 853 3572 (
875 3511 1089 3557 sanctus
1142 3507 1247 3556 Att-

483 3572 768 3642 gustinus)
815 3573 1010 3626 videtur
1069 3575 1247 3642 defen-

482 3641 602 3694 dere
640 3641 1142 3710 prtedestiuationein
1176 3647 1244 3699 ad

481 3712 694 3779 gloriam
733 3727 850 3767 ante
881 3719 1095 3782 prwvisa
1134 3733 1241 3768 ute-

480 3784 577 3834 rita
622 3785 907 3847 hominum,
937 3802 1037 3839 non
1076 3785 1241 3854 loqui-

481 3862 562 3902 tur
609 3863 661 3905 ut
703 3857 990 3916 oraculum,
1031 3871 1121 3906 me
1161 3873 1239 3922 lp-

479 3924 584 3973 sius
623 3925 870 3975 sententia
908 3924 970 3975 ab
1010 3923 1242 3977 Ecclesia

1476 3430 1523 3470 8.
1568 3431 1906 3475 AUGUSTINUS.

1394 3504 1488 3560 Ille
1517 3508 1695 3576 itaque
1721 3507 1862 3564 dicat
1892 3510 2074 3565 Eccle-

1319 3575 1452 3631 siant
1507 3575 1796 3646 aliquando
1861 3583 1911 3633 in
1971 3581 2075 3637 lide

1316 3663 1412 3700 sua
1451 3663 1554 3703 non
1591 3649 1845 3705 habuisse
1882 3652 2075 3705 verita-

1318 3727 1421 3771 tem
1455 3720 1939 3784 praadestinationis
1976 3726 2073 3777 ltu-

1309 3785 1397 3853 jus
1440 3797 1494 3842 et
1521 3793 1730 3856 gratiae,
1769 3808 1889 3858 quae
1930 3809 2072 3848 nunc

1313 3867 1495 3911 contra
1561 3874 1726 3912 novos
1793 3864 2071 3918 hereticos

1314 3940 1439 3978 cura
1474 3927 1798 3995 diligentiori
1830 3933 2069 3986 delendi-

479 3992 829 4069 approbatur,
902 4009 993 4045 nec
1066 4008 1241 4047 omnes
1314 4002 1419 4046 tur.
1453 3992 1654 4069 [fibfde
1676 3999 1824 4053 Dono
1848 4019 2067 4069 persev.,

480 4059 701 4132 theologi
745 4061 888 4113 illaut
935 4073 1233 4128 sequuntur,
1310 4078 1425 4132 cap.
1459 4066 1549 4119 ‘25.

479 4131 583 4202 into
621 4130 703 4196 qui
735 4147 849 4182 eum
879 4133 1039 4202 magis
1067 4135 1238 4202 suspi-

479 4199 640 4265 ciunt,
669 4215 783 4252 eum
811 4203 942 4255 dese:
959 4199 1066 4255 unt.

896 4291 1211 4352 SYNODUS
1247 4297 1628 4353 BYZACENA.

552 4379 717 4449 Cujus
767 4385 1253 4448 prardestinationis
1299 4391 1601 4458 veritatem,
1649 4407 1749 4460 qua
1799 4407 1894 4447 nos
1939 4406 2064 4451 ante

479 4475 660 4526 mutuli
683 4474 1115 4531 constitutionem
1147 4479 1558 4548 praedestinatos
1583 4484 1637 4538 iu
1660 4481 1878 4538 CltriSto
1903 4495 2060 4539 testa-

2099 1796 2165 1856 ’Β

3690 311 3802 368 856

2711 430 2771 485 S.
2815 427 3267 486 lllERONYMUS.

2279 521 2402 576 Hanc
2422 520 2490 576 de
2509 519 2806 589 Augustino
2833 520 2900 574 ad
2930 520 3178 575 eumdem
3208 518 3433 574 scribit:
3471 518 3578 585 Qui
3607 529 3796 571 contra

2202 615 2384 682 flantes
2425 625 2592 668 uentos
2629 615 2816 667 ardore
2859 613 2980 680 ﬁdei
3023 611 3310 682 perstitisti.
3340 610 3513 680 Epist.
3544 609 3621 663 25
3646 611 3794 679 apud

2205 707 2465 776 August.;
2496 717 2551 761 et
2580 707 2776 760 Paulus
2804 706 3045 769 Orosius,
3077 719 3236 774 quem
3269 703 3508 757 Romana
3537 703 3788 774 synodus

2197 797 2298 850 sub
2333 796 2548 851 Gelasio
2594 797 2758 850 virum
2794 794 3194 849 eruditissimum
3223 802 3399 860 vocat,
3431 795 3504 848 ita
3537 805 3791 849 sanctum

2207 887 2552 954 Augustinum
2609 886 2946 955 alloquitur:
2997 883 3218 939 Necesse
3267 900 3366 938 me.
3395 884 3494 954 fuit
3546 885 3794 952 festinato

2197 975 2365 1040 edere,
2409 986 2456 1029 et
2506 989 2803 1030 coacervare
2840 978 2893 1028 in
2932 992 3092 1029 unum
3121 992 3296 1031 omnes
3326 978 3682 1048 perditionum
3709 996 3798 1031 ar-

2196 1066 2338 1120 bores
2367 1083 2480 1120 cum
2511 1068 2769 1121 radicibus
2808 1077 2856 1121 et
2898 1067 3056 1120 ramis
3097 1069 3224 1134 suis,
3267 1076 3316 1122 et
3347 1061 3539 1136 oﬂ‘erre
3576 1070 3795 1139 igniculi

2193 1163 2400 1228 spiritui
2430 1171 2538 1216 tuo.
2574 1161 2628 1216 In
2676 1162 2884 1231 praclat.
2915 1160 3342 1227 Commonitorii,
3367 1171 3519 1218 tomo
3551 1163 3642 1230 Ἣ,
3667 1175 3791 1220 ante

2193 1256 2390 1310 librum
2429 1265 2614 1310 contra
2654 1254 3110 1310 Priscitliauistas.

2889 1362 3096 1418 LXVII.

2424 1470 2712 1512 CENSOIIBS.

2262 1547 2452 1608 Fateor
2473 1566 2596 1603 sane
2618 1549 2859 1620 quendam
2882 1547 2946 1602 ab

2187 1621 2489 1690 Augustino,
2539 1635 2654 1687 qua:
2700 1620 2769 1672 ad
2808 1634 2946 1690 asse-

2187 1689 2400 1743 rendam
2433 1689 2719 1743 libertatem
2758 1698 2806 1742 et
2846 1689 2946 1741 vim

2191 1760 2560 1824 cooperationis
2626 1769 2816 1814 nostris
2885 1774 2950 1812 ea:

2188 1832 2355 1900 gratia
2401 1832 2672 1899 pertinent,
2726 1829 2949 1898 potuisse

2189 1900 2438 1967 explicari
2479 1902 2532 1954 in
2582 1900 2682 1954 hac
2736 1903 2950 1954 materia

2188 1971 2396 2036 clarius,
2428 1986 2542 2038 qua:
2569 1971 2619 2022 in
2647 1969 2948 2038 quibusdam

2188 2041 2335 2106 locis,
2379 2042 2464 2094 ubi
2511 2049 2799 2108 opportune
2846 2039 2950 2092 dici

2186 2120 2440 2180 poterant,
2502 2113 2705 2175 omisit;
2754 2109 2842 2163 ubi
2893 2108 2947 2164 in

2186 2179 2394 2248 Septem
2451 2179 2837 2249 quaestionibus
2881 2181 2949 2235 de

2187 2251 2354 2319 gratia
2407 2249 2682 2319 assignant
2728 2249 2945 2304 modum

2184 2334 2288 2387 quo
2341 2320 2484 2388 loqui
2549 2319 2780 2372 debebat
2835 2323 2944 2373 Au-

2183 2391 2427 2456 gustinus
2458 2391 2525 2442 ad
2555 2390 2840 2442 animosum
2868 2407 2948 2444 ne-

2185 2461 2463 2513 cessariam
2494 2459 2915 2516 consolationem.

3183 1470 3231 1510 S.
3274 1471 3410 1513 Αυῦυ
3417 1471 3630 1513 srms.

3090 1547 3146 1602 lu
3178 1548 3502 1604 lectionibus
3529 1550 3791 1620 apostoli-

3017 1619 3098 1674 cis
3175 1619 3578 1684 superioribus;
3653 1637 3788 1687 quas

3020 1688 3268 1744 charitati
3316 1699 3552 1755 vestras,
3612 1707 3786 1756 quan-

3022 1769 3131 1830 tum
3201 1759 3456 1814 Dominus
3530 1761 3787 1830 adjuvare

3020 1829 3270 1897 dignatus
3289 1837 3389 1894 est,
3413 1829 3784 1900 exposuimus,

3023 1901 3248 1954 multum
3281 1899 3511 1956 laborem
3540 1911 3596 1956 et
3625 1903 3788 1956 solli-

3021 1969 3308 2025 citudinem
3362 1973 3490 2039 passi
3549 1987 3773 2026 sumus.

3019 2039 3476 2108 Compatiebamur
3517 2042 3676 2096 vobis
3716 2051 3781 2096 et

3019 2111 3231 2164 sol-‘iciti
3303 2125 3511 2165 eramus
3557 2121 3618 2166 et
3679 2127 3785 2180 pro

3020 2180 3174 2235 nobis
3205 2190 3258 2235 et
3286 2195 3382 2248 pro
3410 2181 3570 2235 vobis.
3599 2183 3783 2246 Quart-

3021 2258 3129 2304 tutn
3171 2260 3346 2304 autem
3384 2251 3657 2314 existimo,
3690 2254 3782 2305 ad-

3013 2319 3149 2387 juvit
3177 2329 3232 2376 et
3260 2334 3358 2375 nos
3383 2330 3436 2376 et
3462 2335 3558 2375 VOS
3589 2323 3782 2376 Dei-

3016 2404 3138 2457 nus,
3169 2399 3224 2446 et
3272 2405 3335 2444 ea
3385 2406 3504 2460 quze
3555 2407 3785 2454 prorsus

3016 2461 3327 2516 difﬁcillima
3404 2461 3779 2526 ridebantur,

3015 2533 3095 2586 sic
3139 2547 3231 2598 per
3271 2546 3370 2585 nos
3414 2532 3660 2587 enodare
3709 2533 3784 2586 di-

2186 2612 2372 2670 gnatus
2398 2610 2502 2667 est,
2523 2608 2580 2655 ut
2604 2599 2744 2654 nulla
2767 2601 2990 2669 qttatstio
3018 2609 3319 2656 remaneret
3345 2617 3462 2669 quae
3488 2603 3783 2658 conturbet

2186 2683 2419 2726 tuentem
2460 2688 2647 2735 suam;
2680 2671 2842 2740 Impia
2880 2674 3023 2726 enim
3054 2686 3206 2727 mens
3239 2673 3354 2725 odit
3395 2671 3555 2726 etiam
3595 2674 3612 2725 i

3621 2689 3779 2740 psum

2182 2743 2531 2812 intellectum,
2580 2754 2686 2796 etc.
2731 2741 2901 2797 Serm.
2938 2742 3006 2799 15
3056 2744 3120 2798 de
3170 2741 3322 2798 Verb.
3367 2740 3551 2812 Apost.
3585 2755 3782 2798 contra

2182 2811 2518 2884 Pelagianos.

2545 2901 2868 2960 ECCLESIA
2909 2902 3411 2961 LUGDUNENSIS.
3541 2965 3544 2970 _

2251 2995 2357 3049 lste
2383 3008 2511 3049 vero
2531 3009 2651 3049 cum
2676 2994 2789 3050 haec
2813 2994 3028 3064 legisset
3051 3004 3155 3050 tam
3183 2996 3390 3050 utiliter
3403 3006 3455 3051 et
3475 2996 3785 3055 salubriter

2179 3085 2244 3139 ad
2293 3086 2743 3142 illuminationem
2784 3094 2985 3141 nostra:
3015 3085 3136 3141 ﬁdei
3165 3087 3328 3153 dicta,
3374 3104 3478 3143 non
3508 3097 3599 3144 est
3645 3105 3785 3146 con-

2105 3166 2148 3226 C
2183 3185 2360 3233 tentus
2403 3177 2766 3233 moderamine
2811 3185 2866 3234 et
2909 3177 3108 3247 pietate
3163 3179 3333 3234 sancti
3379 3179 3618 3237 doctoris
3674 3187 3788 3237 Au-

2182 3267 2403 3334 gusuoi,
2436 3282 2504 3322 ne
2535 3268 2794 3322 terminos
2833 3267 2902 3320 ab
2941 3281 3006 3323 eo
3034 3267 3281 3336 prensos
3318 3271 3626 3337 excederet,
3688 3271 3786 3328 sed

2181 3357 2383 3411 addidit
2429 3356 2497 3412 de
2537 3369 2658 3412 suo.
2701 3357 2808 3411 Lib.
2846 3368 3023 3413 contra
3061 3355 3218 3413 Joan.
3267 3358 3505 3430 Erigen.,
3548 3378 3686 3432 cap.
3728 3365 3785 3418 3.

2179 3447 2388 3502 Floruit
2435 3465 2521 3503 an.
2555 3447 2680 3504 852.

2860 3541 3091 3596 LXVIII.

3173 3648 3220 3688 3.
3260 3651 3602 3692 Αυουετηευς.

3082 3724 3295 3780 Illorum
3317 3729 3460 3782 enim
3487 3728 3635 3783 dicta
3671 3747 3782 3788 non

3007 3794 3269 3867 defendis,
3319 3808 3375 3851 ut
3416 3801 3782 3867 promiseras,

3005 3866 3098 3920 sed
3193 3866 3566 3934 reprehendis.
3657 3873 3785 3927 Tuo

3004 3937 3199 4006 quippe
3228 3939 3474 4006 dogmate
3503 3955 3628 3994 cutn
3679 3959 3781 3996 co-

2417 3648 2702 3688 CENSOIES.

2247 3727 2328 3779 Ad
2367 3727 2593 3779 tribunal
2624 3724 2785 3778 sancti
2823 3724 2935 3776 Au-

2175 3797 2366 3866 gustini
2404 3798 2716 3865 disputatum
2761 3794 2933 3849 hacte-

2175 3884 2270 3919 nus
2311 3875 2405 3925 est,
2459 3877 2505 3920 et
2551 3867 2768 3920 liberata
2805 3866 2934 3933 ﬁdes

2172 3953 2326 4005 quam
2348 3936 2706 4006 obligaverunt,
2735 3936 2831 3988 hoc
2859 3947 2934 3990 est

2175 4007 2422 4066 probandi
2441 4007 2688 4074 quidquid
2707 4006 2794 4059 ille
2811 4024 2931 4074 pro-

2175 4077 2329 4139 baret,
2393 4077 2716 4143 improbundi
2778 4077 2932 4145 quid-

2169 4149 2294 4213 quid
2311 4149 2398 4200 ille
2419 4149 2792 4217 improbaret...
2819 4147 2933 4201 Una

2167 4231 2393 4285 superest
2439 4220 2608 4272 adhuc
2662 4219 2931 4270 tractanda

2176 4291 2397 4356 quaestio,
2452 4289 2687 4341 nimirunt
2739 4299 2929 4354 quanta

2169 4361 2322 4428 fuerit
2365 4359 2579 4428 hujusce
2625 4359 2928 4413 conditionis

2166 4432 2396 4497 aquilas,
2423 4441 2468 4482 et
2496 4441 2683 4494 quanta
2711 4432 2925 4482 necessi-

2167 4510 2244 4552 tas
2271 4499 2523 4554 subcundi
2559 4502 2716 4570 legent
2763 4501 2922 4564 illam,

3003 4021 3143 4075 gans
3173 4007 3258 4061 illa
3288 4011 3504 4078 cu'pare
3544 4021 3597 4064 et
3639 4014 3780 4067 talsa

3003 4093 3122 4133 esse
3144 4080 3449 4144 ostendere,
3475 4082 3625 4136 nullo
3654 4099 3780 4136 mo-

3005 4149 3074 4202 do
3100 4149 3290 4204 sineris
3325 4151 3636 4205 auctoribus
3673 4169 3776 4207 eo-

3003 4233 3118 4273 rum
3155 4219 3552 4287 defensionem,
3598 4239 3776 4287 «rnatu

2999 4290 3368 4371 spoponderas
3393 4331 3409 4354 ,
3464 4291 3732 4371 exhibere
3757 4335 3772 4357 ,

3000 4363 3119 4428 quia
3178 4372 3229 4416 et
3291 4363 3347 4413 in
3415 4363 3775 4417 accusatione

2998 4429 3240 4485 adulator
3268 4444 3389 4485 esse
3427 4432 3662 4496 conaris,
3715 4447 3772 4488 et

3001 4501 3052 4555 in
3111 4501 3411 4557 adulatione
3455 4501 3768 4569 deprehen-

2999 4571 3143 4627 deris
3188 4581 3480 4626 accusator.
3535 4571 3658 4626 Lib.
3713 4589 3771 4627 tv

2999 4655 3174 4696 contra
3189 4642 3220 4695 J
3231 4642 3284 4694 ul
3293 4681 3304 4694 .
3315 4680 3328 4705 ,
3339 4640 3486 4711 Oper.
3510 4643 3733 4714 imper].
3745 4686 3764 4712 ,

2998 4728 3110 4784 cap.
3146 4714 3270 4768 112.

479 4576 564 4618 tur
585 4569 899 4634 Apostolus,
930 4569 976 4621 si
1006 4572 1126 4637 quis
1153 4570 1408 4627 detrectat
1435 4575 1616 4630 cordis
1640 4577 1952 4631 credulitate
1975 4593 2059 4632 re-
2091 4545 2142 4603 D
2165 4587 2317 4638 quam
2356 4572 2481 4638 quia
2530 4545 2819 4638 ίίίέδῖπιταητ
2865 4545 2926 4624 αδ

473 4658 679 4726 cipere,
703 4659 784 4711 vel
809 4659 918 4712 oris
940 4657 1281 4716 confessione
1303 4664 1564 4732 proferre,
1590 4666 1634 4717 si
1661 4673 1787 4718 ante
1813 4666 2054 4721 ultimum

2195 4642 2390 4694 icclesia
2420 4642 2728 4709 impositam,
2779 4644 2926 4695 audi-

2195 4729 2214 4762 e
2233 4714 2371 4762 iurat
2384 4713 2667 4762 urteciouos
2678 4712 2925 4762 quosdam

473 4755 613 4810 diem
662 4757 782 4811 vita:
829 4759 1109 4826 praesentis
1157 4759 1446 4828 impietatis
1485 4775 1596 4814 sua:
1642 4761 2055 4827 contumaciam,

2195 4725 2371 4780 βλαυαι
2384 4726 2667 4779 ριἰεοιριιοδ
2678 4725 2925 4777 quosdam

2195 4783 2379 4837 iasdem
2397 4779 2637 4834 Ecclesia:
2647 4781 2922 4852 principes,

471 4863 572 4914 qua
604 4848 712 4902 Deo
739 4847 857 4902 vivo
884 4857 939 4902 et
969 4867 1094 4905 vero
1125 4851 1342 4905 rebellis
1370 4851 1604 4916 obsistit,
1637 4866 1744 4904 non
1773 4851 2054 4920 abiecerit,
2159 4847 2488 4920 pastoresque
2513 4847 2886 4921 celeberrimos,
2909 4847 2966 4912 et
2994 4859 3222 4911 doctores
3250 4854 3607 4909 scientissimus
3632 4870 3760 4908 sen-

473 4942 815 5005 mnnireslmn
845 4954 928 4998 es,
957 4959 1080 5000 eum
1113 4961 1216 4999 non
1259 4947 1528 5013 pertinere
1557 4944 1622 5000 ad
1651 4960 1835 4999 eorum
1871 4961 2057 5000 nume_
2158 4939 2307 4976 suum
2331 4925 2807 4991 ecclesiasticarum,
2843 4928 3150 4995 minimeque
3175 4936 3457 4994 suspectos.

474 5047 590 5085 rum
619 5045 751 5098 quos
783 5034 920 5087 Deus
945 5036 995 5088 in
1019 5035 1236 5090 Christo
1259 5048 1381 5091 ante
1403 5037 1590 5092 mundi
1619 5037 2055 5093 constitutionem
2655 5039 3039 5096 EUGYPPIUS
3077 5041 3263 5093 abbas.

470 5124 638 5190 gratis
663 5123 826 5194 elegit
851 5136 905 5178 et
933 5128 1330 5188 prcedestinavit
1355 5128 1422 5186 ad
1453 5145 1699 5199 regnum.
1733 5129 1937 5201 Epilog.
1967 5131 2055 5185 lib.
2236 5129 2380 5184 lnter
2411 5144 2628 5198 magnos
2662 5129 2917 5185 Ecclesia.
2946 5131 3223 5185 catholica:
3252 5127 3506 5182 doctores
3533 5127 3752 5194 ιιι-ευριπ-

467 5221 531 5272 o’e
555 5215 770 5270 Iitcaru.
801 5227 848 5271 et
873 5226 1030 5287 grat.,
1053 5219 1184 5272 inter
1210 5236 1362 5288 opera
1388 5220 1450 5277 S.
1482 5219 1771 5292 Fulgentii.

2167 5238 2281 5276 rutn
2313 5221 2477 5275 luisse
2505 5229 2561 5276 et
2587 5237 2707 5276 esse
2736 5222 2953 5278 beatum
2985 5223 3339 5291 Augustinum
3381 5221 3501 5289 quis
3542 5222 3751 5289 ignorat

1174 5307 1355 5366 LXVI.
2162 5313 2516 5382 episc0pumt
2553 5327 2714 5381 quem
2745 5313 2926 5369 divina
2965 5313 3266 5369 eruditione
3298 5311 3602 5365 mirabilem
3635 5319 3746 5364 tum

711 5414 994 5454 CENSORES.
1384 5457 1386 5459 ,
1463 5417 1510 5455 s.
1553 5417 1894 5457 AUGUSTINUS.
2165 5420 2353 5459 omnes
2379 5405 2671 5461 orthodoxi
2706 5407 2758 5461 in
2797 5415 2911 5462 toto
2943 5416 3204 5462 terrarum
3236 5405 3369 5461 orbe
3399 5414 3746 5466 venerantur,

545 5493 845 5570 Mortalium
937 5492 1225 5570 “doctissimi
1360 5494 1520 5570 litus
1569 5495 1740 5570 mihi,
1794 5495 2054 5558 Domine,
2167 5496 3105 5568 prtecipuetamenapostolictesedis
3127 5501 3611 5570 antistitesscripta
3630 5501 3745 5570 ejus

468 5564 666 5631 iniquid
721 5580 866 5629 aqua:
919 5563 1225 5628 sufi'unduiit
1299 5565 1654 5632 mitigationes
1708 5567 1758 5619 itt
1811 5582 1944 5628 cor.
2002 5576 2060 5619 ut

471 5635 576 5692 imi
616 5635 882 5687 verborum
925 5635 1088 5689 sancti
1119 5635 1224 5689 Au-
1300 5635 1563 5700 patienter
1643 5638 1776 5690 tales
1864 5635 2054 5690 feram.

467 5703 680 5772 gustini.
1476 5721 1545 5760 ιιι
1612 5705 1880 5774 Confess.,
1938 5721 2054 5776 Cap.

2167 5604 2258 5643 sua
2299 5592 2618 5645 auctoritate
2659 5594 2956 5658 ﬁrmantes,
3001 5601 3151 5647 tanto
3186 5591 3375 5660 majori
3405 5591 3586 5647 studio
3621 5594 3746 5646 sim-

2169 5679 2375 5749 pliciter
2403 5683 2632 5751 amplexi
2669 5693 2813 5750 sunt,
2855 5692 3054 5753 quanto
3082 5685 3330 5754 ampliori
3359 5684 3553 5738 solatio
3579 5685 3660 5739 eis
3691 5701 3746 5738 se

2172 5787 2296 5829 usos
2333 5789 2451 5832 esse
2480 5787 2739 5834 testantur
2769 5795 2782 5833 ς
2817 5792 2937 5833 nam
2982 5785 3165 5832 contra
3213 5775 3407 5832 inultos
3440 5776 3625 5831 hostes
3651 5773 3743 5831 Ec.
