3930 6312
140 320 237 376 861

663 424 719 481 S.
751 418 1212 479 lIlERONYbIUS.

209 525 372 580 Certe
410 518 662 593 quidquid
684 515 788 572 dici
821 516 1020 583 potuit,
1053 522 1105 566 et
1136 509 1346 564 sublimi
1392 507 1608 576 ingenio
1653 503 1721 559 de

137 617 539 685 Scripturarum
580 617 886 663 sanctarum
916 603 1113 659 hauriri
1149 602 1402 665 fontibus,
1430 614 1456 651 a
1488 605 1542 653 te
1574 596 1719 666 posi-

137 720 257 764 tum
303 717 462 776 atque
514 703 801 759 dissertum
853 709 955 754 est.
985 696 1091 751 Sed
1150 708 1333 763 quaeso
1370 690 1722 746 reverentiam

139 807 291 855 tuam
320 809 614 869 parumper
652 790 871 863 patiaris
891 805 975 844 me
1008 800 1153 843 tuum
1188 785 1408 840 laudare
1432 781 1723 852 ingenium.

137 892 317 965 Epist.
349 889 419 946 30
451 890 519 942 ad
545 887 763 958 August.

794 971 1078 1028 LXXXIII.

1142 1076 1189 1113 S.
1219 1070 1565 1113 AUGUSTINUS.

1050 1132 1245 1186 Desine
1301 1128 1537 1191 talibus,
1597 1138 1733 1177 unus

979 1204 1140 1258 homo
1162 1214 1298 1261 sum,
1320 1196 1576 1251 Ecclesia:
1598 1195 1736 1248 inter

979 1288 1077 1328 nos
1091 1272 1264 1342 agitur
1278 1281 1572 1342 causa,non
1592 1278 1733 1342 mea,

983 1335 1259 1404 Ecclesia},
1285 1340 1520 1406 inquam,
1539 1348 1659 1404 qua:
1683 1335 1736 1385 in

978 1414 1125 1469 nullo
1144 1409 1357 1465 homine
1372 1422 1516 1473 spem
1536 1417 1736 1473 ponere

982 1501 1012 1539 a
1033 1496 1131 1538 suo
1153 1477 1340 1535 didicit.
1354 1476 1732 1543 Redemptore.

981 1556 1293 1621 Quanquam
1318 1562 1416 1621 nec
1431 1546 1498 1600 de
1516 1560 1601 1599 me
1617 1544 1739 1609 ipso

983 1617 1165 1685 vobis,
1183 1617 1389 1674 etiamsi
1419 1629 1589 1670 meam
1618 1628 1736 1668 con»

982 1691 1337 1747 versationem
1371 1685 1623 1749 nossetis,
1653 1699 1736 1737 re-

981 1773 1065 1819 cte
1121 1760 1432 1815 crederetur
1488 1755 1737 1809 inimicus

982 1832 1132 1888 milii.
1167 1829 1249 1883 Ad
1284 1826 1736 1882 existimationem

976 1902 1259 1969 hominum
1296 1911 1482 1965 magna
1526 1893 1737 1969 testium

983 1973 1071 2044 qui
1104 1985 1190 2025 me
1220 1963 1477 2044 nover-unt
1509 1963 1741 2032 suppetit

984 2037 1158 2109 capia,
1187 2040 1253 2092 ad
1300 2037 1394 2109 Dei
1436 2050 1566 2109 vero
1608 2048 1737 2109 con-

381 1084 665 1127 CENSORES.

219 1143 467 1200 Ecclesia:
538 1142 741 1193 interest
814 1153 907 1190 sua

142 1218 323 1272 omnia
354 1217 621 1286 juranon
647 1211 735 1263 uni
770 1222 906 1286 com:

138 1278 377 1348 mittere}
395 1278 907 1352 periclitatureaerci-

138 1368 227 1412 tus
268 1346 419 1426 cujus
456 1346 909 1426 robu_r_uniusnhc-‘

138 1428 305 1481 minis
326 1415 509 1479 Uirtute
536 1420 734 1473 nititur.
768 1415 905 1481 Quid

136 1499 284 1551 enim
312 1496 357 1549 si
384 1491 605 1548 hwretici
633 1489 735 1542 suis
765 1502 909 1555 argu-

137 1569 234 1621 tiis
260 1573 465 1634 possent
485 1562 711 1634 evincere
732 1574 783 1611 se
805 1572 908 1634 non

137 1627 270 1691 esse'
296 1643 467 1705 aperte
494 1630 574 1705 μιν
598 1627 908 1705 _Augustino

140 1700 458 1761 damnatos?
481 1700 728 1754 Ecclesite
756 1712 911 1749 causa

141 1774 426 1831 deserenda
456 1779 604 1831 esset.
638 1778 684 1822 et
716 1766 903 1833 insit/[i-

141 1847 284 1900 ciens
302 1845 431 1913 foret
443 1841 670 1911 omnium
688 1837 909 1913 aliorum

140 1907 370 1970 Patrum
435 1908 740 1974 consensi“,
788 1907 909 1968 quia

145 1985 467 2057 4ugustinus
480 1991 549 2035 est
564 1976 874 2057 necegsarius
887 1976 913 2029 ?

148 2046 342 2125 Iniiyua
364 2063 494 2125 certe
516 2058 643 2125 esset
670 2046 911 2125 Ecclesia:

146 2104 492 2189 2551138631.:
516 2119 653 2173 Deus
675 2134 776 2171 non
800 2117 914 2169 uni-
986 2104 1226 2181 spectum
1250 2107 1364 2161 sola
1388 2104 1738 2188 conscientia,

146 2173 663 2255 ELHiii'ciaiém,sed
680 2188 913 2241 doctores
985 2173 1142 2253 quam
1181 2186 1364 2234 contra
1407 2173 1743 2255 criminatio-

146 2243 613 2337 promisitIutnbn
644 2256 914 2337 circumfe-
987 2243 1083 2337 nes
1112 2259 1314 2306 vostras
1352 2261 1471 2300 cum
1517 2243 1741 2310 intrepi-

147 2323 475 2391 }amuromni
488 2323 910 2385 centodoctrintv.
987 2323 1106 2378 dam
1119 2334 1322 2392 geram,
1339 2331 1443 2392 non
1463 2330 1547 2392 me
1565 2323 1742 2392 tamen

989 2397 1086 2448 sub
1120 2384 1305 2444 'neulis
1346 2384 1743 2454 Omnipotentis

147 2476 442 2549 justiﬁeare
466 2470 660 2527 audeo.
693 2468 805 2522 Lib.
841 2482 896 2519 ιιι
923 2473 1103 2518 contra
1132 2459 1482 2521 Cresconium,
1507 2472 1623 2526 cup.
1650 2454 1741 2509 80.

182 2633 184 2635 μ
741 2559 803 2614 S.
834 2555 1173 2613 PROSPEB.

227 2658 429 2730 Viginti
460 2655 690 2725 amplius
731 2654 888 2705 annis
924 2658 1110 2705 contra
1158 2646 1403 2702 inimicos
1434 2643 1621 2712 gratiae
1654 2640 1747 2695 Dei

150 2751 423 2810 catholica
449 2746 592 2804 acies
624 2746 783 2814 hujus
805 2758 913 2797 vnn
941 2742 1101 2795 ductu
1132 2747 1329 2808 pugnat
1357 2746 1410 2792 et
1432 2734 1618 2799 vincit;
1644 2734 1749 2787 vin-

155 2844 233 2903 cit
261 2843 407 2906 dico,
435 2841 558 2911 quia
590 2853 695 2893 non
727 2835 927 2906 patitur
956 2833 1228 2901 respirare
1257 2841 1392 2897 quos
1422 2828 1570 2881 vicit.
1602 2824 1750 2879 Prte-

161 2941 452 3009 fat.contra
474 2932 810 2989 Collatorem.
834 2928 894 2981 Et
919 2928 971 2980 in
996 2925 1246 2980 Carmine
1272 2931 1458 2978 contra
1485 2920 1744 2991 Ingratos,

155 3043 277 3099 cap.
309 3026 345 3082 5
372 3042 387 3078 :

250 3117 398 3178 Istius
421 3125 546 3176 ergo
567 3114 700 3178 inter
720 3115 939 3178 cunctos,
966 3109 1046 3178 qui
1061 3107 1137 3178 de
1160 3116 1319 3178 grege
1345 3108 1511 3153 sancto

252 3177 454 3229 Insanus
476 3170 718 3237 pepulere
744 3170 893 3231 feras,
913 3170 1149 3237 industria
1171 3170 1345 3237 major,

256 3228 412 3300 )Iajus
431 3228 577 3300 opus,
600 3243 753 3285 totum
780 3228 1094 3300 prte'stautius
1115 3228 1501 3300 i‘mbui'tnoirbc‘m.

257 3286 374 3349 fiam
395 3286 915 3362 QuocUUquegt-adum
942 3290 1188 3362 convertit
1210 3287 1408 3362 callidus
1431 3286 1584 3362 hostis
1607 3321 1624 3346 ,

257 3350 474 3424 Quaque
511 3370 599 3421 per
611 3350 854 3424 ambages
877 3365 1057 3424 anceps
1083 3353 1181 3400 iter
1205 3350 1309 3424 egit
1331 3356 1548 3420 apertas,

252 3409 411 3482 I‘iuju's
436 3423 497 3471 ab
512 3409 722 3469 'occursu
747 3409 823 3465 est
844 3409 1143 3482 praeventus,
1162 3409 1294 3482 mille
1321 3410 1506 3459 viarum

257 3471 449 3535 Insidiis
471 3483 651 3532 aditum
677 3491 772 3529 non
796 3471 1195 3538 repperientibus
1218 3471 1388 3521 ullum.

808 3558 1099 3617 LXXXIV.

1172 3662 1218 3702 8.
1252 3658 1592 3701 AUGUSTINUS.

244 3726 374 3795 Qme
398 3739 530 3781 certe
554 3743 652 3781 non
678 3740 737 3779 eo
767 3723 927 3777 consi-
1070 3716 1383 3795 Sicuandire
1421 3716 1590 3768 debeo
1624 3727 1756 3795 con-

164 3783 306 3854 liowa
342 3814 422 3852 me
448 3804 926 3857 commemorantur,
1003 3789 1256 3844 tumelias
1306 3794 1461 3857 tuas,
1490 3783 1759 3851 quomodo

165 3881 224 3924 ut
245 3868 443 3936 aliquid
465 3867 737 3938 Augustini
760 3854 930 3938 laudi;
1003 3861 1186 3938 laudes
1222 3866 1367 3938 tuas.
1402 3854 1601 3936 Libani
1634 3869 1757 3938 non.

167 3942 259 3994 bus
299 3925 581 3993 detractum
619 3936 799 3997 velim;
831 3934 931 3986 uti-
1004 3943 1083 3984 tra
1138 3928 1275 3992 Jul.,
1322 3928 1481 3996 Oper.
1523 3925 1759 3993 imperﬂ,

166 4027 288 4063 nam
315 4010 481 4074 maior
502 4006 609 4060 illis
634 4022 744 4057 mea
775 4019 930 4069 opera
1003 4018 1116 4071 cap.
1156 4000 1241 4055 10.

167 4081 283 4149 ﬁeri
307 4089 475 4149 posset
499 4075 758 4130 accessio!

404 3670 665 3712 CENSOBES
674 3695 686 3708 .

845 4161 999 4217 PIUS
1032 4161 1093 4214 Il.

245 4260 470 4333 Magnus
512 4257 877 4326 Augustinus,
906 4254 1150 4309 doctrina
1182 4263 1231 4306 et
1264 4248 1587 4304 verecundia
1612 4248 1762 4317 juxta

168 4353 387 4416 nobilis,
420 4350 575 4421 cujus
622 4358 770 4403 tanta
816 4347 986 4417 gloria
1035 4353 1117 4400 est
1166 4352 1223 4397 ut
1272 4342 1469 4395 nullius
1515 4340 1763 4394 laudibus

168 4454 401 4511 crescat,
437 4443 899 4514 vituperationeve
929 4438 1217 4492 minuatur.
1252 4434 1380 4487 Cum
1408 4440 1535 4486 esset
1566 4431 1764 4487 /Eneas

171 4540 406 4610 Sylvius,
439 4538 587 4607 epist.
622 4534 723 4591 150
752 4535 821 4587 ad
849 4531 1165 4586 cardinalem
1198 4524 1600 4598 Caravajalium.

839 4623 1102 4680 LXXXV.

407 4738 692 4780 CENSORES.
1102 4764 1106 4769 .
1173 4733 1218 4773 8.
1252 4728 1595 4770 AUGUSTINUS.

246 4796 355 4853 Sed
386 4805 581 4849 tantum
620 4801 675 4847 ut
716 4792 934 4862 manife-
1016 4859 1031 4862 _
1077 4787 1258 4862 Neque
1290 4796 1468 4862 tamen
1502 4782 1626 4837 huic
1660 4790 1763 4862 tam

171 4876 303 4923 stem
341 4883 491 4934 quam
539 4864 673 4917 male
715 4863 777 4916 de
819 4854 934 4934 vero
1010 4854 1254 4934 familiari
1278 4857 1450 4934 amico
1468 4869 1587 4908 meo
1608 4854 1763 4934 velim

1320 299 1641 361 VINDICIIE
1680 296 1818 354 AUC
1832 290 2248 354 USTINIANE.

1746 415 1796 472 A
1824 413 1980 469 decet
2007 414 2213 466 honore
2237 416 2523 462 veneratus
2552 416 2693 471 sum,
2725 407 2780 457 et
2813 398 3142 453 habitantem
3175 396 3227 453 in
3259 404 3309 459 te
3341 396 3422 451 di-

1770 1784 1817 1843 Β
1844 1746 2135 1799 admittere.

3319 279 3421 333 862

1829 505 1937 559 lexi
1971 502 2258 557 Dominum
2294 496 2660 558 Salvatorcm;
2690 491 2785 547 sed
2816 504 2980 555 nunc,
3004 488 3049 542 si
3081 487 3196 544 ﬁeri
3224 496 3421 557 potest,

1829 593 2043 648 cumulo
2070 589 2274 661 aliquid
2302 586 2571 652 addimus,
2595 593 2645 639 et
2670 582 2828 652 plena
2850 580 3207 650 complemus,
3233 587 3291 631 ut
3312 578 3423 632 absr

1831 701 1934 755 que
1976 685 2052 739 tui
2097 680 2328 738 nominis
2362 678 2635 734 mentione
2678 691 2745 743 ne
2790 688 2945 728 unam
2991 671 3204 742 quidem
3238 670 3423 724 horam

1830 775 2107 848 praeterire
2146 774 2433 843 patiamur.
2468 770 2652 824 Postea
2684 782 2702 821 :
2740 766 2909 820 Macte
2953 765 3150 817 virtute
3193 764 3243 816 in
3293 760 3425 813 orbe

1831 868 2145 930 celebraris,
2176 864 2424 919 catholici
2471 872 2521 917 te
2562 860 2894 915 conditorem
2938 859 3170 925 antiquae
3211 868 3423 908 rursum

1838 959 2322 1013 ﬁdei-venerantur
2350 965 2511 1023 atque
2552 953 2880 1020 suSpiciunt,
2908 958 2990 1015 et,
3022 948 3163 1018 quod
3210 947 3422 1016 signum

1844 1052 2065 1121 majoris
2110 1050 2297 1121 glorise
2355 1055 2482 1113 est,
2532 1059 2718 1100 omnes
2782 1041 3021 1097 haeretici
3067 1039 3424 1095 detestantur.

1841 1142 2007 1211 Epist.
2036 1138 2107 1192 25
2134 1137 2205 1191 ad
2234 1135 2370 1207 Aug.

2481 1226 2773 1283 LXXXVI.

2838 1331 2884 1370 S.
2917 1330 3260 1371 AUGUSTINUS.

2744 1388 2858 1442 Non
2908 1387 3049 1441 enim
3092 1401 3185 1438 vos
3234 1380 3430 1437 oblitos

2672 1460 2855 1521 credo,
2871 1456 3063 1524 judicis
3084 1454 3210 1508 mihi
3233 1464 3431 1524 munus

2676 1522 3153 1583 fuisse‘delatum.
3222 1522 3333 1575 Lib.
3393 1534 3431 1575 ll

2674 1607 2810 1653 cont.
2840 1597 3196 1653 Academicos.
3228 1609 3345 1661 cap.
3374 1591 3430 1645 8.

2672 1670 2845 1736 (Sane
2885 1667 3132 1721 Clemens
3162 1662 3268 1716 VIII
3285 1676 3435 1736 _sa_n-

2672 1729 2815 1793 ctum
2869 1736 3222 1805 Augustinum
3278 1729 3429 1805 judi-

2675 1824 2793 1861 cem
2815 1800 3093 1860 constituit
3114 1805 3165 1856 in
3189 1800 3436 1869 quastio-

2606 1904 2609 1909 ·
2676 1878 2834 1931 nibus
2864 1875 2931 1931 de
2960 1870 3220 1943 auxiliis.)

2421 1967 2851 2027 s.rnoseen.
3356 2020 3365 2031 θ

1914 2068 2194 2137 Tantaque
2227 2064 2515 2121 insolentia
2556 2060 2791 2117 damnati
2830 2057 3083 2114 iuventur
3106 2068 3338 2119 errores,
3371 2062 3429 2109 ut

1845 2160 2127 2232 pravitatis
2157 2158 2377 2225 invidia,
2407 2166 2463 2212 et
2489 2163 2736 2209 auctores
2764 2153 2932 2206 nostri
2964 2150 3243 2220 pulsentur
3269 2156 3323 2201 et
3348 2146 3435 2215 ju-

1844 2256 2011 2310 tlices.
2064 2252 2282 2322 Prcefat.
2329 2259 2511 2303 contra
2551 2245 2885 2310 Collaturem,
2916 2259 3011 2315 pro
3055 2243 3117 2298 S.
3160 2238 3437 2312 Augustini

1845 2347 2080 2401 doctrina
2109 2342 2451 2416 defendenda.

2489 2426 2801 2485 LXXXVII.

2074 1337 2355 1378 CENSORES.

1915 1395 2015 1458 Qui
2066 1395 2208 1463 prius
2256 1391 2598 1463 Augustinum

1839 1467 1891 1519 in
1915 1461 2148 1520 omnibus
2169 1461 2503 1533 deposcebant
2518 1463 2603 1530 ju-

1841 1537 2033 1601 dicem,
2066 1550 2200 1587 nunc
2234 1531 2340 1584 sibi
2387 1531 2600 1583 liberum

1840 1616 2022 1676 putant
2045 1621 2105 1658 ne
2127 1603 2332 1676 quidem
2349 1602 2600 1676 arbitrum

1842 1670 2175 1729 honorarium
2218 1673 2271 1725 in
2306 1671 2423 1724 aliis
2452 1670 2600 1723 illnnt

2080 2540 2365 2583 ceasonss.
2842 2536 2887 2576 s.
2920 2530 3263 2587 AUGUSTINUS.

1924 2597 2031 2650 Nec
2052 2613 2224 2650 verum
2246 2595 2476 2663 estquod
2498 2594 2607 2660 ipse

1849 2676 1955 2720 tum
2004 2668 2094 2719 alii
2134 2667 2453 2735 dogmatista:
2497 2668 2603 2731 fre—

1848 2747 2055 2807 quenter
2077 2739 2301 2807 jactant,
2321 2735 2607 2787 universam

1849 2806 2010 2860 sancti
2032 2806 2301 2874 Augustini
2322 2806 2607 2858 doctrinam

1849 2886 2051 2931 contra
2092 2876 2400 2945 Pelagianos
2452 2875 2612 2945 fuisse

1850 2946 2191 3017 approbatum
2222 2944 2300 2997 ab
2351 2944 2609 3017 Ecclesia,

1852 3015 2180 3086 pluribusque
2203 3017 2412 3069 summis
2438 3015 2609 3083 ponti-

1854 3088 2060 3151 ﬁcibus,
2090 3090 2319 3155 adeoque
2348 3095 2537 3138 certam
2565 3093 2613 3138 et

1852 3158 2206 3211 inconcussam
2234 3172 2343 3209 esse
2368 3156 2563 3209 debere.

2755 2591 2939 2647 Utrum
2963 2592 3122 2645 etiam
3148 2596 3331 2642 noster
3355 2587 3442 2645 (ri-

2680 2662 2889 2731 vulus),
2929 2660 3050 2713 licet
3083 2660 3336 2731 exiguus,
3372 2672 3435 2710 ex

2680 2728 2870 2785 eodem
2904 2745 3008 2798 quo
3040 2728 3198 2782 etiam
3231 2737 3349 2781 tuus
3378 2742 3439 2779 a-

2682 2800 2957 2864 hundans,
3006 2805 3221 2853 emanet
3267 2799 3441 2863 capite

2682 2871 3027 2933 “acutorum,
3056 2872 3154 2920 hoc
3183 2882 3213 2920 a
3242 2876 3293 2920 te
3320 2883 3441 2935 prn-

2687 2943 2797 2995 hari
2821 2941 3088 3003 volumus,
3118 2938 3327 3005 tuisque
3353 2953 3438 2990 re-

2685 3012 2902 3079 scriptis
2930 3010 2997 3064 de
3023 3006 3291 3063 communi
3325 3022 3445 3079 par-

2688 3077 2997 3150 ticipatione
3040 3081 3216 3150 iunius
3261 3077 3445 3150 gratia;

2687 3146 2976 3206 consolari.
3023 3149 3194 3217 Epist.
3254 3149 3324 3201 U5
3380 3146 3447 3199 ad

2690 3220 3048 3275 Innocentium
3068 3234 3252 3290 papam
3270 3227 3450 3271 contra

2693 3292 3021 3362 Pelagianos.

1789 4508 1841 4569 D

2308 3386 2368 3443 S.
2402 3385 2797 3442 IIORMISDAS
2828 3397 2991 3451 papa.

1930 3480 2004 3535 De
2027 3480 2252 3534 arbitrio
2276 3489 2451 3531 tamen
2476 3479 2648 3532 libero
2666 3485 2716 3529 et
2734 3474 2898 3542 gratia
2925 3472 3019 3525 Dei
3043 3471 3169 3539 quid
3189 3471 3448 3534 Romana,

1859 3572 1961 3623 hoc
1989 3579 2073 3623 est
2097 3568 2363 3622 catholica
2391 3575 2646 3634 sequatur
2669 3572 2723 3617 et
2749 3570 2927 3616 servet
2953 3559 3216 3622 Ecclesia,
3244 3559 3368 3613 licet
3397 3557 3448 3609 in

1860 3664 2023 3717 variis
2047 3662 2197 3716 libris
2221 3660 2361 3715 beati
2386 3658 2686 3727 Augustini,
2703 3665 2757 3711 et
2778 3656 3011 3709 maxime
3036 3654 3098 3707 ad
3129 3653 3451 3720 Prosperum

1861 3764 1918 3810 et
1963 3755 2224 3809 Hilarium
2274 3752 2487 3805 abunde
2537 3750 2705 3816 possit
2745 3745 3025 3816 cognosci,
3075 3753 3251 3798 tamen
3301 3751 3355 3796 et
3397 3742 3451 3795 in

1861 3846 2075 3902 scriniis
2104 3842 2482 3899 ecclesiasticis
2524 3853 2779 3919 expressa
2822 3836 3050 3907 capitula
3092 3834 3450 3889 continentur.

1865 3938 2033 4007 Epist.
2062 3937 2127 3991 77
2159 3937 2228 3990 ad
2261 3934 2636 3990 l’ossessorem.

2490 4022 2822 4081 LXXXVIII.

2864 4126 2909 4164 S.
2948 4122 3291 4164 AUGUSTINUS.

2770 4182 3094 4249 Scripsimus
3160 4180 3319 4232 etiam
3388 4179 3456 4231 ad

2699 4254 2870 4309 beata:
2934 4250 3207 4304 memoriae
3270 4264 3456 4317 papam

2702 4321 3091 4384 Innocentium,
3118 4327 3312 4385 pmter
3338 4335 3460 4370 con-

2701 4396 2943 4449 cilinrum
2976 4389 3283 4451 relationes,
3319 4388 3457 4440 litte-

2701 4481 2789 4518 ras
2819 4460 3231 4523 lamiliares,uhi
3254 4460 3320 4511 de
3346 4460 3457 4523 ipsa

2701 4549 2860 4589 causa
2923 4533 3194 4596 aliquanto
3259 4530 3460 4582 diutius

2703 4607 2929 4671 egimus.
2950 4602 3026 4654 Ad
3054 4598 3229 4671 omnia
3260 4599 3349 4651 ille
3371 4614 3463 4651 un-

2096 4133 2381 4173 (ῖιξκςυιιεε.

1941 4191 2021 4244 lia:
2049 4192 2144 4241 Itac
2169 4201 2337 4241 autem
2368 4185 2624 4254 approba-

1867 4262 2004 4315 tione
2062 4263 2283 4328 (m-mpc
2334 4256 2623 4328 Innocentii

1867 4328 2041 4399 papae)
2071 4325 2392 4399 'Itnjusmodi
2429 4325 2621 4378 littera-

1867 4397 1981 4453 rum
2011 4397 2075 4453 de
2100 4414 2204 4451 uno
2226 4406 2315 4449 aut
2340 4397 2501 4449 altero
2524 4405 2627 4447 tan-

1869 4479 1975 4523 tum
2004 4485 2176 4523 errore
2203 4467 2530 4536 loquentium.
2551 4467 2629 4518 in-

1868 4549 2002 4611 ]erre
2029 4540 2152 4594 velle
2181 4549 2336 4592 totam
2452 4537 2631 4611 Augu-

1868 4608 1991 4665 stini
2030 4611 2314 4664 doctrinam
2362 4610 2425 4662 de
2462 4608 2630 4676 gratia

1870 4684 2028 4751 fuisse
2056 4681 2343 4750 specialiter
2371 4680 2435 4731 ab
2469 4676 2629 4731 Inno-

1868 4755 2034 4807 centio
2055 4751 2416 4819 approbatum,
2430 4760 2501 4802 est
2522 4765 2630 4801 ma-

1872 4824 2036 4877 litiose
2056 4821 2369 4891 simplicibus
2392 4821 2631 4891 illudere,

1870 4905 1915 4948 et
1941 4890 2253 4947 eruditorum
2284 4893 2528 4955 patientia
2553 4890 2631 4941 in-

2705 4670 2787 4730 bis
2817 4672 3093 4739 rescripsit
3121 4670 3312 4724 eodem
3346 4684 3458 4721 mo-

2704 4748 2774 4799 do
2824 4759 2929 4809 quo
3001 4742 3080 4795 fas
3128 4749 3242 4794 erat
3302 4749 3462 4805 atque

2702 4810 3459 4883 oportebatapgstnlicazsedts

2702 4879 3017 4937 antistitem.
3056 4879 3228 4948 Epist.
3263 4879 3363 4934 106
3394 4880 3461 4932 ad

173 4932 462 5007 Augustino
490 4934 698 5007 meritus
740 4933 804 4985 sit
844 4932 937 4984 iste

172 5005 528 5079 supposititius
542 5049 556 5079 ,_
569 5077 576 5079 Α
590 5005 676 5079 qui
723 5018 934 5079 compa:

175 5072 462 5132 rationibus
492 5072 681 5129 odiosis
705 5082 750 5126 et
778 5072 940 5125 laudi-

176 5150 271 5203 bus
300 5147 623 5218 Itypcrbolice
646 5159 805 5213 supra
831 5160 937 5194 om-

176 5236 297 5272 nem
324 5217 683 5277 adulationem
720 5228 937 5282 exagge-

176 5290 349 5354 ratis,
401 5288 516 5357 plus
578 5284 658 5357 illi
720 5284 940 5357 detraxit

173 5376 334 5430 quam
385 5354 647 5411 addiderit
702 5354 941 5407 auctori—

175 5431 315 5485 tatis.

1007 4926 1225 4993 credas,
1253 4940 1371 4995 quae
1411 4925 1478 4978 de
1514 4923 1767 4995 melorte

1008 4999 1231 5053 laudans
1274 4994 1277 4995 ⁷
1318 4995 1531 5049 dixerit.
1608 4994 1760 5047 Sensi

1010 5070 1153 5123 enim
1200 5068 1359 5122 etiam
1406 5065 1576 5132 ipsum
1620 5078 1764 5130 saepe

1011 5156 1114 5193 non
1144 5134 1434 5191 mentiendi
1458 5132 1760 5197 stutlio,scd

1010 5208 1221 5263 amandi
1265 5206 1623 5274 propensioue
1655 5203 1761 5257 falli

1009 5279 1356 5346 judicanlem.
1390 5274 1561 5342 Epist.
1593 5274 1667 5346 32
1696 5276 1764 5326 ad

1018 5349 1314 5402 Paulinum.
1347 5346 1402 5401 Si
1438 5344 1671 5398 laudanti
1711 5361 1766 5396 a-

1019 5419 1159 5472 mico
1185 5415 1507 5470 credendum
1534 5428 1635 5467 non
1665 5424 1769 5475 est,

1019 5504 1117 5543 nec
1173 5487 1389 5540 inimico
1448 5484 1769 5538 detrahenti.

690 5564 804 5618 Lib.
839 5577 893 5616 ιιι
927 5571 1104 5614 contra
1136 5557 1328 5611 litteras
1359 5554 1539 5621 PetiL,
1567 5570 1681 5624 cap.
1715 5555 1768 5607 2.

702 5656 761 5712 S.
797 5648 1263 5709 IIIERONYMUS.

252 5754 413 5811 ani
447 5751 659 5823 quidem
709 5758 949 5818 tempore
984 5740 1363 5801 beatitudinem
1398 5747 1541 5796 tuam
1574 5756 1636 5796 eo
1669 5755 1770 5810 quo

1873 4963 2200 5018 tolerabiliter
2228 4963 2389 5013 abuti.
2706 4955 3004 5007 Paulinum.

2298 5072 2354 5123 S.
2390 5065 2846 5123 INNUCENTIUS
2878 5076 3032 5132 papa.

1947 5185 2160 5237 Librum
2203 5197 2364 5250 sane,
2397 5181 2487 5251 qui
2515 5180 2632 5250 ejus
2664 5180 2879 5250 (nempe
2907 5177 3131 5248 Pelagii)
3161 5191 3284 5232 esse
3314 5175 3462 5230 dice-

1874 5287 2043 5343 retur,
2074 5274 2229 5330 nobis
2268 5288 2296 5327 a
2343 5282 2528 5329 vestra
2572 5270 2833 5326 charitate
2864 5268 3235 5324 transmissum
3263 5264 3461 5321 evolvi-

1878 5383 2016 5432 tuus,
2048 5366 2100 5422 in
2127 5381 2233 5436 quo
2258 5364 2422 5420 multa
2463 5362 2815 5432 blasphemia,
2841 5359 2972 5415 nihil
3012 5358 3155 5429 quod
3196 5357 3459 5427 placeret,

1880 5460 2007 5513 nihil
2036 5459 2175 5529 quod
2204 5474 2309 5513 non
2341 5456 2551 5527 penitus
2581 5454 2889 5524 displiceret
2920 5468 2947 5505 a
2980 5450 3168 5521 quovis
3197 5448 3460 5502 damnan-

1880 5553 2003 5605 dum
2036 5562 2197 5620 atque
2226 5549 2560 5614 calcandum,
2589 5546 2673 5602 cui
2703 5545 2922 5608 similia,
2952 5542 3050 5596 nisi
3081 5540 3171 5611 qui
3203 5539 3301 5594 ista
3333 5539 3464 5593 scri-

1880 5652 2079 5713 pserat,
2096 5656 2250 5696 nemo
2269 5642 2403 5697 alter
2422 5642 2474 5694 in
2500 5648 2731 5695 mentem
2756 5635 3020 5704 reciperet
3035 5642 3195 5700 atque
3212 5630 3458 5685 sentiret.

1885 5734 2048 5804 Epist.
2082 5734 2150 5790 96
2177 5735 2243 5789 ad
2277 5732 2634 5803 Augustinum,
2669 5744 2781 5801 qua?
2811 5725 2989 5797 incipit
3032 5740 3047 5779 :
3090 5722 3457 5780 Fraternitatis
